  <div class='ocr_page' id='page_1' title='image "/cluster/home/n/w/nwhite01/storage/ocr_20150623/106/hvd.32044054759717/097.png"; bbox 0 0 4030 6190; ppageno 0'>
   <div class='ocr_carea' id='block_1_1' title="bbox 444 250 542 307">
    <p class='ocr_par' dir='ltr' id='par_1_1' title="bbox 444 250 542 307">
     <span class='ocr_line' id='line_1_1' title="bbox 444 250 542 307; baseline 0 -1"><span class='ocrx_word' id='word_1_1' title='bbox 444 250 542 307; x_wconf 70' lang='grc'><strong>183</strong></span> 
     </span>
    </p>
   </div>
   <div class='ocr_carea' id='block_1_2' title="bbox 1489 252 2595 310">
    <p class='ocr_par' dir='ltr' id='par_1_2' title="bbox 1489 252 2595 310">
     <span class='ocr_line' id='line_1_2' title="bbox 1489 252 2595 310; baseline 0 -3"><span class='ocrx_word' id='word_1_2' title='bbox 1489 252 1679 309; x_wconf 75' lang='grc' dir='ltr'><strong>,ΙΟΝᾸΞ</strong></span> <span class='ocrx_word' id='word_1_3' title='bbox 1714 252 2258 309; x_wconf 69' lang='lat' dir='ltr'><strong>AURELIANENSIS</strong></span> <span class='ocrx_word' id='word_1_4' title='bbox 2293 253 2595 310; x_wconf 78' lang='lat' dir='ltr'><strong>EPISCOPI</strong></span> 
     </span>
    </p>
   </div>
   <div class='ocr_carea' id='block_1_3' title="bbox 3560 246 3659 301">
    <p class='ocr_par' dir='ltr' id='par_1_3' title="bbox 3560 246 3659 301">
     <span class='ocr_line' id='line_1_3' title="bbox 3560 246 3659 301; baseline -0.01 -1"><span class='ocrx_word' id='word_1_5' title='bbox 3560 246 3659 301; x_wconf 63' lang='grc' dir='ltr'><strong>εει</strong></span> 
     </span>
    </p>
   </div>
   <div class='ocr_carea' id='block_1_4' title="bbox 433 364 3659 441">
    <p class='ocr_par' dir='ltr' id='par_1_4' title="bbox 433 364 3659 441">
     <span class='ocr_line' id='line_1_4' title="bbox 433 364 3659 441; baseline -0.003 -17"><span class='ocrx_word' id='word_1_6' title='bbox 433 370 510 424; x_wconf 75' lang='lat' dir='ltr'><strong>ita</strong></span> <span class='ocrx_word' id='word_1_7' title='bbox 540 369 755 439; x_wconf 80' lang='lat' dir='ltr'><strong>quidam</strong></span> <span class='ocrx_word' id='word_1_8' title='bbox 795 369 850 422; x_wconf 90' lang='lat' dir='ltr'><strong>in</strong></span> <span class='ocrx_word' id='word_1_9' title='bbox 894 368 1023 439; x_wconf 84' lang='lat' dir='ltr'><strong>ipsis</strong></span> <span class='ocrx_word' id='word_1_10' title='bbox 1051 370 1331 425; x_wconf 80' lang='lat' dir='ltr'><strong>elementis</strong></span> <span class='ocrx_word' id='word_1_11' title='bbox 1373 387 1436 436; x_wconf 80' lang='lat' dir='ltr'><strong>ae</strong></span> <span class='ocrx_word' id='word_1_12' title='bbox 1482 372 1775 441; x_wconf 78' lang='lat' dir='ltr'><strong>pecudibus</strong></span> <span class='ocrx_word' id='word_1_13' title='bbox 1803 371 1870 423; x_wconf 91' lang='lat' dir='ltr'><strong>ab</strong></span> <span class='ocrx_word' id='word_1_14' title='bbox 1898 384 1997 422; x_wconf 86' lang='lat' dir='ltr'><strong>usu</strong></span> <span class='ocrx_word' id='word_1_15' title='bbox 2029 371 2074 428; x_wconf 79' lang='grc' dir='ltr'>Α</span> <span class='ocrx_word' id='word_1_16' title='bbox 2107 390 2125 419; x_wconf 77' lang='grc' dir='ltr'>ι</span> <span class='ocrx_word' id='word_1_17' title='bbox 2156 368 2318 437; x_wconf 83' lang='lat' dir='ltr'><strong>Cuius</strong></span> <span class='ocrx_word' id='word_1_18' title='bbox 2345 370 2513 424; x_wconf 88' lang='lat' dir='ltr'><strong>series</strong></span> <span class='ocrx_word' id='word_1_19' title='bbox 2537 380 2741 440; x_wconf 79' lang='lat' dir='ltr'><strong>septem</strong></span> <span class='ocrx_word' id='word_1_20' title='bbox 2767 370 3019 441; x_wconf 80' lang='lat' dir='ltr'><strong>gradibus</strong></span> <span class='ocrx_word' id='word_1_21' title='bbox 3044 367 3313 423; x_wconf 80' lang='lat' dir='ltr'><strong>dirimitur</strong></span> <span class='ocrx_word' id='word_1_22' title='bbox 3338 364 3438 418; x_wconf 84' lang='lat' dir='ltr'><strong>hoc</strong></span> <span class='ocrx_word' id='word_1_23' title='bbox 3467 365 3659 417; x_wconf 67' lang='lat' dir='ltr'><strong>modo:</strong></span> 
     </span>
    </p>
   </div>
   <div class='ocr_carea' id='block_1_5' title="bbox 432 462 1995 533">
    <p class='ocr_par' dir='ltr' id='par_1_5' title="bbox 432 462 1995 533">
     <span class='ocr_line' id='line_1_5' title="bbox 432 462 1995 533; baseline -0.002 -17"><span class='ocrx_word' id='word_1_24' title='bbox 432 477 538 518; x_wconf 88' lang='lat' dir='ltr'><strong>non</strong></span> <span class='ocrx_word' id='word_1_25' title='bbox 574 477 791 518; x_wconf 89' lang='lat' dir='ltr'><strong>cessare</strong></span> <span class='ocrx_word' id='word_1_26' title='bbox 826 462 1113 532; x_wconf 77' lang='lat' dir='ltr'><strong>generandi</strong></span> <span class='ocrx_word' id='word_1_27' title='bbox 1143 473 1350 517; x_wconf 75' lang='lat' dir='ltr'><strong>natura:</strong></span> <span class='ocrx_word' id='word_1_28' title='bbox 1378 464 1560 533; x_wconf 85' lang='lat' dir='ltr'><strong>pudor‘</strong></span> <span class='ocrx_word' id='word_1_29' title='bbox 1576 474 1679 518; x_wconf 87' lang='lat' dir='ltr'><strong>est.</strong></span> <span class='ocrx_word' id='word_1_30' title='bbox 1717 483 1735 514; x_wconf 75' lang='lat' dir='ltr'><strong>l</strong></span> <span class='ocrx_word' id='word_1_31' title='bbox 1790 462 1995 531; x_wconf 84' lang='lat' dir='ltr'><strong>Legant</strong></span> 
     </span>
    </p>
   </div>
   <div class='ocr_carea' id='block_1_6' title="bbox 430 543 1992 623">
    <p class='ocr_par' dir='ltr' id='par_1_6' title="bbox 430 543 1992 623">
     <span class='ocr_line' id='line_1_6' title="bbox 430 543 1992 623; baseline 0 -17"><span class='ocrx_word' id='word_1_32' title='bbox 430 552 595 607; x_wconf 82' lang='lat' dir='ltr'><strong>etiam</strong></span> <span class='ocrx_word' id='word_1_33' title='bbox 623 550 860 622; x_wconf 87' lang='lat' dir='ltr'><strong>beatum]</strong></span> <span class='ocrx_word' id='word_1_34' title='bbox 888 543 1246 623; x_wconf 70' lang='lat' dir='ltr'><strong>Augustinum</strong></span> <span class='ocrx_word' id='word_1_35' title='bbox 1275 565 1300 593; x_wconf 76' lang='grc' dir='ltr'>α</span> <span class='ocrx_word' id='word_1_36' title='bbox 1339 554 1391 607; x_wconf 91' lang='lat' dir='ltr'><strong>in</strong></span> <span class='ocrx_word' id='word_1_37' title='bbox 1419 553 1556 608; x_wconf 92' lang='lat' dir='ltr'><strong>libro</strong></span> <span class='ocrx_word' id='word_1_38' title='bbox 1585 555 1649 608; x_wconf 91' lang='lat' dir='ltr'><strong>de</strong></span> <span class='ocrx_word' id='word_1_39' title='bbox 1684 552 1832 608; x_wconf 89' lang='lat' dir='ltr'><strong>Bono</strong></span> <span class='ocrx_word' id='word_1_40' title='bbox 1860 568 1992 607; x_wconf 76' lang='lat' dir='ltr'><strong>con-</strong></span> 
     </span>
    </p>
   </div>
   <div class='ocr_carea' id='block_1_7' title="bbox 423 640 1994 713">
    <p class='ocr_par' dir='ltr' id='par_1_7' title="bbox 423 640 1994 713">
     <span class='ocr_line' id='line_1_7' title="bbox 423 640 1994 713; baseline 0.003 -20"><span class='ocrx_word' id='word_1_41' title='bbox 423 640 592 712; x_wconf 88' lang='lat' dir='ltr'><strong>iugali</strong></span> <span class='ocrx_word' id='word_1_42' title='bbox 632 641 705 695; x_wconf 89' lang='lat' dir='ltr'><strong>ita</strong></span> <span class='ocrx_word' id='word_1_43' title='bbox 746 641 1109 696; x_wconf 76' lang='lat' dir='ltr'><strong>scribentem:</strong></span> <span class='ocrx_word' id='word_1_44' title='bbox 1143 660 1162 692; x_wconf 71' lang='grc' dir='ltr'>ι</span> <span class='ocrx_word' id='word_1_45' title='bbox 1194 640 1331 696; x_wconf 86' lang='lat' dir='ltr'><strong>Sunt</strong></span> <span class='ocrx_word' id='word_1_46' title='bbox 1367 642 1495 697; x_wconf 89' lang='lat' dir='ltr'><strong>item</strong></span> <span class='ocrx_word' id='word_1_47' title='bbox 1522 643 1624 698; x_wconf 85' lang='lat' dir='ltr'><strong>viri</strong></span> <span class='ocrx_word' id='word_1_48' title='bbox 1662 658 1833 713; x_wconf 91' lang='lat' dir='ltr'><strong>usque</strong></span> <span class='ocrx_word' id='word_1_49' title='bbox 1861 643 1994 697; x_wconf 90' lang='lat' dir='ltr'><strong>adeo</strong></span> 
     </span>
    </p>
   </div>
   <div class='ocr_carea' id='block_1_8' title="bbox 429 731 1990 804">
    <p class='ocr_par' dir='ltr' id='par_1_8' title="bbox 429 731 1990 804">
     <span class='ocr_line' id='line_1_8' title="bbox 429 731 1990 804; baseline 0 -18"><span class='ocrx_word' id='word_1_50' title='bbox 429 732 853 795; x_wconf 82' lang='lat' dir='ltr'><strong>incontinentes,</strong></span> <span class='ocrx_word' id='word_1_51' title='bbox 902 740 961 786; x_wconf 91' lang='lat' dir='ltr'><strong>ut</strong></span> <span class='ocrx_word' id='word_1_52' title='bbox 1000 731 1316 803; x_wconf 89' lang='lat' dir='ltr'><strong>coniugibus</strong></span> <span class='ocrx_word' id='word_1_53' title='bbox 1352 749 1452 789; x_wconf 90' lang='lat' dir='ltr'><strong>nec</strong></span> <span class='ocrx_word' id='word_1_54' title='bbox 1489 734 1725 804; x_wconf 79' lang='lat' dir='ltr'><strong>gravidis</strong></span> <span class='ocrx_word' id='word_1_55' title='bbox 1750 741 1990 803; x_wconf 86' lang='lat' dir='ltr'><strong>parcant.</strong></span> 
     </span>
    </p>
   </div>
   <div class='ocr_carea' id='block_1_9' title="bbox 429 824 1990 897">
    <p class='ocr_par' dir='ltr' id='par_1_9' title="bbox 429 824 1990 897">
     <span class='ocr_line' id='line_1_9' title="bbox 429 824 1990 897; baseline 0.002 -21"><span class='ocrx_word' id='word_1_56' title='bbox 429 824 700 895; x_wconf 81' lang='lat' dir='ltr'><strong>Quidquid</strong></span> <span class='ocrx_word' id='word_1_57' title='bbox 746 840 875 895; x_wconf 83' lang='lat' dir='ltr'><strong>ergo</strong></span> <span class='ocrx_word' id='word_1_58' title='bbox 922 824 1064 879; x_wconf 89' lang='lat' dir='ltr'><strong>inter</strong></span> <span class='ocrx_word' id='word_1_59' title='bbox 1110 840 1169 880; x_wconf 85' lang='lat' dir='ltr'><strong>se</strong></span> <span class='ocrx_word' id='word_1_60' title='bbox 1216 824 1523 897; x_wconf 83' lang='lat' dir='ltr'><strong>coniugati,</strong></span> <span class='ocrx_word' id='word_1_61' title='bbox 1579 826 1990 889; x_wconf 84' lang='lat' dir='ltr'><strong>immodestum,</strong></span> 
     </span>
    </p>
   </div>
   <div class='ocr_carea' id='block_1_10' title="bbox 429 917 1991 986">
    <p class='ocr_par' dir='ltr' id='par_1_10' title="bbox 429 917 1991 986">
     <span class='ocr_line' id='line_1_10' title="bbox 429 917 1991 986; baseline 0 -15"><span class='ocrx_word' id='word_1_62' title='bbox 429 917 877 979; x_wconf 86' lang='lat' dir='ltr'><strong>inverecundum,</strong></span> <span class='ocrx_word' id='word_1_63' title='bbox 908 917 1289 986; x_wconf 88' lang='lat' dir='ltr'><strong>sordidumque</strong></span> <span class='ocrx_word' id='word_1_64' title='bbox 1314 927 1537 984; x_wconf 79' lang='lat' dir='ltr'><strong>gerunt,</strong></span> <span class='ocrx_word' id='word_1_65' title='bbox 1566 919 1753 973; x_wconf 81' lang='lat' dir='ltr'><strong>vitium</strong></span> <span class='ocrx_word' id='word_1_66' title='bbox 1780 927 1866 972; x_wconf 89' lang='lat' dir='ltr'><strong>est</strong></span> <span class='ocrx_word' id='word_1_67' title='bbox 1891 918 1991 971; x_wconf 87' lang='lat' dir='ltr'><strong>ho-</strong></span> 
     </span>
    </p>
   </div>
   <div class='ocr_carea' id='block_1_11' title="bbox 352 1007 1992 1080">
    <p class='ocr_par' dir='ltr' id='par_1_11' title="bbox 352 1007 1992 1080">
     <span class='ocr_line' id='line_1_11' title="bbox 352 1007 1992 1080; baseline -0.001 -16"><span class='ocrx_word' id='word_1_68' title='bbox 352 1036 353 1039; x_wconf 55' lang='grc' dir='ltr'><strong>η</strong></span> <span class='ocrx_word' id='word_1_69' title='bbox 427 1010 653 1074; x_wconf 90' lang='lat' dir='ltr'><strong>minum,</strong></span> <span class='ocrx_word' id='word_1_70' title='bbox 674 1024 781 1067; x_wconf 87' lang='lat' dir='ltr'><strong>non</strong></span> <span class='ocrx_word' id='word_1_71' title='bbox 803 1009 956 1078; x_wconf 83' lang='lat' dir='ltr'><strong>culpa</strong></span> <span class='ocrx_word' id='word_1_72' title='bbox 982 1010 1303 1080; x_wconf 87' lang='lat' dir='ltr'><strong>nuptiarum.</strong></span> <span class='ocrx_word' id='word_1_73' title='bbox 1320 1007 1437 1063; x_wconf 70' lang='lat' dir='ltr'><strong>rEst</strong></span> <span class='ocrx_word' id='word_1_74' title='bbox 1450 1012 1612 1066; x_wconf 90' lang='lat' dir='ltr'><strong>etiam</strong></span> <span class='ocrx_word' id='word_1_75' title='bbox 1638 1018 1693 1065; x_wconf 90' lang='lat' dir='ltr'><strong>et</strong></span> <span class='ocrx_word' id='word_1_76' title='bbox 1713 1009 1992 1079; x_wconf 85' lang='lat' dir='ltr'><strong>cujusdam</strong></span> 
     </span>
    </p>
   </div>
   <div class='ocr_carea' id='block_1_12' title="bbox 424 1100 1989 1173">
    <p class='ocr_par' dir='ltr' id='par_1_12' title="bbox 424 1100 1989 1173">
     <span class='ocr_line' id='line_1_12' title="bbox 424 1100 1989 1173; baseline -0.001 -17"><span class='ocrx_word' id='word_1_77' title='bbox 424 1100 684 1170; x_wconf 87' lang='lat' dir='ltr'><strong>sapientis</strong></span> <span class='ocrx_word' id='word_1_78' title='bbox 710 1100 976 1155; x_wconf 91' lang='lat' dir='ltr'><strong>sententia</strong></span> <span class='ocrx_word' id='word_1_79' title='bbox 1000 1101 1028 1140; x_wconf 70' lang='grc' dir='ltr'><strong>ι)</strong></span> <span class='ocrx_word' id='word_1_80' title='bbox 1056 1116 1085 1154; x_wconf 95' lang='lat' dir='ltr'><strong>a</strong></span> <span class='ocrx_word' id='word_1_81' title='bbox 1116 1101 1276 1156; x_wconf 87' lang='lat' dir='ltr'><strong>beato</strong></span> <span class='ocrx_word' id='word_1_82' title='bbox 1305 1100 1630 1173; x_wconf 80' lang='lat' dir='ltr'><strong>Hieronymo</strong></span> <span class='ocrx_word' id='word_1_83' title='bbox 1660 1101 1951 1170; x_wconf 88' lang='lat' dir='ltr'><strong>approbata</strong></span> <span class='ocrx_word' id='word_1_84' title='bbox 1974 1142 1989 1164; x_wconf 87' lang='lat'><strong>,</strong></span> 
     </span>
    </p>
   </div>
   <div class='ocr_carea' id='block_1_13' title="bbox 427 1192 1991 1263">
    <p class='ocr_par' dir='ltr' id='par_1_13' title="bbox 427 1192 1991 1263">
     <span class='ocr_line' id='line_1_13' title="bbox 427 1192 1991 1263; baseline -0.001 -16"><span class='ocrx_word' id='word_1_85' title='bbox 427 1194 569 1248; x_wconf 86' lang='lat' dir='ltr'><strong>hunc</strong></span> <span class='ocrx_word' id='word_1_86' title='bbox 592 1192 797 1248; x_wconf 86' lang='lat' dir='ltr'><strong>habens</strong></span> <span class='ocrx_word' id='word_1_87' title='bbox 823 1194 1043 1247; x_wconf 92' lang='lat' dir='ltr'><strong>modum</strong></span> <span class='ocrx_word' id='word_1_88' title='bbox 1068 1213 1081 1247; x_wconf 90' lang='lat'><strong>:</strong></span> <span class='ocrx_word' id='word_1_89' title='bbox 1116 1213 1133 1245; x_wconf 86' lang='grc'><strong>‹</strong></span> <span class='ocrx_word' id='word_1_90' title='bbox 1165 1192 1390 1247; x_wconf 78' lang='lat' dir='ltr'><strong>Adulter</strong></span> <span class='ocrx_word' id='word_1_91' title='bbox 1414 1202 1516 1257; x_wconf 89' lang='lat' dir='ltr'><strong>est,</strong></span> <span class='ocrx_word' id='word_1_92' title='bbox 1541 1194 1736 1263; x_wconf 88' lang='lat' dir='ltr'><strong>inquit,</strong></span> <span class='ocrx_word' id='word_1_93' title='bbox 1760 1193 1814 1247; x_wconf 92' lang='lat' dir='ltr'><strong>in</strong></span> <span class='ocrx_word' id='word_1_94' title='bbox 1839 1208 1991 1247; x_wconf 84' lang='lat' dir='ltr'><strong>suam</strong></span> 
     </span>
    </p>
   </div>
   <div class='ocr_carea' id='block_1_14' title="bbox 423 1284 1993 1357">
    <p class='ocr_par' dir='ltr' id='par_1_14' title="bbox 423 1284 1993 1357">
     <span class='ocr_line' id='line_1_14' title="bbox 423 1284 1993 1357; baseline 0.001 -21"><span class='ocrx_word' id='word_1_95' title='bbox 423 1297 645 1337; x_wconf 84' lang='lat' dir='ltr'><strong>uxorem</strong></span> <span class='ocrx_word' id='word_1_96' title='bbox 675 1294 886 1339; x_wconf 88' lang='lat' dir='ltr'><strong>amator</strong></span> <span class='ocrx_word' id='word_1_97' title='bbox 911 1284 1204 1357; x_wconf 80' lang='lat' dir='ltr'><strong>ardentipr.</strong></span> <span class='ocrx_word' id='word_1_98' title='bbox 1241 1305 1259 1336; x_wconf 84' lang='grc'><strong>›</strong></span> <span class='ocrx_word' id='word_1_99' title='bbox 1302 1286 1357 1339; x_wconf 85' lang='lat' dir='ltr'><strong>in</strong></span> <span class='ocrx_word' id='word_1_100' title='bbox 1395 1284 1569 1340; x_wconf 89' lang='lat' dir='ltr'><strong>aliena</strong></span> <span class='ocrx_word' id='word_1_101' title='bbox 1596 1287 1793 1355; x_wconf 88' lang='lat' dir='ltr'><strong>quippe</strong></span> <span class='ocrx_word' id='word_1_102' title='bbox 1825 1300 1993 1340; x_wconf 79' lang='lat' dir='ltr'><strong>uxore</strong></span> 
     </span>
    </p>
   </div>
   <div class='ocr_carea' id='block_1_15' title="bbox 421 1373 1992 1447">
    <p class='ocr_par' dir='ltr' id='par_1_15' title="bbox 421 1373 1992 1447">
     <span class='ocr_line' id='line_1_15' title="bbox 421 1373 1992 1447; baseline 0.002 -20"><span class='ocrx_word' id='word_1_103' title='bbox 421 1373 597 1428; x_wconf 89' lang='lat' dir='ltr'><strong>omnis</strong></span> <span class='ocrx_word' id='word_1_104' title='bbox 635 1389 789 1428; x_wconf 89' lang='lat' dir='ltr'><strong>amor</strong></span> <span class='ocrx_word' id='word_1_105' title='bbox 824 1375 1018 1445; x_wconf 87' lang='lat' dir='ltr'><strong>turpis,</strong></span> <span class='ocrx_word' id='word_1_106' title='bbox 1048 1375 1102 1429; x_wconf 91' lang='lat' dir='ltr'><strong>in</strong></span> <span class='ocrx_word' id='word_1_107' title='bbox 1134 1390 1229 1429; x_wconf 90' lang='lat' dir='ltr'><strong>sua</strong></span> <span class='ocrx_word' id='word_1_108' title='bbox 1257 1376 1476 1430; x_wconf 90' lang='lat' dir='ltr'><strong>nimius.</strong></span> <span class='ocrx_word' id='word_1_109' title='bbox 1527 1376 1757 1447; x_wconf 87' lang='lat' dir='ltr'><strong>Sapiens</strong></span> <span class='ocrx_word' id='word_1_110' title='bbox 1791 1378 1874 1431; x_wconf 87' lang='lat' dir='ltr'><strong>vir</strong></span> <span class='ocrx_word' id='word_1_111' title='bbox 1904 1376 1992 1445; x_wconf 89' lang='lat' dir='ltr'><strong>iu-</strong></span> 
     </span>
    </p>
   </div>
   <div class='ocr_carea' id='block_1_16' title="bbox 421 1462 1993 1538">
    <p class='ocr_par' dir='ltr' id='par_1_16' title="bbox 421 1462 1993 1538">
     <span class='ocr_line' id='line_1_16' title="bbox 421 1462 1993 1538; baseline 0.002 -20"><span class='ocrx_word' id='word_1_112' title='bbox 421 1462 562 1519; x_wconf 89' lang='lat' dir='ltr'><strong>dicio</strong></span> <span class='ocrx_word' id='word_1_113' title='bbox 609 1464 768 1519; x_wconf 89' lang='lat' dir='ltr'><strong>debet</strong></span> <span class='ocrx_word' id='word_1_114' title='bbox 813 1479 997 1519; x_wconf 91' lang='lat' dir='ltr'><strong>amare</strong></span> <span class='ocrx_word' id='word_1_115' title='bbox 1045 1465 1326 1535; x_wconf 86' lang='lat' dir='ltr'><strong>coniugem</strong></span> <span class='ocrx_word' id='word_1_116' title='bbox 1352 1506 1368 1531; x_wconf 89' lang='lat'><strong>,</strong></span> <span class='ocrx_word' id='word_1_117' title='bbox 1415 1481 1520 1521; x_wconf 88' lang='lat' dir='ltr'><strong>non</strong></span> <span class='ocrx_word' id='word_1_118' title='bbox 1571 1466 1801 1521; x_wconf 77' lang='lat' dir='ltr'><strong>alfectu:</strong></span> <span class='ocrx_word' id='word_1_119' title='bbox 1856 1469 1993 1538; x_wconf 87' lang='lat' dir='ltr'><strong>regit</strong></span> 
     </span>
    </p>
   </div>
   <div class='ocr_carea' id='block_1_17' title="bbox 420 1554 1986 1628">
    <p class='ocr_par' dir='ltr' id='par_1_17' title="bbox 420 1554 1986 1628">
     <span class='ocr_line' id='line_1_17' title="bbox 420 1554 1986 1628; baseline 0.003 -21"><span class='ocrx_word' id='word_1_120' title='bbox 420 1554 654 1625; x_wconf 85' lang='lat' dir='ltr'><strong>impetus</strong></span> <span class='ocrx_word' id='word_1_121' title='bbox 688 1554 979 1624; x_wconf 75' lang='lat' dir='ltr'><strong>voluptatis</strong></span> <span class='ocrx_word' id='word_1_122' title='bbox 1003 1597 1018 1621; x_wconf 88' lang='lat'><strong>,</strong></span> <span class='ocrx_word' id='word_1_123' title='bbox 1065 1571 1166 1612; x_wconf 92' lang='lat' dir='ltr'><strong>nec</strong></span> <span class='ocrx_word' id='word_1_124' title='bbox 1202 1571 1442 1628; x_wconf 68' lang='lat' dir='ltr'><strong>praeceps</strong></span> <span class='ocrx_word' id='word_1_125' title='bbox 1479 1556 1652 1612; x_wconf 80' lang='lat' dir='ltr'><strong>fertur</strong></span> <span class='ocrx_word' id='word_1_126' title='bbox 1680 1558 1732 1613; x_wconf 93' lang='lat' dir='ltr'><strong>in</strong></span> <span class='ocrx_word' id='word_1_127' title='bbox 1764 1560 1986 1614; x_wconf 88' lang='lat' dir='ltr'><strong>coitum.</strong></span> 
     </span>
    </p>
   </div>
   <div class='ocr_carea' id='block_1_18' title="bbox 419 1636 1989 1717">
    <p class='ocr_par' dir='ltr' id='par_1_18' title="bbox 419 1636 1989 1717">
     <span class='ocr_line' id='line_1_18' title="bbox 419 1636 1989 1717; baseline 0.003 -19"><span class='ocrx_word' id='word_1_128' title='bbox 419 1643 564 1699; x_wconf 87' lang='lat' dir='ltr'><strong>Nihil</strong></span> <span class='ocrx_word' id='word_1_129' title='bbox 609 1653 695 1700; x_wconf 92' lang='lat' dir='ltr'><strong>est</strong></span> <span class='ocrx_word' id='word_1_130' title='bbox 733 1644 932 1701; x_wconf 76' lang='lat' dir='ltr'><strong>fcedius</strong></span> <span class='ocrx_word' id='word_1_131' title='bbox 973 1661 1134 1717; x_wconf 90' lang='lat' dir='ltr'><strong>quam</strong></span> <span class='ocrx_word' id='word_1_132' title='bbox 1176 1662 1400 1702; x_wconf 80' lang='lat' dir='ltr'><strong>uxorem</strong></span> <span class='ocrx_word' id='word_1_133' title='bbox 1442 1663 1627 1702; x_wconf 90' lang='lat' dir='ltr'><strong>amare</strong></span> <span class='ocrx_word' id='word_1_134' title='bbox 1650 1636 1804 1717; x_wconf 86' lang='lat' dir='ltr'><strong>quasi</strong></span> <span class='ocrx_word' id='word_1_135' title='bbox 1835 1649 1989 1704; x_wconf 82' lang='lat' dir='ltr'><strong>adul-</strong></span> 
     </span>
    </p>
   </div>
   <div class='ocr_carea' id='block_1_19' title="bbox 2094 464 3665 535">
    <p class='ocr_par' dir='ltr' id='par_1_19' title="bbox 2094 464 3665 535">
     <span class='ocr_line' id='line_1_19' title="bbox 2094 464 3665 535; baseline -0.006 -17"><span class='ocrx_word' id='word_1_136' title='bbox 2094 464 2236 519; x_wconf 80' lang='lat' dir='ltr'><strong>ﬁlius</strong></span> <span class='ocrx_word' id='word_1_137' title='bbox 2277 473 2331 519; x_wconf 87' lang='lat' dir='ltr'><strong>et</strong></span> <span class='ocrx_word' id='word_1_138' title='bbox 2375 466 2515 528; x_wconf 83' lang='lat' dir='ltr'><strong>tilia,</strong></span> <span class='ocrx_word' id='word_1_139' title='bbox 2565 479 2731 535; x_wconf 88' lang='lat' dir='ltr'><strong>nepos</strong></span> <span class='ocrx_word' id='word_1_140' title='bbox 2774 474 2828 519; x_wconf 92' lang='lat' dir='ltr'><strong>et</strong></span> <span class='ocrx_word' id='word_1_141' title='bbox 2872 464 3081 534; x_wconf 88' lang='lat' dir='ltr'><strong>neptis,</strong></span> <span class='ocrx_word' id='word_1_142' title='bbox 3130 475 3395 532; x_wconf 88' lang='lat' dir='ltr'><strong>pronepos</strong></span> <span class='ocrx_word' id='word_1_143' title='bbox 3441 467 3497 513; x_wconf 90' lang='lat' dir='ltr'><strong>et</strong></span> <span class='ocrx_word' id='word_1_144' title='bbox 3539 473 3665 527; x_wconf 87' lang='lat' dir='ltr'><strong>pro-</strong></span> 
     </span>
    </p>
   </div>
   <div class='ocr_carea' id='block_1_20' title="bbox 2094 550 3664 626">
    <p class='ocr_par' dir='ltr' id='par_1_20' title="bbox 2094 550 3664 626">
     <span class='ocr_line' id='line_1_20' title="bbox 2094 550 3664 626; baseline -0.003 -17"><span class='ocrx_word' id='word_1_145' title='bbox 2094 556 2290 623; x_wconf 89' lang='lat' dir='ltr'><strong>neptis,</strong></span> <span class='ocrx_word' id='word_1_146' title='bbox 2328 556 2578 626; x_wconf 75' lang='lat' dir='ltr'><strong>abnepos</strong></span> <span class='ocrx_word' id='word_1_147' title='bbox 2613 564 2670 609; x_wconf 90' lang='lat' dir='ltr'><strong>et</strong></span> <span class='ocrx_word' id='word_1_148' title='bbox 2707 554 2973 624; x_wconf 88' lang='lat' dir='ltr'><strong>abneptis,</strong></span> <span class='ocrx_word' id='word_1_149' title='bbox 3022 554 3260 623; x_wconf 85' lang='lat' dir='ltr'><strong>adnepos</strong></span> <span class='ocrx_word' id='word_1_150' title='bbox 3302 561 3358 607; x_wconf 89' lang='lat' dir='ltr'><strong>et</strong></span> <span class='ocrx_word' id='word_1_151' title='bbox 3396 550 3664 620; x_wconf 85' lang='lat' dir='ltr'><strong>adneptis,</strong></span> 
     </span>
    </p>
   </div>
   <div class='ocr_carea' id='block_1_21' title="bbox 2095 641 3667 714">
    <p class='ocr_par' dir='ltr' id='par_1_21' title="bbox 2095 641 3667 714">
     <span class='ocr_line' id='line_1_21' title="bbox 2095 641 3667 714; baseline -0.001 -17"><span class='ocrx_word' id='word_1_152' title='bbox 2095 644 2334 713; x_wconf 89' lang='lat' dir='ltr'><strong>trinepos</strong></span> <span class='ocrx_word' id='word_1_153' title='bbox 2373 652 2429 698; x_wconf 92' lang='lat' dir='ltr'><strong>et</strong></span> <span class='ocrx_word' id='word_1_154' title='bbox 2466 644 2756 714; x_wconf 83' lang='lat' dir='ltr'><strong>trinepu&#39;s,</strong></span> <span class='ocrx_word' id='word_1_155' title='bbox 2808 643 3094 713; x_wconf 90' lang='lat' dir='ltr'><strong>trinepotis</strong></span> <span class='ocrx_word' id='word_1_156' title='bbox 3135 643 3276 697; x_wconf 88' lang='lat' dir='ltr'><strong>lilius</strong></span> <span class='ocrx_word' id='word_1_157' title='bbox 3321 651 3376 697; x_wconf 91' lang='lat' dir='ltr'><strong>et</strong></span> <span class='ocrx_word' id='word_1_158' title='bbox 3418 641 3667 710; x_wconf 87' lang='lat' dir='ltr'><strong>trineptis</strong></span> 
     </span>
    </p>
   </div>
   <div class='ocr_carea' id='block_1_22' title="bbox 2094 732 3668 806">
    <p class='ocr_par' dir='ltr' id='par_1_22' title="bbox 2094 732 3668 806">
     <span class='ocr_line' id='line_1_22' title="bbox 2094 732 3668 806; baseline -0.002 -18"><span class='ocrx_word' id='word_1_159' title='bbox 2094 734 2222 789; x_wconf 87' lang='lat' dir='ltr'><strong>ﬁlia.</strong></span> <span class='ocrx_word' id='word_1_160' title='bbox 2258 733 2385 791; x_wconf 65' lang='lat' dir='ltr'><strong>Haec</strong></span> <span class='ocrx_word' id='word_1_161' title='bbox 2411 735 2858 806; x_wconf 89' lang='lat' dir='ltr'><strong>consanguinitas</strong></span> <span class='ocrx_word' id='word_1_162' title='bbox 2885 734 3012 789; x_wconf 91' lang='lat' dir='ltr'><strong>dum</strong></span> <span class='ocrx_word' id='word_1_163' title='bbox 3044 750 3102 789; x_wconf 91' lang='lat' dir='ltr'><strong>se</strong></span> <span class='ocrx_word' id='word_1_164' title='bbox 3129 732 3386 803; x_wconf 77' lang='lat' dir='ltr'><strong>paulatim</strong></span> <span class='ocrx_word' id='word_1_165' title='bbox 3415 732 3668 802; x_wconf 82' lang='lat' dir='ltr'><strong>prepagi-</strong></span> 
     </span>
    </p>
   </div>
   <div class='ocr_carea' id='block_1_23' title="bbox 2093 825 3665 896">
    <p class='ocr_par' dir='ltr' id='par_1_23' title="bbox 2093 825 3665 896">
     <span class='ocr_line' id='line_1_23' title="bbox 2093 825 3665 896; baseline -0.001 -16"><span class='ocrx_word' id='word_1_166' title='bbox 2093 844 2221 882; x_wconf 89' lang='lat' dir='ltr'><strong>num</strong></span> <span class='ocrx_word' id='word_1_167' title='bbox 2247 829 2525 884; x_wconf 89' lang='lat' dir='ltr'><strong>ordinibus</strong></span> <span class='ocrx_word' id='word_1_168' title='bbox 2553 828 2831 893; x_wconf 89' lang='lat' dir='ltr'><strong>dirimens,</strong></span> <span class='ocrx_word' id='word_1_169' title='bbox 2868 842 3037 896; x_wconf 89' lang='lat' dir='ltr'><strong>usque</strong></span> <span class='ocrx_word' id='word_1_170' title='bbox 3067 827 3133 881; x_wconf 76' lang='lat' dir='ltr'><strong>ad</strong></span> <span class='ocrx_word' id='word_1_171' title='bbox 3162 826 3408 880; x_wconf 86' lang='lat' dir='ltr'><strong>ultimum</strong></span> <span class='ocrx_word' id='word_1_172' title='bbox 3438 825 3665 895; x_wconf 88' lang='lat' dir='ltr'><strong>gradum</strong></span> 
     </span>
    </p>
   </div>
   <div class='ocr_carea' id='block_1_24' title="bbox 2093 916 3665 989">
    <p class='ocr_par' dir='ltr' id='par_1_24' title="bbox 2093 916 3665 989">
     <span class='ocr_line' id='line_1_24' title="bbox 2093 916 3665 989; baseline -0.003 -15"><span class='ocrx_word' id='word_1_173' title='bbox 2093 934 2212 974; x_wconf 88' lang='lat' dir='ltr'><strong>sese</strong></span> <span class='ocrx_word' id='word_1_174' title='bbox 2240 919 2602 983; x_wconf 76' lang='lat' dir='ltr'><strong>subtraxerit,</strong></span> <span class='ocrx_word' id='word_1_175' title='bbox 2631 928 2688 974; x_wconf 91' lang='lat' dir='ltr'><strong>et</strong></span> <span class='ocrx_word' id='word_1_176' title='bbox 2716 918 3086 989; x_wconf 82' lang='lat' dir='ltr'><strong>propinquitas</strong></span> <span class='ocrx_word' id='word_1_177' title='bbox 3115 932 3235 972; x_wconf 89' lang='lat' dir='ltr'><strong>esse</strong></span> <span class='ocrx_word' id='word_1_178' title='bbox 3264 916 3515 980; x_wconf 83' lang='lat' dir='ltr'><strong>desierit,</strong></span> <span class='ocrx_word' id='word_1_179' title='bbox 3543 931 3665 971; x_wconf 89' lang='lat' dir='ltr'><strong>eam</strong></span> 
     </span>
    </p>
   </div>
   <div class='ocr_carea' id='block_1_25' title="bbox 2094 996 3667 1077">
    <p class='ocr_par' dir='ltr' id='par_1_25' title="bbox 2094 996 3667 1077">
     <span class='ocr_line' id='line_1_25' title="bbox 2094 996 3667 1077; baseline -0.003 -13"><span class='ocrx_word' id='word_1_180' title='bbox 2094 1024 2281 1064; x_wconf 89' lang='lat' dir='ltr'><strong>rursus</strong></span> <span class='ocrx_word' id='word_1_181' title='bbox 2309 1008 2392 1063; x_wconf 76' lang='lat' dir='ltr'><strong>lex</strong></span> <span class='ocrx_word' id='word_1_182' title='bbox 2420 996 2748 1063; x_wconf 81' lang='lat' dir='ltr'><strong>matrimonii</strong></span> <span class='ocrx_word' id='word_1_183' title='bbox 2777 1009 2991 1077; x_wconf 84' lang='lat' dir='ltr'><strong>repetit,</strong></span> <span class='ocrx_word' id='word_1_184' title='bbox 3013 1014 3066 1062; x_wconf 87' lang='lat' dir='ltr'><strong>et</strong></span> <span class='ocrx_word' id='word_1_185' title='bbox 3087 1005 3484 1075; x_wconf 76' lang='lat' dir='ltr'><strong>quodammodo</strong></span> <span class='ocrx_word' id='word_1_186' title='bbox 3508 1021 3667 1060; x_wconf 79' lang='lat' dir='ltr'><strong>revo-</strong></span> 
     </span>
    </p>
   </div>
   <div class='ocr_carea' id='block_1_26' title="bbox 2093 1096 3665 1169">
    <p class='ocr_par' dir='ltr' id='par_1_26' title="bbox 2093 1096 3665 1169">
     <span class='ocr_line' id='line_1_26' title="bbox 2093 1096 3665 1169; baseline -0.003 -14"><span class='ocrx_word' id='word_1_187' title='bbox 2093 1108 2181 1155; x_wconf 87' lang='lat' dir='ltr'><strong>cat</strong></span> <span class='ocrx_word' id='word_1_188' title='bbox 2208 1099 2522 1169; x_wconf 80' lang='lat' dir='ltr'><strong>fugientem.</strong></span> <span class='ocrx_word' id='word_1_189' title='bbox 2553 1100 2676 1155; x_wconf 89' lang='lat' dir='ltr'><strong>Ideo</strong></span> <span class='ocrx_word' id='word_1_190' title='bbox 2704 1107 2883 1153; x_wconf 90' lang='lat' dir='ltr'><strong>autem</strong></span> <span class='ocrx_word' id='word_1_191' title='bbox 2914 1112 3082 1167; x_wconf 90' lang='lat' dir='ltr'><strong>usque</strong></span> <span class='ocrx_word' id='word_1_192' title='bbox 3109 1097 3174 1151; x_wconf 90' lang='lat' dir='ltr'><strong>ad</strong></span> <span class='ocrx_word' id='word_1_193' title='bbox 3200 1104 3410 1151; x_wconf 77' lang='lat' dir='ltr'><strong>sextum</strong></span> <span class='ocrx_word' id='word_1_194' title='bbox 3437 1096 3665 1166; x_wconf 87' lang='lat' dir='ltr'><strong>gradum</strong></span> 
     </span>
    </p>
   </div>
   <div class='ocr_carea' id='block_1_27' title="bbox 2092 1176 3670 1263">
    <p class='ocr_par' dir='ltr' id='par_1_27' title="bbox 2092 1176 3670 1263">
     <span class='ocr_line' id='line_1_27' title="bbox 2092 1176 3670 1263; baseline -0.004 -16"><span class='ocrx_word' id='word_1_195' title='bbox 2092 1192 2305 1263; x_wconf 81' lang='lat' dir='ltr'><strong>generis</strong></span> <span class='ocrx_word' id='word_1_196' title='bbox 2324 1190 2763 1261; x_wconf 86' lang='lat' dir='ltr'><strong>consanguinitas</strong></span> <span class='ocrx_word' id='word_1_197' title='bbox 2783 1176 3074 1245; x_wconf 86' lang='lat' dir='ltr'><strong>constituta</strong></span> <span class='ocrx_word' id='word_1_198' title='bbox 3094 1197 3199 1252; x_wconf 89' lang='lat' dir='ltr'><strong>est,</strong></span> <span class='ocrx_word' id='word_1_199' title='bbox 3217 1196 3273 1242; x_wconf 90' lang='lat' dir='ltr'><strong>ut</strong></span> <span class='ocrx_word' id='word_1_200' title='bbox 3292 1187 3670 1258; x_wconf 88' lang='lat' dir='ltr'><strong>propinquitas</strong></span> 
     </span>
    </p>
   </div>
   <div class='ocr_carea' id='block_1_28' title="bbox 2093 1276 3188 1350">
    <p class='ocr_par' dir='ltr' id='par_1_28' title="bbox 2093 1276 3188 1350">
     <span class='ocr_line' id='line_1_28' title="bbox 2093 1276 3188 1350; baseline -0.007 -14"><span class='ocrx_word' id='word_1_201' title='bbox 2093 1283 2305 1350; x_wconf 82' lang='lat' dir='ltr'><strong>generis</strong></span> <span class='ocrx_word' id='word_1_202' title='bbox 2330 1291 2409 1336; x_wconf 91' lang='lat' dir='ltr'><strong>tot</strong></span> <span class='ocrx_word' id='word_1_203' title='bbox 2433 1282 2687 1349; x_wconf 79' lang='lat' dir='ltr'><strong>gradibus</strong></span> <span class='ocrx_word' id='word_1_204' title='bbox 2714 1279 3110 1334; x_wconf 86' lang='lat' dir='ltr'><strong>terminaretur.</strong></span> <span class='ocrx_word' id='word_1_205' title='bbox 3142 1276 3188 1349; x_wconf 72' lang='grc' dir='ltr'><strong>ι]</strong></span> 
     </span>
    </p>
   </div>
   <div class='ocr_carea' id='block_1_29' title="bbox 2163 1369 3668 1444">
    <p class='ocr_par' dir='ltr' id='par_1_29' title="bbox 2163 1369 3668 1444">
     <span class='ocr_line' id='line_1_29' title="bbox 2163 1369 3668 1444; baseline -0.006 -13"><span class='ocrx_word' id='word_1_206' title='bbox 2163 1375 2297 1431; x_wconf 86' lang='lat' dir='ltr'><strong>Item</strong></span> <span class='ocrx_word' id='word_1_207' title='bbox 2327 1389 2464 1444; x_wconf 84' lang='lat' dir='ltr'><strong>papa</strong></span> <span class='ocrx_word' id='word_1_208' title='bbox 2486 1372 2781 1444; x_wconf 85' lang='lat' dir='ltr'><strong>Gregorius</strong></span> <span class='ocrx_word' id='word_1_209' title='bbox 2805 1384 2828 1411; x_wconf 76' lang='grc' dir='ltr'><strong><em>ο</em></strong></span> <span class='ocrx_word' id='word_1_210' title='bbox 2854 1370 3047 1425; x_wconf 84' lang='lat' dir='ltr'><strong>Junior</strong></span> <span class='ocrx_word' id='word_1_211' title='bbox 3068 1372 3121 1424; x_wconf 91' lang='lat' dir='ltr'><strong>in</strong></span> <span class='ocrx_word' id='word_1_212' title='bbox 3146 1369 3506 1424; x_wconf 84' lang='lat' dir='ltr'><strong>decretalibus</strong></span> <span class='ocrx_word' id='word_1_213' title='bbox 3531 1371 3668 1431; x_wconf 83' lang='lat' dir='ltr'><strong>suis,</strong></span> 
     </span>
    </p>
   </div>
   <div class='ocr_carea' id='block_1_30' title="bbox 2093 1460 3687 1541">
    <p class='ocr_par' dir='ltr' id='par_1_30' title="bbox 2093 1460 3687 1541">
     <span class='ocr_line' id='line_1_30' title="bbox 2093 1460 3687 1541; baseline -0.003 -22"><span class='ocrx_word' id='word_1_214' title='bbox 2093 1466 2232 1519; x_wconf 89' lang='lat' dir='ltr'><strong>inter</strong></span> <span class='ocrx_word' id='word_1_215' title='bbox 2258 1473 2453 1518; x_wconf 62' lang='lat' dir='ltr'><strong>cetera</strong></span> <span class='ocrx_word' id='word_1_216' title='bbox 2481 1478 2576 1520; x_wconf 90' lang='lat' dir='ltr'><strong>eos</strong></span> <span class='ocrx_word' id='word_1_217' title='bbox 2620 1464 2711 1535; x_wconf 91' lang='lat' dir='ltr'><strong>qui</strong></span> <span class='ocrx_word' id='word_1_218' title='bbox 2745 1463 2813 1517; x_wconf 92' lang='lat' dir='ltr'><strong>de</strong></span> <span class='ocrx_word' id='word_1_219' title='bbox 2843 1460 3059 1531; x_wconf 87' lang='lat' dir='ltr'><strong>propria</strong></span> <span class='ocrx_word' id='word_1_220' title='bbox 3107 1460 3425 1541; x_wconf 80' lang='lat' dir='ltr'><strong>cognatione</strong></span> <span class='ocrx_word' id='word_1_221' title='bbox 3473 1463 3687 1515; x_wconf 79' lang='lat' dir='ltr'><strong>uxores‘</strong></span> 
     </span>
    </p>
   </div>
   <div class='ocr_carea' id='block_1_31' title="bbox 2090 1549 3664 1624">
    <p class='ocr_par' dir='ltr' id='par_1_31' title="bbox 2090 1549 3664 1624">
     <span class='ocr_line' id='line_1_31' title="bbox 2090 1549 3664 1624; baseline -0.002 -16"><span class='ocrx_word' id='word_1_222' title='bbox 2090 1554 2325 1616; x_wconf 91' lang='lat' dir='ltr'><strong>ducunt,</strong></span> <span class='ocrx_word' id='word_1_223' title='bbox 2366 1552 2662 1624; x_wconf 84' lang='lat' dir='ltr'><strong>apostolico</strong></span> <span class='ocrx_word' id='word_1_224' title='bbox 2691 1553 3033 1607; x_wconf 87' lang='lat' dir='ltr'><strong>anathemate</strong></span> <span class='ocrx_word' id='word_1_225' title='bbox 3058 1549 3335 1619; x_wconf 88' lang='lat' dir='ltr'><strong>percellit,</strong></span> <span class='ocrx_word' id='word_1_226' title='bbox 3378 1549 3569 1605; x_wconf 87' lang='lat' dir='ltr'><strong>dicens</strong></span> <span class='ocrx_word' id='word_1_227' title='bbox 3602 1550 3619 1588; x_wconf 74' lang='grc' dir='ltr'><strong>ί</strong></span> <span class='ocrx_word' id='word_1_228' title='bbox 3650 1570 3664 1582; x_wconf 90' lang='grc'><strong>·</strong></span> 
     </span>
    </p>
   </div>
   <div class='ocr_carea' id='block_1_32' title="bbox 2098 1642 3669 1716">
    <p class='ocr_par' dir='ltr' id='par_1_32' title="bbox 2098 1642 3669 1716">
     <span class='ocr_line' id='line_1_32' title="bbox 2098 1642 3669 1716; baseline 0 -19"><span class='ocrx_word' id='word_1_229' title='bbox 2098 1666 2115 1697; x_wconf 75' lang='grc' dir='ltr'>ι</span> <span class='ocrx_word' id='word_1_230' title='bbox 2146 1645 2205 1701; x_wconf 88' lang='lat' dir='ltr'><strong>Si</strong></span> <span class='ocrx_word' id='word_1_231' title='bbox 2243 1647 2365 1716; x_wconf 90' lang='lat' dir='ltr'><strong>quis</strong></span> <span class='ocrx_word' id='word_1_232' title='bbox 2404 1644 2588 1700; x_wconf 82' lang='lat' dir='ltr'><strong>fratris</strong></span> <span class='ocrx_word' id='word_1_233' title='bbox 2617 1659 2842 1700; x_wconf 82' lang='lat' dir='ltr'><strong>uxorem</strong></span> <span class='ocrx_word' id='word_1_234' title='bbox 2889 1644 3105 1698; x_wconf 82' lang='lat' dir='ltr'><strong>duxerit</strong></span> <span class='ocrx_word' id='word_1_235' title='bbox 3153 1643 3207 1697; x_wconf 90' lang='lat' dir='ltr'><strong>in</strong></span> <span class='ocrx_word' id='word_1_236' title='bbox 3237 1642 3487 1712; x_wconf 90' lang='lat' dir='ltr'><strong>coniugio</strong></span> <span class='ocrx_word' id='word_1_237' title='bbox 3538 1660 3669 1697; x_wconf 88' lang='lat' dir='ltr'><strong>ana-</strong></span> 
     </span>
    </p>
   </div>
   <div class='ocr_carea' id='block_1_33' title="bbox 421 1711 3667 1809">
    <p class='ocr_par' dir='ltr' id='par_1_33' title="bbox 421 1711 3667 1809">
     <span class='ocr_line' id='line_1_33' title="bbox 421 1711 3667 1809; baseline -0.001 -18"><span class='ocrx_word' id='word_1_238' title='bbox 421 1744 612 1792; x_wconf 81' lang='lat' dir='ltr'><strong>terant.</strong></span> <span class='ocrx_word' id='word_1_239' title='bbox 660 1735 821 1792; x_wconf 86' lang='lat' dir='ltr'><strong>Certe</strong></span> <span class='ocrx_word' id='word_1_240' title='bbox 864 1738 955 1806; x_wconf 76' lang='lat' dir='ltr'><strong>qui</strong></span> <span class='ocrx_word' id='word_1_241' title='bbox 990 1711 1191 1793; x_wconf 69' lang='lat' dir='ltr'><strong>dicunt</strong></span> <span class='ocrx_word' id='word_1_242' title='bbox 1232 1754 1292 1793; x_wconf 90' lang='lat' dir='ltr'><strong>se</strong></span> <span class='ocrx_word' id='word_1_243' title='bbox 1331 1754 1494 1794; x_wconf 89' lang='lat' dir='ltr'><strong>causa</strong></span> <span class='ocrx_word' id='word_1_244' title='bbox 1536 1711 1845 1809; x_wconf 80' lang='lat' dir='ltr'><strong>reipublica:</strong></span> <span class='ocrx_word' id='word_1_245' title='bbox 1868 1782 1882 1806; x_wconf 92' lang='lat'><strong>,</strong></span> <span class='ocrx_word' id='word_1_246' title='bbox 1935 1750 1992 1796; x_wconf 92' lang='lat' dir='ltr'><strong>et</strong></span> <span class='ocrx_word' id='word_1_247' title='bbox 2020 1711 2066 1770; x_wconf 75' lang='grc' dir='ltr'><strong>Β</strong></span> <span class='ocrx_word' id='word_1_248' title='bbox 2094 1711 2278 1792; x_wconf 75' lang='lat' dir='ltr'><strong>thema</strong></span> <span class='ocrx_word' id='word_1_249' title='bbox 2314 1737 2421 1792; x_wconf 89' lang='lat' dir='ltr'><strong>sit:</strong></span> <span class='ocrx_word' id='word_1_250' title='bbox 2467 1745 2522 1792; x_wconf 89' lang='lat' dir='ltr'><strong>et</strong></span> <span class='ocrx_word' id='word_1_251' title='bbox 2562 1730 2953 1806; x_wconf 73' lang='lat' dir='ltr'><strong>responderunt</strong></span> <span class='ocrx_word' id='word_1_252' title='bbox 2992 1750 3181 1790; x_wconf 88' lang='lat' dir='ltr'><strong>omnes</strong></span> <span class='ocrx_word' id='word_1_253' title='bbox 3212 1743 3313 1796; x_wconf 87' lang='lat' dir='ltr'><strong>ter,</strong></span> <span class='ocrx_word' id='word_1_254' title='bbox 3342 1711 3667 1790; x_wconf 10' lang='lat' dir='ltr'><strong>VAnatbema</strong></span> 
     </span>
    </p>
   </div>
   <div class='ocr_carea' id='block_1_34' title="bbox 418 1825 1987 1899">
    <p class='ocr_par' dir='ltr' id='par_1_34' title="bbox 418 1825 1987 1899">
     <span class='ocr_line' id='line_1_34' title="bbox 418 1825 1987 1899; baseline 0.004 -19"><span class='ocrx_word' id='word_1_255' title='bbox 418 1827 631 1897; x_wconf 82' lang='lat' dir='ltr'><strong>generis</strong></span> <span class='ocrx_word' id='word_1_256' title='bbox 662 1825 881 1886; x_wconf 87' lang='lat' dir='ltr'><strong>humani</strong></span> <span class='ocrx_word' id='word_1_257' title='bbox 911 1828 1168 1883; x_wconf 83' lang='lat' dir='ltr'><strong>uxoribus</strong></span> <span class='ocrx_word' id='word_1_258' title='bbox 1194 1828 1378 1899; x_wconf 81' lang='lat' dir='ltr'><strong>iungi,</strong></span> <span class='ocrx_word' id='word_1_259' title='bbox 1428 1837 1486 1884; x_wconf 88' lang='lat' dir='ltr'><strong>et</strong></span> <span class='ocrx_word' id='word_1_260' title='bbox 1526 1829 1724 1885; x_wconf 85' lang='lat' dir='ltr'><strong>liberos</strong></span> <span class='ocrx_word' id='word_1_261' title='bbox 1766 1831 1987 1897; x_wconf 89' lang='lat' dir='ltr'><strong>tollere,</strong></span> 
     </span>
    </p>
   </div>
   <div class='ocr_carea' id='block_1_35' title="bbox 418 1917 1988 1989">
    <p class='ocr_par' dir='ltr' id='par_1_35' title="bbox 418 1917 1988 1989">
     <span class='ocr_line' id='line_1_35' title="bbox 418 1917 1988 1989; baseline 0.003 -18"><span class='ocrx_word' id='word_1_262' title='bbox 418 1917 697 1972; x_wconf 87' lang='lat' dir='ltr'><strong>imitentur</strong></span> <span class='ocrx_word' id='word_1_263' title='bbox 747 1917 933 1973; x_wconf 90' lang='lat' dir='ltr'><strong>saltem</strong></span> <span class='ocrx_word' id='word_1_264' title='bbox 987 1918 1244 1988; x_wconf 88' lang='lat' dir='ltr'><strong>pecudes.</strong></span> <span class='ocrx_word' id='word_1_265' title='bbox 1307 1919 1375 1974; x_wconf 89' lang='lat' dir='ltr'><strong>Et</strong></span> <span class='ocrx_word' id='word_1_266' title='bbox 1419 1930 1705 1989; x_wconf 85' lang='lat' dir='ltr'><strong>postquam</strong></span> <span class='ocrx_word' id='word_1_267' title='bbox 1758 1935 1988 1976; x_wconf 83' lang='lat' dir='ltr'><strong>uxorum</strong></span> 
     </span>
    </p>
   </div>
   <div class='ocr_carea' id='block_1_36' title="bbox 417 2008 1991 2080">
    <p class='ocr_par' dir='ltr' id='par_1_36' title="bbox 417 2008 1991 2080">
     <span class='ocr_line' id='line_1_36' title="bbox 417 2008 1991 2080; baseline 0.004 -20"><span class='ocrx_word' id='word_1_268' title='bbox 417 2015 608 2061; x_wconf 81' lang='lat' dir='ltr'><strong>venter</strong></span> <span class='ocrx_word' id='word_1_269' title='bbox 634 2008 985 2073; x_wconf 89' lang='lat' dir='ltr'><strong>intumuerit,</strong></span> <span class='ocrx_word' id='word_1_270' title='bbox 1012 2024 1118 2063; x_wconf 90' lang='lat' dir='ltr'><strong>non</strong></span> <span class='ocrx_word' id='word_1_271' title='bbox 1145 2010 1561 2080; x_wconf 80' lang='lat' dir='ltr'><strong>perdantﬁlios,</strong></span> <span class='ocrx_word' id='word_1_272' title='bbox 1594 2027 1693 2066; x_wconf 90' lang='lat' dir='ltr'><strong>nec</strong></span> <span class='ocrx_word' id='word_1_273' title='bbox 1720 2020 1991 2067; x_wconf 85' lang='lat' dir='ltr'><strong>amatores</strong></span> 
     </span>
    </p>
   </div>
   <div class='ocr_carea' id='block_1_37' title="bbox 418 2099 1497 2164">
    <p class='ocr_par' dir='ltr' id='par_1_37' title="bbox 418 2099 1497 2164">
     <span class='ocr_line' id='line_1_37' title="bbox 418 2099 1497 2164; baseline 0.002 -11"><span class='ocrx_word' id='word_1_274' title='bbox 418 2112 477 2153; x_wconf 87' lang='lat' dir='ltr'><strong>se</strong></span> <span class='ocrx_word' id='word_1_275' title='bbox 504 2099 764 2154; x_wconf 82' lang='lat' dir='ltr'><strong>uxoribus</strong></span> <span class='ocrx_word' id='word_1_276' title='bbox 790 2100 1101 2164; x_wconf 82' lang='lat' dir='ltr'><strong>exhibeant,</strong></span> <span class='ocrx_word' id='word_1_277' title='bbox 1129 2100 1222 2155; x_wconf 92' lang='lat' dir='ltr'><strong>sed</strong></span> <span class='ocrx_word' id='word_1_278' title='bbox 1251 2103 1497 2157; x_wconf 89' lang='lat' dir='ltr'><strong>maritos.</strong></span> 
     </span>
    </p>
   </div>
   <div class='ocr_carea' id='block_1_38' title="bbox 485 2190 1987 2263">
    <p class='ocr_par' dir='ltr' id='par_1_38' title="bbox 485 2190 1987 2263">
     <span class='ocr_line' id='line_1_38' title="bbox 485 2190 1987 2263; baseline 0.003 -17"><span class='ocrx_word' id='word_1_279' title='bbox 485 2190 715 2261; x_wconf 90' lang='lat' dir='ltr'><strong>Liquido</strong></span> <span class='ocrx_word' id='word_1_280' title='bbox 744 2192 907 2263; x_wconf 87' lang='lat' dir='ltr'><strong>igitur</strong></span> <span class='ocrx_word' id='word_1_281' title='bbox 933 2202 954 2231; x_wconf 69' lang='grc' dir='ltr'>ε</span> <span class='ocrx_word' id='word_1_282' title='bbox 981 2201 1161 2262; x_wconf 89' lang='lat' dir='ltr'><strong>patet,</strong></span> <span class='ocrx_word' id='word_1_283' title='bbox 1196 2195 1451 2263; x_wconf 85' lang='lat' dir='ltr'><strong>quoniam</strong></span> <span class='ocrx_word' id='word_1_284' title='bbox 1488 2195 1627 2250; x_wconf 88' lang='lat' dir='ltr'><strong>sicut</strong></span> <span class='ocrx_word' id='word_1_285' title='bbox 1656 2196 1987 2251; x_wconf 61' lang='lat' dir='ltr'><strong>clarissimm</strong></span> 
     </span>
    </p>
   </div>
   <div class='ocr_carea' id='block_1_39' title="bbox 419 2281 1989 2357">
    <p class='ocr_par' dir='ltr' id='par_1_39' title="bbox 419 2281 1989 2357">
     <span class='ocr_line' id='line_1_39' title="bbox 419 2281 1989 2357; baseline 0.004 -23"><span class='ocrx_word' id='word_1_286' title='bbox 419 2296 538 2335; x_wconf 92' lang='lat' dir='ltr'><strong>rum</strong></span> <span class='ocrx_word' id='word_1_287' title='bbox 568 2281 848 2336; x_wconf 90' lang='lat' dir='ltr'><strong>doctorum</strong></span> <span class='ocrx_word' id='word_1_288' title='bbox 888 2281 1030 2336; x_wconf 88' lang='lat' dir='ltr'><strong>dicta</strong></span> <span class='ocrx_word' id='word_1_289' title='bbox 1066 2283 1349 2348; x_wconf 87' lang='lat' dir='ltr'><strong>sanciunt,</strong></span> <span class='ocrx_word' id='word_1_290' title='bbox 1394 2293 1448 2338; x_wconf 91' lang='lat' dir='ltr'><strong>et</strong></span> <span class='ocrx_word' id='word_1_291' title='bbox 1480 2284 1687 2353; x_wconf 88' lang='lat' dir='ltr'><strong>antiqui</strong></span> <span class='ocrx_word' id='word_1_292' title='bbox 1721 2285 1989 2357; x_wconf 71' lang='lat' dir='ltr'><strong>coniugati</strong></span> 
     </span>
    </p>
   </div>
   <div class='ocr_carea' id='block_1_40' title="bbox 417 2370 1988 2444">
    <p class='ocr_par' dir='ltr' id='par_1_40' title="bbox 417 2370 1988 2444">
     <span class='ocr_line' id='line_1_40' title="bbox 417 2370 1988 2444; baseline 0.004 -20"><span class='ocrx_word' id='word_1_293' title='bbox 417 2370 606 2444; x_wconf 83' lang='lat' dir='ltr'><strong>Patres</strong></span> <span class='ocrx_word' id='word_1_294' title='bbox 633 2371 688 2425; x_wconf 91' lang='lat' dir='ltr'><strong>in</strong></span> <span class='ocrx_word' id='word_1_295' title='bbox 716 2371 1020 2441; x_wconf 79' lang='lat' dir='ltr'><strong>exemplum</strong></span> <span class='ocrx_word' id='word_1_296' title='bbox 1050 2380 1213 2438; x_wconf 90' lang='lat' dir='ltr'><strong>sunt,</strong></span> <span class='ocrx_word' id='word_1_297' title='bbox 1254 2389 1478 2444; x_wconf 90' lang='lat' dir='ltr'><strong>prorsus</strong></span> <span class='ocrx_word' id='word_1_298' title='bbox 1510 2390 1541 2437; x_wconf 82' lang='lat' dir='ltr'><strong>a</strong></span> <span class='ocrx_word' id='word_1_299' title='bbox 1578 2375 1722 2429; x_wconf 89' lang='lat' dir='ltr'><strong>coitu</strong></span> <span class='ocrx_word' id='word_1_300' title='bbox 1760 2391 1988 2431; x_wconf 78' lang='lat' dir='ltr'><strong>uxorum</strong></span> 
     </span>
    </p>
   </div>
   <div class='ocr_carea' id='block_1_41' title="bbox 417 2440 1990 2534">
    <p class='ocr_par' dir='ltr' id='par_1_41' title="bbox 417 2440 1990 2534">
     <span class='ocr_line' id='line_1_41' title="bbox 417 2440 1990 2534; baseline 0.005 -21"><span class='ocrx_word' id='word_1_301' title='bbox 417 2440 810 2530; x_wconf 72' lang='lat' dir='ltr'><strong>przegnantium</strong></span> <span class='ocrx_word' id='word_1_302' title='bbox 838 2440 911 2514; x_wconf 81' lang='lat' dir='ltr'><strong>sit</strong></span> <span class='ocrx_word' id='word_1_303' title='bbox 936 2440 1338 2517; x_wconf 73' lang='lat' dir='ltr'><strong>abstinendum.</strong></span> <span class='ocrx_word' id='word_1_304' title='bbox 1388 2463 1459 2517; x_wconf 88' lang='lat' dir='ltr'><strong>At</strong></span> <span class='ocrx_word' id='word_1_305' title='bbox 1488 2463 1531 2518; x_wconf 91' lang='lat' dir='ltr'><strong>si</strong></span> <span class='ocrx_word' id='word_1_306' title='bbox 1560 2464 1825 2534; x_wconf 89' lang='lat' dir='ltr'><strong>quispiam</strong></span> <span class='ocrx_word' id='word_1_307' title='bbox 1856 2480 1990 2521; x_wconf 89' lang='lat' dir='ltr'><strong>con-</strong></span> 
     </span>
    </p>
   </div>
   <div class='ocr_carea' id='block_1_42' title="bbox 421 2550 1991 2633">
    <p class='ocr_par' dir='ltr' id='par_1_42' title="bbox 421 2550 1991 2633">
     <span class='ocr_line' id='line_1_42' title="bbox 421 2550 1991 2633; baseline 0.003 -26"><span class='ocrx_word' id='word_1_308' title='bbox 421 2550 642 2607; x_wconf 88' lang='lat' dir='ltr'><strong>tendere</strong></span> <span class='ocrx_word' id='word_1_309' title='bbox 673 2550 937 2633; x_wconf 79' lang='lat' dir='ltr'><strong>valuerit,</strong></span> <span class='ocrx_word' id='word_1_310' title='bbox 975 2567 1034 2606; x_wconf 90' lang='lat' dir='ltr'><strong>se</strong></span> <span class='ocrx_word' id='word_1_311' title='bbox 1063 2562 1159 2607; x_wconf 88' lang='lat' dir='ltr'><strong>aut</strong></span> <span class='ocrx_word' id='word_1_312' title='bbox 1187 2553 1357 2619; x_wconf 89' lang='lat' dir='ltr'><strong>nolle,</strong></span> <span class='ocrx_word' id='word_1_313' title='bbox 1399 2563 1491 2608; x_wconf 90' lang='lat' dir='ltr'><strong>aut</strong></span> <span class='ocrx_word' id='word_1_314' title='bbox 1525 2570 1631 2609; x_wconf 86' lang='lat' dir='ltr'><strong>non</strong></span> <span class='ocrx_word' id='word_1_315' title='bbox 1662 2570 1851 2625; x_wconf 89' lang='lat' dir='ltr'><strong>posse,</strong></span> <span class='ocrx_word' id='word_1_316' title='bbox 1897 2566 1991 2611; x_wconf 93' lang='lat' dir='ltr'><strong>aut</strong></span> 
     </span>
    </p>
   </div>
   <div class='ocr_carea' id='block_1_43' title="bbox 417 2643 1989 2715">
    <p class='ocr_par' dir='ltr' id='par_1_43' title="bbox 417 2643 1989 2715">
     <span class='ocr_line' id='line_1_43' title="bbox 417 2643 1989 2715; baseline 0.003 -16"><span class='ocrx_word' id='word_1_317' title='bbox 417 2652 565 2699; x_wconf 88' lang='lat' dir='ltr'><strong>certe</strong></span> <span class='ocrx_word' id='word_1_318' title='bbox 598 2659 705 2699; x_wconf 91' lang='lat' dir='ltr'><strong>non</strong></span> <span class='ocrx_word' id='word_1_319' title='bbox 736 2644 934 2700; x_wconf 76' lang='lat' dir='ltr'><strong>debere</strong></span> <span class='ocrx_word' id='word_1_320' title='bbox 967 2643 1336 2714; x_wconf 86' lang='lat' dir='ltr'><strong>huiuscemodi</strong></span> <span class='ocrx_word' id='word_1_321' title='bbox 1365 2648 1509 2701; x_wconf 90' lang='lat' dir='ltr'><strong>coitu</strong></span> <span class='ocrx_word' id='word_1_322' title='bbox 1538 2648 1812 2704; x_wconf 91' lang='lat' dir='ltr'><strong>abstinere</strong></span> <span class='ocrx_word' id='word_1_323' title='bbox 1831 2690 1847 2715; x_wconf 91' lang='lat'><strong>,</strong></span> <span class='ocrx_word' id='word_1_324' title='bbox 1894 2666 1989 2704; x_wconf 87' lang='lat' dir='ltr'><strong>no-</strong></span> 
     </span>
    </p>
   </div>
   <div class='ocr_carea' id='block_1_44' title="bbox 418 2737 1985 2807">
    <p class='ocr_par' dir='ltr' id='par_1_44' title="bbox 418 2737 1985 2807">
     <span class='ocr_line' id='line_1_44' title="bbox 418 2737 1985 2807; baseline 0.004 -18"><span class='ocrx_word' id='word_1_325' title='bbox 418 2737 554 2791; x_wconf 89' lang='lat' dir='ltr'><strong>verit</strong></span> <span class='ocrx_word' id='word_1_326' title='bbox 580 2739 723 2807; x_wconf 91' lang='lat' dir='ltr'><strong>quod</strong></span> <span class='ocrx_word' id='word_1_327' title='bbox 752 2737 905 2807; x_wconf 90' lang='lat' dir='ltr'><strong>culpa</strong></span> <span class='ocrx_word' id='word_1_328' title='bbox 948 2752 1053 2792; x_wconf 93' lang='lat' dir='ltr'><strong>non</strong></span> <span class='ocrx_word' id='word_1_329' title='bbox 1091 2748 1276 2794; x_wconf 89' lang='lat' dir='ltr'><strong>careat</strong></span> <span class='ocrx_word' id='word_1_330' title='bbox 1301 2740 1621 2794; x_wconf 87' lang='lat' dir='ltr'><strong>concubitus</strong></span> <span class='ocrx_word' id='word_1_331' title='bbox 1647 2756 1769 2796; x_wconf 92' lang='lat' dir='ltr'><strong>cum</strong></span> <span class='ocrx_word' id='word_1_332' title='bbox 1798 2756 1985 2804; x_wconf 84' lang='lat' dir='ltr'><strong>uxore,</strong></span> 
     </span>
    </p>
   </div>
   <div class='ocr_carea' id='block_1_45' title="bbox 418 2831 1887 2901">
    <p class='ocr_par' dir='ltr' id='par_1_45' title="bbox 418 2831 1887 2901">
     <span class='ocr_line' id='line_1_45' title="bbox 418 2831 1887 2901; baseline 0.003 -18"><span class='ocrx_word' id='word_1_333' title='bbox 418 2831 631 2900; x_wconf 84' lang='lat' dir='ltr'><strong>quando</strong></span> <span class='ocrx_word' id='word_1_334' title='bbox 658 2846 763 2886; x_wconf 92' lang='lat' dir='ltr'><strong>non</strong></span> <span class='ocrx_word' id='word_1_335' title='bbox 792 2831 978 2901; x_wconf 87' lang='lat' dir='ltr'><strong>prolis,</strong></span> <span class='ocrx_word' id='word_1_336' title='bbox 1008 2832 1102 2886; x_wconf 88' lang='lat' dir='ltr'><strong>sed</strong></span> <span class='ocrx_word' id='word_1_337' title='bbox 1129 2847 1291 2888; x_wconf 87' lang='lat' dir='ltr'><strong>causa</strong></span> <span class='ocrx_word' id='word_1_338' title='bbox 1320 2843 1603 2889; x_wconf 81' lang='lat' dir='ltr'><strong>exercetur</strong></span> <span class='ocrx_word' id='word_1_339' title='bbox 1628 2835 1887 2890; x_wconf 88' lang='lat' dir='ltr'><strong>libidinis.</strong></span> 
     </span>
    </p>
   </div>
   <div class='ocr_carea' id='block_1_46' title="bbox 1004 2922 1400 2979">
    <p class='ocr_par' dir='ltr' id='par_1_46' title="bbox 1004 2922 1400 2979">
     <span class='ocr_line' id='line_1_46' title="bbox 1004 2922 1400 2979; baseline 0 -2"><span class='ocrx_word' id='word_1_340' title='bbox 1004 2922 1232 2978; x_wconf 84' lang='lat' dir='ltr'><strong>CAPUT</strong></span> <span class='ocrx_word' id='word_1_341' title='bbox 1270 2923 1400 2979; x_wconf 81' lang='lat' dir='ltr'><strong>VIII.</strong></span> 
     </span>
    </p>
   </div>
   <div class='ocr_carea' id='block_1_47' title="bbox 1028 3011 1359 3067">
    <p class='ocr_par' dir='ltr' id='par_1_47' title="bbox 1028 3011 1359 3067">
     <span class='ocr_line' id='line_1_47' title="bbox 1028 3011 1359 3067; baseline 0.006 -2"><span class='ocrx_word' id='word_1_342' title='bbox 1028 3011 1106 3066; x_wconf 87' lang='lat' dir='ltr'><strong>De</strong></span> <span class='ocrx_word' id='word_1_343' title='bbox 1130 3014 1359 3067; x_wconf 76' lang='lat' dir='ltr'><strong>incestis.</strong></span> 
     </span>
    </p>
   </div>
   <div class='ocr_carea' id='block_1_48' title="bbox 489 3064 2063 3171">
    <p class='ocr_par' dir='ltr' id='par_1_48' title="bbox 489 3064 2063 3171">
     <span class='ocr_line' id='line_1_48' title="bbox 489 3064 2063 3171; baseline 0.006 -13"><span class='ocrx_word' id='word_1_344' title='bbox 489 3104 621 3158; x_wconf 87' lang='lat' dir='ltr'><strong>Cum</strong></span> <span class='ocrx_word' id='word_1_345' title='bbox 650 3104 829 3158; x_wconf 91' lang='lat' dir='ltr'><strong>omnis</strong></span> <span class='ocrx_word' id='word_1_346' title='bbox 859 3104 1076 3160; x_wconf 87' lang='lat' dir='ltr'><strong>illicitus</strong></span> <span class='ocrx_word' id='word_1_347' title='bbox 1100 3106 1416 3162; x_wconf 91' lang='lat' dir='ltr'><strong>concubitus</strong></span> <span class='ocrx_word' id='word_1_348' title='bbox 1442 3106 1676 3165; x_wconf 90' lang='lat' dir='ltr'><strong>incestus</strong></span> <span class='ocrx_word' id='word_1_349' title='bbox 1704 3112 1791 3171; x_wconf 88' lang='lat' dir='ltr'><strong>sit,</strong></span> <span class='ocrx_word' id='word_1_350' title='bbox 1822 3091 1989 3166; x_wconf 76' lang='lat' dir='ltr'><strong>multo</strong></span> <span class='ocrx_word' id='word_1_351' title='bbox 2016 3064 2063 3127; x_wconf 62' lang='grc' dir='ltr'>ο</span> 
     </span>
    </p>
   </div>
   <div class='ocr_carea' id='block_1_49' title="bbox 420 3191 1991 3269">
    <p class='ocr_par' dir='ltr' id='par_1_49' title="bbox 420 3191 1991 3269">
     <span class='ocr_line' id='line_1_49' title="bbox 420 3191 1991 3269; baseline 0.008 -24"><span class='ocrx_word' id='word_1_352' title='bbox 420 3191 592 3262; x_wconf 87' lang='lat' dir='ltr'><strong>magis</strong></span> <span class='ocrx_word' id='word_1_353' title='bbox 638 3192 955 3249; x_wconf 87' lang='lat' dir='ltr'><strong>concubitus</strong></span> <span class='ocrx_word' id='word_1_354' title='bbox 996 3210 1122 3249; x_wconf 91' lang='lat' dir='ltr'><strong>cum</strong></span> <span class='ocrx_word' id='word_1_355' title='bbox 1169 3199 1488 3268; x_wconf 89' lang='lat' dir='ltr'><strong>propinquis</strong></span> <span class='ocrx_word' id='word_1_356' title='bbox 1536 3199 1752 3269; x_wconf 88' lang='lat' dir='ltr'><strong>Deoque</strong></span> <span class='ocrx_word' id='word_1_357' title='bbox 1795 3203 1991 3258; x_wconf 85' lang='lat' dir='ltr'><strong>dicatis</strong></span> 
     </span>
    </p>
   </div>
   <div class='ocr_carea' id='block_1_50' title="bbox 421 3282 1991 3360">
    <p class='ocr_par' dir='ltr' id='par_1_50' title="bbox 421 3282 1991 3360">
     <span class='ocr_line' id='line_1_50' title="bbox 421 3282 1991 3360; baseline 0.008 -24"><span class='ocrx_word' id='word_1_358' title='bbox 421 3282 659 3346; x_wconf 82' lang='lat' dir='ltr'><strong>feminis,</strong></span> <span class='ocrx_word' id='word_1_359' title='bbox 688 3284 920 3339; x_wconf 90' lang='lat' dir='ltr'><strong>habetur</strong></span> <span class='ocrx_word' id='word_1_360' title='bbox 948 3284 1224 3342; x_wconf 88' lang='lat' dir='ltr'><strong>incestus:</strong></span> <span class='ocrx_word' id='word_1_361' title='bbox 1260 3290 1351 3358; x_wconf 88' lang='lat' dir='ltr'><strong>qui</strong></span> <span class='ocrx_word' id='word_1_362' title='bbox 1383 3290 1528 3345; x_wconf 77' lang='lat' dir='ltr'><strong>enhn</strong></span> <span class='ocrx_word' id='word_1_363' title='bbox 1556 3290 1640 3346; x_wconf 90' lang='lat' dir='ltr'><strong>vel</strong></span> <span class='ocrx_word' id='word_1_364' title='bbox 1674 3305 1795 3346; x_wconf 91' lang='lat' dir='ltr'><strong>cum</strong></span> <span class='ocrx_word' id='word_1_365' title='bbox 1824 3294 1991 3360; x_wconf 34' lang='lat' dir='ltr'><strong>virgis</strong></span> 
     </span>
    </p>
   </div>
   <div class='ocr_carea' id='block_1_51' title="bbox 420 3372 2007 3451">
    <p class='ocr_par' dir='ltr' id='par_1_51' title="bbox 420 3372 2007 3451">
     <span class='ocr_line' id='line_1_51' title="bbox 420 3372 2007 3451; baseline 0.008 -26"><span class='ocrx_word' id='word_1_366' title='bbox 420 3372 576 3431; x_wconf 86' lang='lat' dir='ltr'><strong>nibus</strong></span> <span class='ocrx_word' id='word_1_367' title='bbox 603 3373 713 3429; x_wconf 87' lang='lat' dir='ltr'><strong>Deo</strong></span> <span class='ocrx_word' id='word_1_368' title='bbox 741 3374 999 3440; x_wconf 87' lang='lat' dir='ltr'><strong>sacratis,</strong></span> <span class='ocrx_word' id='word_1_369' title='bbox 1029 3376 1415 3449; x_wconf 83' lang='lat' dir='ltr'><strong>velsanguine</strong></span> <span class='ocrx_word' id='word_1_370' title='bbox 1451 3382 1764 3451; x_wconf 89' lang='lat' dir='ltr'><strong>propinquis</strong></span> <span class='ocrx_word' id='word_1_371' title='bbox 1777 3385 2007 3440; x_wconf 84' lang='lat' dir='ltr'><strong>miscen-</strong></span> 
     </span>
    </p>
   </div>
   <div class='ocr_carea' id='block_1_52' title="bbox 420 3465 1986 3538">
    <p class='ocr_par' dir='ltr' id='par_1_52' title="bbox 420 3465 1986 3538">
     <span class='ocr_line' id='line_1_52' title="bbox 420 3465 1986 3538; baseline 0.006 -18"><span class='ocrx_word' id='word_1_372' title='bbox 420 3476 527 3528; x_wconf 91' lang='lat' dir='ltr'><strong>tur,</strong></span> <span class='ocrx_word' id='word_1_373' title='bbox 557 3465 767 3528; x_wconf 90' lang='lat' dir='ltr'><strong>incesti,</strong></span> <span class='ocrx_word' id='word_1_374' title='bbox 814 3466 870 3521; x_wconf 88' lang='lat' dir='ltr'><strong>id</strong></span> <span class='ocrx_word' id='word_1_375' title='bbox 892 3474 996 3533; x_wconf 86' lang='lat' dir='ltr'><strong>est,</strong></span> <span class='ocrx_word' id='word_1_376' title='bbox 1024 3468 1215 3524; x_wconf 87' lang='lat' dir='ltr'><strong>incasti</strong></span> <span class='ocrx_word' id='word_1_377' title='bbox 1236 3467 1566 3538; x_wconf 88' lang='lat' dir='ltr'><strong>iudicantur.</strong></span> <span class='ocrx_word' id='word_1_378' title='bbox 1605 3472 1811 3528; x_wconf 87' lang='lat' dir='ltr'><strong>Tandiu</strong></span> <span class='ocrx_word' id='word_1_379' title='bbox 1838 3490 1986 3538; x_wconf 89' lang='lat' dir='ltr'><strong>vero,</strong></span> 
     </span>
    </p>
   </div>
   <div class='ocr_carea' id='block_1_53' title="bbox 417 3555 1989 3630">
    <p class='ocr_par' dir='ltr' id='par_1_53' title="bbox 417 3555 1989 3630">
     <span class='ocr_line' id='line_1_53' title="bbox 417 3555 1989 3630; baseline 0.008 -21"><span class='ocrx_word' id='word_1_380' title='bbox 417 3565 477 3610; x_wconf 87' lang='lat' dir='ltr'><strong>ut</strong></span> <span class='ocrx_word' id='word_1_381' title='bbox 504 3555 810 3613; x_wconf 89' lang='lat' dir='ltr'><strong>Christiana</strong></span> <span class='ocrx_word' id='word_1_382' title='bbox 840 3558 1053 3630; x_wconf 89' lang='lat' dir='ltr'><strong>religio,</strong></span> <span class='ocrx_word' id='word_1_383' title='bbox 1090 3566 1145 3615; x_wconf 90' lang='lat' dir='ltr'><strong>et</strong></span> <span class='ocrx_word' id='word_1_384' title='bbox 1177 3562 1470 3617; x_wconf 86' lang='lat' dir='ltr'><strong>auctoritas</strong></span> <span class='ocrx_word' id='word_1_385' title='bbox 1504 3571 1706 3618; x_wconf 77' lang='lat' dir='ltr'><strong>sancta:</strong></span> <span class='ocrx_word' id='word_1_386' title='bbox 1733 3564 1989 3622; x_wconf 78' lang='lat' dir='ltr'><strong>Ecclesia:</strong></span> 
     </span>
    </p>
   </div>
   <div class='ocr_carea' id='block_1_54' title="bbox 418 3648 1984 3724">
    <p class='ocr_par' dir='ltr' id='par_1_54' title="bbox 418 3648 1984 3724">
     <span class='ocr_line' id='line_1_54' title="bbox 418 3648 1984 3724; baseline 0.006 -21"><span class='ocrx_word' id='word_1_387' title='bbox 418 3648 638 3713; x_wconf 77' lang='lat' dir='ltr'><strong>sanxit,</strong></span> <span class='ocrx_word' id='word_1_388' title='bbox 692 3649 944 3720; x_wconf 87' lang='lat' dir='ltr'><strong>coniugia</strong></span> <span class='ocrx_word' id='word_1_389' title='bbox 995 3651 1136 3706; x_wconf 83' lang='lat' dir='ltr'><strong>inter</strong></span> <span class='ocrx_word' id='word_1_390' title='bbox 1181 3653 1511 3724; x_wconf 90' lang='lat' dir='ltr'><strong>propinquos</strong></span> <span class='ocrx_word' id='word_1_391' title='bbox 1554 3654 1768 3712; x_wconf 87' lang='lat' dir='ltr'><strong>vitanda</strong></span> <span class='ocrx_word' id='word_1_392' title='bbox 1821 3668 1984 3724; x_wconf 91' lang='lat' dir='ltr'><strong>sunt,</strong></span> 
     </span>
    </p>
   </div>
   <div class='ocr_carea' id='block_1_55' title="bbox 417 3740 1988 3816">
    <p class='ocr_par' dir='ltr' id='par_1_55' title="bbox 417 3740 1988 3816">
     <span class='ocr_line' id='line_1_55' title="bbox 417 3740 1988 3816; baseline 0.007 -23"><span class='ocrx_word' id='word_1_393' title='bbox 417 3740 652 3810; x_wconf 84' lang='lat' dir='ltr'><strong>quandiu</strong></span> <span class='ocrx_word' id='word_1_394' title='bbox 689 3742 1145 3797; x_wconf 88' lang='lat' dir='ltr'><strong>necessitudinum</strong></span> <span class='ocrx_word' id='word_1_395' title='bbox 1181 3744 1399 3799; x_wconf 89' lang='lat' dir='ltr'><strong>nomina</strong></span> <span class='ocrx_word' id='word_1_396' title='bbox 1431 3760 1800 3815; x_wconf 85' lang='lat' dir='ltr'><strong>perseverant.</strong></span> <span class='ocrx_word' id='word_1_397' title='bbox 1847 3749 1988 3816; x_wconf 79' lang='lat' dir='ltr'><strong>Quo-</strong></span> 
     </span>
    </p>
   </div>
   <div class='ocr_carea' id='block_1_56' title="bbox 418 3831 1989 3901">
    <p class='ocr_par' dir='ltr' id='par_1_56' title="bbox 418 3831 1989 3901">
     <span class='ocr_line' id='line_1_56' title="bbox 418 3831 1989 3901; baseline 0.008 -18"><span class='ocrx_word' id='word_1_398' title='bbox 418 3831 562 3884; x_wconf 85' lang='lat' dir='ltr'><strong>niam</strong></span> <span class='ocrx_word' id='word_1_399' title='bbox 590 3846 864 3900; x_wconf 87' lang='lat' dir='ltr'><strong>nunquam</strong></span> <span class='ocrx_word' id='word_1_400' title='bbox 886 3832 1214 3889; x_wconf 89' lang='lat' dir='ltr'><strong>Christianis</strong></span> <span class='ocrx_word' id='word_1_401' title='bbox 1241 3836 1512 3901; x_wconf 87' lang='lat' dir='ltr'><strong>convenit,</strong></span> <span class='ocrx_word' id='word_1_402' title='bbox 1537 3846 1595 3891; x_wconf 90' lang='lat' dir='ltr'><strong>ut</strong></span> <span class='ocrx_word' id='word_1_403' title='bbox 1620 3839 1739 3893; x_wconf 72' lang='lat' dir='ltr'><strong>dua:</strong></span> <span class='ocrx_word' id='word_1_404' title='bbox 1762 3847 1854 3894; x_wconf 89' lang='lat' dir='ltr'><strong>aut</strong></span> <span class='ocrx_word' id='word_1_405' title='bbox 1878 3848 1989 3896; x_wconf 89' lang='lat' dir='ltr'><strong>tres</strong></span> 
     </span>
    </p>
   </div>
   <div class='ocr_carea' id='block_1_57' title="bbox 418 3924 1990 3998">
    <p class='ocr_par' dir='ltr' id='par_1_57' title="bbox 418 3924 1990 3998">
     <span class='ocr_line' id='line_1_57' title="bbox 418 3924 1990 3998; baseline 0.006 -21"><span class='ocrx_word' id='word_1_406' title='bbox 418 3924 862 3989; x_wconf 89' lang='lat' dir='ltr'><strong>necessitudines,</strong></span> <span class='ocrx_word' id='word_1_407' title='bbox 884 3937 944 3979; x_wconf 90' lang='lat' dir='ltr'><strong>ut</strong></span> <span class='ocrx_word' id='word_1_408' title='bbox 966 3925 1157 3980; x_wconf 89' lang='lat' dir='ltr'><strong>beatus</strong></span> <span class='ocrx_word' id='word_1_409' title='bbox 1178 3927 1254 3980; x_wconf 89' lang='lat' dir='ltr'><strong>ait</strong></span> <span class='ocrx_word' id='word_1_410' title='bbox 1268 3926 1602 3998; x_wconf 73' lang='lat' dir='ltr'><strong>Augustinus</strong></span> <span class='ocrx_word' id='word_1_411' title='bbox 1620 3928 1672 3995; x_wconf 75' lang='grc' dir='ltr'><strong>ά,</strong></span> <span class='ocrx_word' id='word_1_412' title='bbox 1696 3930 1749 3983; x_wconf 91' lang='lat' dir='ltr'><strong>in</strong></span> <span class='ocrx_word' id='word_1_413' title='bbox 1770 3931 1990 3986; x_wconf 88' lang='lat' dir='ltr'><strong>homine</strong></span> 
     </span>
    </p>
   </div>
   <div class='ocr_carea' id='block_1_58' title="bbox 417 4013 1985 4090">
    <p class='ocr_par' dir='ltr' id='par_1_58' title="bbox 417 4013 1985 4090">
     <span class='ocr_line' id='line_1_58' title="bbox 417 4013 1985 4090; baseline 0.008 -23"><span class='ocrx_word' id='word_1_414' title='bbox 417 4031 525 4068; x_wconf 90' lang='lat' dir='ltr'><strong>uno</strong></span> <span class='ocrx_word' id='word_1_415' title='bbox 559 4013 713 4069; x_wconf 82' lang='lat' dir='ltr'><strong>ﬂant.</strong></span> <span class='ocrx_word' id='word_1_416' title='bbox 761 4015 1099 4072; x_wconf 81' lang='lat' dir='ltr'><strong>Auctoritate</strong></span> <span class='ocrx_word' id='word_1_417' title='bbox 1126 4019 1324 4088; x_wconf 86' lang='lat' dir='ltr'><strong>quippe</strong></span> <span class='ocrx_word' id='word_1_418' title='bbox 1354 4013 1681 4078; x_wconf 50' lang='lat' dir='ltr'><strong>sanctae-Dei</strong></span> <span class='ocrx_word' id='word_1_419' title='bbox 1710 4022 1985 4090; x_wconf 60' lang='lat' dir='ltr'><strong>Ecclesia},</strong></span> 
     </span>
    </p>
   </div>
   <div class='ocr_carea' id='block_1_59' title="bbox 416 4106 1984 4181">
    <p class='ocr_par' dir='ltr' id='par_1_59' title="bbox 416 4106 1984 4181">
     <span class='ocr_line' id='line_1_59' title="bbox 416 4106 1984 4181; baseline 0.008 -23"><span class='ocrx_word' id='word_1_420' title='bbox 416 4120 577 4172; x_wconf 83' lang='lat' dir='ltr'><strong>quam</strong></span> <span class='ocrx_word' id='word_1_421' title='bbox 622 4106 882 4177; x_wconf 88' lang='lat' dir='ltr'><strong>apostolis</strong></span> <span class='ocrx_word' id='word_1_422' title='bbox 924 4108 1026 4163; x_wconf 90' lang='lat' dir='ltr'><strong>sibi</strong></span> <span class='ocrx_word' id='word_1_423' title='bbox 1080 4109 1335 4164; x_wconf 89' lang='lat' dir='ltr'><strong>traditam</strong></span> <span class='ocrx_word' id='word_1_424' title='bbox 1377 4112 1617 4167; x_wconf 86' lang='lat' dir='ltr'><strong>creditur</strong></span> <span class='ocrx_word' id='word_1_425' title='bbox 1663 4114 1984 4181; x_wconf 87' lang='lat' dir='ltr'><strong>observare,</strong></span> 
     </span>
    </p>
   </div>
   <div class='ocr_carea' id='block_1_60' title="bbox 415 4196 1984 4275">
    <p class='ocr_par' dir='ltr' id='par_1_60' title="bbox 415 4196 1984 4275">
     <span class='ocr_line' id='line_1_60' title="bbox 415 4196 1984 4275; baseline 0.007 -24"><span class='ocrx_word' id='word_1_426' title='bbox 415 4197 500 4251; x_wconf 89' lang='lat' dir='ltr'><strong>cui</strong></span> <span class='ocrx_word' id='word_1_427' title='bbox 525 4196 782 4268; x_wconf 78' lang='lat' dir='ltr'><strong>refragari</strong></span> <span class='ocrx_word' id='word_1_428' title='bbox 810 4197 892 4255; x_wconf 88' lang='lat' dir='ltr'><strong>fas</strong></span> <span class='ocrx_word' id='word_1_429' title='bbox 914 4215 1022 4254; x_wconf 92' lang='lat' dir='ltr'><strong>non</strong></span> <span class='ocrx_word' id='word_1_430' title='bbox 1045 4208 1159 4266; x_wconf 85' lang='lat' dir='ltr'><strong>est;</strong></span> <span class='ocrx_word' id='word_1_431' title='bbox 1190 4209 1247 4256; x_wconf 89' lang='lat' dir='ltr'><strong>et</strong></span> <span class='ocrx_word' id='word_1_432' title='bbox 1272 4204 1557 4259; x_wconf 80' lang='lat' dir='ltr'><strong>mundana:</strong></span> <span class='ocrx_word' id='word_1_433' title='bbox 1580 4204 1712 4275; x_wconf 89' lang='lat' dir='ltr'><strong>legis</strong></span> <span class='ocrx_word' id='word_1_434' title='bbox 1734 4222 1984 4271; x_wconf 88' lang='lat' dir='ltr'><strong>censura,</strong></span> 
     </span>
    </p>
   </div>
   <div class='ocr_carea' id='block_1_61' title="bbox 418 4288 1989 4365">
    <p class='ocr_par' dir='ltr' id='par_1_61' title="bbox 418 4288 1989 4365">
     <span class='ocr_line' id='line_1_61' title="bbox 418 4288 1989 4365; baseline 0.007 -24"><span class='ocrx_word' id='word_1_435' title='bbox 418 4300 514 4341; x_wconf 87' lang='lat' dir='ltr'><strong>nec</strong></span> <span class='ocrx_word' id='word_1_436' title='bbox 538 4301 643 4341; x_wconf 91' lang='lat' dir='ltr'><strong>non</strong></span> <span class='ocrx_word' id='word_1_437' title='bbox 670 4295 726 4341; x_wconf 90' lang='lat' dir='ltr'><strong>et</strong></span> <span class='ocrx_word' id='word_1_438' title='bbox 752 4288 919 4357; x_wconf 87' lang='lat' dir='ltr'><strong>ipsius</strong></span> <span class='ocrx_word' id='word_1_439' title='bbox 946 4297 1154 4344; x_wconf 80' lang='lat' dir='ltr'><strong>natura:</strong></span> <span class='ocrx_word' id='word_1_440' title='bbox 1177 4290 1561 4348; x_wconf 90' lang='lat' dir='ltr'><strong>honestissimo</strong></span> <span class='ocrx_word' id='word_1_441' title='bbox 1585 4295 1774 4350; x_wconf 91' lang='lat' dir='ltr'><strong>ordine</strong></span> <span class='ocrx_word' id='word_1_442' title='bbox 1796 4297 1989 4365; x_wconf 90' lang='lat' dir='ltr'><strong>perdo-</strong></span> 
     </span>
    </p>
   </div>
   <div class='ocr_carea' id='block_1_62' title="bbox 414 4377 1984 4455">
    <p class='ocr_par' dir='ltr' id='par_1_62' title="bbox 414 4377 1984 4455">
     <span class='ocr_line' id='line_1_62' title="bbox 414 4377 1984 4455; baseline 0.007 -24"><span class='ocrx_word' id='word_1_443' title='bbox 414 4386 589 4441; x_wconf 87' lang='lat' dir='ltr'><strong>cetur,</strong></span> <span class='ocrx_word' id='word_1_444' title='bbox 636 4377 1054 4447; x_wconf 87' lang='lat' dir='ltr'><strong>propinquitatis</strong></span> <span class='ocrx_word' id='word_1_445' title='bbox 1096 4377 1348 4450; x_wconf 87' lang='lat' dir='ltr'><strong>coniugia</strong></span> <span class='ocrx_word' id='word_1_446' title='bbox 1392 4396 1564 4453; x_wconf 88' lang='lat' dir='ltr'><strong>usque</strong></span> <span class='ocrx_word' id='word_1_447' title='bbox 1605 4384 1659 4437; x_wconf 92' lang='lat' dir='ltr'><strong>in</strong></span> <span class='ocrx_word' id='word_1_448' title='bbox 1699 4386 1984 4455; x_wconf 89' lang='lat' dir='ltr'><strong>septimum</strong></span> 
     </span>
    </p>
   </div>
   <div class='ocr_carea' id='block_1_63' title="bbox 418 4563 1990 4641">
    <p class='ocr_par' dir='ltr' id='par_1_63' title="bbox 418 4563 1990 4641">
     <span class='ocr_line' id='line_1_63' title="bbox 418 4563 1990 4641; baseline 0.006 -24"><span class='ocrx_word' id='word_1_449' title='bbox 418 4578 521 4619; x_wconf 92' lang='lat' dir='ltr'><strong>nus</strong></span> <span class='ocrx_word' id='word_1_450' title='bbox 542 4564 594 4618; x_wconf 92' lang='lat' dir='ltr'><strong>in</strong></span> <span class='ocrx_word' id='word_1_451' title='bbox 616 4563 756 4620; x_wconf 89' lang='lat' dir='ltr'><strong>libro</strong></span> <span class='ocrx_word' id='word_1_452' title='bbox 775 4564 840 4620; x_wconf 93' lang='lat' dir='ltr'><strong>de</strong></span> <span class='ocrx_word' id='word_1_453' title='bbox 860 4563 1090 4621; x_wconf 85' lang='lat' dir='ltr'><strong>Civitate</strong></span> <span class='ocrx_word' id='word_1_454' title='bbox 1109 4565 1204 4621; x_wconf 89' lang='lat' dir='ltr'><strong>Dei</strong></span> <span class='ocrx_word' id='word_1_455' title='bbox 1227 4566 1378 4638; x_wconf 87' lang='lat' dir='ltr'><strong>dicit)</strong></span> <span class='ocrx_word' id='word_1_456' title='bbox 1395 4582 1462 4623; x_wconf 91' lang='lat' dir='ltr'><strong>ne</strong></span> <span class='ocrx_word' id='word_1_457' title='bbox 1482 4568 1593 4639; x_wconf 91' lang='lat' dir='ltr'><strong>ipsa</strong></span> <span class='ocrx_word' id='word_1_458' title='bbox 1615 4571 1990 4641; x_wconf 78' lang='lat' dir='ltr'><strong>propinquitas</strong></span> 
     </span>
    </p>
   </div>
   <div class='ocr_carea' id='block_1_64' title="bbox 417 4653 1988 4723">
    <p class='ocr_par' dir='ltr' id='par_1_64' title="bbox 417 4653 1988 4723">
     <span class='ocr_line' id='line_1_64' title="bbox 417 4653 1988 4723; baseline 0.006 -15"><span class='ocrx_word' id='word_1_459' title='bbox 417 4653 629 4723; x_wconf 87' lang='lat' dir='ltr'><strong>longius</strong></span> <span class='ocrx_word' id='word_1_460' title='bbox 652 4654 829 4723; x_wconf 86' lang='lat' dir='ltr'><strong>abeat,</strong></span> <span class='ocrx_word' id='word_1_461' title='bbox 856 4663 911 4710; x_wconf 85' lang='lat' dir='ltr'><strong>et</strong></span> <span class='ocrx_word' id='word_1_462' title='bbox 934 4672 1054 4712; x_wconf 90' lang='lat' dir='ltr'><strong>esse</strong></span> <span class='ocrx_word' id='word_1_463' title='bbox 1078 4657 1320 4723; x_wconf 88' lang='lat' dir='ltr'><strong>desistat,</strong></span> <span class='ocrx_word' id='word_1_464' title='bbox 1345 4659 1485 4715; x_wconf 88' lang='lat' dir='ltr'><strong>hanc</strong></span> <span class='ocrx_word' id='word_1_465' title='bbox 1512 4661 1845 4717; x_wconf 89' lang='lat' dir='ltr'><strong>matrimonii</strong></span> <span class='ocrx_word' id='word_1_466' title='bbox 1871 4664 1988 4718; x_wconf 89' lang='lat' dir='ltr'><strong>vin-</strong></span> 
     </span>
    </p>
   </div>
   <div class='ocr_carea' id='block_1_65' title="bbox 416 4742 1986 4823">
    <p class='ocr_par' dir='ltr' id='par_1_65' title="bbox 416 4742 1986 4823">
     <span class='ocr_line' id='line_1_65' title="bbox 416 4742 1986 4823; baseline 0.006 -26"><span class='ocrx_word' id='word_1_467' title='bbox 416 4742 539 4798; x_wconf 92' lang='lat' dir='ltr'><strong>culo</strong></span> <span class='ocrx_word' id='word_1_468' title='bbox 575 4759 792 4801; x_wconf 90' lang='lat' dir='ltr'><strong>rursum</strong></span> <span class='ocrx_word' id='word_1_469' title='bbox 829 4745 1110 4817; x_wconf 90' lang='lat' dir='ltr'><strong>colligari,</strong></span> <span class='ocrx_word' id='word_1_470' title='bbox 1158 4756 1215 4802; x_wconf 90' lang='lat' dir='ltr'><strong>et</strong></span> <span class='ocrx_word' id='word_1_471' title='bbox 1256 4748 1655 4819; x_wconf 89' lang='lat' dir='ltr'><strong>quodammodo</strong></span> <span class='ocrx_word' id='word_1_472' title='bbox 1692 4750 1986 4823; x_wconf 85' lang='lat' dir='ltr'><strong>fugientem</strong></span> 
     </span>
    </p>
   </div>
   <div class='ocr_carea' id='block_1_66' title="bbox 417 4851 681 4893">
    <p class='ocr_par' dir='ltr' id='par_1_66' title="bbox 417 4851 681 4893">
     <span class='ocr_line' id='line_1_66' title="bbox 417 4851 681 4893; baseline -0.004 -2"><span class='ocrx_word' id='word_1_473' title='bbox 417 4851 657 4893; x_wconf 76' lang='lat' dir='ltr'><strong>revocari</strong></span> <span class='ocrx_word' id='word_1_474' title='bbox 668 4878 681 4890; x_wconf 88' lang='lat'><strong>.</strong></span> 
     </span>
    </p>
   </div>
   <div class='ocr_carea' id='block_1_67' title="bbox 488 4927 1982 5005">
    <p class='ocr_par' dir='ltr' id='par_1_67' title="bbox 488 4927 1982 5005">
     <span class='ocr_line' id='line_1_67' title="bbox 488 4927 1982 5005; baseline 0.006 -24"><span class='ocrx_word' id='word_1_475' title='bbox 488 4927 747 5001; x_wconf 83' lang='lat' dir='ltr'><strong>[Isidorus</strong></span> <span class='ocrx_word' id='word_1_476' title='bbox 778 4928 961 4999; x_wconf 88' lang='lat' dir='ltr'><strong>itaque</strong></span> <span class='ocrx_word' id='word_1_477' title='bbox 988 4931 1054 4985; x_wconf 91' lang='lat' dir='ltr'><strong>de</strong></span> <span class='ocrx_word' id='word_1_478' title='bbox 1080 4933 1551 5004; x_wconf 84' lang='lat' dir='ltr'><strong>consanguinitate</strong></span> <span class='ocrx_word' id='word_1_479' title='bbox 1592 4935 1671 4989; x_wconf 91' lang='lat' dir='ltr'><strong>sic</strong></span> <span class='ocrx_word' id='word_1_480' title='bbox 1707 4935 1982 5005; x_wconf 90' lang='lat' dir='ltr'><strong>loquitur:</strong></span> 
     </span>
    </p>
   </div>
   <div class='ocr_carea' id='block_1_68' title="bbox 489 5043 1745 5116">
    <p class='ocr_par' dir='ltr' id='par_1_68' title="bbox 489 5043 1745 5116">
     <span class='ocr_line' id='line_1_68' title="bbox 489 5043 1745 5116; baseline 0.003 -18"><span class='ocrx_word' id='word_1_481' title='bbox 489 5054 515 5116; x_wconf 70' lang='lat' dir='ltr'><strong>fl</strong></span> <span class='ocrx_word' id='word_1_482' title='bbox 545 5043 599 5116; x_wconf 76' lang='lat' dir='ltr'><strong>in</strong></span> <span class='ocrx_word' id='word_1_483' title='bbox 627 5051 916 5116; x_wconf 47' lang='lat' dir='ltr'><strong>comment.</strong></span> <span class='ocrx_word' id='word_1_484' title='bbox 946 5044 1169 5112; x_wconf 85' lang='lat' dir='ltr'><strong>Ezecb.,</strong></span> <span class='ocrx_word' id='word_1_485' title='bbox 1196 5062 1315 5116; x_wconf 90' lang='lat' dir='ltr'><strong>cap.</strong></span> <span class='ocrx_word' id='word_1_486' title='bbox 1342 5062 1494 5110; x_wconf 88' lang='lat' dir='ltr'><strong>xvm,</strong></span> <span class='ocrx_word' id='word_1_487' title='bbox 1522 5064 1663 5103; x_wconf 87' lang='lat' dir='ltr'><strong>vers.</strong></span> <span class='ocrx_word' id='word_1_488' title='bbox 1692 5048 1745 5104; x_wconf 87' lang='lat'><strong>6.</strong></span> 
     </span>
    </p>
   </div>
   <div class='ocr_carea' id='block_1_69' title="bbox 489 5112 1988 5186">
    <p class='ocr_par' dir='ltr' id='par_1_69' title="bbox 489 5112 1988 5186">
     <span class='ocr_line' id='line_1_69' title="bbox 489 5112 1988 5186; baseline 0.007 -19"><span class='ocrx_word' id='word_1_489' title='bbox 489 5112 811 5186; x_wconf 28' lang='grc' dir='ltr'><strong>δΕι-Αᾌίειὶ</strong></span> <span class='ocrx_word' id='word_1_490' title='bbox 857 5113 1197 5186; x_wconf 85' lang='lat' dir='ltr'><strong>Pythagorici</strong></span> <span class='ocrx_word' id='word_1_491' title='bbox 1244 5112 1418 5184; x_wconf 76' lang='lat' dir='ltr'><strong>sent.,</strong></span> <span class='ocrx_word' id='word_1_492' title='bbox 1472 5119 1525 5173; x_wconf 90' lang='lat' dir='ltr'><strong>in</strong></span> <span class='ocrx_word' id='word_1_493' title='bbox 1577 5117 1832 5175; x_wconf 89' lang='lat' dir='ltr'><strong>Biblioth.</strong></span> <span class='ocrx_word' id='word_1_494' title='bbox 1885 5121 1988 5176; x_wconf 81' lang='lat' dir='ltr'><strong>Pa-</strong></span> 
     </span>
    </p>
   </div>
   <div class='ocr_carea' id='block_1_70' title="bbox 419 5183 736 5248">
    <p class='ocr_par' dir='ltr' id='par_1_70' title="bbox 419 5183 736 5248">
     <span class='ocr_line' id='line_1_70' title="bbox 419 5183 736 5248; baseline -0.003 -10"><span class='ocrx_word' id='word_1_495' title='bbox 419 5193 583 5248; x_wconf 88' lang='lat' dir='ltr'><strong>trum,</strong></span> <span class='ocrx_word' id='word_1_496' title='bbox 610 5183 736 5239; x_wconf 67' lang='lat'><strong>222.</strong></span> 
     </span>
    </p>
   </div>
   <div class='ocr_carea' id='block_1_71' title="bbox 492 5254 1985 5330">
    <p class='ocr_par' dir='ltr' id='par_1_71' title="bbox 492 5254 1985 5330">
     <span class='ocr_line' id='line_1_71' title="bbox 492 5254 1985 5330; baseline 0.006 -23"><span class='ocrx_word' id='word_1_497' title='bbox 492 5266 514 5293; x_wconf 73' lang='grc' dir='ltr'><em>ε</em></span> <span class='ocrx_word' id='word_1_498' title='bbox 545 5254 767 5330; x_wconf 67' lang='lat' dir='ltr'><strong>Liquida</strong></span> <span class='ocrx_word' id='word_1_499' title='bbox 796 5256 975 5330; x_wconf 78' lang='lat' dir='ltr'><strong>igitur.</strong></span> <span class='ocrx_word' id='word_1_500' title='bbox 1014 5255 1214 5330; x_wconf 75' lang='lat' dir='ltr'><strong>Horum</strong></span> <span class='ocrx_word' id='word_1_501' title='bbox 1244 5260 1529 5313; x_wconf 77' lang='lat' dir='ltr'><strong>verborum</strong></span> <span class='ocrx_word' id='word_1_502' title='bbox 1560 5258 1678 5314; x_wconf 86' lang='lat' dir='ltr'><strong>loco</strong></span> <span class='ocrx_word' id='word_1_503' title='bbox 1706 5263 1985 5330; x_wconf 87' lang='lat' dir='ltr'><strong>sequentia</strong></span> 
     </span>
    </p>
   </div>
   <div class='ocr_carea' id='block_1_72' title="bbox 422 5325 1981 5400">
    <p class='ocr_par' dir='ltr' id='par_1_72' title="bbox 422 5325 1981 5400">
     <span class='ocr_line' id='line_1_72' title="bbox 422 5325 1981 5400; baseline 0.006 -24"><span class='ocrx_word' id='word_1_504' title='bbox 422 5325 671 5400; x_wconf 72' lang='lat' dir='ltr'><strong>leguntur</strong></span> <span class='ocrx_word' id='word_1_505' title='bbox 724 5327 778 5380; x_wconf 91' lang='lat' dir='ltr'><strong>in</strong></span> <span class='ocrx_word' id='word_1_506' title='bbox 805 5325 1015 5400; x_wconf 27' lang='lat' dir='ltr'><strong>_’codice</strong></span> <span class='ocrx_word' id='word_1_507' title='bbox 1062 5326 1296 5400; x_wconf 79' lang='lat' dir='ltr'><strong>Clarom.</strong></span> <span class='ocrx_word' id='word_1_508' title='bbox 1346 5344 1473 5400; x_wconf 79' lang='lat' dir='ltr'><strong>qua:</strong></span> <span class='ocrx_word' id='word_1_509' title='bbox 1513 5331 1684 5400; x_wconf 90' lang='lat' dir='ltr'><strong>magis</strong></span> <span class='ocrx_word' id='word_1_510' title='bbox 1728 5325 1981 5399; x_wconf 75' lang='lat' dir='ltr'><strong>placent:</strong></span> 
     </span>
    </p>
   </div>
   <div class='ocr_carea' id='block_1_73' title="bbox 428 5392 1985 5470">
    <p class='ocr_par' dir='ltr' id='par_1_73' title="bbox 428 5392 1985 5470">
     <span class='ocr_line' id='line_1_73' title="bbox 428 5392 1985 5470; baseline 0.006 -25"><span class='ocrx_word' id='word_1_511' title='bbox 428 5392 752 5470; x_wconf 69' lang='lat' dir='ltr'><strong>i’érpendant</strong></span> <span class='ocrx_word' id='word_1_512' title='bbox 790 5392 956 5470; x_wconf 83' lang='lat' dir='ltr'><strong>igitur</strong></span> <span class='ocrx_word' id='word_1_513' title='bbox 998 5398 1289 5467; x_wconf 83' lang='lat' dir='ltr'><strong>conjugati,</strong></span> <span class='ocrx_word' id='word_1_514' title='bbox 1336 5392 1475 5470; x_wconf 71' lang='lat' dir='ltr'><strong>quod</strong></span> <span class='ocrx_word' id='word_1_515' title='bbox 1511 5392 1669 5467; x_wconf 57' lang='lat' dir='ltr'><strong>juxta</strong></span> <span class='ocrx_word' id='word_1_516' title='bbox 1719 5392 1985 5470; x_wconf 72' lang='lat' dir='ltr'><strong>dignitatis</strong></span> 
     </span>
    </p>
   </div>
   <div class='ocr_carea' id='block_1_74' title="bbox 420 5467 1985 5537">
    <p class='ocr_par' dir='ltr' id='par_1_74' title="bbox 420 5467 1985 5537">
     <span class='ocr_line' id='line_1_74' title="bbox 420 5467 1985 5537; baseline 0.004 -20"><span class='ocrx_word' id='word_1_517' title='bbox 420 5467 664 5537; x_wconf 62' lang='lat' dir='ltr'><strong>humanm</strong></span> <span class='ocrx_word' id='word_1_518' title='bbox 700 5468 984 5537; x_wconf 76' lang='lat' dir='ltr'><strong>rationem,</strong></span> <span class='ocrx_word' id='word_1_519' title='bbox 1027 5467 1388 5537; x_wconf 84' lang='lat' dir='ltr'><strong>tantorumque</strong></span> <span class='ocrx_word' id='word_1_520' title='bbox 1430 5467 1836 5524; x_wconf 74' lang='lat' dir='ltr'><strong>clarissimorum</strong></span> <span class='ocrx_word' id='word_1_521' title='bbox 1876 5471 1985 5524; x_wconf 88' lang='lat' dir='ltr'><strong>Po-</strong></span> 
     </span>
    </p>
   </div>
   <div class='ocr_carea' id='block_1_75' title="bbox 422 5533 1985 5611">
    <p class='ocr_par' dir='ltr' id='par_1_75' title="bbox 422 5533 1985 5611">
     <span class='ocr_line' id='line_1_75' title="bbox 422 5533 1985 5611; baseline 0.005 -25"><span class='ocrx_word' id='word_1_522' title='bbox 422 5545 558 5611; x_wconf 74' lang='lat' dir='ltr'><strong>trum</strong></span> <span class='ocrx_word' id='word_1_523' title='bbox 585 5533 977 5590; x_wconf 84' lang='lat' dir='ltr'><strong>saluberrimam</strong></span> <span class='ocrx_word' id='word_1_524' title='bbox 1008 5533 1428 5611; x_wconf 79' lang='lat' dir='ltr'><strong>instructionem,</strong></span> <span class='ocrx_word' id='word_1_525' title='bbox 1470 5557 1500 5592; x_wconf 88' lang='lat' dir='ltr'><strong>a</strong></span> <span class='ocrx_word' id='word_1_526' title='bbox 1531 5541 1670 5593; x_wconf 85' lang='lat' dir='ltr'><strong>coitu</strong></span> <span class='ocrx_word' id='word_1_527' title='bbox 1705 5557 1985 5611; x_wconf 69' lang='lat' dir='ltr'><strong>prmgnon-</strong></span> 
     </span>
    </p>
   </div>
   <div class='ocr_carea' id='block_1_76' title="bbox 423 5604 1983 5678">
    <p class='ocr_par' dir='ltr' id='par_1_76' title="bbox 423 5604 1983 5678">
     <span class='ocr_line' id='line_1_76' title="bbox 423 5604 1983 5678; baseline 0.005 -23"><span class='ocrx_word' id='word_1_528' title='bbox 423 5604 552 5678; x_wconf 64' lang='lat' dir='ltr'><strong>tium</strong></span> <span class='ocrx_word' id='word_1_529' title='bbox 601 5620 820 5678; x_wconf 62' lang='lat' dir='ltr'><strong>natorum</strong></span> <span class='ocrx_word' id='word_1_530' title='bbox 866 5624 1226 5678; x_wconf 70' lang='lat' dir='ltr'><strong>usquequaque</strong></span> <span class='ocrx_word' id='word_1_531' title='bbox 1273 5609 1346 5662; x_wconf 82' lang='lat' dir='ltr'><strong>eis</strong></span> <span class='ocrx_word' id='word_1_532' title='bbox 1394 5611 1656 5662; x_wconf 74' lang='lat' dir='ltr'><strong>conveniat</strong></span> <span class='ocrx_word' id='word_1_533' title='bbox 1705 5604 1983 5665; x_wconf 71' lang='lat' dir='ltr'><strong>abstinere.</strong></span> 
     </span>
    </p>
   </div>
   <div class='ocr_carea' id='block_1_77' title="bbox 423 5671 1983 5748">
    <p class='ocr_par' dir='ltr' id='par_1_77' title="bbox 423 5671 1983 5748">
     <span class='ocr_line' id='line_1_77' title="bbox 423 5671 1983 5748; baseline 0.003 -20"><span class='ocrx_word' id='word_1_534' title='bbox 423 5671 491 5729; x_wconf 74' lang='lat' dir='ltr'><strong>Et</strong></span> <span class='ocrx_word' id='word_1_535' title='bbox 520 5674 659 5746; x_wconf 73' lang='lat' dir='ltr'><strong>quod</strong></span> <span class='ocrx_word' id='word_1_536' title='bbox 686 5691 801 5728; x_wconf 85' lang='lat' dir='ltr'><strong>cum</strong></span> <span class='ocrx_word' id='word_1_537' title='bbox 831 5671 983 5746; x_wconf 75' lang='lat' dir='ltr'><strong>super</strong></span> <span class='ocrx_word' id='word_1_538' title='bbox 1009 5671 1368 5748; x_wconf 69' lang='lat' dir='ltr'><strong>hujuscemodi</strong></span> <span class='ocrx_word' id='word_1_539' title='bbox 1403 5681 1675 5733; x_wconf 80' lang='lat' dir='ltr'><strong>concubitu</strong></span> <span class='ocrx_word' id='word_1_540' title='bbox 1707 5681 1983 5735; x_wconf 82' lang='lat' dir='ltr'><strong>admonen-</strong></span> 
     </span>
    </p>
   </div>
   <div class='ocr_carea' id='block_1_78' title="bbox 2015 4425 2065 4485">
    <p class='ocr_par' dir='ltr' id='par_1_78' title="bbox 2015 4425 2065 4485">
     <span class='ocr_line' id='line_1_78' title="bbox 2015 4425 2065 4485; baseline 0 0"><span class='ocrx_word' id='word_1_541' title='bbox 2015 4425 2065 4485; x_wconf 92' lang='lat' dir='ltr'><strong>D</strong></span> 
     </span>
    </p>
   </div>
   <div class='ocr_carea' id='block_1_79' title="bbox 416 4468 2037 4548">
    <p class='ocr_par' dir='ltr' id='par_1_79' title="bbox 416 4468 2037 4548">
     <span class='ocr_line' id='line_1_79' title="bbox 416 4468 2037 4548; baseline 0.007 -27"><span class='ocrx_word' id='word_1_542' title='bbox 416 4468 639 4537; x_wconf 84' lang='lat' dir='ltr'><strong>gradum</strong></span> <span class='ocrx_word' id='word_1_543' title='bbox 665 4468 960 4524; x_wconf 79' lang='lat' dir='ltr'><strong>differenda</strong></span> <span class='ocrx_word' id='word_1_544' title='bbox 985 4474 1000 4523; x_wconf 77' lang='grc' dir='ltr'><em>ἐ</em></span> <span class='ocrx_word' id='word_1_545' title='bbox 1028 4479 1083 4524; x_wconf 89' lang='lat' dir='ltr'><strong>et</strong></span> <span class='ocrx_word' id='word_1_546' title='bbox 1108 4480 1235 4526; x_wconf 88' lang='lat' dir='ltr'><strong>tunc</strong></span> <span class='ocrx_word' id='word_1_547' title='bbox 1258 4470 1340 4543; x_wconf 88' lang='lat' dir='ltr'><strong>(ut</strong></span> <span class='ocrx_word' id='word_1_548' title='bbox 1363 4473 1504 4529; x_wconf 89' lang='lat' dir='ltr'><strong>idem</strong></span> <span class='ocrx_word' id='word_1_549' title='bbox 1530 4476 1719 4531; x_wconf 89' lang='lat' dir='ltr'><strong>beatus</strong></span> <span class='ocrx_word' id='word_1_550' title='bbox 1739 4479 1989 4548; x_wconf 87' lang='lat' dir='ltr'><strong>Augusti-</strong></span> <span class='ocrx_word' id='word_1_551' title='bbox 2016 4468 2037 4507; x_wconf 51' lang='grc'><strong>¹</strong></span> 
     </span>
    </p>
   </div>
   <div class='ocr_carea' id='block_1_80' title="bbox 2090 1827 3666 1899">
    <p class='ocr_par' dir='ltr' id='par_1_80' title="bbox 2090 1827 3666 1899">
     <span class='ocr_line' id='line_1_80' title="bbox 2090 1827 3666 1899; baseline -0.003 -14"><span class='ocrx_word' id='word_1_552' title='bbox 2090 1830 2181 1885; x_wconf 91' lang='lat' dir='ltr'><strong>sit.</strong></span> <span class='ocrx_word' id='word_1_553' title='bbox 2234 1828 2292 1884; x_wconf 92' lang='lat' dir='ltr'><strong>Si</strong></span> <span class='ocrx_word' id='word_1_554' title='bbox 2321 1829 2442 1899; x_wconf 92' lang='lat' dir='ltr'><strong>quis</strong></span> <span class='ocrx_word' id='word_1_555' title='bbox 2480 1837 2699 1899; x_wconf 87' lang='lat' dir='ltr'><strong>nuptam</strong></span> <span class='ocrx_word' id='word_1_556' title='bbox 2728 1827 2945 1883; x_wconf 79' lang='lat' dir='ltr'><strong>duxerit</strong></span> <span class='ocrx_word' id='word_1_557' title='bbox 2981 1827 3034 1882; x_wconf 91' lang='lat' dir='ltr'><strong>in</strong></span> <span class='ocrx_word' id='word_1_558' title='bbox 3070 1827 3343 1899; x_wconf 91' lang='lat' dir='ltr'><strong>coniugio,</strong></span> <span class='ocrx_word' id='word_1_559' title='bbox 3375 1827 3666 1882; x_wconf 79' lang='lat' dir='ltr'><strong>anathema</strong></span> 
     </span>
    </p>
   </div>
   <div class='ocr_carea' id='block_1_81' title="bbox 2088 1918 3668 1991">
    <p class='ocr_par' dir='ltr' id='par_1_81' title="bbox 2088 1918 3668 1991">
     <span class='ocr_line' id='line_1_81' title="bbox 2088 1918 3668 1991; baseline 0.001 -16"><span class='ocrx_word' id='word_1_560' title='bbox 2088 1920 2199 1975; x_wconf 89' lang='lat' dir='ltr'><strong>sit:</strong></span> <span class='ocrx_word' id='word_1_561' title='bbox 2232 1929 2287 1975; x_wconf 90' lang='lat' dir='ltr'><strong>et</strong></span> <span class='ocrx_word' id='word_1_562' title='bbox 2313 1920 2709 1991; x_wconf 88' lang='lat' dir='ltr'><strong>responderunt</strong></span> <span class='ocrx_word' id='word_1_563' title='bbox 2734 1934 2944 1984; x_wconf 88' lang='lat' dir='ltr'><strong>omnes,</strong></span> <span class='ocrx_word' id='word_1_564' title='bbox 2984 1918 3289 1974; x_wconf 86' lang='lat' dir='ltr'><strong>Anathema</strong></span> <span class='ocrx_word' id='word_1_565' title='bbox 3320 1918 3409 1974; x_wconf 89' lang='lat' dir='ltr'><strong>sit.</strong></span> <span class='ocrx_word' id='word_1_566' title='bbox 3462 1918 3519 1975; x_wconf 91' lang='lat' dir='ltr'><strong>Si</strong></span> <span class='ocrx_word' id='word_1_567' title='bbox 3545 1919 3668 1989; x_wconf 86' lang='lat' dir='ltr'><strong>quis</strong></span> 
     </span>
    </p>
   </div>
   <div class='ocr_carea' id='block_1_82' title="bbox 2089 2006 3668 2080">
    <p class='ocr_par' dir='ltr' id='par_1_82' title="bbox 2089 2006 3668 2080">
     <span class='ocr_line' id='line_1_82' title="bbox 2089 2006 3668 2080; baseline 0.001 -18"><span class='ocrx_word' id='word_1_568' title='bbox 2089 2023 2377 2064; x_wconf 87' lang='lat' dir='ltr'><strong>novercam</strong></span> <span class='ocrx_word' id='word_1_569' title='bbox 2423 2016 2517 2063; x_wconf 90' lang='lat' dir='ltr'><strong>aut</strong></span> <span class='ocrx_word' id='word_1_570' title='bbox 2558 2024 2755 2063; x_wconf 90' lang='lat' dir='ltr'><strong>nurum</strong></span> <span class='ocrx_word' id='word_1_571' title='bbox 2802 2024 2953 2064; x_wconf 87' lang='lat' dir='ltr'><strong>suam</strong></span> <span class='ocrx_word' id='word_1_572' title='bbox 3000 2009 3217 2064; x_wconf 78' lang='lat' dir='ltr'><strong>duxerit</strong></span> <span class='ocrx_word' id='word_1_573' title='bbox 3271 2008 3324 2063; x_wconf 90' lang='lat' dir='ltr'><strong>in</strong></span> <span class='ocrx_word' id='word_1_574' title='bbox 3375 2006 3668 2080; x_wconf 87' lang='lat' dir='ltr'><strong>coniugio,</strong></span> 
     </span>
    </p>
   </div>
   <div class='ocr_carea' id='block_1_83' title="bbox 2089 2099 3667 2174">
    <p class='ocr_par' dir='ltr' id='par_1_83' title="bbox 2089 2099 3667 2174">
     <span class='ocr_line' id='line_1_83' title="bbox 2089 2099 3667 2174; baseline 0.001 -21"><span class='ocrx_word' id='word_1_575' title='bbox 2089 2100 2374 2155; x_wconf 88' lang='lat' dir='ltr'><strong>anathema</strong></span> <span class='ocrx_word' id='word_1_576' title='bbox 2400 2099 2471 2154; x_wconf 91' lang='lat' dir='ltr'><strong>sit</strong></span> <span class='ocrx_word' id='word_1_577' title='bbox 2496 2117 2509 2153; x_wconf 93' lang='lat'><strong>:</strong></span> <span class='ocrx_word' id='word_1_578' title='bbox 2533 2108 2589 2154; x_wconf 91' lang='lat' dir='ltr'><strong>et</strong></span> <span class='ocrx_word' id='word_1_579' title='bbox 2613 2099 3007 2170; x_wconf 90' lang='lat' dir='ltr'><strong>responderunt</strong></span> <span class='ocrx_word' id='word_1_580' title='bbox 3028 2114 3215 2174; x_wconf 84' lang='lat' dir='ltr'><strong>omnes</strong></span> <span class='ocrx_word' id='word_1_581' title='bbox 3243 2109 3348 2165; x_wconf 89' lang='lat' dir='ltr'><strong>ter,</strong></span> <span class='ocrx_word' id='word_1_582' title='bbox 3368 2099 3667 2155; x_wconf 86' lang='lat' dir='ltr'><strong>Anatbema</strong></span> 
     </span>
    </p>
   </div>
   <div class='ocr_carea' id='block_1_84' title="bbox 2090 2189 3667 2261">
    <p class='ocr_par' dir='ltr' id='par_1_84' title="bbox 2090 2189 3667 2261">
     <span class='ocr_line' id='line_1_84' title="bbox 2090 2189 3667 2261; baseline -0.001 -16"><span class='ocrx_word' id='word_1_583' title='bbox 2090 2193 2179 2245; x_wconf 90' lang='lat' dir='ltr'><strong>sit.</strong></span> <span class='ocrx_word' id='word_1_584' title='bbox 2219 2190 2275 2245; x_wconf 92' lang='lat' dir='ltr'><strong>Si</strong></span> <span class='ocrx_word' id='word_1_585' title='bbox 2306 2191 2428 2261; x_wconf 88' lang='lat' dir='ltr'><strong>quis</strong></span> <span class='ocrx_word' id='word_1_586' title='bbox 2456 2190 2838 2246; x_wconf 88' lang='lat' dir='ltr'><strong>consobrinam</strong></span> <span class='ocrx_word' id='word_1_587' title='bbox 2868 2190 3083 2245; x_wconf 82' lang='lat' dir='ltr'><strong>duxerit</strong></span> <span class='ocrx_word' id='word_1_588' title='bbox 3118 2191 3170 2245; x_wconf 92' lang='lat' dir='ltr'><strong>in</strong></span> <span class='ocrx_word' id='word_1_589' title='bbox 3205 2189 3492 2261; x_wconf 91' lang='lat' dir='ltr'><strong>coniugio,</strong></span> <span class='ocrx_word' id='word_1_590' title='bbox 3538 2206 3667 2245; x_wconf 82' lang='lat' dir='ltr'><strong>ana-</strong></span> 
     </span>
    </p>
   </div>
   <div class='ocr_carea' id='block_1_85' title="bbox 2089 2281 3664 2351">
    <p class='ocr_par' dir='ltr' id='par_1_85' title="bbox 2089 2281 3664 2351">
     <span class='ocr_line' id='line_1_85' title="bbox 2089 2281 3664 2351; baseline 0.002 -17"><span class='ocrx_word' id='word_1_591' title='bbox 2089 2283 2268 2336; x_wconf 90' lang='lat' dir='ltr'><strong>thema</strong></span> <span class='ocrx_word' id='word_1_592' title='bbox 2298 2281 2396 2345; x_wconf 91' lang='lat' dir='ltr'><strong>sit;</strong></span> <span class='ocrx_word' id='word_1_593' title='bbox 2416 2291 2468 2335; x_wconf 91' lang='lat' dir='ltr'><strong>et</strong></span> <span class='ocrx_word' id='word_1_594' title='bbox 2499 2281 2891 2351; x_wconf 77' lang='lat' dir='ltr'><strong>responderunt</strong></span> <span class='ocrx_word' id='word_1_595' title='bbox 2919 2291 3001 2337; x_wconf 91' lang='lat' dir='ltr'><strong>ter</strong></span> <span class='ocrx_word' id='word_1_596' title='bbox 3027 2296 3232 2346; x_wconf 88' lang='lat' dir='ltr'><strong>omnes,</strong></span> <span class='ocrx_word' id='word_1_597' title='bbox 3253 2281 3549 2337; x_wconf 86' lang='lat' dir='ltr'><strong>Auathema</strong></span> <span class='ocrx_word' id='word_1_598' title='bbox 3575 2283 3664 2338; x_wconf 89' lang='lat' dir='ltr'><strong>sit.</strong></span> 
     </span>
    </p>
   </div>
   <div class='ocr_carea' id='block_1_86' title="bbox 2091 2374 3667 2445">
    <p class='ocr_par' dir='ltr' id='par_1_86' title="bbox 2091 2374 3667 2445">
     <span class='ocr_line' id='line_1_86' title="bbox 2091 2374 3667 2445; baseline -0.001 -15"><span class='ocrx_word' id='word_1_599' title='bbox 2091 2374 2149 2430; x_wconf 89' lang='lat' dir='ltr'><strong>Si</strong></span> <span class='ocrx_word' id='word_1_600' title='bbox 2178 2374 2301 2445; x_wconf 90' lang='lat' dir='ltr'><strong>quis</strong></span> <span class='ocrx_word' id='word_1_601' title='bbox 2337 2374 2403 2429; x_wconf 90' lang='lat' dir='ltr'><strong>de</strong></span> <span class='ocrx_word' id='word_1_602' title='bbox 2439 2374 2655 2445; x_wconf 89' lang='lat' dir='ltr'><strong>propria</strong></span> <span class='ocrx_word' id='word_1_603' title='bbox 2684 2374 3040 2445; x_wconf 89' lang='lat' dir='ltr'><strong>cognatione,</strong></span> <span class='ocrx_word' id='word_1_604' title='bbox 3078 2374 3163 2428; x_wconf 89' lang='lat' dir='ltr'><strong>vel</strong></span> <span class='ocrx_word' id='word_1_605' title='bbox 3200 2390 3364 2443; x_wconf 92' lang='lat' dir='ltr'><strong>quam</strong></span> <span class='ocrx_word' id='word_1_606' title='bbox 3402 2383 3667 2445; x_wconf 87' lang='lat' dir='ltr'><strong>cognatus</strong></span> 
     </span>
    </p>
   </div>
   <div class='ocr_carea' id='block_1_87' title="bbox 2090 2469 3667 2540">
    <p class='ocr_par' dir='ltr' id='par_1_87' title="bbox 2090 2469 3667 2540">
     <span class='ocr_line' id='line_1_87' title="bbox 2090 2469 3667 2540; baseline -0.001 -15"><span class='ocrx_word' id='word_1_607' title='bbox 2090 2470 2311 2535; x_wconf 87' lang='lat' dir='ltr'><strong>habuit,</strong></span> <span class='ocrx_word' id='word_1_608' title='bbox 2352 2470 2566 2524; x_wconf 77' lang='lat' dir='ltr'><strong>duxerit</strong></span> <span class='ocrx_word' id='word_1_609' title='bbox 2596 2484 2854 2534; x_wconf 82' lang='lat' dir='ltr'><strong>uxorem,</strong></span> <span class='ocrx_word' id='word_1_610' title='bbox 2890 2469 3177 2524; x_wconf 89' lang='lat' dir='ltr'><strong>anathema</strong></span> <span class='ocrx_word' id='word_1_611' title='bbox 3207 2470 3315 2525; x_wconf 91' lang='lat' dir='ltr'><strong>sit:</strong></span> <span class='ocrx_word' id='word_1_612' title='bbox 3351 2479 3407 2525; x_wconf 93' lang='lat' dir='ltr'><strong>et</strong></span> <span class='ocrx_word' id='word_1_613' title='bbox 3442 2486 3667 2540; x_wconf 88' lang='lat' dir='ltr'><strong>respon-</strong></span> 
     </span>
    </p>
   </div>
   <div class='ocr_carea' id='block_1_88' title="bbox 2093 2559 3673 2630">
    <p class='ocr_par' dir='ltr' id='par_1_88' title="bbox 2093 2559 3673 2630">
     <span class='ocr_line' id='line_1_88' title="bbox 2093 2559 3673 2630; baseline -0.001 -14"><span class='ocrx_word' id='word_1_614' title='bbox 2093 2562 2292 2616; x_wconf 88' lang='lat' dir='ltr'><strong>derunt</strong></span> <span class='ocrx_word' id='word_1_615' title='bbox 2329 2570 2410 2615; x_wconf 89' lang='lat' dir='ltr'><strong>ter</strong></span> <span class='ocrx_word' id='word_1_616' title='bbox 2439 2575 2657 2626; x_wconf 88' lang='lat' dir='ltr'><strong>omnes,</strong></span> <span class='ocrx_word' id='word_1_617' title='bbox 2696 2559 2995 2615; x_wconf 90' lang='lat' dir='ltr'><strong>Anathema</strong></span> <span class='ocrx_word' id='word_1_618' title='bbox 3034 2561 3123 2615; x_wconf 89' lang='lat' dir='ltr'><strong>sit.</strong></span> <span class='ocrx_word' id='word_1_619' title='bbox 3157 2579 3175 2611; x_wconf 76' lang='grc' dir='ltr'><strong><em>ι</em></strong></span> <span class='ocrx_word' id='word_1_620' title='bbox 3213 2561 3284 2615; x_wconf 89' lang='lat' dir='ltr'><strong>At</strong></span> <span class='ocrx_word' id='word_1_621' title='bbox 3310 2560 3354 2615; x_wconf 90' lang='lat' dir='ltr'><strong>si</strong></span> <span class='ocrx_word' id='word_1_622' title='bbox 3385 2560 3508 2630; x_wconf 90' lang='lat' dir='ltr'><strong>quis</strong></span> <span class='ocrx_word' id='word_1_623' title='bbox 3530 2560 3673 2630; x_wconf 86' lang='lat' dir='ltr'><strong>obii-</strong></span> 
     </span>
    </p>
   </div>
   <div class='ocr_carea' id='block_1_89' title="bbox 2034 2650 3669 2723">
    <p class='ocr_par' dir='ltr' id='par_1_89' title="bbox 2034 2650 3669 2723">
     <span class='ocr_line' id='line_1_89' title="bbox 2034 2650 3669 2723; baseline -0.004 -14"><span class='ocrx_word' id='word_1_624' title='bbox 2034 2700 2041 2709; x_wconf 82' lang='lat'><em>,</em></span> <span class='ocrx_word' id='word_1_625' title='bbox 2091 2667 2215 2708; x_wconf 89' lang='lat' dir='ltr'><strong>cere</strong></span> <span class='ocrx_word' id='word_1_626' title='bbox 2253 2652 2482 2707; x_wconf 90' lang='lat' dir='ltr'><strong>voluerit</strong></span> <span class='ocrx_word' id='word_1_627' title='bbox 2530 2651 2689 2706; x_wconf 90' lang='lat' dir='ltr'><strong>aliter</strong></span> <span class='ocrx_word' id='word_1_628' title='bbox 2734 2651 2954 2706; x_wconf 90' lang='lat' dir='ltr'><strong>beatum</strong></span> <span class='ocrx_word' id='word_1_629' title='bbox 3002 2666 3196 2723; x_wconf 86' lang='lat' dir='ltr'><strong>papam</strong></span> <span class='ocrx_word' id='word_1_630' title='bbox 3237 2650 3557 2723; x_wconf 87' lang='lat' dir='ltr'><strong>Gregorium</strong></span> <span class='ocrx_word' id='word_1_631' title='bbox 3601 2653 3669 2705; x_wconf 84' lang='lat' dir='ltr'><strong>de</strong></span> 
     </span>
    </p>
   </div>
   <div class='ocr_carea' id='block_1_90' title="bbox 2091 2742 3665 2816">
    <p class='ocr_par' dir='ltr' id='par_1_90' title="bbox 2091 2742 3665 2816">
     <span class='ocr_line' id='line_1_90' title="bbox 2091 2742 3665 2816; baseline 0.001 -18"><span class='ocrx_word' id='word_1_632' title='bbox 2091 2744 2346 2814; x_wconf 86' lang='lat' dir='ltr'><strong>gradibus</strong></span> <span class='ocrx_word' id='word_1_633' title='bbox 2394 2742 2814 2814; x_wconf 85' lang='lat' dir='ltr'><strong>propinquitatis</strong></span> <span class='ocrx_word' id='word_1_634' title='bbox 2862 2743 3162 2815; x_wconf 76' lang='lat' dir='ltr'><strong>Augustino</strong></span> <span class='ocrx_word' id='word_1_635' title='bbox 3208 2742 3504 2816; x_wconf 83' lang='lat' dir='ltr'><strong>Anglorum</strong></span> <span class='ocrx_word' id='word_1_636' title='bbox 3549 2744 3665 2815; x_wconf 86' lang='lat' dir='ltr'><strong>epi-</strong></span> 
     </span>
    </p>
   </div>
   <div class='ocr_carea' id='block_1_91' title="bbox 2094 2837 3658 2909">
    <p class='ocr_par' dir='ltr' id='par_1_91' title="bbox 2094 2837 3658 2909">
     <span class='ocr_line' id='line_1_91' title="bbox 2094 2837 3658 2909; baseline -0.001 -17"><span class='ocrx_word' id='word_1_637' title='bbox 2094 2852 2254 2908; x_wconf 86' lang='lat' dir='ltr'><strong>scopo</strong></span> <span class='ocrx_word' id='word_1_638' title='bbox 2291 2839 2574 2909; x_wconf 90' lang='lat' dir='ltr'><strong>scripsisse</strong></span> <span class='ocrx_word' id='word_1_639' title='bbox 2599 2840 2645 2902; x_wconf 73' lang='grc'><strong>8,</strong></span> <span class='ocrx_word' id='word_1_640' title='bbox 2689 2838 2899 2893; x_wconf 88' lang='lat' dir='ltr'><strong>noverit</strong></span> <span class='ocrx_word' id='word_1_641' title='bbox 2938 2837 3086 2892; x_wconf 90' lang='lat' dir='ltr'><strong>illum</strong></span> <span class='ocrx_word' id='word_1_642' title='bbox 3116 2852 3222 2892; x_wconf 90' lang='lat' dir='ltr'><strong>non</strong></span> <span class='ocrx_word' id='word_1_643' title='bbox 3257 2847 3315 2891; x_wconf 91' lang='lat' dir='ltr'><strong>ut</strong></span> <span class='ocrx_word' id='word_1_644' title='bbox 3348 2838 3658 2893; x_wconf 89' lang='lat' dir='ltr'><strong>auctoritati</strong></span> 
     </span>
    </p>
   </div>
   <div class='ocr_carea' id='block_1_92' title="bbox 2091 2929 3668 3001">
    <p class='ocr_par' dir='ltr' id='par_1_92' title="bbox 2091 2929 3668 3001">
     <span class='ocr_line' id='line_1_92' title="bbox 2091 2929 3668 3001; baseline -0.001 -17"><span class='ocrx_word' id='word_1_645' title='bbox 2091 2929 2347 2985; x_wconf 75' lang='lat' dir='ltr'><strong>Ecclesia:</strong></span> <span class='ocrx_word' id='word_1_646' title='bbox 2369 2931 2684 2996; x_wconf 88' lang='lat' dir='ltr'><strong>contrairet,</strong></span> <span class='ocrx_word' id='word_1_647' title='bbox 2711 2930 2803 2985; x_wconf 89' lang='lat' dir='ltr'><strong>sed</strong></span> <span class='ocrx_word' id='word_1_648' title='bbox 2830 2930 3011 3001; x_wconf 92' lang='lat' dir='ltr'><strong>potius</strong></span> <span class='ocrx_word' id='word_1_649' title='bbox 3037 2937 3095 2984; x_wconf 89' lang='lat' dir='ltr'><strong>ut</strong></span> <span class='ocrx_word' id='word_1_650' title='bbox 3117 2929 3294 2985; x_wconf 88' lang='lat' dir='ltr'><strong>eidem</strong></span> <span class='ocrx_word' id='word_1_651' title='bbox 3327 2929 3443 2984; x_wconf 91' lang='lat' dir='ltr'><strong>rudi</strong></span> <span class='ocrx_word' id='word_1_652' title='bbox 3470 2930 3668 3000; x_wconf 85' lang='lat' dir='ltr'><strong>populo</strong></span> 
     </span>
    </p>
   </div>
   <div class='ocr_carea' id='block_1_93' title="bbox 2093 3024 2749 3090">
    <p class='ocr_par' dir='ltr' id='par_1_93' title="bbox 2093 3024 2749 3090">
     <span class='ocr_line' id='line_1_93' title="bbox 2093 3024 2749 3090; baseline 0.002 -12"><span class='ocrx_word' id='word_1_653' title='bbox 2093 3024 2422 3090; x_wconf 86' lang='lat' dir='ltr'><strong>consuleret,</strong></span> <span class='ocrx_word' id='word_1_654' title='bbox 2454 3024 2507 3079; x_wconf 90' lang='lat' dir='ltr'><strong>id</strong></span> <span class='ocrx_word' id='word_1_655' title='bbox 2536 3024 2749 3080; x_wconf 86' lang='lat' dir='ltr'><strong>fecisse.</strong></span> 
     </span>
    </p>
   </div>
   <div class='ocr_carea' id='block_1_94' title="bbox 2167 3111 3666 3186">
    <p class='ocr_par' dir='ltr' id='par_1_94' title="bbox 2167 3111 3666 3186">
     <span class='ocr_line' id='line_1_94' title="bbox 2167 3111 3666 3186; baseline -0.001 -18"><span class='ocrx_word' id='word_1_656' title='bbox 2167 3113 2303 3182; x_wconf 85' lang='lat' dir='ltr'><strong>Quia</strong></span> <span class='ocrx_word' id='word_1_657' title='bbox 2349 3129 2478 3186; x_wconf 92' lang='lat' dir='ltr'><strong>ergo</strong></span> <span class='ocrx_word' id='word_1_658' title='bbox 2524 3114 2851 3170; x_wconf 87' lang='lat' dir='ltr'><strong>Christianis</strong></span> <span class='ocrx_word' id='word_1_659' title='bbox 2898 3114 3103 3168; x_wconf 89' lang='lat' dir='ltr'><strong>incesta</strong></span> <span class='ocrx_word' id='word_1_660' title='bbox 3151 3111 3401 3182; x_wconf 89' lang='lat' dir='ltr'><strong>coniugia</strong></span> <span class='ocrx_word' id='word_1_661' title='bbox 3443 3111 3666 3167; x_wconf 87' lang='lat' dir='ltr'><strong>omnino</strong></span> 
     </span>
    </p>
   </div>
   <div class='ocr_carea' id='block_1_95' title="bbox 2094 3203 3668 3280">
    <p class='ocr_par' dir='ltr' id='par_1_95' title="bbox 2094 3203 3668 3280">
     <span class='ocr_line' id='line_1_95' title="bbox 2094 3203 3668 3280; baseline -0.004 -15"><span class='ocrx_word' id='word_1_662' title='bbox 2094 3210 2205 3265; x_wconf 88' lang='lat' dir='ltr'><strong>sint</strong></span> <span class='ocrx_word' id='word_1_663' title='bbox 2229 3210 2480 3274; x_wconf 85' lang='lat' dir='ltr'><strong>vitanda,</strong></span> <span class='ocrx_word' id='word_1_664' title='bbox 2514 3218 2700 3280; x_wconf 89' lang='lat' dir='ltr'><strong>aperte</strong></span> <span class='ocrx_word' id='word_1_665' title='bbox 2727 3207 3146 3263; x_wconf 87' lang='lat' dir='ltr'><strong>demonstratur.</strong></span> <span class='ocrx_word' id='word_1_666' title='bbox 3216 3204 3281 3260; x_wconf 89' lang='lat' dir='ltr'><strong>Ut</strong></span> <span class='ocrx_word' id='word_1_667' title='bbox 3324 3204 3453 3275; x_wconf 90' lang='lat' dir='ltr'><strong>quid</strong></span> <span class='ocrx_word' id='word_1_668' title='bbox 3501 3203 3668 3275; x_wconf 73' lang='lat' dir='ltr'><strong>igitur</strong></span> 
     </span>
    </p>
   </div>
   <div class='ocr_carea' id='block_1_96' title="bbox 2092 3296 3692 3373">
    <p class='ocr_par' dir='ltr' id='par_1_96' title="bbox 2092 3296 3692 3373">
     <span class='ocr_line' id='line_1_96' title="bbox 2092 3296 3692 3373; baseline -0.004 -16"><span class='ocrx_word' id='word_1_669' title='bbox 2092 3303 2361 3373; x_wconf 88' lang='lat' dir='ltr'><strong>appetitur</strong></span> <span class='ocrx_word' id='word_1_670' title='bbox 2388 3301 2495 3356; x_wconf 87' lang='lat' dir='ltr'><strong>tale</strong></span> <span class='ocrx_word' id='word_1_671' title='bbox 2521 3301 2854 3372; x_wconf 88' lang='lat' dir='ltr'><strong>coniugium,</strong></span> <span class='ocrx_word' id='word_1_672' title='bbox 2895 3298 2984 3352; x_wconf 89' lang='lat' dir='ltr'><strong>ubi</strong></span> <span class='ocrx_word' id='word_1_673' title='bbox 3029 3305 3084 3353; x_wconf 85' lang='lat' dir='ltr'><strong>et</strong></span> <span class='ocrx_word' id='word_1_674' title='bbox 3128 3296 3282 3366; x_wconf 89' lang='lat' dir='ltr'><strong>culpa</strong></span> <span class='ocrx_word' id='word_1_675' title='bbox 3310 3296 3570 3359; x_wconf 89' lang='lat' dir='ltr'><strong>innuitnr,</strong></span> <span class='ocrx_word' id='word_1_676' title='bbox 3611 3305 3692 3351; x_wconf 84' lang='lat' dir='ltr'><strong>et.</strong></span> 
     </span>
    </p>
   </div>
   <div class='ocr_carea' id='block_1_97' title="bbox 2091 3391 3667 3466">
    <p class='ocr_par' dir='ltr' id='par_1_97' title="bbox 2091 3391 3667 3466">
     <span class='ocr_line' id='line_1_97' title="bbox 2091 3391 3667 3466; baseline -0.004 -15"><span class='ocrx_word' id='word_1_677' title='bbox 2091 3397 2378 3451; x_wconf 75' lang='lat' dir='ltr'><strong>mundana:</strong></span> <span class='ocrx_word' id='word_1_678' title='bbox 2426 3395 2708 3466; x_wconf 88' lang='lat' dir='ltr'><strong>dignitatis</strong></span> <span class='ocrx_word' id='word_1_679' title='bbox 2757 3394 3010 3449; x_wconf 89' lang='lat' dir='ltr'><strong>nobilitas</strong></span> <span class='ocrx_word' id='word_1_680' title='bbox 3056 3391 3293 3448; x_wconf 68' lang='lat' dir='ltr'><strong>infamiae</strong></span> <span class='ocrx_word' id='word_1_681' title='bbox 3335 3392 3667 3448; x_wconf 84' lang='lat' dir='ltr'><strong>denotatur?</strong></span> 
     </span>
    </p>
   </div>
   <div class='ocr_carea' id='block_1_98' title="bbox 2091 3482 3663 3555">
    <p class='ocr_par' dir='ltr' id='par_1_98' title="bbox 2091 3482 3663 3555">
     <span class='ocr_line' id='line_1_98' title="bbox 2091 3482 3663 3555; baseline -0.005 -12"><span class='ocrx_word' id='word_1_682' title='bbox 2091 3488 2390 3543; x_wconf 89' lang='lat' dir='ltr'><strong>Denotatur</strong></span> <span class='ocrx_word' id='word_1_683' title='bbox 2417 3487 2567 3549; x_wconf 88' lang='lat' dir='ltr'><strong>dico,</strong></span> <span class='ocrx_word' id='word_1_684' title='bbox 2618 3486 2744 3554; x_wconf 90' lang='lat' dir='ltr'><strong>quia</strong></span> <span class='ocrx_word' id='word_1_685' title='bbox 2786 3486 2878 3555; x_wconf 86' lang='lat' dir='ltr'><strong>qui</strong></span> <span class='ocrx_word' id='word_1_686' title='bbox 2924 3482 3019 3539; x_wconf 91' lang='lat' dir='ltr'><strong>tali</strong></span> <span class='ocrx_word' id='word_1_687' title='bbox 3065 3483 3313 3554; x_wconf 88' lang='lat' dir='ltr'><strong>coniugio</strong></span> <span class='ocrx_word' id='word_1_688' title='bbox 3348 3482 3663 3544; x_wconf 86' lang='lat' dir='ltr'><strong>innectitur,</strong></span> 
     </span>
    </p>
   </div>
   <div class='ocr_carea' id='block_1_99' title="bbox 2090 3573 3664 3646">
    <p class='ocr_par' dir='ltr' id='par_1_99' title="bbox 2090 3573 3664 3646">
     <span class='ocr_line' id='line_1_99' title="bbox 2090 3573 3664 3646; baseline -0.006 -11"><span class='ocrx_word' id='word_1_689' title='bbox 2090 3578 2497 3641; x_wconf 87' lang='lat' dir='ltr'><strong>denobilitatur,</strong></span> <span class='ocrx_word' id='word_1_690' title='bbox 2526 3584 2581 3631; x_wconf 84' lang='lat' dir='ltr'><strong>et</strong></span> <span class='ocrx_word' id='word_1_691' title='bbox 2604 3575 2700 3631; x_wconf 84' lang='lat' dir='ltr'><strong>lilii</strong></span> <span class='ocrx_word' id='word_1_692' title='bbox 2728 3575 2820 3646; x_wconf 93' lang='lat' dir='ltr'><strong>qui</strong></span> <span class='ocrx_word' id='word_1_693' title='bbox 2849 3591 2915 3630; x_wconf 79' lang='lat' dir='ltr'><strong>ex</strong></span> <span class='ocrx_word' id='word_1_694' title='bbox 2946 3573 3038 3629; x_wconf 91' lang='lat' dir='ltr'><strong>tali</strong></span> <span class='ocrx_word' id='word_1_695' title='bbox 3068 3573 3319 3644; x_wconf 88' lang='lat' dir='ltr'><strong>coniugio</strong></span> <span class='ocrx_word' id='word_1_696' title='bbox 3343 3582 3664 3637; x_wconf 84' lang='lat' dir='ltr'><strong>nascuntur,</strong></span> 
     </span>
    </p>
   </div>
   <div class='ocr_carea' id='block_1_100' title="bbox 2091 3666 3663 3736">
    <p class='ocr_par' dir='ltr' id='par_1_100' title="bbox 2091 3666 3663 3736">
     <span class='ocr_line' id='line_1_100' title="bbox 2091 3666 3663 3736; baseline -0.004 -9"><span class='ocrx_word' id='word_1_697' title='bbox 2091 3671 2147 3728; x_wconf 90' lang='lat' dir='ltr'><strong>in</strong></span> <span class='ocrx_word' id='word_1_698' title='bbox 2174 3670 2543 3725; x_wconf 65' lang='lat' dir='ltr'><strong>hmreditatem</strong></span> <span class='ocrx_word' id='word_1_699' title='bbox 2575 3669 2867 3724; x_wconf 88' lang='lat' dir='ltr'><strong>secundum</strong></span> <span class='ocrx_word' id='word_1_700' title='bbox 2911 3668 3159 3723; x_wconf 77' lang='lat' dir='ltr'><strong>humana:</strong></span> <span class='ocrx_word' id='word_1_701' title='bbox 3202 3666 3338 3736; x_wconf 90' lang='lat' dir='ltr'><strong>legis</strong></span> <span class='ocrx_word' id='word_1_702' title='bbox 3378 3681 3663 3721; x_wconf 85' lang='lat' dir='ltr'><strong>censuram</strong></span> 
     </span>
    </p>
   </div>
   <div class='ocr_carea' id='block_1_101' title="bbox 2090 3760 3666 3823">
    <p class='ocr_par' dir='ltr' id='par_1_101' title="bbox 2090 3760 3666 3823">
     <span class='ocr_line' id='line_1_101' title="bbox 2090 3760 3666 3823; baseline -0.004 -4"><span class='ocrx_word' id='word_1_703' title='bbox 2090 3780 2197 3820; x_wconf 92' lang='lat' dir='ltr'><strong>non</strong></span> <span class='ocrx_word' id='word_1_704' title='bbox 2226 3763 2602 3819; x_wconf 87' lang='lat' dir='ltr'><strong>admittuntur.</strong></span> <span class='ocrx_word' id='word_1_705' title='bbox 2654 3760 2826 3816; x_wconf 91' lang='lat' dir='ltr'><strong>Porro</strong></span> <span class='ocrx_word' id='word_1_706' title='bbox 2856 3760 2979 3815; x_wconf 83' lang='lat' dir='ltr'><strong>inde</strong></span> <span class='ocrx_word' id='word_1_707' title='bbox 3014 3774 3237 3815; x_wconf 90' lang='lat' dir='ltr'><strong>necesse</strong></span> <span class='ocrx_word' id='word_1_708' title='bbox 3264 3767 3375 3823; x_wconf 90' lang='lat' dir='ltr'><strong>est,</strong></span> <span class='ocrx_word' id='word_1_709' title='bbox 3412 3766 3473 3812; x_wconf 88' lang='lat' dir='ltr'><strong>ut</strong></span> <span class='ocrx_word' id='word_1_710' title='bbox 3499 3773 3666 3812; x_wconf 86' lang='lat' dir='ltr'><strong>unus-</strong></span> 
     </span>
    </p>
   </div>
   <div class='ocr_carea' id='block_1_102' title="bbox 2089 3848 3660 3926">
    <p class='ocr_par' dir='ltr' id='par_1_102' title="bbox 2089 3848 3660 3926">
     <span class='ocr_line' id='line_1_102' title="bbox 2089 3848 3660 3926; baseline -0.004 -17"><span class='ocrx_word' id='word_1_711' title='bbox 2089 3855 2316 3926; x_wconf 90' lang='lat' dir='ltr'><strong>quisque</strong></span> <span class='ocrx_word' id='word_1_712' title='bbox 2339 3853 2512 3909; x_wconf 77' lang='lat' dir='ltr'><strong>ﬁdelis</strong></span> <span class='ocrx_word' id='word_1_713' title='bbox 2536 3851 2906 3924; x_wconf 87' lang='lat' dir='ltr'><strong>huiuscemodi</strong></span> <span class='ocrx_word' id='word_1_714' title='bbox 2937 3850 3143 3905; x_wconf 89' lang='lat' dir='ltr'><strong>incesta</strong></span> <span class='ocrx_word' id='word_1_715' title='bbox 3166 3848 3417 3920; x_wconf 91' lang='lat' dir='ltr'><strong>coniugia</strong></span> <span class='ocrx_word' id='word_1_716' title='bbox 3439 3857 3660 3914; x_wconf 86' lang='lat' dir='ltr'><strong>caveat;</strong></span> 
     </span>
    </p>
   </div>
   <div class='ocr_carea' id='block_1_103' title="bbox 2089 3937 3662 4016">
    <p class='ocr_par' dir='ltr' id='par_1_103' title="bbox 2089 3937 3662 4016">
     <span class='ocr_line' id='line_1_103' title="bbox 2089 3937 3662 4016; baseline -0.006 -14"><span class='ocrx_word' id='word_1_717' title='bbox 2089 3963 2158 4002; x_wconf 91' lang='lat' dir='ltr'><strong>ne</strong></span> <span class='ocrx_word' id='word_1_718' title='bbox 2182 3946 2236 4001; x_wconf 91' lang='lat' dir='ltr'><strong>id</strong></span> <span class='ocrx_word' id='word_1_719' title='bbox 2261 3945 2403 4016; x_wconf 89' lang='lat' dir='ltr'><strong>quod</strong></span> <span class='ocrx_word' id='word_1_720' title='bbox 2434 3944 2597 4009; x_wconf 86' lang='lat' dir='ltr'><strong>licite,</strong></span> <span class='ocrx_word' id='word_1_721' title='bbox 2638 3952 2693 3997; x_wconf 88' lang='lat' dir='ltr'><strong>et</strong></span> <span class='ocrx_word' id='word_1_722' title='bbox 2730 3940 3127 4011; x_wconf 88' lang='lat' dir='ltr'><strong>inculpabiliter</strong></span> <span class='ocrx_word' id='word_1_723' title='bbox 3152 3946 3330 4010; x_wconf 88' lang='lat' dir='ltr'><strong>potest</strong></span> <span class='ocrx_word' id='word_1_724' title='bbox 3365 3953 3487 3993; x_wconf 88' lang='lat' dir='ltr'><strong>cum</strong></span> <span class='ocrx_word' id='word_1_725' title='bbox 3517 3937 3662 4002; x_wconf 90' lang='lat' dir='ltr'><strong>aliis,</strong></span> 
     </span>
    </p>
   </div>
   <div class='ocr_carea' id='block_1_104' title="bbox 2088 4026 3660 4103">
    <p class='ocr_par' dir='ltr' id='par_1_104' title="bbox 2088 4026 3660 4103">
     <span class='ocr_line' id='line_1_104' title="bbox 2088 4026 3660 4103; baseline -0.009 -10"><span class='ocrx_word' id='word_1_726' title='bbox 2088 4036 2141 4093; x_wconf 90' lang='lat' dir='ltr'><strong>id</strong></span> <span class='ocrx_word' id='word_1_727' title='bbox 2178 4036 2393 4100; x_wconf 88' lang='lat' dir='ltr'><strong>illicite,</strong></span> <span class='ocrx_word' id='word_1_728' title='bbox 2438 4043 2493 4090; x_wconf 91' lang='lat' dir='ltr'><strong>et</strong></span> <span class='ocrx_word' id='word_1_729' title='bbox 2534 4032 2877 4103; x_wconf 89' lang='lat' dir='ltr'><strong>culpabiliter</strong></span> <span class='ocrx_word' id='word_1_730' title='bbox 2905 4028 3141 4101; x_wconf 90' lang='lat' dir='ltr'><strong>gerendo</strong></span> <span class='ocrx_word' id='word_1_731' title='bbox 3168 4043 3291 4084; x_wconf 91' lang='lat' dir='ltr'><strong>cum</strong></span> <span class='ocrx_word' id='word_1_732' title='bbox 3321 4026 3660 4097; x_wconf 83' lang='lat' dir='ltr'><strong>propinquis,</strong></span> 
     </span>
    </p>
   </div>
   <div class='ocr_carea' id='block_1_105' title="bbox 2087 4120 3661 4200">
    <p class='ocr_par' dir='ltr' id='par_1_105' title="bbox 2087 4120 3661 4200">
     <span class='ocr_line' id='line_1_105' title="bbox 2087 4120 3661 4200; baseline -0.009 -15"><span class='ocrx_word' id='word_1_733' title='bbox 2087 4138 2143 4185; x_wconf 93' lang='lat' dir='ltr'><strong>et</strong></span> <span class='ocrx_word' id='word_1_734' title='bbox 2165 4129 2369 4200; x_wconf 87' lang='lat' dir='ltr'><strong>peccati</strong></span> <span class='ocrx_word' id='word_1_735' title='bbox 2397 4128 2605 4198; x_wconf 89' lang='lat' dir='ltr'><strong>lapsum</strong></span> <span class='ocrx_word' id='word_1_736' title='bbox 2634 4126 2897 4190; x_wconf 84' lang='lat' dir='ltr'><strong>incurrat,</strong></span> <span class='ocrx_word' id='word_1_737' title='bbox 2918 4132 2973 4178; x_wconf 90' lang='lat' dir='ltr'><strong>et</strong></span> <span class='ocrx_word' id='word_1_738' title='bbox 2995 4121 3293 4193; x_wconf 90' lang='lat' dir='ltr'><strong>apostolico</strong></span> <span class='ocrx_word' id='word_1_739' title='bbox 3316 4120 3661 4176; x_wconf 83' lang='lat' dir='ltr'><strong>anathemate</strong></span> 
     </span>
    </p>
   </div>
   <div class='ocr_carea' id='block_1_106' title="bbox 2087 4220 2427 4293">
    <p class='ocr_par' dir='ltr' id='par_1_106' title="bbox 2087 4220 2427 4293">
     <span class='ocr_line' id='line_1_106' title="bbox 2087 4220 2427 4293; baseline -0.012 -16"><span class='ocrx_word' id='word_1_740' title='bbox 2087 4220 2427 4293; x_wconf 84' lang='lat' dir='ltr'><strong>pereellatur.</strong></span> 
     </span>
    </p>
   </div>
   <div class='ocr_carea' id='block_1_107' title="bbox 2690 4326 3059 4386">
    <p class='ocr_par' dir='ltr' id='par_1_107' title="bbox 2690 4326 3059 4386">
     <span class='ocr_line' id='line_1_107' title="bbox 2690 4326 3059 4386; baseline -0.014 0"><span class='ocrx_word' id='word_1_741' title='bbox 2690 4327 2916 4386; x_wconf 86' lang='lat' dir='ltr'><strong>CAPUT</strong></span> <span class='ocrx_word' id='word_1_742' title='bbox 2968 4326 3059 4382; x_wconf 80' lang='lat' dir='ltr'><strong>IX.</strong></span> 
     </span>
    </p>
   </div>
   <div class='ocr_carea' id='block_1_108' title="bbox 2092 4435 3665 4511">
    <p class='ocr_par' dir='ltr' id='par_1_108' title="bbox 2092 4435 3665 4511">
     <span class='ocr_line' id='line_1_108' title="bbox 2092 4435 3665 4511; baseline -0.005 -14"><span class='ocrx_word' id='word_1_743' title='bbox 2092 4442 2287 4497; x_wconf 87' lang='lat' dir='ltr'><strong>Contra</strong></span> <span class='ocrx_word' id='word_1_744' title='bbox 2313 4442 2602 4511; x_wconf 82' lang='lat' dir='ltr'><strong>impudicos</strong></span> <span class='ocrx_word' id='word_1_745' title='bbox 2631 4440 2722 4511; x_wconf 78' lang='lat' dir='ltr'><strong>qui</strong></span> <span class='ocrx_word' id='word_1_746' title='bbox 2750 4441 2948 4511; x_wconf 79' lang='lat' dir='ltr'><strong>dicunt,</strong></span> <span class='ocrx_word' id='word_1_747' title='bbox 2970 4454 3098 4511; x_wconf 66' lang='lat' dir='ltr'><strong>cum</strong></span> <span class='ocrx_word' id='word_1_748' title='bbox 3126 4435 3375 4507; x_wconf 79' lang='lat' dir='ltr'><strong>genitalia</strong></span> <span class='ocrx_word' id='word_1_749' title='bbox 3403 4454 3435 4489; x_wconf 89' lang='lat' dir='ltr'><strong>a</strong></span> <span class='ocrx_word' id='word_1_750' title='bbox 3460 4437 3665 4506; x_wconf 75' lang='lat' dir='ltr'><strong>sapien-</strong></span> 
     </span>
    </p>
   </div>
   <div class='ocr_carea' id='block_1_109' title="bbox 2165 4507 3664 4569">
    <p class='ocr_par' dir='ltr' id='par_1_109' title="bbox 2165 4507 3664 4569">
     <span class='ocr_line' id='line_1_109' title="bbox 2165 4507 3664 4569; baseline -0.003 -4"><span class='ocrx_word' id='word_1_751' title='bbox 2165 4512 2364 4566; x_wconf 86' lang='lat' dir='ltr'><strong>tissimo</strong></span> <span class='ocrx_word' id='word_1_752' title='bbox 2386 4507 2395 4511; x_wconf 60' lang='grc'>⁷</span> <span class='ocrx_word' id='word_1_753' title='bbox 2415 4507 2653 4565; x_wconf 79' lang='lat' dir='ltr'><strong>creatore</strong></span> <span class='ocrx_word' id='word_1_754' title='bbox 2681 4509 2905 4563; x_wconf 87' lang='lat' dir='ltr'><strong>Domino</strong></span> <span class='ocrx_word' id='word_1_755' title='bbox 2935 4507 3035 4561; x_wconf 85' lang='lat' dir='ltr'><strong>sint</strong></span> <span class='ocrx_word' id='word_1_756' title='bbox 3074 4517 3252 4560; x_wconf 87' lang='lat' dir='ltr'><strong>creata</strong></span> <span class='ocrx_word' id='word_1_757' title='bbox 3275 4548 3289 4569; x_wconf 88' lang='lat'><strong>,</strong></span> <span class='ocrx_word' id='word_1_758' title='bbox 3334 4524 3429 4560; x_wconf 84' lang='lat' dir='ltr'><strong>cur</strong></span> <span class='ocrx_word' id='word_1_759' title='bbox 3456 4519 3664 4560; x_wconf 84' lang='lat' dir='ltr'><strong>mutuus</strong></span> 
     </span>
    </p>
   </div>
   <div class='ocr_carea' id='block_1_110' title="bbox 2163 4576 3663 4652">
    <p class='ocr_par' dir='ltr' id='par_1_110' title="bbox 2163 4576 3663 4652">
     <span class='ocr_line' id='line_1_110' title="bbox 2163 4576 3663 4652; baseline -0.003 -17"><span class='ocrx_word' id='word_1_760' title='bbox 2163 4582 2398 4652; x_wconf 79' lang='lat' dir='ltr'><strong>patiatur</strong></span> <span class='ocrx_word' id='word_1_761' title='bbox 2424 4581 2614 4645; x_wconf 87' lang='lat' dir='ltr'><strong>ardor,</strong></span> <span class='ocrx_word' id='word_1_762' title='bbox 2642 4590 2691 4633; x_wconf 89' lang='lat' dir='ltr'><strong>et</strong></span> <span class='ocrx_word' id='word_1_763' title='bbox 2721 4596 2821 4632; x_wconf 84' lang='lat' dir='ltr'><strong>non</strong></span> <span class='ocrx_word' id='word_1_764' title='bbox 2847 4578 3019 4648; x_wconf 78' lang='lat' dir='ltr'><strong>potius</strong></span> <span class='ocrx_word' id='word_1_765' title='bbox 3044 4594 3138 4647; x_wconf 87' lang='lat' dir='ltr'><strong>pro</strong></span> <span class='ocrx_word' id='word_1_766' title='bbox 3164 4577 3570 4648; x_wconf 77' lang='lat' dir='ltr'><strong>uniuscujusque</strong></span> <span class='ocrx_word' id='word_1_767' title='bbox 3594 4576 3663 4630; x_wconf 82' lang='lat' dir='ltr'><strong>li-</strong></span> 
     </span>
    </p>
   </div>
   <div class='ocr_carea' id='block_1_111' title="bbox 2166 4650 2815 4705">
    <p class='ocr_par' dir='ltr' id='par_1_111' title="bbox 2166 4650 2815 4705">
     <span class='ocr_line' id='line_1_111' title="bbox 2166 4650 2815 4705; baseline -0.006 0"><span class='ocrx_word' id='word_1_768' title='bbox 2166 4650 2274 4705; x_wconf 79' lang='lat' dir='ltr'><strong>bitu</strong></span> <span class='ocrx_word' id='word_1_769' title='bbox 2303 4650 2464 4705; x_wconf 84' lang='lat' dir='ltr'><strong>libido</strong></span> <span class='ocrx_word' id='word_1_770' title='bbox 2493 4660 2815 4704; x_wconf 77' lang='lat' dir='ltr'><strong>exerceatur.</strong></span> 
     </span>
    </p>
   </div>
   <div class='ocr_carea' id='block_1_112' title="bbox 2168 4756 3665 4826">
    <p class='ocr_par' dir='ltr' id='par_1_112' title="bbox 2168 4756 3665 4826">
     <span class='ocr_line' id='line_1_112' title="bbox 2168 4756 3665 4826; baseline -0.004 -11"><span class='ocrx_word' id='word_1_771' title='bbox 2168 4761 2284 4817; x_wconf 84' lang='lat' dir='ltr'><strong>Non</strong></span> <span class='ocrx_word' id='word_1_772' title='bbox 2317 4761 2511 4816; x_wconf 90' lang='lat' dir='ltr'><strong>desunt</strong></span> <span class='ocrx_word' id='word_1_773' title='bbox 2543 4775 2652 4815; x_wconf 77' lang='lat' dir='ltr'><strong>suae</strong></span> <span class='ocrx_word' id='word_1_774' title='bbox 2689 4758 2898 4814; x_wconf 88' lang='lat' dir='ltr'><strong>libidini</strong></span> <span class='ocrx_word' id='word_1_775' title='bbox 2931 4772 3124 4813; x_wconf 89' lang='lat' dir='ltr'><strong>vacare</strong></span> <span class='ocrx_word' id='word_1_776' title='bbox 3150 4757 3426 4820; x_wconf 86' lang='lat' dir='ltr'><strong>volentes,</strong></span> <span class='ocrx_word' id='word_1_777' title='bbox 3462 4756 3552 4826; x_wconf 92' lang='lat' dir='ltr'><strong>qui</strong></span> <span class='ocrx_word' id='word_1_778' title='bbox 3584 4756 3665 4810; x_wconf 90' lang='lat' dir='ltr'><strong>di-</strong></span> 
     </span>
    </p>
   </div>
   <div class='ocr_carea' id='block_1_113' title="bbox 2094 4847 3665 4919">
    <p class='ocr_par' dir='ltr' id='par_1_113' title="bbox 2094 4847 3665 4919">
     <span class='ocr_line' id='line_1_113' title="bbox 2094 4847 3665 4919; baseline -0.003 -11"><span class='ocrx_word' id='word_1_779' title='bbox 2094 4863 2221 4908; x_wconf 79' lang='lat' dir='ltr'><strong>cant</strong></span> <span class='ocrx_word' id='word_1_780' title='bbox 2251 4872 2263 4906; x_wconf 91' lang='lat'><strong>:</strong></span> <span class='ocrx_word' id='word_1_781' title='bbox 2295 4851 2560 4907; x_wconf 87' lang='lat' dir='ltr'><strong>Cenitalia</strong></span> <span class='ocrx_word' id='word_1_782' title='bbox 2600 4850 2837 4905; x_wconf 86' lang='lat' dir='ltr'><strong>membra</strong></span> <span class='ocrx_word' id='word_1_783' title='bbox 2864 4849 2985 4903; x_wconf 85' lang='lat' dir='ltr'><strong>ideo</strong></span> <span class='ocrx_word' id='word_1_784' title='bbox 3024 4865 3055 4903; x_wconf 90' lang='lat' dir='ltr'><strong>a</strong></span> <span class='ocrx_word' id='word_1_785' title='bbox 3093 4863 3302 4904; x_wconf 81' lang='lat' dir='ltr'><strong>summo</strong></span> <span class='ocrx_word' id='word_1_786' title='bbox 3327 4849 3518 4919; x_wconf 77' lang='lat' dir='ltr'><strong>opifice</strong></span> <span class='ocrx_word' id='word_1_787' title='bbox 3556 4847 3665 4903; x_wconf 86' lang='lat' dir='ltr'><strong>Deo</strong></span> 
     </span>
    </p>
   </div>
   <div class='ocr_carea' id='block_1_114' title="bbox 2089 4938 3666 5013">
    <p class='ocr_par' dir='ltr' id='par_1_114' title="bbox 2089 4938 3666 5013">
     <span class='ocr_line' id='line_1_114' title="bbox 2089 4938 3666 5013; baseline -0.006 -14"><span class='ocrx_word' id='word_1_788' title='bbox 2089 4946 2143 4999; x_wconf 90' lang='lat' dir='ltr'><strong>in</strong></span> <span class='ocrx_word' id='word_1_789' title='bbox 2172 4952 2400 5013; x_wconf 89' lang='lat' dir='ltr'><strong>utroque</strong></span> <span class='ocrx_word' id='word_1_790' title='bbox 2422 4956 2554 4996; x_wconf 81' lang='lat' dir='ltr'><strong>sexu</strong></span> <span class='ocrx_word' id='word_1_791' title='bbox 2582 4948 2765 4995; x_wconf 88' lang='lat' dir='ltr'><strong>creata</strong></span> <span class='ocrx_word' id='word_1_792' title='bbox 2790 4949 2935 5003; x_wconf 89' lang='lat' dir='ltr'><strong>sunt,</strong></span> <span class='ocrx_word' id='word_1_793' title='bbox 2959 4948 3017 4993; x_wconf 92' lang='lat' dir='ltr'><strong>ut</strong></span> <span class='ocrx_word' id='word_1_794' title='bbox 3045 4938 3253 5010; x_wconf 89' lang='lat' dir='ltr'><strong>pariter</strong></span> <span class='ocrx_word' id='word_1_795' title='bbox 3278 4939 3666 4993; x_wconf 65' lang='lat' dir='ltr'><strong>commiscean-</strong></span> 
     </span>
    </p>
   </div>
   <div class='ocr_carea' id='block_1_115' title="bbox 2090 5051 3663 5119">
    <p class='ocr_par' dir='ltr' id='par_1_115' title="bbox 2090 5051 3663 5119">
     <span class='ocr_line' id='line_1_115' title="bbox 2090 5051 3663 5119; baseline -0.004 -10"><span class='ocrx_word' id='word_1_796' title='bbox 2090 5066 2198 5119; x_wconf 85' lang='lat' dir='ltr'><strong>tur,</strong></span> <span class='ocrx_word' id='word_1_797' title='bbox 2230 5071 2335 5117; x_wconf 77' lang='lat' dir='ltr'><strong>non</strong></span> <span class='ocrx_word' id='word_1_798' title='bbox 2366 5054 2434 5107; x_wconf 89' lang='lat' dir='ltr'><strong>ad</strong></span> <span class='ocrx_word' id='word_1_799' title='bbox 2460 5054 2906 5107; x_wconf 85' lang='lat' dir='ltr'><strong>cachinnationem</strong></span> <span class='ocrx_word' id='word_1_800' title='bbox 2933 5070 3024 5107; x_wconf 91' lang='lat' dir='ltr'><strong>ora</strong></span> <span class='ocrx_word' id='word_1_801' title='bbox 3053 5051 3347 5115; x_wconf 78' lang='lat' dir='ltr'><strong>dissolvere,</strong></span> <span class='ocrx_word' id='word_1_802' title='bbox 3381 5052 3471 5105; x_wconf 83' lang='lat' dir='ltr'><strong>sed</strong></span> <span class='ocrx_word' id='word_1_803' title='bbox 3498 5052 3663 5119; x_wconf 86' lang='lat' dir='ltr'><strong>magis</strong></span> 
     </span>
    </p>
   </div>
   <div class='ocr_carea' id='block_1_116' title="bbox 2090 5121 3661 5190">
    <p class='ocr_par' dir='ltr' id='par_1_116' title="bbox 2090 5121 3661 5190">
     <span class='ocr_line' id='line_1_116' title="bbox 2090 5121 3661 5190; baseline -0.003 -11"><span class='ocrx_word' id='word_1_804' title='bbox 2090 5128 2159 5179; x_wconf 86' lang='lat' dir='ltr'><strong>ad</strong></span> <span class='ocrx_word' id='word_1_805' title='bbox 2185 5124 2583 5186; x_wconf 85' lang='lat' dir='ltr'><strong>correctionem,</strong></span> <span class='ocrx_word' id='word_1_806' title='bbox 2627 5134 2674 5177; x_wconf 84' lang='lat' dir='ltr'><strong>et</strong></span> <span class='ocrx_word' id='word_1_807' title='bbox 2709 5123 2777 5176; x_wconf 85' lang='lat' dir='ltr'><strong>ad</strong></span> <span class='ocrx_word' id='word_1_808' title='bbox 2815 5124 3172 5177; x_wconf 83' lang='lat' dir='ltr'><strong>contritionem</strong></span> <span class='ocrx_word' id='word_1_809' title='bbox 3208 5132 3255 5176; x_wconf 83' lang='lat' dir='ltr'><strong>et</strong></span> <span class='ocrx_word' id='word_1_810' title='bbox 3291 5121 3661 5190; x_wconf 67' lang='lat' dir='ltr'><strong>paenitudinem</strong></span> 
     </span>
    </p>
   </div>
   <div class='ocr_carea' id='block_1_117' title="bbox 2099 5194 2932 5251">
    <p class='ocr_par' dir='ltr' id='par_1_117' title="bbox 2099 5194 2932 5251">
     <span class='ocr_line' id='line_1_117' title="bbox 2099 5194 2932 5251; baseline -0.006 -1"><span class='ocrx_word' id='word_1_811' title='bbox 2099 5196 2264 5251; x_wconf 70' lang='lat' dir='ltr'><strong>cordis</strong></span> <span class='ocrx_word' id='word_1_812' title='bbox 2296 5212 2350 5248; x_wconf 85' lang='lat' dir='ltr'><strong>se</strong></span> <span class='ocrx_word' id='word_1_813' title='bbox 2377 5194 2594 5247; x_wconf 84' lang='lat' dir='ltr'><strong>debeant</strong></span> <span class='ocrx_word' id='word_1_814' title='bbox 2624 5203 2932 5248; x_wconf 80' lang='lat' dir='ltr'><strong>convertere.</strong></span> 
     </span>
    </p>
   </div>
   <div class='ocr_carea' id='block_1_118' title="bbox 2163 5263 3183 5332">
    <p class='ocr_par' dir='ltr' id='par_1_118' title="bbox 2163 5263 3183 5332">
     <span class='ocr_line' id='line_1_118' title="bbox 2163 5263 3183 5332; baseline -0.001 -14"><span class='ocrx_word' id='word_1_815' title='bbox 2163 5265 2188 5304; x_wconf 79' lang='grc' dir='ltr'>ἀ</span> <span class='ocrx_word' id='word_1_816' title='bbox 2220 5265 2293 5319; x_wconf 91' lang='lat' dir='ltr'><strong>De</strong></span> <span class='ocrx_word' id='word_1_817' title='bbox 2319 5264 2549 5318; x_wconf 88' lang='lat' dir='ltr'><strong>Civitate</strong></span> <span class='ocrx_word' id='word_1_818' title='bbox 2580 5264 2674 5318; x_wconf 90' lang='lat' dir='ltr'><strong>Dei</strong></span> <span class='ocrx_word' id='word_1_819' title='bbox 2708 5263 2798 5318; x_wconf 91' lang='lat' dir='ltr'><strong>lib.</strong></span> <span class='ocrx_word' id='word_1_820' title='bbox 2828 5279 2917 5326; x_wconf 80' lang='lat' dir='ltr'><strong>xv,</strong></span> <span class='ocrx_word' id='word_1_821' title='bbox 2945 5278 3063 5332; x_wconf 84' lang='lat' dir='ltr'><strong>cap.</strong></span> <span class='ocrx_word' id='word_1_822' title='bbox 3098 5263 3183 5317; x_wconf 82' lang='lat' dir='ltr'><strong>l6.</strong></span> 
     </span>
    </p>
   </div>
   <div class='ocr_carea' id='block_1_119' title="bbox 2171 5330 3663 5404">
    <p class='ocr_par' dir='ltr' id='par_1_119' title="bbox 2171 5330 3663 5404">
     <span class='ocr_line' id='line_1_119' title="bbox 2171 5330 3663 5404; baseline -0.003 -17"><span class='ocrx_word' id='word_1_823' title='bbox 2171 5347 2193 5373; x_wconf 82' lang='grc' dir='ltr'><strong>ι·</strong></span> <span class='ocrx_word' id='word_1_824' title='bbox 2220 5334 2353 5388; x_wconf 88' lang='lat' dir='ltr'><strong>Item</strong></span> <span class='ocrx_word' id='word_1_825' title='bbox 2377 5351 2533 5404; x_wconf 88' lang='lat' dir='ltr'><strong>papa,</strong></span> <span class='ocrx_word' id='word_1_826' title='bbox 2558 5343 2663 5388; x_wconf 89' lang='lat' dir='ltr'><strong>etc.</strong></span> <span class='ocrx_word' id='word_1_827' title='bbox 2697 5333 2789 5389; x_wconf 89' lang='lat' dir='ltr'><strong>Sic</strong></span> <span class='ocrx_word' id='word_1_828' title='bbox 2816 5330 3240 5404; x_wconf 80' lang='lat' dir='ltr'><strong>codex_Clarom.</strong></span> <span class='ocrx_word' id='word_1_829' title='bbox 3275 5332 3331 5387; x_wconf 93' lang='lat' dir='ltr'><strong>ln</strong></span> <span class='ocrx_word' id='word_1_830' title='bbox 3360 5331 3525 5404; x_wconf 77' lang='lat' dir='ltr'><strong>priori</strong></span> <span class='ocrx_word' id='word_1_831' title='bbox 3550 5330 3663 5404; x_wconf 79' lang='lat' dir='ltr'><strong>edi-</strong></span> 
     </span>
    </p>
   </div>
   <div class='ocr_carea' id='block_1_120' title="bbox 2099 5400 3662 5476">
    <p class='ocr_par' dir='ltr' id='par_1_120' title="bbox 2099 5400 3662 5476">
     <span class='ocr_line' id='line_1_120' title="bbox 2099 5400 3662 5476; baseline -0.004 -16"><span class='ocrx_word' id='word_1_832' title='bbox 2099 5407 2279 5461; x_wconf 87' lang='lat' dir='ltr'><strong>tione:</strong></span> <span class='ocrx_word' id='word_1_833' title='bbox 2314 5400 2525 5476; x_wconf 51' lang='grc' dir='ltr'><strong>ΔΒέαὶιιε</strong></span> <span class='ocrx_word' id='word_1_834' title='bbox 2567 5421 2769 5476; x_wconf 80' lang='lat' dir='ltr'><strong>quoque</strong></span> <span class='ocrx_word' id='word_1_835' title='bbox 2807 5421 2942 5473; x_wconf 81' lang='lat' dir='ltr'><strong>papa</strong></span> <span class='ocrx_word' id='word_1_836' title='bbox 2976 5402 3186 5472; x_wconf 81' lang='lat' dir='ltr'><strong>Cregor.</strong></span> <span class='ocrx_word' id='word_1_837' title='bbox 3227 5403 3315 5465; x_wconf 89' lang='lat' dir='ltr'><strong>in,</strong></span> <span class='ocrx_word' id='word_1_838' title='bbox 3355 5401 3509 5471; x_wconf 85' lang='lat' dir='ltr'><strong>quasi</strong></span> <span class='ocrx_word' id='word_1_839' title='bbox 3547 5400 3662 5454; x_wconf 71' lang='lat' dir='ltr'><strong>hate</strong></span> 
     </span>
    </p>
   </div>
   <div class='ocr_carea' id='block_1_121' title="bbox 2098 5474 2694 5545">
    <p class='ocr_par' dir='ltr' id='par_1_121' title="bbox 2098 5474 2694 5545">
     <span class='ocr_line' id='line_1_121' title="bbox 2098 5474 2694 5545; baseline -0.005 -16"><span class='ocrx_word' id='word_1_840' title='bbox 2098 5475 2272 5545; x_wconf 78' lang='lat' dir='ltr'><strong>Magni</strong></span> <span class='ocrx_word' id='word_1_841' title='bbox 2300 5474 2462 5543; x_wconf 82' lang='lat' dir='ltr'><strong>Creg.</strong></span> <span class='ocrx_word' id='word_1_842' title='bbox 2491 5474 2694 5545; x_wconf 78' lang='lat' dir='ltr'><strong>essent.</strong></span> 
     </span>
    </p>
   </div>
   <div class='ocr_carea' id='block_1_122' title="bbox 2173 5543 3365 5614">
    <p class='ocr_par' dir='ltr' id='par_1_122' title="bbox 2173 5543 3365 5614">
     <span class='ocr_line' id='line_1_122' title="bbox 2173 5543 3365 5614; baseline 0 -16"><span class='ocrx_word' id='word_1_843' title='bbox 2173 5543 2378 5612; x_wconf 41' lang='lat' dir='ltr'><strong>(Ct-eg.</strong></span> <span class='ocrx_word' id='word_1_844' title='bbox 2410 5545 2447 5599; x_wconf 95' lang='lat' dir='ltr'><strong>ll</strong></span> <span class='ocrx_word' id='word_1_845' title='bbox 2475 5543 2679 5598; x_wconf 84' lang='lat' dir='ltr'><strong>Coneil.</strong></span> <span class='ocrx_word' id='word_1_846' title='bbox 2711 5543 2864 5596; x_wconf 79' lang='lat' dir='ltr'><strong>Rom.</strong></span> <span class='ocrx_word' id='word_1_847' title='bbox 2897 5559 2932 5606; x_wconf 87' lang='grc' dir='ltr'><strong>ι,</strong></span> <span class='ocrx_word' id='word_1_848' title='bbox 2964 5558 3083 5612; x_wconf 80' lang='lat' dir='ltr'><strong>cap.</strong></span> <span class='ocrx_word' id='word_1_849' title='bbox 3115 5545 3135 5598; x_wconf 83' lang='lat' dir='ltr'>l</span> <span class='ocrx_word' id='word_1_850' title='bbox 3169 5553 3222 5598; x_wconf 81' lang='lat' dir='ltr'><strong>et</strong></span> <span class='ocrx_word' id='word_1_851' title='bbox 3251 5559 3365 5614; x_wconf 82' lang='lat' dir='ltr'><strong>seq.</strong></span> 
     </span>
    </p>
   </div>
   <div class='ocr_carea' id='block_1_123' title="bbox 2172 5615 3013 5684">
    <p class='ocr_par' dir='ltr' id='par_1_123' title="bbox 2172 5615 3013 5684">
     <span class='ocr_line' id='line_1_123' title="bbox 2172 5615 3013 5684; baseline -0.006 -14"><span class='ocrx_word' id='word_1_852' title='bbox 2172 5617 2199 5656; x_wconf 73' lang='grc' dir='ltr'><strong>δ</strong></span> <span class='ocrx_word' id='word_1_853' title='bbox 2223 5616 2338 5670; x_wconf 78' lang='lat' dir='ltr'><strong>Lib.</strong></span> <span class='ocrx_word' id='word_1_854' title='bbox 2368 5631 2469 5680; x_wconf 73' lang='lat' dir='ltr'><strong>Mt,</strong></span> <span class='ocrx_word' id='word_1_855' title='bbox 2495 5615 2646 5684; x_wconf 76' lang='lat' dir='ltr'><strong>epist.</strong></span> <span class='ocrx_word' id='word_1_856' title='bbox 2676 5615 2763 5676; x_wconf 77' lang='lat' dir='ltr'><strong>5i,</strong></span> <span class='ocrx_word' id='word_1_857' title='bbox 2796 5630 2933 5682; x_wconf 75' lang='lat' dir='ltr'><strong>resp.</strong></span> <span class='ocrx_word' id='word_1_858' title='bbox 2963 5615 3013 5665; x_wconf 79' lang='lat'><strong>7.</strong></span> 
     </span>
    </p>
   </div>
  </div>
