4030 6190
372 290 471 347 185
1369 287 1455 342 DE
1491 283 1925 343 lNSTlTUTION

2029 283 2288 339 .AICALI.
2317 314 2385 324 —-
2415 282 2542 338 LIB.
2585 282 2640 336 ΙΙ.
3508 284 3607 341 186

370 418 464 461 ιιιι·
505 424 523 460 :
567 403 694 474 quid
733 416 866 474 ergo
894 400 1286 472 delinquimus,
1334 403 1378 457 si
1425 418 1523 472 pro
1565 401 1719 457 libitu
1757 409 1941 454 nostro
1969 402 2017 458 A
2660 393 2885 449 CAPUT
2923 393 2986 447 .\'.

370 496 692 553 concubitus
720 492 1246 561 enercemusZVQnod
1268 494 1358 563 qui
1380 494 1584 559 dicunt,
1614 491 1945 563 perpendaut
2044 489 2200 556 Quod
2220 500 2446 560 tempore
2473 499 2735 543 menstruo
2763 488 2974 611 mnino
3000 488 3064 541 ab
3090 489 3335 541 uxoribus
3358 491 3424 542 sit
3449 488 3598 543 αὐδή-

370 603 595 612 _..----..
626 594 704 612 -..ο
759 585 897 612 num:
926 600 1031 612 ηη..
1061 585 1228 612 "At"...
1261 585 1507 612 -..ηιμ-ιε..
1563 599 1753 612 ..η-...κ
1781 582 1941 612 Δοῖηηὶ
2701 575 2762 612 ne
2838 575 2946 611 um.
3498 574 3506 580 ‘

369 603 597 643 necesse
624 594 729 650 est,
757 585 897 654 quod
926 600 1032 638 non
1061 585 1230 639 solum
1260 585 1532 657 genitalia,
1563 599 1755 638 verum
1780 582 1941 637 etiam

367 692 424 736 et
457 690 654 736 caetera
688 680 933 748 corporis
967 680 1209 733 membra
1240 679 1360 733 ideo
1389 678 1528 733 Deus
1558 676 1857 739 creaverit,
1884 684 1944 729 ut

368 774 455 829 his
480 773 650 837 licita,
681 787 786 827 non
816 770 1000 826 illicita
1031 779 1260 842 agantur
1291 789 1303 824 :
1338 769 1617 842 [membris
1643 770 1805 840 igitur
1830 766 1943 821 suis

364 862 605 932 quandiu
635 861 759 931 quis
797 861 1187 927 ordinabiliter,
1229 870 1284 916 et
1316 877 1412 916 sua
1452 860 1567 931 lege
1602 860 1792 925 utitur,
1817 874 1943 929 pro-

368 952 456 1007 cul
484 952 648 1008 dubio
671 952 825 1007 bonis
850 952 988 1007 bene
1021 952 1190 1007 utitur
1219 970 1233 1007 :
1263 961 1320 1006 at
1349 951 1418 1024 si]
1447 967 1510 1006 ea
1541 951 1596 1006 in
1622 951 1859 1016 illicitos,
1885 958 1941 1004 et

363 1042 827 1118 extraordinarios
854 1056 987 1096 usus
1022 1042 1380 1107 converterit,
1411 1041 1549 1097 bona
1574 1042 1771 1111 quibus
1802 1042 1940 1096 bene

364 1134 445 1197 uti
474 1134 684 1198 debuit,
704 1133 758 1187 in
786 1133 869 1187 sui
898 1133 1190 1203 perniciem
1213 1140 1507 1202 retorquet.
1536 1131 1736 1188 Scribit
1757 1132 1941 1201 itaque

364 1225 560 1279 beatus
585 1222 945 1294 Hieronymus
972 1233 1159 1279 contra
1189 1225 1398 1294 objecta
1430 1223 1695 1279 Joviniani
1726 1223 1863 1296 (Lib.
1897 1223 1937 1296 ι)

362 1314 599 1369 dicentis
634 1329 649 1368 :
678 1313 804 1379 Cur,
834 1314 1028 1383 inquit,
1057 1322 1238 1369 creata
1269 1323 1395 1370 sunt
1419 1315 1693 1385 genitalia,
1722 1324 1778 1369 et
1803 1315 1882 1370 sic
1907 1330 1936 1366 a

365 1405 653 1461 conditore
696 1405 1092 1474 sapientissimo
1129 1406 1296 1461 creati
1341 1422 1557 1470 sumus,
1595 1415 1652 1461 ut
1690 1415 1937 1461 mutuum

362 1498 535 1551 nostri
563 1497 835 1566 patiamur
862 1512 922 1551 ar
943 1497 1131 1564 iorem,
1155 1505 1207 1552 et
1236 1499 1530 1568 gestiamus
1556 1500 1608 1552 in
1640 1498 1935 1553 naturalem

357 1588 651 1657 copulam?
681 1587 757 1642 Ita
792 1582 1163 1659 periclitamur
1197 1591 1559 1660 responsionis
1591 1591 1935 1656 verecundia,

356 1687 418 1734 et
444 1678 599 1747 quasi
632 1670 771 1732 inter
804 1678 936 1732 duos
960 1677 1240 1747 scopulos,
1277 1690 1332 1733 et
1357 1680 1612 1748 quasdam
1644 1682 1936 1735 necessita-

2112 672 2266 746 [Cum
2297 673 2529 740 dignitas
2554 671 2801 725 humanm
2834 669 3154 724 conditionis
3178 681 3299 739 post
3327 670 3484 738 primi
3518 685 3610 738 pa-

2040 762 2211 816 rentis
2251 761 2459 830 lapsum
2494 767 2715 829 propter
2749 757 2946 812 Christi
2973 759 3197 827 gratiam
3229 760 3516 817 meruerit.
3551 767 3610 811 ut

2039 866 2137 921 per
2162 851 2480 906 munditiam
2515 850 2777 905 bonorum
2814 863 3035 917 operum
3074 849 3139 901 ad
3176 843 3487 902 societatem
3518 863 3608 901 va-

2040 948 2145 1000 leat
2179 944 2461 1013 pervenire
2499 956 2851 1012 supernorum
2880 940 3075 994 civium
3095 981 3109 1001 ,
3137 941 3447 995 cavendqu
3464 956 3608 994 sum-

2038 1051 2254 1106 mopere
2293 1032 2589 1104 conjugatis
2628 1039 2742 1095 est,
2776 1047 2845 1085 ne
2885 1030 3211 1099 quibuslibet
3254 1031 3609 1084 immunditiis

2039 1127 2395 1199 mancipando
2413 1166 2428 1191 ,
2451 1140 2636 1181 eorum
2664 1123 2936 1178 consortio
2960 1138 3020 1177 se
3046 1122 3438 1192 quodammodo
3468 1124 3608 1179 indi-

2038 1233 2173 1289 gnos
2210 1216 2414 1272 faciant
2449 1235 2463 1271 :
2502 1216 2755 1285 quoniam
2787 1215 2926 1269 sicut
2964 1215 3031 1269 ad
3067 1230 3252 1269 eorum
3293 1216 3604 1271 societatem

2036 1326 2135 1383 per
2170 1310 2487 1364 munditiam
2524 1306 2856 1377 pervenitur,
2888 1307 2960 1360 ita
2992 1306 3059 1360 ab
3095 1321 3158 1360 ea
3197 1320 3293 1375 per
3324 1306 3609 1361 immundi-

2038 1402 2168 1457 tiam
2193 1400 2482 1455 receditur.
2513 1398 2651 1454 Sunt
2678 1398 2821 1453 enim
2860 1397 3122 1468 plerique,
3150 1397 3262 1466 qui.
3288 1405 3350 1451 ut
3378 1396 3454 1451 ait
3481 1398 3609 1453 bea-

2037 1502 2124 1549 tus
2147 1492 2526 1563 Hieronymus,
2547 1497 2738 1560 putant
2756 1477 2898 1543 omni
2928 1497 3167 1558 tempore
3187 1487 3482 1557 subjectum
3504 1489 3604 1543 sibi

2035 1586 2233 1640 debere
2269 1599 2388 1639 esse
2423 1581 2654 1653 coniugii
2688 1580 3013 1650 voluptatem
3034 1620 3047 1644 ,
3078 1587 3132 1632 et
3160 1595 3265 1633 non
3293 1579 3610 1636 discernunt

2036 1685 2180 1731 certa
2217 1673 2533 1729 concubitus
2557 1679 2818 1739 tempora,
2846 1670 3060 1738 quando
3086 1671 3407 1732 coeundum,
3437 1684 3607 1737 quan-

358 1743 542 1824 tes-et
576 1769 849 1838 pudicitiae
886 1743 1252 1842 συμπλήγάδας
1291 1743 1417 1824 hinc
1458 1778 1621 1841 atque
1656 1771 1810 1836 inde,
1847 1770 1932 1826 vel
1959 1743 2007 1801 Β
2032 1769 2207 1838 doque
2237 1767 2304 1820 ab
2331 1764 2588 1819 uxoribus
2615 1762 2686 1817 sit
2712 1761 3116 1823 abstinendum;
3155 1760 3439 1815 et-idcirco
3467 1760 3607 1814 sicut

354 1859 587 1928 pudoris
609 1858 696 1912 vel
724 1874 902 1914 causa:
929 1859 1266 1929 naufragium
1300 1860 1648 1915 sustinemus.
1679 1860 1931 1916 Poteram

352 1951 581 2020 quidem
609 1951 820 2017 dicere,
858 1952 1126 2020 quomodo
1164 1952 1436 2022 posterior
1461 1968 1586 2022 pars
1612 1953 1853 2024 corporis
1878 1961 1933 2007 et

354 2051 595 2106 meatus,
624 2056 724 2111 per
748 2058 906 2111 quem
933 2043 1037 2097 alvi
1069 2051 1304 2099 stercora
1326 2054 1640 2113 eget-untur,
1662 2045 1933 2115 relegatus

353 2140 447 2184 est
470 2131 540 2185 ab
572 2130 762 2195 oculis,
801 2140 856 2186 ct
887 2133 1038 2201 quasi
1070 2141 1191 2202 post
1226 2141 1432 2205 tergum
1470 2134 1678 2205 positus
1711 2153 1725 2190 :
1757 2134 1853 2207 [ita
1878 2146 1933 2191 et

354 2222 451 2276 hic
480 2222 571 2289 qui
602 2221 703 2275 sub
731 2229 917 2276 ventre
945 2231 1060 2288 est,
1095 2224 1162 2277 ad
1196 2224 1515 2294 digerendos
1553 2225 1806 2281 humores
1838 2242 1935 2297 po-

351 2310 535 2383 situs]
565 2311 762 2381 quibus
794 2328 945 2367 venae
984 2314 1225 2383 corporis
1267 2315 1578 2385 irrigantur,
1606 2331 1638 2371 a
1670 2317 1777 2372 Deo
1805 2332 1931 2372 con-

352 2406 507 2460 ditus
534 2414 635 2459 est.
668 2404 968 2474 Compellor
997 2406 1193 2475 aliquid
1220 2406 1383 2476 loqui,
1411 2415 1467 2461 et
1504 2407 1761 2478 insipiens
1789 2409 1930 2475 ﬁeri,

332 2496 454 2551 sed
482 2510 580 2549 vos
619 2510 705 2549 me
736 2504 797 2549 ut
827 2496 971 2566 loqui
1002 2497 1227 2551 audeam
1258 2498 1526 2569 eoegistis.
1551 2500 1813 2563 Dominus
1839 2515 1933 2555 no-

351 2594 474 2640 ster
508 2595 668 2655 atque
708 2585 974 2649 Salvator,
1017 2602 1139 2641 cum
1182 2587 1233 2642 in
1276 2587 1446 2643 forma
1490 2589 1581 2643 Dei
1610 2597 1782 2655 esset,
1825 2589 1933 2645 for-

351 2691 508 2730 mam
549 2690 691 2729 servi
730 2676 976 2747 dignatus
1017 2685 1101 2732 est
1138 2679 1413 2747 accipere;
1462 2679 1637 2734 factus
1674 2680 1931 2736 obcdiens

352 2782 537 2835 usque
562 2766 628 2819 ad
655 2760 906 2837 mdrtem,
939 2778 994 2823 et
1023 2777 1249 2823 mortem
1274 2769 1450 2823 crucis
1481 2768 1645 2840 (Phil.
1674 2768 1773 2841 n);
1802 2770 1931 2839 quid

354 2871 587 2912 necesse
615 2868 731 2914 erat
758 2867 817 2913 ut
845 2873 967 2914 cum
989 2860 1075 2915 his
1098 2861 1354 2915 membris
1376 2869 1707 2931 nasceretur,
1736 2861 1931 2931 quibus

353 2960 561 3001 usurus
604 2962 710 3002 non
760 2956 908 3015 erat,
957 2950 1048 3019 qui
1096 2961 1243 3005 certe
1287 2962 1347 3006 ut
1391 2966 1579 3006 sexum
1612 2944 1933 3007 ostenderet

352 3036 526 3089 etiam
564 3036 917 3094 circumcisus
950 3039 1071 3094 est?
1106 3039 1215 3094 Cur
1249 3038 1505 3095 Joannem
1544 3041 1841 3111 apostolum
1877 3050 1953 3096 et'

354 3126 648 3198 liaptistatn
691 3144 787 3183 sua
830 3129 1043 3186 dilectio
1086 3132 1374 3198 castravit,
1407 3148 1543 3203 quos
1585 3133 1731 3188 viros
1778 3135 1925 3188 nasci

358 3218 599 3273 fecerat?
621 3218 722 3286 Qui
748 3220 800 3274 in
822 3218 1094 3275 Christum
1118 3221 1408 3289 credimus,
1438 3223 1634 3279 Christi
1661 3235 1928 3280 sectemur

355 3308 628 3380 exempla.
664 3310 733 3365 Et
759 3310 804 3365 si
833 3326 1153 3367 noveramus
1180 3327 1301 3367 eum
1341 3314 1633 3369 secundum
1671 3330 1923 3381 carnem;

357 3400 457 3454 sed
478 3399 589 3467 jam
627 3416 770 3456 nunc
810 3416 914 3456 non
956 3401 1202 3457 novimus
1239 3417 1380 3457 eum.
1420 3403 1551 3459 item
1582 3405 1722 3460 idem
1752 3407 1805 3460 in
1837 3422 1931 3461 ex-

355 3494 624 3562 positione
660 3494 783 3549 libri
816 3494 1155 3550 Ecclesiasta:
1186 3493 1345 3568 (Cap.
1387 3512 1479 3563 lli,
1508 3514 1557 3551 υ.
1593 3498 1701 3568 ll).
1733 3519 1751 3550 ι
1794 3499 1927 3555 Uni-

351 3600 517 3640 versa
550 3586 693 3640 enim
738 3586 877 3640 bona
922 3586 1051 3642 fecit
1094 3586 1352 3643 Dominus
1394 3588 1448 3642 in
1500 3597 1739 3658 tempore
1772 3604 1869 3646 suo
1909 3605 1924 3644 :

354 3676 560 3732 bonum
591 3685 674 3731 est
707 3676 928 3748 vigilare
958 3685 1118 3747 atque
1157 3677 1422 3744 dormire;
1450 3692 1552 3733 nec
1582 3687 1757 3733 tamen
1787 3695 1927 3733 sem-

353 3788 455 3842 per
480 3772 700 3842 vigilare
728 3781 886 3840 atque
911 3771 1147 3827 dormire
1170 3772 1367 3826 bonum
1394 3780 1504 3838 est;
1534 3773 1658 3842 quia
1690 3773 1925 3829 vicissim

345 3859 507 3929 juxta
534 3861 938 3931 dispositionem
968 3861 1096 3927 Dei,
1131 3860 1329 3916 bonum
1356 3870 1440 3917 est
1484 3863 1923 3933 unumquodque,

352 3968 482 4007 eum
512 3967 648 4022 opus
672 3961 773 4007 est.
817 3971 836 4003 ι

425 4044 509 4099 Ex
534 4044 754 4113 quibus,
785 4059 890 4098 non
919 4052 977 4097 ut
999 4042 1215 4113 quidam
1246 4043 1537 4108 aestimant,
1565 4041 1631 4098 ad
1661 4043 1925 4098 luxuriam

353 4145 409 4192 et
435 4135 507 4189 ad
538 4135 756 4190 delicias
791 4136 961 4190 instar
997 4135 1306 4189 animalium
1346 4151 1720 4206 provocamur.
1754 4134 1846 4189 Ait
1873 4142 1930 4189 et

340 4225 851 4295 'Psalmographus:
892 4223 1069 4278 Nolite
1109 4223 1226 4293 ﬁeri
1265 4225 1399 4278 sicut
1441 4240 1602 4295 equus
1650 4233 1700 4277 et
1727 4223 1924 4289 mulus,

350 4317 543 4387 quibus
570 4333 670 4370 non
694 4326 767 4369 est
789 4314 1096 4369 intellectus.
1122 4314 1253 4369 item
1279 4329 1292 4367 :
1321 4312 1489 4367 Homo
1514 4330 1630 4367 cum
1656 4314 1708 4367 in
1733 4314 1925 4368 honore

351 4420 521 4475 esset,
562 4425 664 4463 non
704 4407 992 4472 intellexit;
1030 4418 1360 4479 comparatus
1398 4417 1473 4460 est
1506 4405 1756 4475 jumentis
1796 4407 1925 4461 insi—
1951 4444 2001 4504 Β

351 4502 636 4572 pientibus,
672 4511 719 4555 et
749 4498 934 4554 similis
963 4500 1133 4568 {actus
1161 4509 1234 4553 est
1266 4498 1370 4553 illis
1402 4496 1571 4570 (Psal.
1602 4514 1754 4564 xxxi,
1795 4496 1828 4550 9
1875 4510 1924 4553 et

356 4608 549 4656 vani,
576 4591 687 4661 15).
717 4589 774 4644 ln
804 4590 942 4644 libro
966 4604 1180 4659 quoque
1214 4588 1394 4643 Tobiae
1425 4605 1438 4643 :
1468 4586 1540 4641 Hi
1574 4603 1813 4657 namque,
1844 4589 1926 4643 in-

352 4683 503 4751 quit,
551 4680 640 4750 qui
686 4679 989 4749 conjugium
1032 4680 1107 4732 ita
1155 4679 1444 4748 suscipiunt
1480 4688 1535 4732 ut
1571 4678 1738 4732 Deum
1765 4696 1797 4732 a
1828 4696 1927 4735 sua

351 4783 525 4827 mente
552 4770 848 4829 excludant.
872 4780 920 4825 et
942 4788 1052 4826 sua:
1071 4770 1276 4825 libidini
1309 4770 1383 4824 ita
1412 4779 1588 4824 vacent
1614 4770 1748 4824 sicut
1767 4787 1927 4841 equus

350 4874 401 4917 et
431 4861 624 4927 mulus,
648 4860 798 4915 habet
824 4870 1125 4930 potestatem
1148 4860 1353 4914 dromon
1381 4862 1536 4930 super
1567 4875 1654 4913 eos
1682 4858 1748 4929 (Τ
1750 4860 1832 4913 ob.
1851 4876 1922 4925 vl,

355 4955 465 5022 Π).
499 4952 593 5007 llis
619 4936 761 5007 enim
790 4951 1114 5007 testimoniis
1141 4959 1302 5005 tanta:
1323 4950 1666 5022 impudentia:
1694 4959 1926 5006 asserto-

350 5060 446 5099 res
470 5044 722 5109 convicti,
754 5043 1073 5114 intelligant,
1099 5043 1241 5112 quod
1265 5042 1522 5097 membris
1541 5042 1865 5112 genitalibus
1891 5060 1923 5097 a

351 5134 468 5188 Deo
494 5134 637 5188 bono
665 5132 889 5197 creatis,
920 5148 1024 5186 non
1055 5131 1212 5186 liceat
1249 5132 1316 5185 ad
1350 5129 1768 5199 uniuscujusque
1804 5130 1924 5186 libi-

351 5234 492 5286 tum,
508 5224 603 5277 sed
623 5222 688 5277 ad
705 5238 769 5279 ea
788 5238 888 5294 pro
906 5222 1101 5292 quibus
1121 5237 1149 5275 a
1172 5221 1282 5275 Deo
1295 5219 1922 5275 ordinabiliterinstituta

348 5325 500 5380 sunt,
535 5316 825 5371 secundum
852 5312 969 5384 ejus
993 5313 1339 5373 voluntatem,
1373 5319 1631 5380 tempore,
1657 5317 1712 5364 et
1735 5311 1921 5366 ordine

347 5418 453 5460 suo
479 5404 578 5458 uti.

1715 5510 1724 5537 l

424 5645 447 5671 ⁸
466 5631 526 5686 In
557 5636 844 5685 comment.
877 5630 931 5684 in
960 5629 1179 5693 Ezecli.,
1209 5628 1274 5682 ad
1305 5626 1550 5681 eumdem
1579 5640 1811 5679 versum.

424 5702 452 5741 δ
493 5698 633 5754 Cclct
665 5698 849 5755 virum.
879 5699 1055 5769 Supra
1085 5699 1386 5754 monuimus
1420 5695 1520 5769 legi
1556 5705 1802 5766 oportere
1832 5712 1919 5749 co-

1955 3089 1999 3152 C

2033 1859 2435 1934 praegnantibus
2478 1872 2584 1911 non
2636 1863 2895 1925 parcunt,
2947 1854 3020 1907 ila
3055 1852 3216 1906 etiam
3257 1852 3325 1906 ab
3361 1851 3446 1906 his
3485 1867 3605 1920 quae

2035 1961 2313 2007 menstrua
2336 1948 2612 2020 patiuntur
2640 1945 2860 1999 minime
2885 1958 2943 1999 se
2968 1944 3259 1999 abstinent.
3292 1941 3429 1997 Sunt
3458 1942 3603 1997 enim

2032 2044 2123 2114 qui
2146 2043 2197 2097 id
2226 2058 2325 2097 nec
2352 2040 2607 2103 scienter,
2634 2046 2690 2092 et
2715 2046 2841 2092 sunt
2862 2037 2953 2106 qui
2980 2036 3213 2091 scienter
3237 2044 3430 2106 agunt;
3460 2035 3603 2104 quod

2033 2143 2291 2203 quantum
2314 2132 2385 2186 sit
2411 2128 2644 2185 obnoxie
2670 2128 2896 2182 Domino
2919 2126 3259 2197 przecipiente
3284 2126 3601 2189 cavendum,

2032 2225 2219 2280 subter
2240 2220 2457 2277 oracula
2482 2219 2659 2274 divina
2687 2217 2907 2272 collecta
2938 2215 3259 2288 declarant.]

2102 2312 2351 2369 Ezechiel
2387 2294 2667 2383 propheta,
2695 2325 2817 2364 eum
2854 2310 2991 2363 bona
3020 2307 3122 2361 viri
3152 2306 3441 2378 justiticata
3473 2321 3605 2362 enu-

2032 2411 2270 2460 meraret
2290 2443 2305 2468 ,
2345 2413 2501 2458 sexto
2535 2401 2652 2455 loco
2685 2401 2759 2454 ita
2795 2399 2974 2455 intulit
3004 2417 3017 2451 :
3055 2398 3136 2452 Ad
3164 2398 3431 2452 mulierem
3460 2414 3603 2452 men-

2030 2505 2289 2551 struatam
2311 2512 2413 2549 non
2434 2493 2705 2548 accesserit
2725 2490 2937 2562 (Ezeclt.
2964 2506 3119 2559 xviii,
3142 2489 3216 2561 6).
3232 2488 3399 2555 Quem
3428 2488 3602 2543 locum

2032 2590 2106 2643 ita
2143 2587 2335 2643 beatus
2376 2585 2737 2656 Hieronymus
2776 2594 2802 2623 α
2844 2581 3103 2652 exponit:
3142 2600 3159 2631 ι
3204 2581 3308 2635 Per
3344 2578 3603 2651 singulos,

2032 2677 2224 2747 inquit,
2257 2689 2470 2730 menses
2499 2673 2680 2744 gravia
2702 2674 2863 2742 atque
2883 2672 3151 2741 torpentia
3177 2672 3459 2726 mulierum
3486 2685 3604 2725 cor-

2030 2784 2198 2838 pora,
2229 2766 2489 2821 immundi
2526 2764 2801 2835 sanguinis
2837 2761 3095 2817 effusione
3126 2762 3448 2818 relevantur.
3484 2761 3602 2829 Quo

2032 2871 2275 2931 tempore
2313 2859 2359 2914 si
2401 2859 2487 2912 vir
2528 2857 2716 2912 coierit
2757 2872 2880 2921 cum
2919 2856 3176 2919 muliere,
3206 2855 3458 2909 dicuntur
3484 2869 3606 2909 con-

2031 2951 2170 3020 cepti
2199 2950 2362 3005 fletus
2384 2949 2573 3004 vitium
2600 2948 2821 3004 seminis
2853 2948 3097 3011 trahere;
3133 2947 3204 3000 ita
3237 2955 3295 3001 ut
3322 2946 3516 3016 leprosi
3549 2953 3604 3000 ct

2032 3040 2384 3112 elephantiosi
2408 3056 2475 3095 ex
2505 3040 2606 3095 bac
2648 3038 2997 3108 conceptione
3030 3045 3340 3102 nascantur,
3377 3045 3431 3092 et
3459 3037 3598 3090 lie-ia

2033 3133 2086 3188 in
2134 3140 2363 3201 utroque
2404 3145 2536 3185 sexu
2577 3145 2805 3200 corpora
2845 3130 3110 3200 parvitate
3148 3129 3233 3184 vel
3279 3129 3601 3183 enormitate

2028 3223 2393 3280 membrorum
2433 3221 2612 3276 sanies
2648 3229 2900 3291 corrupta
2940 3220 3246 3291 degeneret.
3289 3219 3603 3289 Praecipitnr

2026 3329 2156 3386 ergo
2183 3313 2313 3368 viris
2338 3319 2399 3367 ιιι
2433 3329 2541 3368 non
2585 3311 2757 3367 solum
2794 3311 2848 3366 in
2879 3312 3068 3366 alienis
3105 3311 3360 3366 uxoribus
3382 3351 3397 3374 ,
3427 3310 3519 3365 sed
3546 3310 3598 3363 in

2027 3407 2141 3460 suis
2173 3419 2415 3474 quoque,
2454 3402 2648 3473 quibus
2697 3402 2943 3457 videntur
2980 3402 3096 3473 lege
3122 3401 3406 3472 conjungi,
3454 3399 3607 3456 Scri-

2026 3506 2181 3569 ptura
2223 3497 2472 3552 dicente:
2506 3493 2731 3550 Crescite
2765 3502 2813 3548 el
2851 3492 3302 3564 multiplicamini,
3329 3502 3376 3546 et
3414 3492 3602 3561 repleie

2025 3598 2219 3642 terram
2257 3584 2422 3658 (Gen.
2466 3601 2517 3643 ι.
2557 3586 2682 3657 18),
2714 3593 2860 3640 certa
2911 3584 3227 3639 concubitus
3257 3583 3438 3637 norint
3467 3589 3601 3636 teni-

2023 3694 2176 3749 pora,
2208 3677 2420 3748 quando
2449 3676 2775 3741 coeundum,
2807 3675 3126 3745 quandoque
3151 3674 3220 3727 ab
3242 3673 3501 3728 uxoribus
3531 3674 3603 3727 sit

2026 3768 2421 3825 abstinendum.
2464 3766 2618 3833 Quod
2658 3766 2873 3837 quidem
2914 3774 2969 3819 et
3005 3764 3292 3834 Apostolus
3329 3772 3383 3818 et
3425 3763 3600 3819 Eccle-

2025 3860 2218 3915 siastes
2243 3866 2436 3914 sonant
2473 3875 2486 3911 :
2519 3856 2758 3928 Tempus,
2785 3856 2976 3926 inquit,
3004 3854 3369 3925 amplexandi;
3392 3864 3440 3907 et
3470 3863 3600 3907 tem-

2023 3969 2120 4023 pus
2145 3951 2295 4021 longe
2318 3948 2434 4019 ﬁeri
2467 3967 2500 4003 a
2538 3947 2888 4019 complexibus
2918 3947 2969 4018 (Ι
2997 3947 3117 4001 Cor.
3148 3962 3253 4011 vn;
3283 3944 3485 4000 Eccles.
3510 3937 3596 4009 in,

2026 4040 2116 4109 5).
2163 4039 2365 4095 Caveat
2409 4052 2538 4107 ergo
2580 4045 2637 4091 et
2677 4052 2816 4091 uxor
2858 4051 2924 4090 ne
2970 4035 3108 4091 forte
3146 4036 3285 4090 victa
3332 4034 3600 4090 desiderio

2026 4134 2252 4189 coeundi
2298 4131 2433 4188 celet
2481 4130 2657 4187 virum
2701 4130 2762 4194 lri;
2809 4139 2865 4184 et
2912 4130 3138 4185 maritus
3182 4145 3248 4185 ne
3290 4131 3398 4185 vim
3433 4130 3600 4185 iaciat

2024 4223 2213 4287 uxori,
2257 4228 2452 4290 putans
2479 4219 2625 4274 omni
2672 4225 2912 4287 tempore
2952 4217 3246 4288 subjectum
3273 4218 3373 4273 sibi
3401 4218 3598 4273 debere

2024 4328 2144 4368 esse
2170 4310 2401 4382 conjugii
2431 4310 2779 4379 voluptatem.
2815 4329 2832 4359 ι
2865 4308 3016 4364 Unde
3038 4317 3091 4362 et
3118 4308 3313 4363 Paulus
3347 4327 3358 4363 :
3400 4307 3468 4364 Ut
3500 4327 3595 4363 no-

2025 4403 2173 4466 verit,
2204 4403 2395 4471 inquit,
2420 4401 2772 4470 unusquisque
2796 4417 2883 4453 vas
2917 4415 3068 4453 suum
3092 4400 3372 4468 possidere,
3404 4401 3457 4454 in
3479 4418 3599 4454 san-

2025 4491 2339 4559 ctiﬁcatione
2364 4501 2409 4544 et
2437 4488 2648 4559 juslilia
2681 4487 2733 4560 (Ι
2763 4486 2942 4541 Thess.
2964 4489 3054 4550 ‘iv,
3081 4487 3516 4558 4)._Au‘gustinus
3539 4490 3594 4544 in

2026 4583 2165 4638 libro
2188 4598 2494 4655 sermonum
2523 4594 2545 4620 ε
2575 4583 2641 4637 ad
2670 4582 2944 4652 populum.
2977 4600 2996 4633 ‹
3027 4582 3481 4653 Quotiescunque,
3514 4585 3597 4639 in-

2027 4675 2163 4744 quit,
2194 4675 2308 4730 dies
2338 4673 2647 4729 Dominicus
2676 4673 2903 4737 venerit,
2934 4680 3027 4727 aut
3063 4672 3391 4739 festivitatis,
3419 4675 3595 4732 nullus

2026 4779 2250 4819 uxorem
2280 4779 2431 4819 suam
2470 4771 2776 4832 cognoscat.
2817 4762 3038 4830 Quoties
3075 4764 3351 4835 sanguinis
3393 4764 3592 4820 ﬂuxum

2025 4855 2301 4924 patiuntur
2326 4853 2602 4917 mulieres,
2631 4852 2881 4908 similiter
2903 4853 3292 4909 observandum
3320 4864 3434 4921 est;
3467 4856 3592 4925 quia

2025 4945 2116 5015 qui
2150 4954 2277 5000 tunc
2309 4944 2552 5014 concepti
2582 4942 2797 5005 fuerint,
2828 4952 2919 4996 aut
2943 4943 3278 5010 dmmoniaci,
3305 4954 3398 4999 aut
3418 4945 3591 5008 curvi,

2025 5045 2117 5092 aut
2150 5036 2417 5106 epileptici
2454 5042 2632 5089 erunt.
2680 5034 2747 5088 Et
2781 5033 2825 5088 si
2865 5033 3116 5088 anim‘alia
3159 5034 3275 5089 sine
3320 5033 3589 5088 intellectu

2025 5141 2130 5181 non
2163 5140 2223 5180 se
2261 5123 2586 5191 conjugunt,
2630 5122 2735 5177 nisi
2767 5133 2916 5178 certo
2956 5131 3010 5177 et
3044 5122 3281 5192 legitimo
3328 5130 3585 5191 tempore,

2023 5222 2225 5283 quanto
2249 5213 2416 5281 magis
2446 5212 2711 5278 homines,
2739 5212 2829 5281 qui
2856 5213 2922 5266 ad
2951 5212 3234 5284 imaginem
3262 5222 3315 5267 et
3337 5212 3589 5267 similitu-

2023 5310 2200 5365 dinem
2230 5310 2326 5364 Dei
2356 5309 2525 5364 creati
2553 5318 2696 5365 sunt.
2725 5288 2920 5363 debent
2944 5322 3001 5362 se
3026 5306 3345 5363 observare!
3386 5326 3404 5358 ι

2092 5404 2359 5460 Scribitur
2382 5403 2543 5467 etiam
2582 5404 2636 5457 in
2666 5403 2905 5458 Levitico
2938 5420 2951 5456 :
2984 5400 3179 5456 Mulier
3201 5417 3317 5472 qua:
3342 5401 3586 5456 redeunte

2021 5512 2195 5550 mense
2221 5496 2421 5566 patitur
2447 5497 2649 5566 ﬂuxum
2678 5496 2888 5550 seminis
2906 5535 2921 5561 ,
2957 5503 3148 5564 septem
3177 5493 3356 5550 diebus
3382 5512 3600 5565 separa-

2022 5636 2131 5698 gat,
2158 5626 2241 5698 vel
2261 5626 2470 5698 illiciat.

2095 5709 2114 5736 ε
2157 5697 2230 5752 De
2257 5697 2517 5770 Tempore
2546 5713 2709 5753 serm.
2744 5698 2794 5764 5,
2820 5705 2942 5768 post
2962 5696 3221 5754 medium.
