4030 6190
437 274 533 324 137

1476 270 1664 324 ,11)ΝίΕ
1706 271 1746 323 Α
1759 268 2254 324 ΕΩΕῌΛΝΕΝΞΙΞ
2297 269 2594 324 ΕΡῘΞΕΟΙΥ

3558 266 3656 323 188

429 384 588 437 bitur.
632 379 813 435 Omnis
842 382 931 451 qui
956 383 1171 451 tetigerit
1200 399 1313 434 eam
1334 421 1347 443 ,
1374 382 1674 438 immundus
1707 382 1804 435 erit
1834 398 1993 448 usque
2021 385 2069 440 Α
2095 382 2395 450 provincias
2421 392 2639 451 propter
2661 382 3051 435 immunditiam
3083 383 3261 438 carnis
3291 384 3355 435 ab
3371 384 3573 439 :edibus
3603 401 3664 440 se

437 473 500 525 ad
526 489 784 540 vesperam
807 488 825 535 ;
847 482 892 523 et
921 472 1093 541 inquo
1118 471 1404 530 dormierit,
1429 469 1505 523 vel
1532 471 1718 523 sederit
1741 471 1793 522 in
1815 469 1992 522 diebus

431 564 775 631 scparationis
806 578 932 626 surr,
961 562 1239 632 polluetur.
1268 561 1369 626 Qui
1400 563 1618 630 tetigerit
1644 561 1829 615 lectum
1858 562 1993 631 ejus,

433 653 625 705 (arabit
640 652 936 705 vestimenta
957 669 1051 705 sua
1071 670 1088 716 ;
1106 662 1149 705 et
1166 653 1274 719 ipse
1288 651 1424 704 lotus
1438 669 1571 722 aqua
1587 652 1886 705 immundus
1900 653 1995 704 erit

435 759 595 812 usque
618 743 684 793 ad
709 759 988 810 vesperam.
1023 741 1187 795 Omne
1213 758 1301 795 vos
1326 760 1481 810 super
1508 749 1643 812 quod
1673 741 1763 795 illa
1786 743 1995 805 sederit,

432 836 665 903 quisquis
707 835 963 903 tetigerit,
1010 834 1198 886 Iuvabit
1247 835 1543 887 vestimenta
1586 851 1718 898 sua,
1765 844 1813 887 et
1860 833 1996 887 lotus

435 940 570 993 aqua
599 921 827 991 pollutus
868 925 964 975 erit
1002 940 1162 992 usque
1192 922 1259 975 ad
1291 904 1583 992 vesperam:
1612 921 1669 976 Si
1708 924 1886 976 coierit
1925 925 2000 976 tir

434 1032 552 1067 cum
588 1030 650 1067 ea
689 1024 913 1083 tempore
953 1014 1291 1079 menstruali,
1332 1015 1629 1068 immundus
1670 1016 1767 1068 erit
1809 1026 1998 1085 septem

438 1104 618 1156 diebus
654 1119 672 1154 :
702 1113 747 1155 et
774 1120 923 1156 autne
949 1114 1170 1156 stratum
1196 1105 1249 1155 in
1276 1122 1375 1174 quo
1400 1104 1689 1169 dormierit,
1719 1105 1995 1175 polluetur.

437 1190 629 1244 Mulier
665 1207 781 1260 qua!
817 1191 1015 1260 patitur
1049 1191 1225 1244 multis
1266 1191 1443 1245 diebus
1485 1194 1686 1261 [luxum
1732 1196 2000 1264 sanguinis

435 1295 538 1331 uon
575 1280 627 1333 in
666 1278 1262 1346 tem;;ore'menstruali,
1292 1279 1368 1333 vel
1393 1297 1508 1349 qua:
1536 1291 1649 1349 post
1684 1292 2002 1335 menstruum

436 1370 742 1438 sanguinem
773 1370 937 1437 ﬂuere
965 1386 1066 1422 non
1104 1381 1304 1435 cessat,
1340 1371 1574 1439 quandiu
1612 1372 1733 1424 huic
1767 1373 1998 1441 subjacet

434 1460 665 1529 passioni
684 1501 698 1521 ,
731 1459 1000 1512 immunda
1041 1461 1137 1512 erit
1173 1462 1320 1530 quasi
1360 1461 1415 1515 in
1443 1470 1668 1531 tempore
1704 1472 2001 1526 menstruo;

357 1582 363 1588 -
437 1564 584 1600 onme
610 1557 831 1599 stratum
862 1549 914 1600 in
941 1560 1040 1616 quo
1070 1548 1369 1613 dormierit,
1403 1559 1452 1602 et
1482 1550 1641 1602 vasin
1665 1567 1766 1620 quo
1791 1551 2000 1617 sederit,

434 1634 689 1704 pollutum
726 1636 843 1687 erit.
877 1634 1179 1705 Quicunque
1209 1637 1427 1705 tetigerit
1457 1653 1601 1701 eam,
1631 1637 1821 1690 lacabit
1847 1639 1999 1691 vesti-

435 1734 606 1776 menta
639 1740 768 1787 sua;
793 1733 841 1777 et
866 1725 971 1792 ipse
995 1723 1130 1777 lotus
1156 1741 1291 1795 aqua
1318 1726 1613 1780 immundus
1637 1728 1735 1780 erit
1756 1744 1916 1798 usque
1939 1728 2007 1785 ad
2038 1726 2082 1785 Β

436 1832 715 1885 vesperam.
758 1816 1021 1870 Docebitis
1058 1834 1179 1888 ergo
1214 1818 1352 1886 ﬁlios
1394 1818 1562 1873 Israel
1589 1830 1643 1873 ut
1673 1832 1883 1875 careant
1919 1824 2012 1876 im-

436 1907 722 1962 munditias
743 1948 757 1972 ,
800 1917 844 1961 et
884 1926 987 1962 non
1029 1910 1325 1963 moriantur
1354 1911 1407 1965 in
1436 1912 1675 1966 sordibus
1718 1915 1859 1987 suis,
1892 1931 2009 1967 cum

439 1996 719 2068 polluerint
766 1998 1156 2051 tabernaculum
1202 2016 1371 2053 meum
1419 2003 1557 2069 quod
1604 2011 1683 2055 est
1725 2003 1860 2056 inter
1900 2021 2007 2057 eos.

440 2089 570 2161 item
609 2088 677 2141 ibi
722 2103 737 2140 :
778 2088 858 2139 Ad
902 2088 1167 2141 mulierem
1197 2107 1313 2158 qum
1350 2100 1615 2145 menstrua
1648 2093 1865 2159 patitur,
1909 2110 2011 2145 non

440 2178 651 2231 accedes
683 2196 700 2231 :
727 2194 817 2230 nec
845 2179 1088 2231 reuelabis
1118 2178 1402 2246 fmditatem
1432 2180 1567 2249 ejus.
1600 2181 1729 2235 Item
1759 2183 1830 2236 ibi
1862 2201 1875 2236 :
1908 2182 2012 2248 Qui

439 2268 616 2321 coierit
644 2284 763 2321 cum
792 2267 1005 2321 muliere
1030 2268 1082 2320 in
1117 2270 1266 2337 ﬂuxu
1304 2281 1595 2335 menstruo,
1632 2272 1681 2324 et
1718 2272 2014 2326 revelarerit

440 2363 813 2431 turpitudinem
852 2362 1001 2431 ejus,
1047 2363 1159 2431 ipsa
1200 2364 1384 2431 peribit
1423 2382 1540 2435 qum
1577 2367 1777 2436 aperuit
1820 2366 2013 2434 fontem

441 2456 713 2524 sanguinis
754 2455 867 2517 sui,
913 2456 1289 2524 interﬁcieutur
1321 2456 1472 2509 ambo
1521 2457 1585 2510 de
1625 2456 1793 2510 medio
1836 2457 2015 2527 populi

444 2547 527 2599 sui
557 2546 700 2617 (Lee.
729 2563 817 2611 xv,
847 2547 957 2617 l9).
982 2558 993 2569 '

510 2635 643 2690 Cum
685 2638 830 2692 enim
870 2638 1160 2707 Apostolus
1195 2640 1337 2694 dicat
1380 2659 1393 2695 :
1445 2642 1779 2712 Qumcunque
1820 2644 2015 2713 scripta

439 2736 579 2782 sunt.
598 2727 666 2781 ad
687 2737 919 2781 nostram
939 2728 1229 2782 doctrinam
1250 2731 1441 2801 scripto
1464 2740 1584 2784 sunt
1607 2729 1778 2800 (Rom.
1803 2748 1895 2798 xv,
1914 2733 1970 2802 4)
1998 2752 2011 2788 :

440 2824 494 2866 rt
520 2814 602 2868 lex
632 2816 886 2885 spiritalis
913 2817 1002 2880 sit,
1034 2828 1087 2871 et
1114 2818 1431 2886 spiritaliter
1460 2820 1685 2891 intelligi
1711 2821 1924 2887 debeat,
1961 2824 2014 2877 in

443 2907 542 2959 hoc
582 2905 697 2959 loco
741 2906 881 2960 sicut
920 2908 1192 2976 prmmissa
1230 2918 1539 2963 sanctorum
1584 2909 1802 2965 Patrum
1853 2913 2017 2968 docu-

446 3004 623 3050 menta
651 2996 964 3062 declarant,
990 3008 1056 3052 let
1080 3000 1392 3069 superﬁcies
1429 3002 1618 3058 linem:
1654 3004 2011 3070 demonstrat,

2098 474 2445 529 nihilominus
2457 474 2688 528 basilicte
2703 475 3026 527 arcentibus.
3048 475 3108 527 Et
3124 475 3247 529 licet
3260 475 3390 538 bzee,
3409 476 3666 529 utbcatus

2096 581 2232 637 papa
2270 565 2564 636 Gregorius
2603 566 2787 629 docet,
2827 565 3135 634 spiritaliter
3161 566 3270 619 sint
3298 566 3665 637 intelligenda,

2100 674 2205 713 non
2234 666 2319 713 est
2344 666 2519 712 tamen
2548 657 2829 718 indecens,
2856 671 2953 709 nec
2984 656 3321 709 inhonestum
3342 697 3356 717 ,
3383 671 3484 710 nec
3506 657 3668 724 spiri-

2101 749 2231 802 tuali
2260 748 2551 803 intellectui
2583 748 2928 807 contrarium,
2959 747 3001 800 si
3019 748 3167 815 juxta
3192 747 3493 815 priscorum
3517 746 3669 800 Chri-

2102 840 2397 893 stianorum
2442 853 2595 892 usum
2627 839 2690 892 ad
2720 836 2949 891 litteram
2970 876 2983 898 ,
3026 847 3245 906 propter
3274 837 3323 889 id
3360 837 3501 906 quod
3540 853 3671 907 prae-

2105 930 2324 983 missum
2355 938 2438 983 est
2467 930 2515 991 ι),
2550 926 2947 997 observantia}

2176 1021 2375 1075 Scribit
2399 1034 2527 1088 ergo
2547 1020 2686 1073 idem
2710 1034 2845 1088 papa
2871 1017 3163 1087 Gregorius
3184 1028 3205 1054 ε
3233 1018 3529 1072 consulenti
3559 1018 3669 1072 Au-

2105 1113 2319 1183 gustino
2364 1111 2655 1181 Anglorum
2701 1111 2955 1181 epiSCOpo
3002 1127 3014 1163 :
3051 1129 3082 1191 οι
3131 1110 3264 1165 Cum
3304 1112 3463 1165 enixa
3510 1111 3676 1166 fuerit

2105 1205 2321 1268 mulier,
2350 1213 2475 1274 post
2494 1211 2623 1273 quot
2649 1202 2762 1257 dies
2787 1202 3070 1256 ecclesiam
3106 1202 3308 1255 intrare
3333 1203 3541 1265 debeat,
3575 1202 3676 1255 Te-

2106 1297 2360 1351 stamenti
2404 1296 2609 1351 Veteris
2645 1294 3000 1365 praeceptione
3035 1293 3299 1357 didicisti,
3341 1302 3398 1346 ut
3432 1310 3531 1362 pro
3561 1309 3676 1347 ma-

2108 1386 2258 1441 sculo
2299 1386 2488 1440 diebus
2515 1386 2733 1453 triginta
2763 1385 2965 1448 tribus,
2994 1398 3093 1453 pro
3126 1382 3324 1437 femina
3362 1392 3541 1437 autem
3570 1384 3677 1437 die-

2108 1477 2208 1531 bus
2246 1477 2523 1545 sexaginta
2564 1492 2692 1539 sex,
2735 1475 2927 1528 debeat
2969 1474 3241 1527 abstinere
3263 1472 3313 1527 ἀ.
3361 1492 3379 1523 ›
3425 1473 3493 1527 Ει
3517 1473 3677 1543 paulo

2107 1575 2231 1637 post
2262 1585 2274 1620 :
2305 1586 2322 1616 ι
2361 1566 2530 1620 Prava
2555 1573 2755 1628 autem,
2782 1564 2972 1633 inquit,
3001 1563 3054 1617 in
3087 1561 3491 1632 conﬂugatorum
3521 1565 3678 1617 mori-

2110 1659 2210 1712 bus
2236 1658 2564 1712 consuetudo
2597 1656 2862 1725 obrepsit,
2898 1665 2957 1709 ut
2983 1664 3332 1710 contemnant
3354 1670 3446 1710 eos
3476 1656 3679 1711 lactare

2109 1763 2244 1817 quos
2283 1748 2537 1818 gignunt,
2586 1746 2812 1815 aliisque
2854 1746 3169 1801 mulieribus
3213 1745 3279 1800 ad
3332 1747 3676 1801 nutriendunt

2110 1840 2324 1893 tradant
2350 1854 2364 1892 :
2392 1839 2533 1907 quod
2561 1838 2810 1893 videlicet
2834 1853 2899 1891 ex
2939 1837 3049 1892 sola
3081 1853 3241 1891 causa
3280 1837 3678 1891 incontinentiaz

2109 1932 2322 1986 videtur
2367 1932 2674 1993 inventum;
2724 1929 2847 1997 quia
2888 1929 3012 1983 dum
3057 1929 3333 1983 continere
3368 1944 3427 1982 se
3467 1928 3677 1991 uolunt,

2111 2020 2408 2090 despiciunt
2442 2019 2641 2074 lactare.
2666 2034 2802 2089 quos
2836 2020 3076 2090 gignunt.
3109 2017 3296 2090 (Ibid.,
3336 2017 3492 2087 paulo
3520 2020 3677 2088 post.)

2112 2115 2209 2168 Vir
2237 2123 2413 2168 autem
2450 2128 2572 2167 cum
2598 2112 2811 2182 propria
2840 2112 3063 2182 conjuge
3092 2112 3383 2175 dormiens,
3414 2111 3517 2165 nisi
3539 2110 3681 2164 lotus

2113 2223 2250 2275 aqua
2291 2207 2494 2260 intrare
2524 2205 2808 2261 ecclesiam
2846 2221 2952 2259 non
2985 2204 3168 2270 debet;
3205 2204 3296 2258 sed
3328 2217 3503 2273 neque
3541 2202 3681 2257 lotus

2113 2296 2315 2351 intrare
2352 2296 2533 2350 statim
2571 2294 2727 2349 debet
2759 2312 2772 2347 :
2804 2294 2889 2348 lex
2918 2302 3095 2349 autem
3124 2294 3291 2348 veteri
3326 2293 3520 2364 pepulo
3546 2309 3681 2364 pra:-

2114 2389 2287 2458 ccpit,
2325 2397 2383 2442 ut
2411 2389 2604 2442 mistus
2629 2389 2709 2441 vir
2745 2388 2987 2451 mulieri,
3017 2395 3071 2441 et
3102 2386 3267 2441 lavari
3293 2403 3433 2453 aqua
3468 2388 3679 2448 debeat.

2113 2487 2169 2533 et
2206 2486 2331 2532 ante
2370 2478 2501 2531 solis
2539 2492 2790 2532 occasum
2821 2475 3101 2531 ecclesiam
3139 2490 3245 2529 non
3280 2476 3500 2530 intrare.
3531 2476 3681 2543 Quod

2118 2578 2293 2625 tamen
2339 2569 2560 2641 intelligi
2605 2569 2916 2639 spiritaliter
2949 2577 3160 2639 potest;
3194 2570 3317 2638 quia
3356 2569 3568 2624 mulieri
3601 2571 3682 2622 vir

2115 2662 2395 2721 miscetur,
2422 2662 2636 2730 quando
2667 2660 2865 2715 illicita:
2901 2660 3349 2730 concupiscentia:
3382 2660 3592 2714 animus
3629 2661 3683 2714 in

2116 2752 2437 2823 cogitatione
2469 2766 2565 2822 per
2592 2751 2998 2806 delectationem
3021 2750 3363 2821 conjungitur
3392 2769 3405 2805 :
3430 2752 3552 2820 quia
3580 2751 3682 2806 nisi

2116 2844 2264 2912 prius
2303 2843 2442 2913 ignis
2484 2842 2927 2911 concupiscentiae
2964 2857 2993 2894 a
3037 2851 3216 2896 mente
3253 2841 3560 2906 deferveat,
3612 2843 3686 2896 di.

2117 2950 2280 3006 gnum
2307 2949 2364 2989 se
2392 2934 2791 3004 congregationi
2821 2931 3045 2986 fratrum
3080 2932 3346 2987 :estimare
3370 2948 3476 2985 non
3506 2932 3680 2992 debet,

2122 3025 2213 3094 qui
2242 3038 2299 3079 se
2325 3023 2539 3093 gravari
2566 3038 2660 3092 per
2682 3021 2978 3091 nequitiam
3005 3037 3180 3090 pravae
3204 3022 3490 3093 voluptatis
3518 3022 3684 3074 videt.

443 3087 592 3142 salvo
624 3089 852 3157 spiritali
890 3089 1194 3158 intellectu,
1238 3094 1369 3148 \‘ll'iS
1405 3096 1623 3151 omnino
1657 3098 1725 3154 ab
1755 3098 2015 3154 uxoribus
2044 3086 2087 3147 Ο
2119 3086 2374 3182 ῥυςιιηνῐε
2409 3114 2474 3169 de
2512 3086 2614 3168 ha-c
2652 3128 2709 3167 re
2751 3086 2978 3169 diversw
3006 3086 3288 3168 hominum
3324 3086 3568 3168 ἱιιιιίοηεδ
3601 3115 3685 3168 di-

445 3188 777 3234 menstruum
806 3181 1134 3249 patientibus
1168 3193 1251 3238 est
1277 3184 1675 3241 abstinendum.

1045 3340 1271 3397 CAPUT
1320 3342 1411 3397 XI.

448 3448 571 3503 Post
599 3459 722 3519 quot
746 3449 857 3504 dies
881 3461 904 3489 ο
932 3462 1113 3520 partus
1152 3454 1339 3507 mulier
1379 3455 1649 3525 ecclesiam
1684 3456 1923 3525 ingredi,
1966 3468 2015 3511 et

511 3530 623 3595 post
646 3529 908 3595 quantum_
931 3526 1174 3595 temporis
1207 3525 1260 3577 in
1287 3525 1460 3595 carnis
1486 3523 1869 3595 copulatio‘nem
1896 3544 2015 3581 cum

512 3591 620 3665 tiro
654 3607 750 3643 suo
788 3590 1084 3665 conjungi;
1108 3604 1155 3646 et
1193 3593 1331 3662 quod
1379 3596 1455 3647 vir
1495 3590 1704 3665 conjugi
1746 3613 1856 3649 sua:
1900 3614 2017 3665 per-

516 3661 731 3741 ruistus,
770 3661 976 3713 nonnisi
1004 3663 1172 3732 primo
1198 3681 1334 3734 aqua
1359 3664 1493 3718 lotus
1520 3661 1795 3719 ecclesiam
1834 3661 2015 3722 debeat

516 3739 731 3783 intrare.

514 3838 830 3908 Quanquam
852 3841 1083 3911 populus
1113 3841 1284 3897 fidelis
1312 3843 1379 3898 ab
1415 3844 1669 3899 oneribus
1696 3845 1830 3916 legis
1850 3886 1864 3909 ,
1894 3846 2016 3917 qui-

444 3926 545 3981 bus
571 3927 748 3981 adhuc
771 3937 992 3997 propter
1017 3928 1448 3985 incredulitatem
1476 3947 1631 3986 suam
1655 3931 1911 3989 Judaicus
1932 3936 2018 3989 de.

446 4020 699 4091 primitur
726 4021 985 4091 populus,
1023 4036 1119 4091 per
1144 4024 1370 4093 gratiam
1406 4023 1605 4079 Christi
1638 4026 1706 4079 sit
1743 4026 2013 4085 immunis,

446 4108 700 4178 quoniam
733 4109 1029 4178 spiritualis
1055 4120 1158 4175 est,
1189 4120 1245 4166 et
1271 4112 1623 4182 spiritualiter
1654 4114 1824 4184 legem
1857 4113 2016 4168 intel-

447 4199 564 4269 ligit
589 4208 643 4253 et
668 4201 947 4270 dijudicat,
972 4210 1097 4255 sunt
1117 4210 1296 4257 tamen
1320 4206 1563 4273 quaedam
1590 4221 1707 4274 quae
1728 4222 1845 4261 mos
1866 4206 2018 4261 Chri—

448 4291 654 4344 stianus
677 4290 826 4344 salvo
848 4292 1073 4361 mystico
1095 4292 1389 4357 intellectu,
1407 4295 1474 4348 ob
1498 4295 1832 4349 honestatem
1862 4312 2018 4349 mun-

451 4384 746 4452 ditiamque
760 4387 1023 4455 corporis,
1035 4384 1187 4453 juxta
1217 4386 1385 4455 legem
1412 4388 1673 4444 hactenus
1687 4401 1885 4445 servat.
1906 4390 2017 4446 Sic-

448 4481 506 4526 ut
548 4482 633 4526 est
680 4474 745 4528 de
789 4475 1103 4531 mulieribus
1151 4479 1578 4546 parturientibus
1627 4482 1695 4535 ab
1768 4483 2013 4552 ingressu
2041 4458 2091 4518 D

452 4560 633 4630 templi
661 4577 719 4616 se
746 4563 1146 4628 cohibentibus,
1177 4565 1423 4620 similiter
1447 4576 1499 4620 et
1523 4569 1589 4623 de
1616 4569 1700 4624 his
1727 4585 1845 4639 quae
1871 4588 2017 4627 meu-

450 4661 658 4705 struum
672 4650 978 4722 ﬂuxumque
990 4654 1262 4725 sanguinis
1273 4656 1566 4725 patiuntur,
1581 4660 1718 4727 apud
1729 4659 2014 4730 plerasque

520 4781 546 4823 εί
582 4781 709 4856 Post
741 4794 862 4856 quot
888 4786 1019 4856 dies.
1055 4786 1288 4841 Titulum
1327 4788 1468 4843 hunc
1501 4803 1532 4843 e
1561 4788 1744 4843 codice
1778 4788 2009 4843 Clarom.

450 4855 742 4929 repositum
771 4855 885 4929 loco
917 4855 1032 4929 ejus
1058 4872 1217 4929 quem
1252 4858 1516 4914 Acberius
1548 4858 1823 4925 ediderat,
1849 4875 2011 4929 supra

448 4924 752 4996 monuimus
781 4927 832 4977 in
854 4924 1032 4981 Indice
1056 4924 1309 4996 capitum.

520 4993 739 5067 {Quod
774 4996 1097 5065 pranuissum
1120 4993 1227 5050 est.
1266 4998 1341 5052 lta
1381 4997 1551 5059 edidi,
1598 5012 1722 5052 cum
1753 4998 1809 5053 in
1844 4999 2011 5067 priori

447 5064 683 5137 editione
708 5064 975 5135 legeretur
1003 5067 1141 5136 quod
1166 5070 1471 5137 permissum
1507 5076 1601 5121 est.

520 5145 542 5173 ο
584 5133 700 5189 Lib.
741 5133 848 5200 in,
886 5133 1044 5206 epist.
1083 5133 1181 5202 l2;
1215 5147 1269 5191 et
1301 5137 1444 5193 Beda
1484 5137 1621 5192 Hist.
1658 5135 1812 5209 Angl.
1844 5137 1935 5194 lib.
1969 5155 2010 5204 ι,

446 5219 564 5312 εἴηδ’
591 5204 777 5312 33.2....
815 5275 1070 5312 arma..."
1134 5274 1188 5312 In
1230 5275 1415 5312 ρητιςοο
1459 5276 1669 5312 nam".
1745 5276 1846 5312 ιιηη
1892 5277 2010 5312 im...

587 5273 777 5329 Debeat
814 5275 1090 5330 abstinere.
1134 5274 1188 5328 In
1230 5275 1415 5331 codice
1459 5276 1692 5331 Clarum.
1745 5276 1848 5331 hoc
1892 5277 2011 5331 loco

448 5343 774 5417 describitur
798 5345 1331 5417 _contiueuter_quod
1378 5348 1619 5416 sequitur
1662 5348 1715 5401 in
1760 5347 2006 5417 Gregorii

446 5414 669 5481 epistola
699 5415 766 5468 ad
796 5415 908 5469 [nec
935 5417 1113 5473 verba,
1148 5413 1320 5467 Pravo
1350 5413 1542 5470 autem.

523 5492 548 5520 θ
588 5481 684 5555 llic
710 5483 889 5555 contra
918 5485 1055 5538 illos.
1087 5484 1212 5538 Ilaac
1240 5493 1296 5537 et
1319 5485 1558 5555 pluribus
1589 5485 1787 5549 verbis,
1816 5497 1869 5541 et
1897 5504 2010 5541 me-

448 5550 553 5627 lius
594 5552 860 5627 descripta
904 5556 1168 5608 habentur
1206 5555 1257 5627 in
1296 5550 1413 5609 c'od.
1452 5554 1532 5627 CIV.
1570 5577 1587 5607 ‹
1638 5557 1693 5609 Si
1733 5558 1824 5627 qui
1873 5556 2009 5612 forte

450 5621 844 5679 incontinentes
866 5627 1117 5688 existant,
1141 5625 1264 5691 quia
1288 5633 1413 5678 ante
1434 5621 1843 5681 ablactatiou'em
1870 5628 2011 5682 illius

452 5691 540 5755 qui
572 5691 825 5765 gignitur,
850 5697 915 5749 ad
937 5694 1276 5751 concubitum
1297 5696 1481 5750 uxoris
1507 5696 1781 5765 accedere,
1813 5711 1863 5753 ct
1892 5711 2005 5771 post

2114 3221 2271 3260 versa
2302 3205 2555 3269 sentiant,
2589 3213 2751 3273 atque
2780 3204 2884 3257 alia
2912 3204 3182 3259 custodire
3209 3206 3495 3259 videantur
3525 3223 3537 3259 :
3571 3205 3681 3260 Ro-

2118 3311 2395 3350 manorum
2424 3304 2599 3349 tamen
2637 3309 2847 3365 semper
2872 3296 2940 3349 ab
2973 3295 3368 3364 antiquioribus
3404 3312 3532 3351 usus
3561 3296 3683 3360 fuit,

2116 3394 2241 3456 post
2266 3385 2641 3440 admistionem
2666 3384 2896 3454 proprias
2917 3383 3160 3453 conjugis
3179 3426 3195 3452 ,
3224 3394 3281 3440 et
3307 3386 3506 3441 lavacri
3536 3389 3682 3457 puri-

2116 3474 2416 3528 ﬁcationem
2441 3488 2700 3542 qumrere,
2717 3483 2771 3528 et
2794 3474 2862 3527 ab
2886 3474 3127 3545 ingressu
3149 3476 3392 3530 ecclesia:
3412 3476 3684 3545 paululum

2116 3573 2533 3633 reverenterque
2560 3565 2871 3637 abstinere.‘
2890 3584 2907 3616 ›
2940 3565 3039 3621 llic
3073 3575 3259 3621 contra
3288 3567 3405 3622 illos
3437 3580 3461 3606 ο
3488 3570 3684 3638 agitur,

2116 3655 2258 3725 quia
2280 3654 2426 3709 coitu
2450 3669 2676 3708 uxorum
2700 3664 2999 3725 surgentes,
3014 3638 3375 3711 irreverenter
3398 3657 3684 3712 ecclesiam

2116 3743 2375 3815 ingressi,
2420 3759 2525 3798 non
2552 3743 2725 3798 solum
2771 3745 2838 3799 ad
2864 3754 3267 3800 sacrosanctum
3308 3745 3477 3800 altare
3517 3746 3686 3800 indis-

2117 3843 2261 3887 crete
2292 3834 2582 3898 accedunt,
2612 3846 2797 3887 verum
2846 3833 3006 3888 etiam
3045 3850 3237 3903 corpus
3278 3844 3332 3890 et
3370 3837 3683 3905 sanguinem

2116 3924 2324 3979 Domini
2354 3924 2721 3981 indifferenter
2758 3935 2995 3980 sumunt.
3025 3926 3327 3998 lutelligant
3350 3943 3511 3998 ergo,
3540 3930 3682 3998 quod

2116 4017 2398 4072 ecclesiam
2428 4016 2627 4071 Christi
2662 4016 2912 4087 ingressi,
2935 4028 3128 4086 corpus
3153 4028 3206 4072 et
3236 4020 3548 4089 sanguinem
3567 4020 3685 4090 ejus

2116 4125 2221 4162 non
2260 4108 2363 4163 nisi
2399 4109 2601 4163 mundo
2638 4123 2894 4179 corpore,
2939 4124 3181 4179 puroque
3213 4112 3374 4165 corde
3407 4112 3684 4182 percipere

2116 4200 2362 4255 debeant.

2710 4292 2935 4349 CAPUT
2972 4291 3082 4347 XII.

2117 4384 2268 4451 Quod
2301 4385 2401 4437 nisi
2429 4400 2588 4437 causa
2628 4383 3022 4451 fornicationis,
3057 4392 3111 4434 ut
3151 4375 3405 4439 Dominus
3440 4383 3544 4448 ait,
3580 4399 3683 4436 non

2273 4455 2339 4507 sit
2367 4470 2501 4507 uxor
2524 4452 2851 4517 dimittenda,
2884 4454 2971 4505 sed
3000 4453 3171 4521 potius
3195 4453 3520 4506 sustinenda.

2188 4569 2380 4624 Varias
2422 4570 2491 4624 ob
2531 4585 2723 4625 causas
2760 4570 2979 4639 quidam
3030 4586 3156 4645 suas
3193 4572 3465 4626 dimittere
3507 4571 3682 4626 solent

2118 4675 2333 4716 uxores.
2371 4658 2612 4727 Quatuor
2642 4661 2837 4731 quippe
2874 4669 3031 4726 sunt,
3076 4663 3268 4731 quibus
3308 4663 3519 4718 femina:
3552 4664 3685 4718 viris

2119 4788 2492 4861 admistionem
2521 4789 2750 4858 propria:
2770 4789 3028 4861 conjugis
3055 4799 3180 4845 ante
3208 4791 3403 4845 lavacri
3434 4791 3685 4861 purifica-

2121 4859 2317 4913 tionem
2336 4858 2645 4930 irreveuter
2676 4858 2969 4913 ecclesiam
2995 4860 3197 4916 intrare
3228 4876 3389 4930 posse
3412 4858 3466 4916 et
3487 4862 3684 4918 debere

2115 4929 2481 5000 contendant,
2507 4925 2733 5000 sollicite
2770 4931 3103 5000 perpendam
3135 4925 3392 5000 quantum
3432 4930 3682 4999 hujusce-

2114 4998 2257 5073 modi
2288 4996 2738 5073 incontinentiam
2764 4996 2980 5073 oracula
3010 4996 3296 5073 divinahet
3324 5002 3458 5055 tanti
3479 4996 3681 5073 egregii

2114 5067 2348 5141 doctoris
2381 5068 2698 5141 documenta
2718 5068 3024 5141 inhibeant.
3062 5068 3200 5141 Sunt
3224 5070 3388 5141 igitur
3415 5067 3677 5137 nonbulli,

2113 5136 2255 5205 quod
2289 5138 2659 5191 emendatione
2680 5138 2911 5209 dignum
2948 5148 3052 5204 est,
3083 5140 3174 5209 qui
3205 5136 3411 5195 a'coitu
3447 5136 3679 5196 uxorum

2114 5216 2393 5277 surgentes
2410 5248 2438 5279 ,_
2454 5208 2749 5279 postposita
2794 5208 2989 5263 lavacri
3024 5208 3429 5279 puriﬁcatione,
3480 5212 3684 5265 irreve-

2116 5276 2297 5331 renter
2328 5276 2610 5331 ecclesiam
2649 5276 3041 5347 ingrediuntur,
3077 5288 3132 5333 et
3159 5296 3264 5334 non
3296 5281 3467 5335 solum
3500 5283 3566 5335 ad
3600 5297 3684 5335 sa-

2110 5358 2450 5401 crosanctum
2478 5347 2647 5401 altare
2676 5351 2938 5402 accedunt
2961 5349 3267 5413 indiscrete,
3299 5365 3484 5405 verum
3514 5352 3677 5404 etiam

2111 5432 2305 5490 corpus
2326 5426 2381 5472 et
2404 5417 2717 5490 sanguinem
2755 5418 2966 5472 Domini
2994 5419 3360 5475 indifferenter
3386 5422 3678 5490 accipiunt.

2111 5487 2446 5560 Quapropter
2470 5487 2766 5555 intelligant
2787 5503 3005 5560 necesse
3032 5499 3133 5552 cst,
3157 5492 3298 5560 quod
3320 5491 3371 5544 in
3395 5487 3679 5545 ecclesiam

2110 5557 2307 5611 Christi
2350 5567 2656 5631 reverenter
2682 5566 2924 5631 oporteat
2961 5557 3200 5627 ingredi,
3233 5560 3456 5629 ejusque
3484 5576 3684 5631 corpus

2112 5627 2415 5704 etsanguis
2439 5628 2651 5704 nonnisi
2675 5628 2871 5704 mundo
2893 5643 3118 5697 corpore
3148 5627 3389 5704 pureque
3413 5627 3683 5686 cerzle'sa-

2118 5698 2342 5753 lubritcr
2369 5698 2557 5753 debeat
2587 5699 2805 5773 percipi.
2845 5720 2861 5750 ι
