4008 6192
981 173 994 200 *
1168 189 1191 214 1

207 293 292 347 189

1183 289 1274 347 DE
1309 289 1794 348 lNSTITUTlONE
1832 265 2119 346 micam.
2150 321 2216 330 —
2248 289 2373 346 uo.
2417 294 2484 351 ιι.

3353 291 3449 345 i9“:

204 402 510 478 appetibiles
542 401 696 468 limit,
737 419 932 474 genus,
977 405 1284 473 prudentia,
1315 405 1537 471 divitize,
1565 415 1620 461 et
1653 404 1772 476 pul-
1801 408 1854 466 Α
1881 404 2005 459 titer
2031 404 2316 471 sustineri;
2359 413 2414 459 et
2446 405 2719 459 moechum
2757 404 2886 460 dicit
2918 405 3082 460 etiam
3117 405 3320 470 virum,
3361 407 3450 474 qui

203 499 466 560 chritudo.
484 497 616 550 Sunt
643 512 887 566 namque
913 497 1160 554 nonnulli
1183 497 1442 568 qui,dnm
1458 498 1640 554 libera:
1655 512 1777 551 con-

205 591 416 646 ditionis
437 589 653 644 sortitos
683 603 746 646 se
781 598 976 658 putant
1000 603 1122 644 esse
1154 604 1372 655 uxores,
1401 589 1448 644 si
1475 589 1652 658 aliqua
1679 603 1775 644 oe-

206 681 409 736 msione
428 690 616 750 postea
649 681 906 736 servituti
939 681 1175 736 subactae
1205 679 1429 746 fuerint,
1457 679 1600 736 illico
1624 695 1718 736 eas
1746 695 1776 734 a

207 772 309 827 iure
336 772 570 843 conjugii
599 771 859 826 scindunt
897 789 910 824 :
947 786 1002 826 et
1040 771 1142 826 hoc
1175 769 1292 841 lege
1332 770 1516 824 mundi
1551 767 1778 834 faciunt,

209 880 299 917 non
318 863 432 934 lege
455 862 684 918 Christi.
716 861 858 916 Sunt
883 863 1049 916 etiam
1079 861 1168 916 alii
1191 861 1284 930 qui
1306 861 1434 915 dum
1463 861 1777 930 prudentes,

211 965 256 1010 et
283 953 580 1018 famosas,
611 963 668 1007 et
701 953 904 1009 divites
933 953 1233 1008 sortiuntur
1269 952 1322 1006 in
1361 949 1667 1022 conjugium
1690 992 1704 1015 ,
1733 951 1779 1005 si

209 1053 376 1116 postea
395 1052 499 1097 aut
523 1053 709 1100 mente
737 1051 910 1113 captze
927 1082 942 1106 ,
968 1051 1070 1097 aut‘
1096 1043 1277 1116 aliqua
1305 1043 1410 1098 alia
1435 1042 1782 1099 incommodi-

214 1147 304 1195 tate
329 1138 583 1206 corporis
623 1146 926 1206 correptae,
951 1144 1044 1189 aut
1077 1151 1266 1212 earum
1306 1135 1628 1204 patrimonio
1659 1149 1782 1204 pro-

213 1229 314 1300 diga
337 1227 611 1284 eﬁ‘usione
638 1236 962 1298 consumpto
989 1226 1043 1280 in
1071 1235 1447 1296 paupertatem
1477 1223 1678 1280 fuerint
1706 1240 1785 1280 re-

213 1321 398 1386 docta,
439 1320 790 1390 impudenter
829 1335 926 1376 eas
966 1321 1272 1386 dimittunt,
1311 1319 1693 1392 prudentibus,
1729 1329 1784 1374 et

215 1411 601 1484 pulehrioribus
628 1426 693 1467 ac
719 1411 1005 1468 ditioribus
1036 1411 1385 1468 delectantes.
1417 1411 1570 1480 Quod
1591 1427 1660 1467 ne
1692 1413 1787 1466 fiat

215 1504 404 1560 Domini
441 1504 720 1560 sententia
757 1504 1093 1576 prohibetur,
1125 1505 1357 1559 dicentis
1384 1505 1437 1560 in
1471 1505 1782 1576 Evangelia,

211 1597 333 1666 quod
361 1597 460 1666 qui
490 1611 724 1652 uxorem
751 1579 926 1661 suam,
943 1605 1168 1666 excepta
1197 1612 1359 1652 causa
1386 1597 1782 1666 fornicationis,

213 1689 498 1755 dimiserit,
525 1689 834 1744 mmchetur
863 1706 876 1746 :
907 1697 962 1745 et
998 1691 1087 1760 qui
1119 1690 1394 1748 dimissam
1431 1693 1672 1756 duxerit,
1711 1694 1785 1748 si-

1877 514 2000 552 cam
2022 498 2266 566 duxerit,
2293 515 2415 569 qua:
2441 498 2612 554 soluta
2639 507 2718 554 est
2755 515 2786 553 a
2813 500 2950 553 viro.
2993 519 3013 551 ι
3054 499 3121 554 Et
3149 500 3306 570 paulo
3334 511 3458 570 post

1881 591 2034 663 (Cap.
2068 591 2156 661 16)
2191 610 2204 646 :
2239 612 2258 646 ι
2292 592 2435 646 Nihil
2459 592 2606 646 enim
2637 591 2872 661 iniquius
2891 609 3052 663 quam
3084 592 3458 650 fornicationis

1878 697 2044 737 causa
2067 683 2341 738 dimittere
2369 698 2594 738 uxorem
2613 725 2627 748 ,
2654 684 2697 738 si
2739 693 2792 738 et
2829 685 2942 753 ipse
2967 686 3322 742 convincatur
3347 686 3459 742 for-

1880 773 2070 828 nicari.
2113 772 2362 828 Occurrit
2405 775 2550 828 enim
2590 774 2719 829 illud
2763 793 2776 828 :
2821 775 2890 830 In
2922 793 3024 847 quo
3063 777 3199 832 enim
3233 779 3456 832 alterum

1871 864 2108 934 judicas,
2133 867 2352 936 teipsum
2376 866 2725 930 condemnas;
2749 867 2928 920 eadem
2953 869 3090 922 enim
3121 871 3232 939 agis
3261 872 3349 940 qui
3368 871 3456 940 ju-

1879 955 2026 1010 dicas
2049 954 2223 1025 (Rom.
2252 973 2312 1020 ll,
2345 955 2417 1026 l).
2451 955 2794 1028 Quapropter
2815 957 3060 1026 quisquis
3087 958 3460 1014 fornicationis

1881 1064 2044 1104 causa
2074 1048 2188 1103 vult
2215 1047 2450 1117 abjicere
2476 1065 2699 1104 uxorem
2719 1090 2735 1114 ,
2764 1051 2913 1119 prior
2942 1050 3102 1106 debet
3139 1067 3257 1106 esse
3289 1068 3320 1105 a
3351 1051 3460 1106 for-

1882 1138 2151 1193 nicatione
2179 1146 2475 1210 purgatus;
2514 1139 2658 1210 quod
2684 1139 2934 1195 similiter
2957 1141 3121 1195 etiam
3161 1141 3226 1196 de
3263 1139 3460 1196 femina

1883 1229 2134 1284 dixerim.
2175 1249 2193 1280 ι
2597 1278 2602 1287 ,

1953 1321 2310 1392 Hieronymus
2355 1323 2408 1376 in
2457 1321 2862 1377 commentariis
2901 1321 3139 1376 Matthaei
3185 1323 3460 1393 evangeli-

1883 1422 1980 1469 stre
2017 1413 2110 1484 (In
2148 1431 2265 1485 cap.
2309 1431 2438 1481 xix,
2482 1432 2530 1469 v.
2581 1415 2638 1487 ll)
2679 1433 2692 1468 :
2741 1434 2760 1465 ι
2795 1415 3165 1485 Interrogatus
3205 1417 3465 1471 Dominus

1882 1504 2018 1558 dixit
2049 1523 2062 1558 :
2096 1503 2220 1558 Non
2245 1503 2439 1575 legistis
2466 1505 2590 1576 quia
2621 1506 2712 1576 qui
2731 1505 2874 1576 fecit,
2906 1507 2968 1560 ab
2995 1507 3145 1560 initto
3173 1506 3461 1560 masculum

1883 1603 1929 1647 et
1955 1595 2202 1663 feminam
2232 1595 2352 1664 fecit
2381 1595 2515 1649 eos?
2549 1593 2663 1649 Hoc
2693 1595 2747 1649 in
2777 1597 3000 1650 exordio
3027 1595 3306 1652 Genescos
3329 1596 3468 1652 scri-

1883 1693 2032 1753 ptum
2083 1695 2184 1740 est.
2233 1685 2470 1739 Dicendo
2517 1694 2700 1738 autem
2748 1687 3048 1741 masculum
3091 1697 3146 1742 et
3186 1687 3463 1746 feminam.

214 1779 306 1832 mili
331 1779 500 1834 modo
524 1779 826 1834 mir-chetur
854 1778 1069 1850 (Matth.
1102 1781 1235 1848 xu).
1272 1780 1407 1836 Sunt
1440 1783 1582 1836 enim
1613 1783 1778 1852 pleri-
1807 1783 1857 1843 B
1883 1775 2120 1831 ostendit
2161 1777 2397 1831 secunda
2443 1775 2660 1830 vitanda
2700 1777 2969 1847 coniugia.
3024 1776 3142 1831 Non
3194 1777 3339 1831 enim
3393 1777 3470 1830 ait

181 1873 300 1938 ,qa‘e
323 1870 596 1924 laicorum
616 1911 630 1935 ,
661 1871 754 1940 qui
796 1871 920 1926 huic
953 1873 1264 1937 sententiae,
1306 1873 1414 1928 imo
1443 1873 1542 1949 legi
1583 1875 1783 1930 Christi

213 1963 548 2027 resultantes,
581 1963 793 2018 libitum
826 1965 978 2018 carui
1003 1981 1114 2020 suae
1139 1967 1239 2020 sibi
1267 1966 1438 2038 legem
1469 1966 1646 2022 facere
1678 1983 1784 2022 non

213 2066 478 2110 verentur.
522 2055 681 2122 Quod
717 2065 980 2125 quantum
1022 2057 1173 2114 nefas
1213 2059 1316 2126 sit,
1359 2066 1411 2114 et
1456 2074 1486 2112 a
1530 2059 1786 2130 religione

211 2152 506 2206 Christiana
535 2159 828 2213 remotum,
855 2165 920 2204 ea
949 2166 1070 2221 qua
1095 2160 1392 2220 sequuntur
1420 2151 1677 2207 indicant.

269 2241 546 2297 Seribitur
571 2242 720 2296 enim
755 2241 810 2296 in
850 2241 1045 2298 Genesi
1087 2257 1103 2295 :
1145 2241 1497 2307 Quamobrem
1535 2242 1786 2314 relinquet

213 2334 348 2386 hmo
385 2342 598 2403 patrem
638 2348 794 2386 suum
835 2341 882 2386 et
932 2341 1149 2386 matrem
1193 2349 1380 2399 suam,
1418 2343 1465 2387 et
1504 2333 1787 2388 adha'rebit

213 2424 348 2476 uari
373 2439 494 2476 sate
521 2436 540 2476 :
571 2431 619 2475 et
649 2431 803 2476 erunt
839 2423 944 2476 duo
980 2422 1034 2476 in
1063 2439 1220 2476 carne
1245 2440 1352 2477 una
1381 2421 1532 2495 (Cen.
1563 2439 1632 2490 ιι,
1669 2423 1782 2494 24).

214 2516 266 2568 lit
295 2517 348 2569 in
390 2514 691 2583 Evangelia
732 2533 746 2570 :
793 2514 948 2581 Quod
988 2515 1128 2571 Deus
1165 2516 1470 2588 conj-unxit,
1503 2519 1656 2573 hamo
1687 2535 1788 2574 non

209 2616 399 2678 separet
443 2606 680 2678 (Matth.
714 2623 834 2668 xix,
875 2607 966 2677 6).
999 2609 1374 2679 EtApostolus
1413 2627 1426 2663 :
1459 2609 1557 2664 llis
1591 2621 1787 2676 autem,

215 2699 400 2768 inquit,
433 2699 527 2769 qui
553 2698 892 2754 matrimonio
911 2701 1085 2770 juncti
1104 2711 1244 2766 sunt,
1277 2703 1521 2771 pra'cipio
1550 2719 1653 2757 non
1675 2719 1788 2773 ego,

213 2792 286 2844 sed
309 2790 606 2856 Dominus,
636 2805 856 2844 uxorem
895 2808 928 2844 ιι
968 2792 1078 2845 viro
1113 2808 1214 2844 non
1248 2792 1546 2856 discedere;
1573 2793 1714 2864 quod
1745 2793 1792 2846 si

212 2883 530 2940 discesserit.
566 2898 780 2936 manere
807 2883 1079 2952 innuptam
1101 2923 1115 2946 ,
1155 2893 1246 2934 aut
1288 2883 1396 2936 viro
1437 2899 1532 2936 suo
1563 2865 1794 2937 reconci-

211 2973 356 3035 limi;
386 2982 443 3026 et
468 2973 552 3026 air
587 2989 802 3026 uxonm
837 2989 938 3026 non
961 2973 1187 3026 dimittat
1212 2971 1262 3044 (1
1293 2971 1418 3027 Cor.
1450 2989 1546 3038 vn,
1589 2974 1696 3042 10).
1728 2973 1794 3028 Et

212 3065 360 3135 paulo
398 3072 528 3134 post
565 3083 578 3118 :
619 3062 1048 3134 Unumquemque
1082 3063 1216 3134 sicut
1258 3065 1455 3118 vocavit
1500 3064 1669 3128 Deus,
1714 3066 1788 3119 ita

1883 1867 2178 1924 masculum
2199 1876 2254 1921 et
2279 1865 2508 1922 feminas
2537 1865 2687 1930 fecit,
2720 1869 2862 1937 quod
2887 1884 2950 1923 ex
2980 1869 3221 1938 priorum
3244 1869 3466 1938 repudio

1883 1958 2264 2028 qmerebatur;
2317 1958 2412 2012 sed
2457 1957 2747 2012 masculum
2791 1969 2838 2012 ct
2872 1958 3159 2028 feminam,
3202 1969 3260 2013 ut
3303 1958 3465 2012 unius

1883 2051 2126 2124 conjugis
2163 2052 2434 2106 consortio
2472 2058 2800 2106 necteretur.
2841 2049 3058 2120 Propter
3097 2051 3195 2104 ltoc
3242 2051 3464 2104 dimittet

1883 2144 2038 2198 homo
2073 2151 2269 2213 patrem
2319 2158 2475 2195 suum
2514 2151 2562 2195 et
2608 2151 2864 2206 matrem,
2906 2152 2952 2194 et
2994 2141 3278 2196 adhaerebit
3309 2141 3469 2195 uxori

1885 2250 1994 2288 sum
2041 2231 2256 2302 (Matth.
2301 2247 2416 2296 xxx,
2464 2229 2542 2303 5).
2585 2229 2847 2285 Similiter
2875 2233 2950 2284 ait
2998 2248 3012 2282 :
3067 2229 3135 2284 Et
3183 2230 3469 2284 adhaerebit

1886 2325 2042 2379 uxori
2067 2340 2202 2389 sua’,
2227 2337 2335 2378 non
2357 2321 2638 2377 uxoribus.
2667 2321 2733 2374 Et
2763 2331 2914 2374 erunt
2935 2320 3040 2374 duo
3067 2321 3123 2374 in
3149 2337 3306 2374 carne
3338 2337 3466 2374 una.

1885 2415 2174 2470 Praemium
2223 2413 2536 2482 nuptiarum
2583 2420 2670 2466 est
2713 2427 2744 2466 e
2798 2412 3006 2466 duabus
3047 2427 3208 2465 unam
3251 2425 3470 2465 carnem

1889 2505 2026 2560 fieri.
2059 2504 2299 2560 Castitas
2319 2502 2508 2573 juncta
2543 2503 2776 2574 spiritui,
2803 2519 2944 2558 unus
2966 2501 3198 2557 ellieitur
3221 2501 3466 2572 spiritus.

1892 2595 2046 2662 Quod
2071 2611 2190 2666 ergo
2225 2595 2367 2650 Deus
2413 2594 2714 2664 conjunxit,
2744 2595 2898 2648 homo
2943 2610 3046 2648 non
3077 2603 3299 2664 separet.
3333 2593 3472 2646 Deus

1889 2685 2170 2756 conjunxit
2213 2701 2376 2740 unam
2419 2681 2936 2740 faciendo’carnem
2981 2683 3084 2737 viri
3129 2693 3184 2738 et
3235 2681 3471 2744 feminae,

1893 2779 2030 2832 hanc
2061 2777 2222 2832 homo
2260 2792 2368 2830 non
2397 2783 2576 2846 potest
2615 2789 2901 2845 separare,
2932 2775 3035 2830 nisi
3075 2774 3300 2828 forsitan
3333 2775 3475 2828 Deus

1893 2868 2058 2922 solus.
2107 2866 2278 2920 Homo
2326 2876 2586 2936 separat,
2635 2866 2852 2935 quando
2886 2875 3109 2935 propter
3142 2865 3468 2919 desiderium

1893 2960 2142 3015 secunda:
2179 2958 2365 3014 uxoris
2391 2958 2620 3029 primam
2649 2958 2892 3013 dimittit.
2923 2958 3065 3015 Deus
3093 2967 3344 3027 separat,
3383 2959 3471 3027 qui

1893 3059 1948 3108 et
1979 3049 2368 3119 coniunxerat,
2399 3049 2618 3118 quando
2653 3064 2718 3104 ex
2748 3063 3013 3104 consensu
3045 3056 3267 3118 propter
3295 3049 3469 3102 servi—

211 3156 477 3236 ambulet:
499 3156 638 3214 sicut
671 3155 725 3208 in
752 3153 989 3208 omnibus
1019 3153 1263 3209 Ecclesiis
1298 3155 1477 3208 doceo.
1510 3151 1790 3210 Circumci-

1892 3150 2060 3196 tutem
2085 3139 2202 3200 Dei.
2232 3154 2297 3194 eo
2325 3138 2470 3210 quod
2497 3147 2708 3210 tempus
2734 3139 2786 3194 in
2817 3147 2969 3194 arcto
2993 3138 3084 3203 sit,
3109 3139 3188 3193 sic
3213 3139 3474 3192 habemus

211 3265 291 3302 ius
327 3249 527 3319 aliquis
562 3259 777 3302 vocatus
805 3257 917 3312 est;
958 3263 1058 3301 non
1098 3246 1314 3300 inducat
1347 3248 1680 3333 praeputium.
1723 3247 1814 3312 In,

209 3338 460 3408 pra'putio
486 3337 684 3408 aliquis
712 3347 925 3392 vocat-us
949 3348 1023 3392 est
1041 3355 1058 3402 ;
1096 3354 1200 3392 non
1221 3339 1647 3394 circumcidatur.
1677 3339 1792 3394 Cir-

212 3430 458 3484 cumcisio
489 3429 624 3483 nihil
651 3439 756 3490 est,
786 3439 836 3482 et
867 3430 1180 3500 prwputium
1210 3429 1342 3485 nihil
1369 3441 1443 3485 est
1467 3472 1482 3495 ,
1509 3431 1598 3484 sed
1621 3431 1792 3486 observ

213 3523 337 3575 ratio
387 3522 766 3574 mandatorum
814 3520 935 3574 Dei.
986 3519 1350 3592 Unusquisque
1400 3523 1538 3576 enim
1586 3523 1642 3575 in
1688 3538 1792 3592 qua

213 3613 474 3666 mentione
506 3623 720 3666 vocatus
759 3623 868 3678 est,
906 3614 962 3667 in
1009 3630 1069 3668 ea
1109 3623 1411 3681 permaneat
1451 3613 1642 3686 (Ibid.,
1682 3614 1789 3687 Π).

211 3701 548 3775 Augustinus
584 3704 642 3758 in
678 3703 820 3760 libro
847 3705 927 3759 de
969 3719 1220 3760 sermone
1259 3705 1471 3760 Domini
1515 3705 1568 3760 in
1614 3715 1796 3760 moulc

214 3794 341 3862 (Lib.
375 3812 465 3860 ιιι,
499 3813 616 3866 cap.
648 3796 734 3868 Μ)
770 3815 782 3852 :
823 3817 842 3848 ‹
875 3797 1085 3852 Dictum
1112 3805 1198 3852 est
1231 3805 1410 3852 autem
1441 3815 1452 3851 :
1489 3796 1797 3867 Quicunque

212 3888 466 3941 dimiserit
485 3906 701 3943 uxorem
723 3907 900 3955 suam,
923 3890 1005 3944 det
1029 3889 1106 3942 illi
1121 3888 1350 3944 libellum
1367 3891 1566 3961 repudii
1579 3891 1792 3962 (Matth.

213 3995 258 4040 τ,
283 3979 407 4050 3i).
437 3979 564 4034 llaec
580 3980 796 4050 justitia
826 3981 1002 4034 minor
1021 3988 1106 4035 est
1127 3979 1546 4046 Pharisatorum,
1575 3981 1660 4036 cui
1691 3997 1797 4040 non

215 4081 287 4126 est
313 4073 662 4127 contrarium
690 4073 834 4142 quod
864 4072 995 4127 dicit
1021 4071 1282 4126 Dominus
1311 4091 1324 4125 :
1355 4071 1467 4143 Ego
1489 4083 1663 4127 autem
1682 4074 1798 4127 dico

217 4164 387 4224 tabis,
438 4162 739 4233 quicunque
787 4161 1043 4216 dimiserit
1096 4178 1311 4216 uxorem
1355 4178 1540 4225 suam,
1587 4173 1798 4232 excepta

216 4269 363 4306 causa
395 4252 794 4322 fornicationis,
823 4251 1141 4316 moechatur,
1175 4261 1222 4304 et
1257 4251 1346 4322 qui
1378 4250 1602 4305 solutam
1632 4267 1664 4302 a
1691 4251 1800 4302 viro

216 4343 441 4408 duxerit,
469 4344 762 4401 attrahatur
793 4343 977 4414 (lbid.,
1077 4339 1146 4396 3'2
1174 4343 1214 4416 ).
1242 4343 1358 4400 Non
1379 4344 1523 4398 enim
1547 4343 1637 4414 qui
1665 4360 1800 4412 prie-

216 4437 350 4504 Crpit
389 4435 517 4489 dari
552 4435 790 4490 libellum
832 4435 1073 4502 repudii,
1112 4439 1213 4490 hoc
1249 4433 1536 4508 prmcepit,
1573 4444 1630 4487 ut
1665 4451 1801 4488 uxor

217 4527 552 4592 dimittatur;
579 4528 694 4590 sed,
726 4527 816 4596 qui
843 4515 1118 4590 dimiserit,
1147 4527 1335 4596 inquit,
1361 4527 1444 4580 det
1467 4525 1546 4580 illi
1567 4525 1796 4579 libellum

217 4619 456 4682 repudii:
481 4625 540 4671 ut
571 4617 913 4672 iracundiam
942 4618 1282 4674 temerariam
1311 4616 1643 4686 projicientis
1672 4632 1800 4671 uxo.

221 4725 354 4772 rem,
400 4709 570 4763 libelli
612 4709 870 4778 cogitatio
913 4717 1258 4778 temperaret.
1301 4707 1400 4778 Qui
1447 4724 1577 4780 ergo
1617 4709 1794 4763 dimit-

215 4801 354 4852 ιιιςιείί
395 4816 610 4854 moram
650 4800 932 4870 qumivit,
968 4800 1290 4871 significavit
1329 4811 1589 4870 quantum
1624 4801 1798 4870 potuit

223 4889 380 4946 dris
397 4891 740 4953 hominibus,
767 4905 826 4944 se
845 4892 987 4946 nolle
1005 4893 1307 4947 dissidium.
1329 4892 1394 4947 Et
1413 4894 1534 4946 ideo
1554 4895 1665 4963 ipse.
1690 4896 1794 4949 Do-

229 4985 408 5036 minus
431 4983 542 5036 niin
561 4983 680 5036 loco
698 4983 1078 5052 interrogatus.
1099 4987 1170 5040 ita
1193 4985 1499 5054 respondit:
1519 4986 1625 5040 Hoc
1645 4987 1792 5058 Moy-

223 5092 300 5128 ses
317 5085 540 5142 propter
555 5075 812 5127 duritiam
828 5077 998 5128 cordis
1021 5078 1170 5128 uestri
1190 5077 1308 5145 fecit
1329 5077 1543 5142 (.llrtttli.
1583 5095 1686 5133 xix.
1712 5081 1790 5137 8).

214 5162 579 5227 Qantnmvis
616 5163 762 5217 enim
799 5163 968 5219 durus
1004 5173 1147 5220 esset
1186 5165 1279 5236 qui
1327 5164 1488 5220 vellet
1527 5166 1800 5220 dimittere

213 5265 441 5306 uxorem
461 5292 477 5316 ,
508 5267 634 5309 cum
659 5255 924 5324 cogitaret
948 5256 1126 5315 libello
1153 5257 1358 5328 repudii
1387 5258 1512 5311 dato
1537 5255 1652 5324 jam
1682 5259 1801 5314 sine

213 5341 460 5410 periculo
480 5329 604 5399 eam
639 5361 805 5417 posse
833 5346 989 5402 alteri
1020 5349 1256 5411 nubere,
1286 5347 1445 5405 facile
1467 5348 1796 5418 placaretur.

213 5431 477 5492 Domime
510 5450 646 5508 ergo
671 5439 741 5493 ad
766 5439 896 5494 illud
927 5439 1352 5495 confirmandum
1377 5479 1392 5504 ,
1507 5457 1610 5496 non
1641 5441 1801 5498 facile

215 5541 349 5583 uxor
385 5530 712 5600 dimittatur,
759 5533 932 5590 solam
973 5543 1190 5590 causam
1232 5512 1604 5592 fornicationis
1645 5553 1800 5593 cxce-

213 5623 286 5690 pit
317 5639 332 5674 :
367 5633 602 5680 cauet-as
629 5642 760 5681 vero
787 5627 1066 5681 universas
1098 5625 1389 5691 molestias,
1419 5627 1463 5681 si
1489 5644 1606 5696 qua:
1637 5632 1800 5683 exsti-

219 5718 382 5772 terint
403 5757 422 5784 ,
441 5717 594 5788 jubet
620 5737 722 5792 pro
747 5720 852 5776 fidc
879 5717 1175 5796 conjugali,
1201 5728 1256 5775 et
1289 5733 1388 5793 pro
1415 5721 1658 5778 castitate
1687 5725 1797 5780 fur-

1891 3247 2092 3288 uxores
2115 3231 2270 3302 quasi
2315 3246 2424 3286 non
2459 3231 2740 3287 habentes.
2779 3231 2974 3286 Dicunt
3025 3231 3124 3296 illi,
3168 3229 3310 3297 Quid
3352 3247 3474 3301 ergo

1895 3323 2164 3377 mandavit
2198 3321 2405 3394 Moyses
2433 3321 2554 3375 dari
2581 3321 2814 3376 libellum
2857 3323 3095 3392 repudii,
3142 3332 3188 3376 et
3219 3323 3478 3377 dimittere
3515 3333 3522 3340 ‘

1895 3413 2081 3487 (lbid.,
2111 3411 2482 3486 7)?Aperiuut
2503 3411 2826 3466 calumniam
2849 3427 3011 3483 quam
3038 3421 3381 3482 paraverant.
3414 3412 3478 3465 Et

1894 3515 2042 3562 certe
2088 3504 2346 3560 Dominus
2392 3517 2499 3558 non
2553 3503 2826 3573 propriam
2877 3503 3198 3558 sententiam
3238 3501 3476 3572 pratulo-

1893 3606 1998 3665 rat,
2029 3598 2124 3653 sed
2155 3597 2356 3652 veteris
2387 3595 2627 3650 historiae
2647 3635 2663 3658 ,
2691 3603 2748 3650 et
2777 3596 3150 3648 mandatorum
3184 3593 3358 3648 fuerat
3385 3610 3472 3647 rc-

1895 3689 2160 3754 cordatus,
2192 3687 2286 3742 Dei
2331 3705 2345 3745 :
2393 3687 2482 3741 Ait
2518 3685 2626 3740 illis
2657 3699 2675 3738 :
2709 3685 2971 3752 Quoniam
3002 3683 3209 3755 Moyses
3231 3689 3298 3736 ad
3327 3683 3477 3737 duri-

1895 3783 2024 3836 tiam
2069 3779 2241 3834 cordis
2284 3779 2436 3858 aestri
2489 3779 2724 3849 permisit
2777 3777 2920 3831 vobis
2961 3777 3224 3830 dimittere
3281 3793 3472 3830 uirores

1897 3883 2124 3937 uestras;
2150 3871 2212 3925 ab
2243 3873 2391 3925 initio
2426 3880 2600 3924 autem
2627 3886 2732 3924 non
2769 3869 2869 3938 fuit
2903 3869 2978 3922 sic
3001 3867 3166 3938 (Ibid.
3199 3867 3276 3938 8).
3321 3867 3474 3934 Quod

1897 3969 2028 4022 dicit
2055 3967 2210 4022 istius
2241 3966 2384 4021 modi
2411 3974 2528 4020 est:
2557 3963 2806 4034 Nunquid
2834 3972 3010 4034 potest
3053 3963 3313 4016 Dominus
3368 3959 3472 4013 sibi

1895 4073 2016 4112 esse
2041 4057 2346 4112 contrarius
2370 4097 2386 4120 ,
2431 4065 2492 4109 ut
2525 4055 2670 4110 aliud
2711 4067 2834 4110 ante
2866 4053 3122 4122 jusserit,
3161 4061 3216 4108 et
3255 4061 3470 4107 scuteu‘

1899 4150 2027 4204 tiam
2057 4163 2208 4202 suam
2241 4143 2378 4200 novo
2409 4147 2623 4218 frangat
2667 4145 2928 4216 imperio?
2975 4143 3089 4199 Non
3127 4145 3198 4198 ita
3231 4142 3494 4196 seutien-r

1899 4239 2024 4292 dum
2051 4247 2133 4293 est
2166 4256 2178 4294 :
2213 4238 2306 4292 sed
2338 4237 2550 4308 Moyses
2596 4253 2718 4291 cum
2765 4236 2972 4290 videret
3017 4245 3238 4306 propter
3268 4233 3382 4290 desi
3405 4235 3480 4286 le-

1900 4331 2048 4386 rium'
2066 4329 2424 4387 secundarum
2457 4325 2764 4398 conjugum,
2789 4343 2908 4397 quae
2926 4327 3008 4381 vel
3034 4327 3255 4382 ditiores
3288 4327 3372 4383 vel
3391 4327 3478 4396 ju-

1901 4425 2098 4486 niores,
2124 4421 2206 4476 vel
2230 4421 2562 4492 pulchriores
2587 4429 2784 4484 essent,
2820 4419 2947 4474 alibi
2978 4418 3250 4491 indulgere
3275 4421 3484 4490 primas

1829 4495 1873 4554 υ
1901 4531 2120 4581 uxores,
2149 4522 2240 4569 aut
2268 4513 2522 4577 interfici,
2552 4523 2645 4568 aut
2673 4513 2868 4568 malam
2895 4513 3059 4566 vitam
3089 4513 3288 4570 ducere
3313 4531 3328 4570 :
3365 4531 3481 4570 ma-

1899 4607 1998 4661 luit
2023 4606 2358 4660 intercedere
2382 4604 2728 4667 discordiam,
2757 4618 2919 4673 quam
2949 4603 3070 4658 odia
3097 4613 3154 4659 et
3185 4605 3476 4660 homicidia

1895 4713 2261 4768 perseverare.
2306 4716 2324 4747 ι
2359 4697 2427 4751 Et
2455 4696 2612 4768 paulo
2638 4704 2761 4766 post
2794 4710 2810 4750 :
2843 4715 2859 4747 ι
2889 4695 3084 4750 Dicunt
3110 4697 3158 4750 ei
3186 4697 3430 4767 discipuli
3457 4711 3476 4750 :

1898 4787 1955 4842 Si
1985 4789 2058 4840 ita
2083 4797 2158 4842 est
2199 4803 2361 4840 causa
2393 4787 2620 4840 hominis
2649 4802 2764 4842 cum
2796 4802 2978 4850 uxore,
3010 4803 3114 4842 non
3136 4789 3342 4858 ear-pedit
3381 4805 3479 4842 nu-

1897 4877 2032 4932 bere.
2079 4876 2256 4932 Grave
2283 4876 2491 4945 pondus
2536 4886 2618 4930 est
2649 4892 2899 4940 uxorum,
2953 4877 3270 4946 si,excepta
3315 4893 3478 4933 causa

1900 4968 2300 5032 forniuitioais,
2339 4983 2434 5022 eas
2462 4983 2565 5021 non
2593 4966 2715 5021 licet
2749 4967 3038 5024 dimittere.
3088 4967 3226 5035 Quid
3253 4969 3395 5023 enim
3432 4968 3478 5031 si

1901 5061 2196 5116 temulenta
2225 5060 2420 5123 fuerit,
2453 5058 2499 5112 si
2529 5056 2784 5113 iracunda
2805 5098 2818 5119 ,
2851 5058 2898 5114 si
2938 5058 3096 5114 malis
3141 5059 3398 5117 moribus,
3431 5058 3477 5114 si

1897 5153 2196 5214 luxuriosa,
2223 5151 2268 5206 si
2295 5149 2512 5221 gulosa,
2546 5149 2592 5202 si
2620 5164 2753 5218 vaga
2781 5189 2797 5212 ,
2828 5148 3155 5220 sijurgatrix
3179 5185 3193 5210 ,
3227 5154 3283 5200 et
3311 5145 3478 5200 male-

1903 5243 2054 5308 dica;
2083 5241 2380 5297 istiusmodi
2411 5240 2792 5294 tenendaerit?
2824 5239 3048 5294 velimus
3075 5235 3328 5301 nolimus,
3352 5250 3472 5291 sus‘

1902 5334 2120 5393 linenda
2145 5341 2246 5388 est.
2293 5352 2311 5383 ι

1973 5448 2048 5503 Ex
2087 5446 2498 5502 evidentissimis
2527 5447 2740 5502 indiciis
2780 5445 3185 5514 comprobatum
3220 5451 3305 5498 est
3345 5459 3476 5500 uxo-

1903 5557 2011 5605 res,
2039 5539 2139 5594 nisi
2166 5553 2324 5593 causa
2346 5539 2714 5594 fornicationis
2737 5535 3143 5600 interveniente,
3171 5535 3476 5605 penitusdi-

1905 5631 2046 5686 mitti
2081 5645 2181 5684 nec
2222 5643 2376 5700 posse
2400 5671 2413 5694 ,
2459 5647 2558 5685 nec
2591 5631 2806 5684 debere.
2856 5627 3009 5682 Sicut
3031 5627 3178 5698 enim
3207 5629 3304 5683 viri
3334 5628 3480 5688 nulla

1907 5720 2228 5778 adversitatc
2268 5720 2421 5779 fructi
2448 5762 2464 5788 ,
2497 5721 2638 5776 nulla
2673 5719 2998 5778 adversitate
3024 5720 3264 5794 corporis
3289 5734 3478 5777 corru-
