4030 6190
496 298 586 352 191

1554 295 1741 354 ιοΝέΕ
1782 298 2331 357 AURELIA‘NENSIS
2368 301 2671 360 EPISCOPI

3629 306 3728 361 192

487 413 598 482 pti,
629 426 698 467 an
723 411 981 466 uxoribus
1005 410 1119 464 suis
1155 425 1215 465 se
1260 409 1537 479 patiuntur
1582 411 1815 476 dimitti,
1845 422 1939 466 aut
1967 427 2061 466 ne—
2086 414 2139 473 Α
2164 424 2373 469 nerent.
2423 416 2661 485 Denique
2688 425 2898 471 mortuo
2928 406 3060 482 viro,
3098 433 3349 486 cumquo
3374 432 3555 471 vermn
3589 436 3725 474 cou-

487 506 644 578 gligi;
685 506 758 560 ita
793 504 1138 560 nihilominus
1168 513 1391 574 propter
1416 504 1678 573 quasdam
1706 505 2058 560 adversitates

485 608 542 652 et
566 597 920 659 calamitates,
953 594 1078 657 nisi,
1109 601 1168 647 ut
1196 594 1529 663 praemissum
1557 602 1660 659 est,
1701 609 1863 649 causa
1893 593 2059 648 forni-

484 685 735 745 cationis,
775 684 875 738 viri
924 698 1121 737 uxores
1162 698 1286 737 suas
1327 682 1614 748 dimittere,
1651 691 1745 737 aut
1787 684 2057 755 negligere

483 775 601 829 sine
628 773 867 845 periculo
893 774 1085 827 anima:
1118 788 1228 827 suae
1253 788 1358 827 non
1388 782 1632 842 possunt.
1678 774 1748 828 Et
1781 775 1923 830 sicut
1958 790 2058 844 pu-

482 864 617 918 dicis
650 871 704 919 et
740 863 981 918 honestis
1005 861 1219 917 feminis
1242 864 1406 916 moris
1428 872 1512 917 est
1528 902 1543 927 ,
1567 863 1806 918 virorum
1835 880 2054 920 suorum

483 954 867 1007 infirmantium
889 994 904 1017 ,
939 961 995 1007 et
1020 952 1176 1022 longa
1207 952 1527 1022 aegritudine
1554 952 1945 1009 tabescentium
1974 955 2052 1010 le-

480 1043 638 1098 ctulis
668 1041 866 1112 iugiter
894 1042 1150 1103 assidere,
1181 1041 1369 1109 eisque
1406 1041 1678 1106 famulari,
1707 1052 1762 1097 et
1789 1058 1888 1113 pro
1922 1044 2056 1100 viri-

479 1132 580 1186 bus
613 1131 898 1203 opitulari,
929 1140 985 1186 et
1012 1132 1064 1185 in
1104 1131 1251 1185 nullo
1282 1148 1313 1185 a
1339 1131 1634 1203 coniugalis
1664 1134 1804 1188 tbori
1832 1134 1935 1189 fide
1963 1136 2053 1190 de-

482 1221 671 1285 ficere;
703 1222 778 1275 ita
823 1237 1045 1292 prorsus
1071 1221 1246 1285 decet,
1293 1230 1347 1276 et
1381 1221 1704 1277 Christiana:
1731 1223 2050 1293 professioni

479 1312 754 1382 congruit,
788 1321 847 1367 ut
878 1312 978 1366 viri
1007 1312 1250 1367 eamdem
1296 1313 1468 1367 vicem
1518 1315 1780 1370 uxoribus
1820 1316 1932 1371 suis
1966 1331 2052 1371 re-

479 1406 735 1474 pendant.

1061 1496 1287 1553 CAPUT
1324 1497 1461 1552 XIII.

480 1606 636 1688 Quod
677 1608 732 1660 lii
755 1610 856 1689 qui
897 1623 1056 1689 causa
1088 1608 1479 1689 fornicationis,
1522 1610 1753 1689 dimissis
1796 1612 2047 1689 uxoribus

2158 504 2380 561 nubium
2412 506 2532 572 fuit,
2562 508 2679 563 lieri
2704 523 2888 562 verum
2919 509 3243 563 connubium
3270 517 3441 578 potest
3473 524 3728 580 cumquo

2154 597 2305 667 prius
2325 599 2647 654 adulterium
2676 599 2795 654 fuit.
2821 599 2899 654 Ita
2928 609 3108 655 manet
3139 602 3280 655 inter
3303 603 3543 657 viventes
3561 606 3726 673 quod-

2155 687 2278 740 dam
2308 688 2580 743 vinculum
2621 689 2920 760 coniugale,
2961 691 3100 759 quod
3147 707 3244 745 nec
3290 693 3578 761 separatio,
3623 709 3723 748 nec

2153 793 2274 832 eum
2299 778 2540 833 adultero
2572 779 2839 848 cepulatio
2872 780 3042 850 possit
3081 780 3309 835 auferre.
3345 800 3361 832 ι
3402 781 3534 836 Item
3578 784 3722 838 idem

2153 870 2219 924 de
2259 869 2520 926 Sermone
2561 871 2771 925 Domini
2809 872 2863 925 in
2910 880 3091 926 monte
3136 870 3270 943 (Lib.
3323 888 3379 936 ι,
3424 889 3536 941 cap.
3588 873 3718 944 li):

2123 962 2418 1016 «Moechum
2460 963 2593 1018 dicit
2623 962 2830 1029 virum,
2862 964 2952 1034 qui
2978 978 3097 1017 eam
3125 963 3366 1028 duxerit,
3400 980 3521 1034 qua:
3547 965 3721 1020 soluta

2151 1062 2235 1108 est
2281 1055 2493 1110 a'viro.
2545 1055 2642 1109 Cui
2688 1056 2766 1110 rei
2806 1052 3092 1125 Apostolus
3139 1056 3428 1110 terminum
3463 1058 3717 1123 ostendit,

2150 1145 2277 1213 quia
2314 1145 2498 1200 tandiu
2552 1146 2683 1200 dicit
2729 1146 3154 1212 observandum,
3202 1147 3436 1216 quandiu
3483 1148 3569 1202 vir
3602 1147 3724 1216 ejus

2149 1234 2283 1289 vivit
2311 1252 2323 1287 :
2353 1235 2444 1290 illo
2468 1245 2646 1291 autem
2671 1246 2902 1302 mortuo,
2933 1238 3025 1292 dat
3054 1239 3285 1293 nubendi
3308 1238 3602 1293 licentiam.
3646 1260 3665 1291 ι

2219 1325 2332 1381 Hoc
2374 1327 2538 1397 igitur
2568 1336 2773 1382 tantum
2814 1327 2964 1384 nefas
3017 1337 3207 1385 contra
3252 1338 3578 1400 praeceptum
3614 1332 3719 1385 Do-

2149 1416 2279 1471 mini
2329 1424 2386 1472 et
2420 1417 2716 1474 Salvatoris
2749 1420 2917 1474 nostri
2959 1418 3086 1474 Jesu
3130 1419 3371 1485 Christi,
3414 1421 3482 1476 de
3536 1422 3717 1476 dimit-

2151 1510 2325 1565 tendis
2356 1506 2633 1577 uxoribus,
2673 1521 2728 1566 et
2771 1512 2895 1567 aliis
2946 1512 3223 1578 ducendis,
3269 1513 3389 1567 ideo
3434 1513 3719 1569 inolevisse

2149 1603 2368 1658 dubium
2408 1621 2513 1659 non
2553 1612 2675 1669 est;
2727 1604 2978 1674 quoniam
3018 1604 3235 1659 nefandi
3284 1605 3417 1659 tanti
3473 1605 3719 1661 criminis

545 1674 654 1765 illi}
674 1717 689 1741 ν
714 1674 848 1765 ᾳιίᾷδ
878 1678 1074 1732 ducum
1088 1674 1127 1744 ’,ο
1153 1676 1367 1732 Ποπιίηὶ
1393 1681 1649 1735 Sententia
1682 1681 1908 1736 αάυίτενί
1938 1700 2049 1737 ϐεδε
2078 1757 2119 1765 ᾧ
2148 1703 2459 1765 operatores
2486 1694 2827 1751 severissima
2850 1695 3103 1750 canonica
3135 1703 3460 1758 ceusura,ut
3485 1704 3715 1764 oportet,

548 1757 814 1801 notantur.

543 1882 695 1950 Quod
717 1882 808 1952 qui
839 1897 1060 1937 uxorem
1088 1898 1259 1949 suam,
1291 1893 1515 1956 excepta
1547 1901 1712 1942 causa
1735 1887 2046 1943 fornicatio-

475 1974 576 2038 nis,
604 1974 885 2038 dimiserit,
913 1981 968 2028 et
988 1974 1148 2028 aliam
1175 1975 1409 2042 duxerit,
1441 1978 1686 2033 mtechus
1711 1979 1780 2033 sit
1818 1996 1831 2032 :
1869 1988 1925 2034 et
1950 1982 2041 2048 qui

474 2064 749 2119 dimissam
773 2065 1009 2128 duxerit,
1041 2067 1200 2121 simili
1232 2069 1392 2123 modo
1424 2070 1669 2125 moechus
1691 2071 1780 2135 sit,
1808 2080 1864 2128 et
1889 2087 2048 2142 supe-

477 2156 588 2209 rius
614 2170 677 2210 ex
702 2156 912 2210 Domini
949 2158 1212 2211 sententia
1242 2158 1597 2226 declaratum,
1635 2171 1691 2216 et
1736 2162 1790 2216 in
1827 2164 1930 2218 hoc
1957 2179 2048 2219 ca-

475 2244 643 2314 pitulo
682 2261 789 2301 non
819 2261 883 2301 ex
917 2246 1184 2317 superﬂuo
1212 2257 1295 2303 est
1331 2249 1716 2319 replicandum.
1761 2251 2047 2322 Apostolus

472 2351 688 2407 quoque
716 2337 834 2391 ait:
873 2336 1027 2403 Quod
1068 2339 1115 2392 si
1149 2338 1443 2393 discesserit
1478 2341 1695 2407 mulier,
1734 2359 1943 2398 manere
1966 2345 2049 2398 in-

472 2436 707 2496 nuptam,
732 2438 823 2481 aut
844 2429 955 2481 viro
993 2445 1088 2482 suo
1116 2428 1447 2483 reconciliari
1473 2427 1525 2502 (Ι
1552 2427 1676 2484 Cor.
1706 2431 1825 2503 vn).
1860 2432 2048 2487 Hiero-

475 2532 666 2587 nymus
687 2518 849 2571 etiam
876 2517 928 2571 in
966 2517 1383 2574 Commentariis
1420 2518 1657 2576 Matthati
1707 2522 2047 2592 evangelista:

475 2603 627 2679 (Cap.
655 2608 742 2679 19)
777 2627 790 2663 :
824 2628 842 2660 ‹
875 2608 1010 2675 Quia
1053 2617 1286 2679 poterat,
1331 2610 1526 2680 inquit,
1571 2612 1815 2667 accndere
1860 2620 1919 2666 ut
1957 2613 2048 2667 ali-

475 2696 596 2766 quis
638 2698 961 2753 calumniam
1007 2698 1207 2755 faoeret
1236 2699 1542 2766 innocenti,
1570 2710 1624 2755 et
1660 2701 1730 2757 ob
1758 2701 2045 2758 secundam

472 2788 716 2858 copulam
751 2780 1069 2860 nuptiarum
1104 2791 1274 2846 veteri
1318 2791 1523 2845 crimen
1567 2792 1926 2863 impingeret;
1967 2795 2047 2849 sic

474 2877 704 2947 priorem
752 2877 1022 2934 dimittere
1066 2878 1288 2948 iubetur
1330 2895 1553 2935 uxorem
1580 2921 1595 2946 ,
1644 2889 1708 2935 ut
1755 2882 2045 2937 secundum

472 2966 646 3034 prima
679 2967 892 3022 vivente
943 2985 1049 3023 non
1092 2970 1306 3023 habeat.
1347 2968 1500 3036 Quod
1544 2970 1691 3025 enim
1733 2972 1883 3033 dicit,
1942 2972 2047 3026 tale

477 3067 558 3113 est
586 3076 599 3111 :
633 3058 691 3113 Si
720 3075 825 3114 non
849 3069 1067 3128 propter
1090 3060 1390 3127 libidinem,
1423 3062 1515 3116 sed
1552 3054 1772 3132 prduter
1797 3062 2044 3132 iniuriam
2073 3097 2117 3160 Ο

472 3148 699 3203 dimittis
746 3163 992 3213 uxorem,
1037 3165 1205 3219 quare
1261 3158 1517 3221 expertus
1563 3150 1803 3207 infelices
1834 3152 2043 3223 priores

473 3238 708 3309 nuptias,
729 3255 987 3295 novarum
1008 3248 1059 3294 te
1079 3240 1324 3295 immittis
1347 3240 1623 3310 periculo?
1652 3239 1762 3297 Nec
1784 3258 1889 3296 non
1917 3244 2042 3313 quia

473 3340 684 3401 poterat
720 3327 960 3397 evenire,
993 3341 1054 3385 ut
1076 3331 1231 3401 iuxta
1257 3334 1503 3388 eamdem
1545 3332 1715 3402 legem
1747 3349 1883 3388 uxor
1912 3349 2045 3403 quo-

473 3439 576 3493 que
604 3423 798 3478 marito
817 3422 970 3478 daret
1000 3424 1277 3493 repudium
1309 3443 1321 3478 :
1353 3425 1542 3479 eadem
1565 3425 1773 3480 cautela
1801 3426 2044 3495 praecipi-

474 3525 580 3582 tur,
620 3530 688 3571 ne
708 3516 1001 3572 secundum
1031 3517 1262 3588 accipiat
1287 3518 1481 3572 virum.
1514 3519 1581 3572 Et
1605 3519 1730 3589 quia
1761 3520 2040 3585 meretrix,

470 3615 526 3660 ct
551 3621 670 3675 qua:
694 3605 859 3662 semel
884 3606 1061 3662 fuerat
1097 3608 1417 3673 adulterata,
1455 3610 1803 3678 opprobrium
1838 3624 1944 3663 non
1975 3611 2042 3664 ti-

474 3699 674 3761 mebat,
691 3697 925 3752 secundo
951 3698 1259 3768 praecipitur
1283 3698 1418 3763 viro,
1448 3699 1589 3768 quod
1608 3698 1657 3753 si
1687 3699 1850 3754 talem
1880 3700 2044 3754 duxe-

474 3788 562 3849 rit,
586 3787 686 3842 sub
710 3788 955 3843 adulterii
986 3788 1211 3843 crimine
1232 3788 1321 3843 sit.
1353 3807 1372 3839 ›
1395 3788 1722 3859 Augustinus
1743 3789 1795 3843 in
1820 3788 1955 3843 libro
1976 3788 2043 3842 ad

474 3878 744 3933 Valerium
773 3886 961 3932 contra
996 3877 1269 3949 Pelagium
1300 3890 1325 3918 ι
1359 3895 1373 3931 :
1409 3896 1427 3927 ‹
1477 3875 1587 3932 Hoc
1633 3877 1776 3932 enim
1806 3878 2044 3933 custodi-

472 3985 559 4026 tur
592 3972 645 4025 in
671 3970 887 4028 Christo
914 3980 971 4025 et
996 3970 1049 4024 in
1086 3970 1345 4035 Ecclesia,
1371 3977 1432 4024 ut
1454 3969 1642 4025 vivens
1671 3984 1793 4024 cum
1829 3970 2043 4025 vivente

471 4066 523 4118 in
554 4072 815 4119 aeternum
845 4063 991 4118 nullo
1022 4063 1253 4118 divortio
1296 4072 1577 4132 separetur
1615 4080 1629 4116 :
1670 4061 1823 4130 cuius
1856 4078 2042 4117 sacra-

472 4154 639 4209 menti
670 4162 819 4208 tanta
848 4154 1155 4209 observatio
1184 4161 1269 4207 est
1301 4153 1355 4206 in
1395 4152 1614 4207 civitate
1654 4152 1748 4206 Dei
1777 4152 1947 4207 nostri
1985 4150 2039 4205 in

469 4256 651 4301 monte
688 4254 876 4300 sancto
932 4243 1046 4313 eius
1076 4284 1090 4309 ,
1129 4245 1232 4299 hoc
1278 4251 1362 4298 est
1413 4244 1467 4298 in
1525 4243 1761 4298 Ecclesia
1807 4240 2041 4307 Christi,

471 4336 771 4407 quibusque
837 4334 1083 4389 ﬁdelibus
1152 4332 1488 4403 coniugatis,
1546 4335 1638 4403 qui
1708 4335 1824 4389 sine
1882 4333 2043 4389 dubio

473 4426 711 4481 membra
742 4433 868 4480 sunt
895 4424 1127 4489 Christi,
1158 4433 1218 4479 ut
1248 4438 1370 4479 cum
1409 4424 1642 4480 filiorum
1674 4425 2031 4495 procreando-
2062 4444 2110 4503 ι)
2132 4437 2388 4492 Dominus
2438 4435 2494 4488 in
2549 4430 2957 4487 Deuteronomio
2996 4428 3141 4484 dicat
3199 4446 3213 4481 :

477 4533 593 4570 rum
622 4530 786 4571 causa
820 4514 905 4569 vel
928 4514 1135 4569 nubant
1152 4513 1361 4569 femina:
1377 4554 1391 4578 ,
1414 4513 1499 4568 vel
1524 4515 1787 4568 ducantur
1808 4528 2029 4579 uxores,

472 4622 573 4662 nec
597 4605 834 4662 sterilem
857 4602 1138 4675 coniugem
1167 4603 1249 4658 fas
1279 4604 1347 4659 sit
1375 4604 1696 4674 relinquere,
1722 4613 1783 4658 ut
1815 4604 1919 4658 alia
1957 4604 2037 4658 fe-

468 4699 641 4754 cunda
671 4699 913 4753 ducatur.
961 4697 1111 4764 Quod
1136 4697 1181 4751 si
1208 4697 1497 4768 quisquam
1527 4695 1745 4762 fecerit,
1780 4711 1886 4750 non
1921 4696 2037 4767 lege

473 4789 634 4861 huius
669 4789 870 4855 saeculi,
898 4790 989 4843 ubi
1020 4789 1410 4844 interveniente
1438 4787 1657 4858 repudio
1676 4788 1793 4842 sine
1815 4787 2039 4841 crimine

470 4886 787 4941 conceditur
827 4900 950 4941 cum
978 4883 1099 4940 aliis
1126 4883 1230 4937 alia
1262 4882 1514 4953 copulare
1545 4883 1809 4938 connubia
1840 4901 1852 4936 :
1896 4883 2038 4952 quod

470 4975 634 5032 etiam
670 4973 962 5029 secundum
989 4972 1205 5044 Moysen
1243 4972 1501 5027 Dominus
1537 4981 1758 5043 propter
1782 4971 2036 5027 duritiam

468 5064 647 5121 cordis
667 5063 878 5119 illorum
904 5061 1158 5119 lsraelitis
1178 5062 1483 5133 permisisse
1508 5070 1771 5117 testatur:
1803 5061 1897 5118 sed
1921 5061 2038 5132 lege

472 5156 745 5228 Evangelii
776 5169 898 5211 reus
925 5163 1005 5210 est
1042 5154 1322 5220 adulterii;
1352 5155 1493 5210 sicut
1515 5155 1672 5209 etiam
1708 5155 1847 5224 ipsa,
1881 5155 1928 5210 si
1959 5154 2037 5208 al-

472 5250 571 5304 teri
611 5248 883 5319 nupserit;
915 5256 969 5302 et
994 5262 1161 5318 usque
1200 5247 1334 5302 adeo
1367 5253 1589 5301 manent
1623 5246 1765 5300 inter
1793 5246 2034 5302 viventes

471 5340 636 5397 semel
670 5341 804 5396 inita
827 5341 951 5411 iura
981 5340 1308 5410 nuptiarum,
1346 5346 1407 5393 ut
1442 5339 1622 5410 potius
1659 5339 1767 5393 sint
1805 5338 1945 5392 inter
1980 5352 2040 5392 se

472 5428 756 5501 coniuges,
780 5431 872 5501 qui
900 5431 967 5485 ab
992 5430 1253 5485 alterutro
1289 5431 1523 5500 separati
1548 5439 1693 5493 sunt,
1723 5443 1886 5499 quam
1912 5444 2034 5484 cum

474 5519 578 5584 his,
597 5521 791 5590 quibus
812 5522 931 5577 aliis
967 5522 1323 5577 adhaeserunt.
1358 5521 1491 5575 Cum
1518 5521 1639 5575 aliis
1664 5521 1859 5590 quippe
1887 5520 2036 5575 adul-

476 5610 576 5668 teri
601 5626 707 5666 non
729 5622 934 5677 essent,
958 5612 1065 5666 nisi
1088 5612 1156 5667 ad
1196 5613 1512 5666 alterutrum
1543 5610 1797 5683 coniuges
1826 5627 2038 5681 perma-

546 5737 572 5767 ι
614 5724 687 5781 Dc
711 5724 873 5794 Nupt.
902 5737 955 5780 et
980 5726 1240 5797 Concup.,
1273 5741 1389 5795 cap.
1424 5724 1503 5778 ll).

2077 1757 2123 1818 Β
2149 1801 2255 1840 non
2285 1774 2666 1856 percelluntur.
2700 1785 2777 1840 De
2802 1801 2907 1855 qua
2929 1800 2989 1840 re
3014 1786 3086 1839 ita
3112 1785 3454 1840 Innocentius
3486 1800 3620 1854 papa
3660 1787 3714 1840 in

2148 1876 2503 1931 decretalibus
2537 1876 2566 1915 ι)
2605 1876 2838 1931 scribit:
2885 1895 2904 1927 ι
2949 1874 3026 1929 De
3060 1875 3145 1930 his
3168 1875 3352 1939 etiam,
3394 1875 3584 1944 inquit,
3625 1891 3714 1929 rc-
3788 1914 3809 1929 .

2145 1966 2365 2035 quisivit
2390 1966 2608 2021 dilectio
2628 1973 2753 2029 tua,
2783 1965 2875 2034 qui
2904 1966 3295 2019 interveniente
3337 1964 3557 2033 repudio
3595 1964 3718 2019 aliis

2146 2075 2205 2113 se
2251 2057 2593 2111 matrimonio
2627 2057 2976 2127 copularunt;
3019 2071 3155 2124 quos
3201 2054 3254 2108 in
3288 2062 3517 2122 utraque
3561 2062 3716 2124 parte

2147 2149 2419 2204 adulteros
2445 2164 2566 2204 esse
2598 2146 2940 2202 manifestum
2965 2155 3067 2201 est.
3096 2145 3196 2211 Qui
3236 2161 3363 2200 vero
3392 2145 3475 2198 vel
3503 2146 3717 2199 vivente

2146 2254 2334 2303 uxore,
2390 2239 2638 2309 quamvis
2680 2238 3030 2293 dissociatum
3072 2237 3314 2291 videatur
3362 2250 3484 2291 esse
3524 2235 3711 2305 conju-

2146 2330 2313 2400 gium,
2342 2330 2409 2383 ad
2438 2329 2598 2384 aliam
2627 2328 2874 2398 copulam
2907 2327 3245 2391 festinarunt,
3284 2342 3459 2396 neque
3490 2313 3716 2397 possunt

2146 2422 2375 2495 adulteri
2400 2436 2505 2475 non
2527 2419 2726 2486 videri;
2754 2420 2807 2474 in
2832 2428 3039 2473 tantum
3067 2427 3125 2473 ut
3148 2419 3314 2473 etiam
3341 2419 3425 2473 hze
3449 2433 3713 2489 personm,

2146 2514 2340 2583 quibus
2368 2512 2502 2567 tales
2530 2510 2799 2578 coniuncti
2829 2519 2986 2575 sunt,
3014 2511 3177 2564 etiam
3220 2510 3348 2578 ipsa:
3389 2508 3712 2565 adulterium

2146 2603 2480 2658 commisisse
2525 2601 2827 2667 videantur,
2872 2602 3166 2658 secundum
3195 2601 3320 2656 illud
3350 2603 3491 2671 quod
3517 2601 3713 2671 legitur
3747 2633 3757 2643 -

2146 2699 2199 2752 in
2221 2696 2509 2767 Evangelia
2535 2714 2547 2749 :
2574 2696 2641 2750 Et
2666 2697 2755 2767 qui
2779 2695 3035 2749 dimiserit
3060 2711 3272 2747 umorem
3291 2711 3464 2757 suam,
3480 2703 3527 2747 et
3549 2701 3713 2747 dure—

2146 2791 2213 2843 rit
2239 2788 2417 2852 aliam,
2445 2787 2732 2841 maicliatur
2759 2801 2778 2838 .'
2800 2786 3047 2840 similiter
3069 2786 3157 2856 qui
3188 2785 3457 2839 dimissam
3482 2786 3709 2845 duxerit,

2144 2881 2430 2936 moechatur
2455 2879 2670 2946 (Matth.
2709 2895 2765 2943 v,
2793 2877 2907 2947 5‘2).
2954 2877 3019 2931 Et
3045 2877 3166 2931 ideo
3192 2892 3379 2931 omnes
3408 2892 3439 2929 a
3473 2890 3716 2930 commu-

2147 2973 2306 3028 nione
2338 2971 2574 3026 ﬁdelium
2603 2967 2967 3024 abstinendos.

2732 3098 2955 3154 CAPUT
2993 3098 3112 3153 XIV

2147 3214 2214 3270 Ut
2239 3223 2475 3281 parentes
2500 3212 2686 3268 liberos
2710 3229 2830 3267 suos
2857 3211 3143 3281 diligenter‘
3163 3212 3217 3264 in
3255 3213 3439 3264 timore
3465 3211 3556 3264 Dei
3583 3229 3709 3266 eru-

2212 3281 2382 3350 diant,
2403 3284 2641 3337 docentes
2680 3298 2767 3354 eos
2796 3281 3021 3354 qualiter
3049 3291 3186 3354 caste
3210 3282 3374 3354 pivere
3398 3321 3412 3354 ,
3443 3282 3711 3354 Deumque

2214 3354 2401 3421 colere,
2431 3363 2477 3407 et
2515 3353 2813 3422 parentibus
2856 3351 3100 3404 honorent
3137 3351 3351 3404 debeant
3397 3351 3705 3422 impendere.

2216 3425 2283 3478 Et
2307 3423 2460 3493 quale
2482 3421 2773 3495 periculum
2797 3422 2872 3475 eis
2900 3422 3164 3475 immineat
3208 3422 3295 3491 qui
3323 3422 3376 3474 id
3419 3421 3589 3490 facere
3624 3439 3725 3477 ne-

2211 3495 2434 3565 gligunt.

2213 3621 2350 3676 Sunt
2399 3619 2551 3674 multi
2590 3616 2681 3688 qui
2726 3616 2925 3672 liberos
2980 3631 3106 3671 suos
3145 3615 3263 3685 plus
3309 3616 3503 3685 spiritu
3547 3631 3710 3685 quam

2140 3727 2327 3774 carne,
2358 3720 2413 3765 et
2438 3717 2562 3764 sunt
2586 3708 2675 3777 qui
2706 3708 2823 3777 plus
2856 3721 3018 3760 carne
3043 3721 3206 3776 quam
3237 3706 3428 3775 spiritu
3458 3706 3709 3776 diligunt.

2150 3802 2288 3857 Sunt
2312 3802 2438 3855 item
2468 3798 2555 3853 alii
2577 3798 2667 3868 qui
2690 3798 2810 3867 plus
2847 3812 2939 3851 eos
2959 3797 3129 3867 legem
3158 3796 3281 3850 emli
3312 3810 3474 3864 quam
3502 3795 3711 3857 mundi,

2142 3904 2197 3948 et
2217 3899 2343 3947 sunt
2364 3906 2395 3945 e
2419 3888 2692 3945 contrario
2719 3887 2810 3957 qui
2856 3887 2977 3958 plus
3004 3887 3147 3958 leges
3176 3886 3357 3940 mundi
3386 3900 3548 3954 quam
3585 3886 3709 3940 coeli

2142 3983 2348 4038 discere
2398 3981 2643 4035 suadent.
2695 3977 2835 4032 Sunt
2883 3977 3044 4031 etiam
3089 3975 3182 4046 qui
3227 3974 3347 4046 plus
3398 3975 3711 4030 cmlestibus

2141 4088 2301 4145 quam
2331 4070 2582 4135 terrenis,
2612 4078 2668 4125 et
2685 4077 2812 4125 sunt
2842 4083 2872 4123 e
2897 4068 3168 4123 contrario
3200 4067 3294 4136 qui
3325 4066 3446 4136 plus
3479 4067 3707 4121 terrenis

2140 4172 2301 4235 quam
2325 4161 2632 4218 cmlestibus
2660 4174 2752 4215 eos
2780 4160 2989 4214 inhiare
3026 4160 3240 4215 docent.
3280 4158 3515 4213 Audiam
3544 4159 3708 4230 igitur

2140 4254 2230 4326 qui
2257 4254 2547 4309 carnaliter
2572 4251 2709 4306 ﬁlios
2736 4265 2860 4305 suos
2895 4249 3148 4320 diligunt,
3193 4259 3249 4305 et
3276 4250 3482 4319 legibus
3522 4250 3705 4304 mundi

2139 4347 2319 4417 potius
2351 4359 2511 4415 quam
2533 4342 2845 4398 caelestibus
2871 4355 2965 4395 eos
2990 4340 3254 4395 instruere
3278 4347 3549 4410 satagunt,
3578 4340 3705 4409 quid

3273 4428 3469 4492 Erunt,
3511 4427 3705 4498 inquit,

2132 4528 2284 4584 verba
2310 4542 2423 4579 mea
2463 4524 2573 4578 ἠως
2612 4538 2727 4593 qua!
2753 4537 2844 4591 ego
2865 4520 3108 4591 praecipio
3134 4518 3225 4573 tibi
3253 4518 3406 4572 hodie
3424 4559 3438 4580 ,
3468 4520 3521 4572 in
3551 4518 3706 4571 corde

2136 4629 2259 4683 tuo;
2289 4626 2335 4671 et
2360 4614 2566 4669 docebis
2587 4630 2648 4667 ea
2677 4610 2815 4680 ﬁlios
2840 4620 2977 4674 tuos,
3006 4623 3053 4664 et
3080 4609 3409 4664 meditaberis
3435 4626 3496 4663 ea
3520 4609 3703 4663 sedens

2138 4710 2192 4762 in
2217 4708 2370 4761 domo
2396 4716 2489 4759 tua
2520 4704 2695 4777 (Deut.
2726 4718 2801 4765 vi,
2841 4701 2918 4773 6).
2951 4701 3080 4757 Item
3109 4710 3232 4771 post
3268 4702 3436 4771 pauca
3466 4718 3480 4754 :
3516 4698 3705 4755 Ponite

2140 4800 2250 4853 lucc
2278 4797 2429 4852 verba
2456 4812 2570 4850 mea
2616 4795 2670 4848 in
2687 4787 2939 4848 'cordibus
2962 4832 2978 4857 ,
3018 4802 3064 4846 et
3094 4794 3150 4846 in
3178 4792 3365 4846 animis
3395 4792 3574 4846 vestris
3601 4831 3616 4856 ,
3652 4802 3703 4845 et

2142 4888 2433 4960 suspendite
2464 4904 2525 4940 ea
2563 4903 2657 4956 pro
2693 4885 2839 4955 signa
2873 4884 2928 4938 in
2958 4883 3197 4937 manibus
3217 4923 3232 4949 ,
3270 4894 3319 4936 et
3347 4883 3482 4936 inter
3509 4891 3705 4936 vestros

2137 4979 2312 5035 oculos
2324 4977 2588 5033 collocata.
2608 4976 2796 5031 Docete
2814 4974 2952 5044 ﬁlios
2964 4984 3156 5029 vestros
3181 4983 3235 5027 ut
3253 4972 3346 5027 illa
3363 4972 3697 5027 meditemur.

2137 5071 2413 5125 Imitentur
2433 5082 2562 5139 ergo
2582 5068 2797 5122 beatum
2823 5064 2944 5132 Job,
2973 5064 3126 5132 cuius
3149 5064 3382 5119 studium
3394 5063 3540 5118 circa
3562 5062 3704 5119 filios

2135 5161 2454 5217 erudiendos
2468 5157 2571 5212 tale
2581 5144 2806 5223 exstitit,
2824 5166 2883 5211 ut
2895 5172 3000 5211 non
3016 5156 3188 5211 solum
3213 5169 3306 5210 eos
3324 5154 3559 5209 exterius
3577 5168 3700 5222 pcr-

2134 5253 2303 5308 fectos
2326 5266 2487 5321 opere
2504 5258 2560 5305 et
2573 5264 2819 5305 sermone
2839 5248 3070 5306 ediceret
3086 5266 3101 5313 ;
3117 5263 3303 5303 verum
3324 5263 3507 5303 eorum
3530 5248 3696 5301 etiam

2138 5347 2303 5402 corda
2342 5344 2593 5400 sacrificii
2628 5344 2896 5399 oblatione
2946 5342 3251 5398 mandaret.
3302 5340 3505 5397 Scribit
3548 5340 3697 5395 enim
3760 5330 3775 5347 ’

2136 5437 2324 5493 beatus
2370 5433 2659 5504 Gregorius
2718 5434 2770 5488 iu
2824 5422 3110 5487 Moralibus
3151 5430 3285 5503 (Lib.
3335 5446 3373 5492 ι,
3426 5443 3548 5499 cap.
3595 5428 3693 5500 4):

2141 5544 2161 5577 ‹
2196 5521 2427 5594 Cumque
2459 5511 2713 5576 in‘orbem
2738 5521 3040 5575 transissent
3058 5520 3168 5574 dies
3194 5519 3435 5593 convivii,
3463 5517 3695 5572 mittebat

2133 5613 2258 5678 Job,
2307 5622 2353 5665 et
2378 5610 2736 5679 sanctiﬁcabat
2762 5609 2913 5675 illos,
2939 5625 3255 5680 surgensque
3279 5608 3510 5664 diluculo
3528 5649 3544 5674 ,
3573 5608 3710 5677 olfe-

2211 5723 2235 5762 b
2275 5721 2544 5776 lnnoccnt.
2569 5719 2610 5782 l.
2635 5721 2787 5791 epist.
2819 5719 2869 5795 ἒξ,
2902 5735 3019 5790 cap.
3046 5719 3080 5775 6
3112 5731 3119 5739 ·
