4030 6190
327 299 434 354 195

1325 295 1407 349 DE
1444 294 1926 350 INSTITUTIONE
1965 293 2252 350 LAICALI.
2278 326 2348 336 -ο
2387 295 2511 352 LIB.
2551 296 2609 351 ll.

3470 310 3567 363 ’Ἦ

322 420 477 471 rebat
500 415 800 469 holocausta
827 431 917 481 per
944 413 1193 486 singulos.
1234 416 1368 470 Cum
1404 417 1601 470 dicitur
1628 417 1899 477 mittebat,
1933 425 1983 483 Α
2013 415 2166 481 Quod
2189 416 2254 469 ab
2280 416 2385 470 alio
2413 418 2526 472 adis
2552 418 2669 487 ﬁeri
2696 419 2821 485 tibi,
2866 422 2982 476 vide
3015 440 3078 476 ne
3101 424 3381 495 aliquando
3420 439 3474 480 tu
3503 432 3582 482 al-

319 518 383 560 et
408 504 781 560 sanctilicabat
800 504 937 568 illos,
952 513 1136 574 aperte
1156 513 1485 559 monstratur
1504 506 1633 575 quid
1658 507 1902 561 districte

318 584 455 665 erga
500 595 619 649 illos
662 609 898 663 pnesens
936 602 1139 663 ageret,
1173 594 1367 663 quibus
1400 595 1596 649 absens
1640 595 1905 650 sollicitu-

318 688 451 742 dine
479 702 588 741 non
626 686 858 741 deesset.
902 706 921 736 ι
961 685 1091 741 Item
1133 686 1275 740 idem
1304 695 1429 756 post
1469 701 1636 756 pauca
1676 702 1692 740 :
1733 705 1753 737 ι
1796 686 1903 741 Sed

319 776 450 845 quia
494 775 639 830 beati
686 773 787 829 Job
829 774 921 829 lilii
970 782 1119 829 tanta
1165 774 1377 829 fuerant
1426 775 1706 844 disciplina
1749 776 1902 830 bonae

320 869 554 925 accincti
582 867 954 931 institutionis,
972 875 1033 921 ut
1052 882 1231 941 neque
1248 884 1346 938 per
1372 866 1511 921 facta
1535 868 1587 921 in
1618 867 1895 931 conviviis,

322 977 498 1030 neque
530 977 632 1031 per
666 961 832 1015 verba
880 960 1292 1029 delinquerent,
1336 970 1524 1030 aperte
1564 969 1900 1016 monstratur

321 1068 444 1105 exim
473 1050 723 1106 subditur
749 1070 763 1104 :
794 1049 877 1105 Ne
895 1050 1031 1120 forte
1058 1059 1377 1121 peccaverint
1400 1051 1497 1121 ﬁlii
1526 1052 1645 1114 mei,
1668 1062 1715 1106 et
1743 1051 1900 1106 bene-

318 1143 553 1195 dixerint
579 1140 689 1195 Deo
724 1142 779 1195 in
817 1141 1198 1195 cordibus'suis
1240 1140 1381 1213 (Job.
1407 1158 1447 1207 I,
1491 1142 1569 1212 5).
1622 1141 1898 1200 Perfectus

317 1233 525 1302 quippe
543 1234 598 1287 iu
620 1248 782 1303 opere
814 1248 933 1288 esse
963 1245 1017 1288 et
1043 1248 1292 1288 sermone
1329 1234 1614 1299 docuerat;
1647 1250 1747 1304 pro
1783 1237 1898 1306 qui-

318 1325 421 1378 bus
450 1324 518 1379 de
562 1325 678 1379 sola
711 1325 916 1394 pariter
950 1325 1271 1393 cogitatione
1308 1327 1598 1381 metuebat.
1636 1346 1654 1378 ι
1688 1327 1755 1381 Et
1775 1335 1896 1396 post

317 1431 490 1484 pauca
536 1415 726 1487 (lbid.,
753 1434 868 1484 cap.
912 1416 967 1486 5)
1003 1434 1017 1471 :
1052 1436 1071 1468 ι
1108 1416 1213 1471 Sed
1255 1417 1309 1471 in
1336 1417 1438 1473 hac
1472 1433 1530 1472 re
1555 1417 1785 1472 solerter
1812 1418 1894 1472 in-

316 1507 579 1562 tuendum
607 1517 709 1572 est,
740 1517 934 1578 quanta
964 1518 1117 1579 pater
1143 1509 1316 1577 pntnit
1337 1509 1624 1564 severitate
1651 1509 1889 1564 ﬁliorum

312 1614 482 1669 opera
506 1599 800 1670 corrigere,
816 1609 871 1654 et
889 1609 1091 1669 quanta
1114 1599 1470 1654 sollicitudine
1496 1601 1700 1656 studuit
1726 1601 1887 1657 corda

313 1688 602 1742 mundare.
650 1707 670 1739 ι

2006 504 2104 578 teri
2134 504 2320 571 facias.
2357 503 2556 560 Panem
2601 517 2747 561 tuam
2776 526 2893 563 cum
2933 513 3274 567 esurientibus
3322 526 3368 568 et
3408 520 3580 587 egenis

2004 596 2235 661 comede,
2288 608 2336 651 et
2372 598 2436 651 de
2479 601 2795 655 vestimentis
2846 612 2950 657 tuis
2993 606 3159 659 nudos
3197 618 3327 677 tege.
3378 609 3577 665 Panem

2002 694 2148 739 tuum
2195 696 2244 741 et
2280 688 2453 742 vinum
2500 698 2646 743 tuum
2685 708 2842 761 super
2875 694 3193 763 sepulturam
3214 698 3355 766 justi
3389 703 3580 754 consti-

2001 784 2109 840 tue,
2137 785 2185 830 et
2222 778 2329 831 noli
2352 794 2418 832 ea:
2448 794 2509 833 eo
2541 781 2859 835 manducare
2883 792 2931 836 et
2956 783 3123 838 bibere
3157 803 3273 839 cum
3298 792 3577 848 peccatori~

2001 863 2114 918 bus.
2140 864 2428 920 Consilium
2455 885 2653 939 semper
2677 887 2709 923 a
2736 872 2967 941 sapiente
2994 875 3245 944 perquire.
3271 872 3426 932 Omni
3446 889 3548 933 tem

1996 970 2122 1023 pore
2151 955 2360 1010 benedic
2382 958 2570 1023 Deum,
2594 968 2641 1013 et
2668 970 2780 1030 pete
2807 961 2872 1015 ab
2901 979 2961 1016 eo
2988 973 3045 1017 ut
3072 965 3180 1019 vias
3208 975 3327 1020 tuas
3356 969 3569 1039 dirigat,

1997 1052 2044 1094 et
2075 1044 2249 1097 omnia
2274 1045 2491 1099 consilia
2519 1056 2610 1101 tua
2633 1048 2687 1102 in
2711 1049 2821 1120 ipso
2848 1064 3206 1119 permaneant.
3234 1055 3364 1110 Item
3395 1058 3531 1113 idem
3555 1078 3569 1114 :

1995 1134 2184 1188 Audite
2209 1152 2349 1206 ergo,
2371 1137 2471 1206 ﬁlii
2488 1141 2610 1204 mei,
2625 1151 2824 1209 patrem
2852 1153 3074 1198 vestrum
3097 1163 3116 1200 :
3139 1149 3323 1203 servile
3341 1149 3566 1206 Domino

1994 1224 2049 1276 in
2080 1227 2289 1281 veritate
2313 1269 2328 1291 ,
2360 1238 2408 1282 et
2452 1230 2697 1301 inquirite
2740 1242 2794 1287 ut
2824 1234 3035 1303 faciatis
3075 1255 3190 1310 qua:
3220 1254 3339 1295 sunt
3375 1243 3567 1313 placita

1993 1314 2125 1384 ejus.
2166 1317 2233 1370 Et
2268 1317 2392 1387 ﬁliis
2425 1322 2605 1375 vestris
2642 1328 2887 1379 mandate
2918 1335 2975 1379 ut
3012 1327 3212 1397 faciant
3244 1330 3481 1399 justitias
3520 1347 3566 1389 et

1991 1405 2360 1477 eleemosynas,
2388 1419 2444 1464 ut
2473 1412 2575 1466 sint
2605 1430 2857 1469 memores
2881 1416 3000 1485 Dei,
3038 1428 3087 1472 et
3113 1419 3416 1478 benedicant
3444 1443 3563 1480 eum

1991 1497 2047 1548 in
2092 1497 2232 1551 omni
2280 1508 2505 1569 tempore
2534 1502 2590 1556 in
2632 1504 2845 1559 veritate
2867 1546 2881 1571 ,
2916 1516 2966 1561 et
3008 1508 3063 1562 in
3096 1518 3203 1564 tota
3244 1513 3431 1569 virtute
3466 1535 3564 1571 sua

1991 1582 2153 1655 (Ibid.
2186 1600 2297 1649 xtv,
2332 1586 2440 1654 IO).

2061 1677 2281 1747 Legitur
2327 1690 2381 1735 et
2411 1682 2465 1735 in
2495 1682 2800 1742 Proverbiis
2829 1706 2842 1742 :
2874 1687 3044 1751 Erudi
3089 1692 3253 1747 tilium
3280 1705 3428 1751 tuum
3447 1736 3462 1762 _.
3499 1717 3561 1754 ne

380 1779 681 1833 Auendam
727 1778 890 1834 edam
936 1788 992 1834 ει
1030 1780 1198 1835 David
1238 1780 1592 1836 instruentem
1646 1751 1895 1836 531mm:
1916 1775 1963 1835 Β
1991 1768 2227 1839 desperes
2252 1783 2272 1821 :
2296 1771 2379 1825 "ad
2401 1773 2808 1843 interfectionem
2832 1788 3006 1833 autem
3024 1782 3139 1851 ejus
3162 1800 3226 1837 ne
3247 1800 3411 1853 ponas
3439 1790 3558 1842 ani-

309 1884 441 1923 nem
480 1868 652 1923 ﬁlium
690 1885 865 1925 suum.
900 1870 975 1925 De
1021 1887 1127 1941 quo
1163 1871 1235 1926 ita
1264 1872 1319 1925 in
1349 1873 1522 1945 primo
1551 1872 1689 1928 libro
1718 1873 1892 1929 Mala-

308 1961 450 2015 cilia!
491 1961 692 2032 legitur
734 1979 748 2015 :
798 1960 911 2032 Ego
958 1962 1222 2033 ingredior
1258 1964 1393 2016 viam
1431 1965 1683 2017 universa:
1710 1973 1883 2018 terrm.

306 2054 627 2124 (Ionfortare
652 2064 701 2108 et
729 2063 836 2108 esto
859 2055 938 2107 vir
964 2055 1137 2123 fortis,
1166 2063 1214 2108 et
1240 2054 1450 2108 observa
1479 2053 1744 2107 custodias
1777 2053 1887 2108 Do-

304 2145 443 2198 mini
472 2144 567 2198 Dei
592 2145 691 2209 tui,
711 2155 767 2198 ut
788 2143 1022 2198 ambules
1043 2146 1097 2198 in
1119 2145 1215 2199 viis
1237 2145 1373 2215 ejus,
1411 2154 1461 2198 et
1489 2144 1755 2199 custodias
1785 2162 1886 2198 cte-

305 2236 572 2289 remonias
608 2235 744 2305 ejus,
770 2245 818 2289 et
834 2235 1042 2305 judicia
1072 2235 1209 2305 ejus,
1233 2244 1281 2289 et
1304 2244 1561 2305 prwcepta
1583 2244 1631 2288 et
1655 2235 1885 2289 testimo-

304 2326 400 2381 nia
442 2324 562 2396 (IlI
615 2324 743 2396 Reg.
787 2341 848 2389 ιι,
886 2325 942 2397 2)
982 2344 996 2378 :
1058 2326 1196 2380 sicut
1243 2326 1503 2396 scriptum
1540 2336 1626 2383 est
1667 2329 1719 2382 in
1770 2329 1885 2400 lege

305 2418 501 2489 Moysi,
531 2426 588 2473 et
626 2418 677 2472 in
711 2417 846 2472 libro
867 2417 1307 2488 Paralipomenon
1334 2437 1346 2472 :
1383 2418 1461 2473 Tu
1490 2429 1688 2486 autem,
1725 2420 1881 2475 Salo-

304 2528 429 2565 mon
464 2511 544 2579 ﬁli
578 2511 669 2574 mi,
700 2512 828 2566 scito
871 2505 1039 2564 Deum
1077 2512 1239 2581 patris
1279 2512 1377 2575 tui,
1407 2522 1454 2566 et
1492 2514 1625 2567 servi
1654 2513 1702 2567 ei
1728 2514 1882 2568 corde

301 2602 537 2669 perfecto
567 2642 582 2663 ,
624 2611 671 2654 et
711 2604 885 2655 animo
930 2601 1245 2656 voluntario.
1299 2602 1489 2657 Omnia
1536 2604 1673 2658 enim
1720 2604 1880 2658 corda

301 2702 594 2755 scrutatur,
618 2702 663 2746 et
692 2694 955 2747 universas
977 2692 1225 2746 mentium
1252 2694 1586 2764 cogitationes
1616 2694 1876 2764 intelligit.

302 2782 367 2838 Si
408 2784 679 2852 (μιωεὶεώ
718 2802 867 2850 eum,
909 2786 1134 2840 invenies
1175 2799 1194 2837 :
1241 2787 1287 2840 si
1334 2796 1506 2840 autem
1542 2786 1878 2855 dereliqueris

296 2871 479 2937 illum,
504 2874 736 2943 projiciet
759 2885 808 2930 te
839 2876 895 2929 in
918 2886 1165 2930 teternum
1195 2875 1247 2942 (Ι
1279 2874 1462 2930 Paral.
1496 2893 1684 2943 xxvm,
1709 2878 1786 2948 9).

370 2962 673 3018 Attendant
698 2973 750 3019 et
785 2964 996 3030 Tobim;
1025 2966 1089 3021 de
1115 2981 1221 3035 quo
1251 2966 1321 3019 ita
1350 2965 1566 3034 legitur,
1585 2967 1722 3037 quod
1754 2985 1872 3023 cum

298 3054 480 3122 factus
508 3062 636 3105 esset
658 3053 969 3125 vir,‘accepit
992 3047 1206 3107 uxorem
1244 3054 1449 3107 Annam
1474 3070 1538 3107 ea:
1562 3054 1696 3109 tribu
1728 3072 1826 3109 sua
1851 3073 1899 3121 ;v

1992 1875 2131 1912 mam
2168 1869 2311 1914 tuam
2357 1859 2537 1933 (Prov.
2584 1880 2676 1918 nx
2700 1907 2715 1931 ,
2750 1867 2860 1936 I8).
2902 1868 2984 1923 Ne
3019 1873 3296 1928 subtrahas
3331 1894 3363 1930 a
3399 1894 3559 1948 puero

1986 1948 2355 2020 disciplinam;
2416 1954 2463 2006 si
2502 1955 2639 2008 enim
2688 1960 3000 2027 percusseris
3047 1978 3167 2017 eum
3218 1966 3359 2036 virga
3389 2007 3405 2032 ,
3455 1984 3559 2022 non

1985 2051 2253 2096 morietur.
2304 2042 2381 2098 Tu
2417 2046 2563 2117 virga
2612 2050 2865 2117 percuties
2906 2069 3056 2119 eum,
3106 2067 3153 2108 et
3189 2057 3416 2111 animam
3443 2060 3557 2128 ejus

1985 2130 2049 2184 de
2099 2132 2302 2203 inferno
2356 2135 2597 2191 liberabis
2649 2135 2829 2210 (Prov.
2866 2158 3033 2208 xxnl,
3089 2144 3187 2210 15,
3228 2146 3337 2219 14).
3390 2148 3595 2203 Ενιιάὶ’

1981 2220 2152 2289 ﬁlium
2215 2232 2361 2277 tuum
2395 2265 2411 2291 ,
2464 2235 2513 2279 et
2555 2226 2879 2298 refrigerabit
2922 2242 3005 2298 te,
3047 2242 3095 2288 et
3139 2234 3282 2289 dabit
3340 2238 3556 2293 delicias

1985 2317 2176 2373 anima:
2233 2329 2338 2374 tum
2377 2320 2538 2392 (Ibid.
2570 2340 2717 2389 χχιιι,
2747 2326 2855 2397 17).
2889 2327 2991 2393 Qui
3033 2332 3198 2398 parcit
3240 2332 3413 2403 virgtr,
3445 2337 3555 2388 odit

1981 2406 2150 2475 filium
2174 2425 2326 2463 suum
2348 2427 2367 2465 :
2389 2412 2480 2482 qui
2509 2423 2681 2467 autem
2712 2414 2879 2486 diligit
2912 2417 3081 2483 illum,
3113 2419 3365 2474 instanter
3384 2424 3552 2477 erudit

1983 2498 2144 2569 (Ibid.
2191 2516 2312 2564 xm,
2350 2503 2465 2574 24).
2515 2503 2673 2561 Iesus
2716 2506 2857 2563 ﬁlius
2901 2507 3088 2565 Sirach
3121 2528 3134 2564 :
3172 2511 3323 2579 Filii,
3358 2515 3549 2584 inquit.

1978 2587 2070 2640 tibi
2095 2600 2238 2655 sunt,
2265 2594 2413 2646 eradi
2435 2593 2586 2660 illos;
2610 2606 2657 2651 et
2697 2614 2854 2652 curva
2878 2599 2995 2654 illos
3016 2619 3046 2654 a
3068 2604 3293 2672 pueritia
3317 2606 3547 2662 illorum.

1984 2678 2137 2735 Filia:
2158 2682 2250 2736 tibi
2270 2695 2412 2750 sunt,
2428 2704 2572 2742 serva
2587 2706 2772 2759 corpus
2787 2692 3020 2759 illarum,
3035 2706 3081 2750 et
3102 2714 3204 2752 non
3218 2701 3462 2755 ostendas
3475 2702 3549 2754 lai-

1978 2769 2139 2861 larem
2153 2773 2340 2842 faciem
2356 2788 2500 2832 tuam
2523 2781 2592 2833 ad
2615 2782 2734 2842 illas
2761 2782 2947 2854 (Eccli.
2975 2803 3066 2846 νιι.
3082 2788 3298 2861 25,⁴26).
3319 2792 3546 2861 Aposto-

1976 2858 2059 2914 lus
2080 2877 2291 2932 quoque
2319 2867 2395 2920 ait
2423 2885 2435 2920 :
2472 2868 2679 2935 Patres,
2715 2872 2872 2927 nolite
2892 2876 2969 2946 ad.
2991 2858 3323 2933 iracundiam
3361 2858 3548 2952 prora-

1976 2966 2095 3005 care
2124 2952 2263 3021 ﬁlios
2308 2968 2519 3023 vestros,
2563 2962 2653 3013 sed
2703 2962 2917 3018 educata
2962 2965 3080 3020 illos
3123 2969 3178 3021 in
3214 2969 3451 3025 doctrina
3496 2986 3542 3027 et

1973 3049 2286 3104 correctione
2312 3050 2519 3106 Domini
2546 3054 2760 3125 (Ep/tes.
2783 3074 2860 3125 vr,
2882 3059 2957 3131 4).
2982 3060 3111 3117 Item
3142 3064 3316 3119 idem:
3338 3065 3541 3132 Patres,

294 3155 349 3197 et
399 3144 574 3213 genuit
609 3160 673 3197 ea:
715 3160 776 3198 ea
818 3144 985 3213 ﬁlium
1011 3185 1026 3208 ,
1065 3161 1250 3199 nomen
1288 3142 1439 3199 suum
1486 3146 1754 3215 impunem
1799 3146 1866 3201 ei.

1979 3135 2132 3191 nolite
2170 3137 2238 3191 ad
2282 3140 2692 3211 indignationem
2740 3164 3018 3215 provocare
3060 3151 3197 3221 ﬁlios
3230 3166 3445 3221 vestros,
3488 3171 3541 3212 ut

298 3236 476 3301 Quem
496 3235 559 3287 ab
582 3235 806 3303 infantia
828 3253 924 3290 sua
950 3237 1126 3290 timere
1149 3235 1312 3288 Deum
1333 3236 1528 3299 docuit,
1545 3246 1593 3289 et
1615 3237 1872 3292 abstinere

295 3324 369 3377 ab
399 3326 542 3377 omni
581 3334 788 3395 peccato
819 3324 969 3396 (Tob.
1008 3341 1044 3388 ι,
1085 3325 1160 3392 9).
1204 3325 1334 3380 Item
1367 3326 1504 3380 idem
1544 3335 1665 3398 post
1699 3341 1870 3396 pauca

297 3414 475 3467 lilium
517 3402 683 3467 suum‘
713 3413 934 3470 Tobiam
978 3414 1255 3485 alloquens
1302 3415 1379 3470 ait
1428 3434 1442 3470 :
1483 3416 1642 3483 Audi,
1670 3417 1749 3486 ﬁli
1776 3418 1868 3483 mi,

297 3502 457 3556 verba
482 3505 586 3556 oris
606 3504 726 3570 mei,
756 3514 803 3559 et
829 3522 889 3559 ea
916 3506 969 3559 in
999 3506 1152 3561 corde
1182 3516 1270 3560 tuo
1289 3508 1439 3578 quasi
1474 3507 1872 3576 fundamentum

298 3607 567 3651 construe.
591 3596 721 3651 Cum
755 3601 1005 3670 acceperit
1030 3599 1173 3653 Deus
1198 3600 1429 3653 animam
1457 3617 1623 3655 meam
1640 3642 1655 3665 ,
1683 3619 1870 3673 corpus

296 3703 477 3739 meum
501 3686 691 3755 sepeli;
720 3697 767 3741 et
793 3690 1039 3742 honorem
1069 3687 1280 3743 habebis
1308 3691 1464 3743 matri
1499 3700 1603 3744 tua:
1632 3693 1871 3747 omnibus

298 3776 485 3831 diebus
530 3779 646 3832 vitta
696 3779 830 3849 ejus.
882 3779 1084 3836 Memor
1129 3782 1266 3835 enim
1305 3799 1415 3837 esse
1455 3784 1608 3838 debes
1648 3802 1765 3856 quis
1820 3795 1869 3841 et

296 3876 500 3935 quanta
520 3867 751 3937 pericula
777 3885 929 3938 passa
950 3870 1015 3924 sit
1035 3856 1244 3942 propter
1273 3880 1322 3926 te
1348 3873 1404 3926 in
1426 3882 1570 3927 utero
1592 3891 1708 3929 suo.
1738 3874 1870 3930 Cum

298 3969 480 4012 autem
499 3959 613 4027 ipsa
642 3960 965 4030 compleverit
984 3971 1182 4033 tempus
1210 3965 1325 4019 vita:
1353 3981 1483 4030 suae,
1502 3965 1725 4036 .sepelies
1753 3982 1879 4022 eam‘

230 4058 253 4078 ⁶
298 4048 441 4102 circa
485 4065 583 4103 me.
630 4047 881 4105 Omnibus
925 4062 1100 4106 autem
1145 4054 1324 4109 diebus
1370 4057 1487 4111 vita?
1526 4073 1637 4110 sua:
1685 4057 1868 4112 habeto

299 4140 471 4193 Deum
500 4141 557 4193 in
580 4152 746 4195 mente
767 4157 786 4195 :
813 4151 859 4195 et
886 4159 1008 4197 cave
1030 4160 1091 4197 ne
1119 4144 1401 4215 aliquando
1421 4158 1631 4216 peccato
1655 4163 1869 4202 consen-

296 4233 425 4297 tias,
453 4243 501 4286 et
524 4234 887 4303 praetermittas
913 4245 1165 4306 prwcepta
1191 4236 1285 4291 Dei
1309 4239 1491 4291 nostri.
1524 4237 1611 4293 Ea:
1629 4239 1867 4293 substan-

295 4323 369 4374 tia
392 4333 489 4375 tua
511 4322 597 4391 fac
624 4321 1017 4394 elemosynam,
1050 4334 1095 4378 et
1128 4324 1233 4379 noli
1260 4338 1485 4380 avertere
1511 4326 1695 4397 faciem
1721 4337 1866 4381 tuam

1972 3243 2075 3280 non
2096 3228 2284 3298 pusillo
2306 3232 2482 3287 animo
2518 3233 2649 3303 ﬁant
2683 3237 2903 3309 (Coloss.
2931 3256 3012 3305 ιιι,
3042 3242 3155 3315 21).
3188 3244 3543 3319 Hieronymm
3576 3297 3583 3305 .

1970 3319 2257 3407 adpLaetam
2286 3322 2479 3395 (Epist.
2509 3325 2561 3398 7)
2589 3345 2602 3380 :
2647 3347 2665 3380 ‹
2700 3328 2756 3383 Si
2789 3331 3027 3400 perfecta
3054 3344 3187 3391 tetas
3210 3345 3266 3391 et
3295 3339 3377 3392 sui
3399 3338 3538 3407 juris

1969 3406 2265 3478 imputatur
2292 3415 2621 3482 parentibus,
2648 3428 2849 3487 quanto
2885 3423 3055 3494 magis
3089 3424 3297 3481 lactans
3331 3437 3386 3482 et
3408 3406 3539 3483 ἤδη

1968 3500 2119 3571 gilis,
2167 3512 2222 3557 et
2244 3520 2365 3575 qua:
2390 3504 2539 3574 iuxta
2581 3512 2903 3568 sententiam
2930 3516 3139 3571 Domini
3170 3518 3381 3590 ignorat
3408 3522 3541 3578 dex-

1969 3600 2140 3647 teram
2174 3602 2229 3649 et
2267 3597 2541 3653 sinistram
2583 3600 2724 3672 (Jan.
2758 3607 2941 3674 mli),
2970 3607 3022 3662 id
3063 3619 3148 3666 est
3168 3613 3294 3668 boni
3327 3625 3383 3670 et
3414 3618 3536 3671 mali

1968 3686 2145 3740 nescit
2187 3686 2577 3746 differentiam?
2621 3691 2679 3748 Si
2725 3695 2951 3751 sollicita
2986 3701 3266 3770 provides,
3317 3719 3387 3759 ne
3428 3705 3534 3760 lilia

1967 3777 2301 3844 percutiatur
2322 3796 2353 3836 a
2374 3782 2579 3852 vipera,
2608 3801 2704 3840 cur
2727 3803 2837 3843 non
2865 3791 3052 3845 eadem
3092 3807 3220 3847 cura
3255 3795 3538 3863 provideas

1966 3880 2035 3921 ne
2081 3866 2358 3925 feriatura
2398 3875 2593 3930 malleo
2638 3879 2900 3935 universa:
2940 3892 3131 3948 terrae;
3180 3875 3248 3940 ne
3282 3886 3433 3940 bibat
3469 3890 3536 3942 de

1967 3972 2132 4013 aureo
2172 3961 2339 4018 calice
2389 3963 2679 4035 Babylonis
2706 3967 2840 4037 (Jer.
2884 3988 2955 4039 Li,
2987 3973 3095 4043 7);
3133 3991 3201 4031 ne
3231 3978 3537 4047 egrediatur

1966 4061 2087 4101 cum
2141 4048 2317 4116 Dina,
2369 4060 2424 4106 et
2474 4055 2601 4109 velit
2651 4058 2830 4115 videre
2875 4061 3013 4117 ﬁlias
3064 4066 3298 4136 regionis
3349 4069 3537 4127 alienm

1967 4137 2120 4210 (Gen.
2174 4141 2406 4213 xxxrv);
2458 4162 2527 4201 ne
2582 4146 2733 4203 ludat
2779 4151 3046 4220 pedibus;
3095 4170 3163 4210 ne
3218 4159 3403 4215 trahat
3447 4170 3535 4216 tu-

1965 4231 2148 4286 nicas?
2197 4232 2413 4289 Venena
2457 4252 2564 4291 non
2620 4239 2818 4296 dantur
2868 4243 2971 4298 nisi
3020 4246 3177 4302 melle
3215 4249 3535 4310 circumlita.

1966 4320 2031 4416 Et
2080 4322 2209 4377 vitia
2246 4338 2353 4381 non
2400 4326 2671 4397 decipiunt
2721 4334 2825 4389 nisi
2871 4337 2972 4392 sub
3019 4340 3198 4409 specie
3239 4344 3538 4416 umbraque

296 4416 361 4468 ab
397 4413 513 4468 ullo
549 4431 792 4485 paupere.
825 4414 911 4469 Ita
944 4417 1079 4469 enim
1106 4416 1194 4485 [iet
1237 4426 1295 4471 ut
1322 4434 1412 4472 nec
1455 4435 1487 4472 a
1520 4428 1569 4472 te
1603 4429 1867 4473 avertatur

1979 4408 2239 4465 virtutum.
2276 4431 2295 4465 ι
2344 4413 2412 4468 Et
2451 4416 2618 4473 infra:
2675 4438 2694 4473 ι
2744 4422 2845 4492 Qui
2885 4408 3067 4484 autem
3115 4432 3369 4502 parvulus
3412 4408 3534 4503 est,

296 4506 466 4573 fati“
514 4484 744 4559 Domini.
779 4505 1048 4586 Quommqo
1091 4484 1348 4576 pomeri“
1391 4507 1465 4562 ειη
1512 4519 1619 4563 οπο
1664 4484 2031 4563 misenzDet-
2065 4502 2210 4570 sapit
2262 4511 2321 4558 ut
2371 4509 2623 4575 parvulus
2650 4553 2665 4579 ,
2713 4515 2882 4573 donec
2929 4520 2995 4574 ad
3043 4536 3214 4578 annos
3263 4527 3537 4597 sapientiae

296 4614 419 4652 cors
463 4613 483 4651 :
525 4597 572 4652 si
623 4597 845 4652 multum
898 4598 990 4651 tibi
1042 4598 1233 4667 fuerit,
1280 4599 1607 4654 abundanter
1659 4601 1862 4664 tribue;

293 4690 343 4740 si
394 4676 645 4757 'ea'iguum
697 4686 890 4756 fuerit,
938 4688 1095 4742 etiam
1130 4689 1372 4759 exiguum
1420 4688 1635 4743 libenter
1671 4690 1864 4760 imper-

294 4780 398 4832 tire
449 4777 618 4833 stude.
668 4775 955 4832 Prwmium
993 4780 1129 4833 enim
1174 4780 1267 4833 tibi
1315 4780 1502 4835 bonum
1539 4780 1864 4837 thesaurizas

294 4871 350 4924 in
396 4870 485 4923 die
535 4870 850 4924 necessitatis
895 4884 913 4921 :
966 4871 1209 4939 quoniam
1263 4870 1582 4942 eleemosyna
1626 4871 1689 4927 ab
1722 4872 1868 4926 omni

294 4972 510 5031 peccato
548 4971 598 5015 et
632 4979 664 5015 a
703 4972 865 5016 morte
908 4961 1121 5026 liberat;
1163 4970 1209 5015 et
1249 4977 1351 5015 non
1398 4963 1596 5031 patitur
1633 4946 1877 5017 animum.

294 5056 373 5106 ire
422 5053 477 5105 in
512 5051 760 5116 tenebras_
818 5049 1045 5129 Fiducia
1084 5068 1271 5122 magna
1310 5054 1409 5107 erit
1426 5036 1614 5107 ’σοι-ατη
1649 5070 1866 5117 ,ειιηιηιο

294 5141 411 5194 Deo
436 5142 757 5212 eleemosyna
772 5141 1006 5195 omnibus
1026 5143 1113 5213 qui
1132 5143 1330 5212 faciunt
1353 5160 1485 5196 eam.
1512 5144 1727 5199 Attende
1751 5144 1865 5211 tibi,

291 5232 399 5301 ﬁli,
417 5231 482 5284 ab
505 5233 644 5284 omni
674 5231 1031 5301 fornicatione,
1058 5244 1104 5287 et
1134 5245 1321 5303 praeter
1336 5250 1549 5288 uxorem
1571 5244 1714 5288 tuam
1738 5253 1868 5290 nun—

289 5337 456 5391 quam
485 5322 704 5389 patiaris
748 5323 940 5377 crimen
968 5324 1118 5378 scire.
1168 5321 1472 5394 Superbiam
1511 5341 1775 5395 nunquam
1809 5326 1864 5381 in

290 5421 386 5463 tuo
409 5426 587 5472 sensu,
610 5419 699 5462 aut
727 5412 780 5462 in
801 5421 888 5464 tuo
912 5410 1057 5465 verba
1077 5412 1338 5466 dominari
1360 5414 1648 5482 permittas,
1677 5415 1729 5466 in
1751 5416 1864 5483 ipsa

290 5502 434 5554 enim
476 5501 680 5554 initium
717 5504 934 5572 sumpsit
968 5506 1135 5557 omnis
1162 5503 1399 5573 perditio.
1431 5502 1735 5574 Quicunque
1773 5505 1866 5558 tibi

290 5590 500 5657 aliquid
530 5603 770 5661 operatus
802 5594 987 5663 fuerit,
1026 5597 1203 5647 statim
1232 5595 1280 5647 ei
1318 5595 1599 5647 mercedem
1633 5598 1862 5659 restitue,

291 5693 337 5733 et
380 5699 575 5735 merces
629 5687 933 5739 mercenarii
962 5687 1102 5757 apud
1147 5697 1194 5740 te
1239 5686 1447 5740 omnino
1493 5704 1594 5741 non
1640 5699 1862 5742 maneat.

951 5949 966 5955 ,ι
979 5941 1057 5967 ’,ν-σ-

1965 4592 2177 4687 veniall,
2210 4604 2266 4648 et
2288 4594 2619 4687 Pythagorae
2644 4604 2689 4658 ~Y
2717 4605 2894 4663 littera
2926 4627 3046 4666 eum
3076 4592 3338 4683 perducat
3360 4619 3427 4675 ad
3455 4622 3537 4676 bi-
3620 4664 3640 4687 .

1966 4681 2133 4748 vium,
2158 4692 2265 4739 tam
2285 4686 2425 4742 bona
2452 4688 2568 4759 ejus
2589 4707 2748 4762 quam
2774 4698 2913 4753 mala
2933 4681 3245 4770 parentibus
3268 4707 3536 4779 imputan-

1972 4780 2091 4828 tur:
2120 4775 2226 4831 nisi
2255 4775 2394 4833 forte
2415 4781 2694 4840 existimes
2720 4785 3145 4849 Christianorum
3174 4775 3405 4865 filios,-si
3431 4802 3532 4856 ba-

1969 4862 2167 4963 ptisma
2208 4881 2317 4921 non
2353 4872 2677 4940 receperint,
2706 4875 2852 4945 ipsos
2878 4887 3086 4938 tantum
3111 4901 3234 4943 reos
3260 4862 3382 4946 esse
3408 4908 3536 4963 pec-

1970 4953 2109 5020 cati;
2150 4962 2204 5011 et
2246 4973 2351 5013 non
2386 4960 2549 5016 etiam
2593 4965 2768 5020 scelus
2807 4969 2997 5027 referri
3037 4975 3107 5030 ad
3149 4993 3243 5034 eos
3272 4981 3364 5049 qui
3404 4953 3534 5039 dare

1967 5045 2256 5114 noluerint,
2286 5051 2520 5108 maxime
2539 5070 2603 5108 eo
2625 5065 2866 5128 tempore
2886 5077 2992 5132 quo
3020 5045 3392 5126 contradicere
3422 5088 3530 5126 non

1966 5146 2236 5227 poterant,
2254 5156 2372 5211 quae
2392 5147 2662 5215 accepturi
2691 5158 2845 5204 erant
2870 5169 2884 5205 ε
2912 5154 3051 5209 sicut
3079 5170 3109 5211 e
3131 5159 3351 5227 regione
3377 5161 3527 5218 salus

1965 5225 2270 5297 infantium,
2306 5236 2569 5306 majorum
2598 5237 2802 5295 lucrum
2830 5251 2930 5298 est.
2975 5264 2993 5296 ι

2037 5326 2353 5383 Ambrosius
2380 5329 2435 5383 in
2466 5329 2603 5391 libro
2628 5333 2693 5387 de
2717 5330 2913 5403 Josepb
2942 5334 3092 5405 (Cap.
3121 5337 3177 5410 2)
3211 5355 3225 5392 :
3258 5356 3277 5390 ι
3306 5339 3532 5395 Instrui-

1970 5429 2092 5468 mur
2113 5416 2277 5486 igitur
2302 5418 2476 5488 qualis
2507 5436 2625 5475 esse
2653 5422 2846 5478 debeat
2879 5423 3100 5480 allectus
3125 5439 3426 5497 parentum,
3468 5433 3531 5485 li-

1970 5503 2272 5575 liorumque
2298 5511 2503 5577 gratia;
2541 5512 2632 5567 sed
2662 5512 2971 5585 frequenter
3002 5533 3156 5573 amor
3183 5519 3296 5589 ipse
3325 5524 3532 5592 patrius

1974 5597 2073 5650 nisi
2103 5599 2521 5656 moderationem
2543 5614 2741 5671 teneat,
2768 5616 2923 5662 nocet
2946 5608 3151 5676 liberis,
3178 5613 3224 5667 si
3249 5624 3340 5668 aut
3367 5616 3530 5672 nimia

1975 5689 2298 5761 indulgentia
2346 5694 2598 5751 delictum
2646 5700 2895 5765 resolvat,
2948 5709 3041 5755 aut
3083 5705 3325 5773 praelatio
3379 5710 3535 5764 unius
