4030 6190
516 319 611 371 195

1566 314 1752 371 ΙΟΝᾸΞ
1789 313 2333 372 AURELIANENSIS
2374 312 2678 370 EPISCOI’I

3644 323 3740 375 liii}

511 445 736 489 ρςυιοιεοε
773 432 841 485 ab
874 427 1067 483 aﬁectu
1092 429 1462 497 germanitatis
1488 439 1715 483 avertat.
1745 430 1871 485 Plus
1895 430 2077 498 acqui-
2107 436 2151 489 Α
2180 430 2281 480 diis
2299 431 2540 482 tenebris.
2576 431 2641 483 Et
2674 433 2961 501 Apostolus
2994 452 3005 485 :
3043 432 3189 493 Filii,
3225 434 3421 487 obedire
3439 438 3739 503 parentibus

511 526 646 577 ritur
674 522 800 582 ﬁlio,
830 519 915 574 cui
947 518 1172 573 fratrum
1188 520 1485 587 acquiritur
1508 536 1677 575 amor.
1706 521 1829 574 Hcce
1848 522 2072 589 prmcla-

506 614 618 666 rior
646 609 1008 665 nntniﬁcentia
1031 620 1264 678 patrum,
1296 610 1411 664 hinc
1440 611 1601 665 ditior
1629 613 1914 666 hzereditas
1937 611 2073 665 ﬁlio-

507 718 645 756 rum.
671 700 868 769 Jungat
895 699 1032 753 ﬁlios
1051 699 1480 770 mqualisgratia,
1507 699 2072 770 quosjunxitazqualis

512 802 721 846 natura.
743 792 970 845 Lucrum
992 792 1165 860 pietas
1188 794 1626 862 nescitpecunize,
1654 794 1705 846 in
1730 809 1834 861 quo
1856 794 2073 862 pietatis

510 883 844 951 dispendimn
895 889 996 935 est.
1044 882 1180 948 Quid
1225 883 1439 935 miraris
1489 883 1533 936 si
1585 891 1802 952 propter
1851 883 2069 937 fundum

508 982 599 1025 aut
639 976 851 1025 dontum
897 972 1143 1024 oriuntur
1184 973 1323 1025 inter
1369 973 1564 1026 fratres
1604 971 1779 1049 iurgia
1807 1014 1820 1037 ,
1863 976 2075 1043 quando

509 1072 729 1131 propter
768 1063 1000 1139 tunicam
1033 1063 1174 1115 inter
1198 1059 1362 1117 Iacob
1396 1064 1566 1117 sancti
1599 1062 1736 1118 ﬁlios
1764 1066 1968 1119 exarsit
1993 1069 2076 1118 in—

506 1151 681 1203 vidia?
726 1149 861 1216 Quid
899 1152 1056 1220 ergo?
1101 1153 1571 1221 reprehendendus
1607 1164 1690 1208 est
1732 1152 1917 1217 Jacob,
1950 1154 2071 1223 quia

510 1240 825 1312 praxferebat
861 1258 1025 1295 unum
1072 1242 1313 1296 caeteris?
1349 1241 1453 1297 Sed
1491 1259 1588 1298 nec
1626 1244 1924 1298 libertatem
1955 1259 2076 1313 pos-

511 1349 694 1387 sumus
726 1332 938 1387 auferre
966 1334 1297 1402 parentibus,
1328 1351 1397 1390 ne
1421 1351 1512 1390 eos
1538 1337 1657 1406 plus
1690 1337 1911 1408 diligant
1942 1352 2076 1406 quos

509 1425 628 1494 plus
662 1427 881 1480 credant
905 1426 1121 1489 mereri,
1153 1442 1250 1480 nec
1282 1426 1403 1481 ﬁliis
1435 1443 1678 1483 resecare
1713 1430 1947 1483 studium
1978 1429 2074 1483 de-

509 1518 698 1571 bemus
740 1516 858 1585 plus
908 1516 1172 1585 placendi.
1212 1517 1449 1587 Denique
1488 1528 1544 1573 ct
1570 1517 1736 1575 Iacob
1770 1520 1889 1589 plus
1927 1519 2075 1577 illum

511 1608 763 1671 amabat,
834 1608 886 1661 in
947 1622 1053 1677 quo
1101 1607 1301 1674 majora
1356 1608 1612 1662 virtutum
1670 1609 1899 1679 insignia
1943 1624 2080 1678 pra:-

513 1698 746 1751 videbat.
792 1716 812 1750 ι

2172 517 2351 568 vestris
2372 517 2426 568 in
2457 516 2679 571 Domino
2712 520 2848 573 :Izoe
2881 523 3018 574 enim
3044 532 3117 574 est
3148 523 3351 591 justum
3384 539 3402 575 :
3429 523 3627 577 honora
3649 543 3741 594 pa-

2172 614 2300 657 trem
2326 598 2497 669 tuum,
2524 616 2570 659 et
2606 616 2827 661 matrem
2857 620 3000 662 tuam
3029 610 3189 681 (quod
3215 621 3288 664 est
3310 612 3615 664 mandatum
3635 614 3739 683 pri-

2171 710 2311 747 mum
2352 696 2408 748 in
2452 698 2847 769 promissione),
2880 709 2936 752 ut
2978 701 3102 754 bene
3136 703 3203 755 sit
3243 702 3357 766 tibi,
3398 711 3446 755 et
3482 701 3744 773 longwras

2170 782 2243 835 sis
2261 799 2414 851 super
2426 795 2616 837 terram
2644 786 2856 856 (Ep/tes.
2883 805 2959 854 VI,
2986 788 3059 859 I).
3088 790 3154 844 Et
3176 791 3373 845 Tobias
3393 791 3559 845 filium
3586 808 3743 847 suum

2172 875 2442 930 instruens
2470 878 2545 931 ait
2593 894 2609 931 :
2648 879 2776 932 Cum
2816 885 3068 951 acceperit
3097 884 3232 937 Deus
3274 887 3507 940 animam
3537 904 3739 950 meam,

2172 981 2358 1033 corpus
2391 983 2569 1021 meum
2586 968 2742 1035 sepeli
2776 983 2796 1021 :
2831 981 2878 1023 et
2915 972 3161 1025 honorem
3186 974 3395 1027 habebis
3421 977 3605 1028 matris
3640 986 3746 1031 tua:

2174 1055 2413 1110 onmibus
2442 1058 2622 1112 diebus
2647 1062 2765 1115 vita:
2790 1062 2927 1130 ejus.
2956 1063 3156 1117 Memor
3169 1066 3303 1118 enim
3319 1082 3428 1119 esse
3456 1067 3606 1121 debes
3625 1086 3745 1140 qua-

2172 1156 2219 1197 et
2248 1158 2443 1214 quanta
2476 1150 2709 1218 pericula
2734 1169 2893 1226 passa
2926 1155 2992 1207 sit
3031 1165 3242 1223 propter
3278 1165 3327 1210 te
3360 1158 3413 1210 in
3443 1168 3589 1211 utero
3628 1177 3742 1215 suo.

2175 1233 2304 1288 Cum
2327 1247 2497 1291 autem
2527 1249 2574 1293 et
2594 1241 2711 1310 ipsa
2742 1230 3063 1311 compleverit
3087 1253 3286 1315 tempus
3311 1247 3428 1299 vitm
3447 1264 3578 1313 sure,
3602 1265 3749 1320 sepe-

2174 1325 2266 1379 lies
2287 1343 2401 1380 eam
2429 1330 2569 1382 circa
2589 1345 2668 1382 me
2697 1329 2846 1401 (Tob.
2880 1347 2953 1395 tv,
2980 1331 3057 1402 5).

2244 1415 2571 1487 Augustinus
2620 1420 2673 1473 in
2727 1420 2912 1475 decem
2973 1422 3361 1491 praeceptorum
3413 1428 3749 1496 expositione

2177 1507 2252 1561 ita
2284 1508 2472 1563 scribit
2507 1527 2519 1562 :
2559 1527 2577 1560 ‹
2606 1513 2866 1577 Quartum
2895 1521 3222 1582 praeceptum
3242 1522 3328 1568 est
3359 1532 3375 1567 :
3409 1514 3627 1585 Honora
3655 1537 3751 1589 po-

2178 1608 2311 1651 trem
2334 1608 2505 1664 tuum,
2532 1609 2581 1653 et
2604 1612 2821 1654 matrem
2839 1609 3005 1656 tuam.
3034 1601 3169 1658 Huic
3190 1607 3462 1659 contraria
3488 1607 3542 1662 in
3561 1611 3747 1678 quinta

2187 1687 2555 1759 (Egyptiorum
2605 1690 2758 1761 plaga
2794 1693 3041 1761 cynomia
3098 1700 3200 1747 est.
3261 1694 3399 1761 Quid
3447 1707 3531 1752 est
3584 1715 3752 1770 cyno-

577 1788 800 1854 Quidam
825 1795 1002 1842 autem
1026 1798 1152 1842 sunt
1179 1789 1269 1857 qui
1303 1787 1444 1842 ﬁlios
1471 1803 1597 1843 suos
1623 1788 1835 1844 blandis
1866 1798 2073 1844 tantum

2179 1779 2317 1831 mia?
2339 1778 2518 1834 Musca
2544 1780 2756 1845 canina,
2772 1796 3005 1850 graecum
3032 1783 3347 1843 vocabulum
3370 1788 3747 1844 est.Caninnm

508 1879 792 1931 hortantur
818 1879 1188 1943 sermonibus,
1215 1886 1272 1933 et
1313 1895 1418 1933 non
1458 1881 1800 1935 deterrentur
1834 1883 2079 1952 exemplo

511 1966 623 2021 ιιι-ιδ
660 1969 976 2032 sacerdotis,
1016 1969 1108 2036 qui
1156 1968 1293 2024 ﬁlios
1331 1985 1457 2024 suos
1487 1971 1665 2025 verbis
1694 1979 1898 2025 tantum
1932 1986 2081 2026 coer-

510 2061 655 2124 cuit,
694 2072 748 2115 et
783 2061 1122 2116 severissima
1179 2062 1514 2117 districtione
1555 2063 1716 2117 ferire
1767 2064 2082 2119 detrectavit

511 2152 562 2226 (Ι
595 2152 722 2224 Reg.
754 2153 837 2218 ιι).
880 2152 1049 2207 Porro
1087 2161 1211 2208 sunt
1247 2154 1487 2223 plerique
1511 2150 1784 2224 parentes,
1822 2156 1911 2224 qui
1941 2154 2079 2210 ﬁlios

511 2259 638 2299 suos
659 2246 784 2298 dum
808 2244 1025 2299 lubricae
1044 2245 1217 2299 aetatis
1238 2246 1493 2309 existunt,
1518 2246 1831 2299 verberibus
1857 2246 1924 2300 ad
1944 2245 2080 2302 bene

511 2338 774 2407 agendum
805 2336 1075 2407 corrigere
1112 2336 1384 2406 negligunt
1420 2354 1432 2389 :
1465 2337 1554 2405 qui
1582 2352 1702 2390 cum
1737 2337 1805 2392 ad
1828 2337 2081 2409 intelligi-

510 2427 667 2483 hilem
699 2436 910 2481 tetatem
937 2428 1311 2496 pervenerint,
1341 2436 1395 2480 et
1418 2427 1573 2482 malis
1603 2427 1861 2496 operibus
1890 2426 2077 2482 deser-

514 2522 626 2575 vire
651 2520 932 2589 coeperint,
963 2537 1069 2575 non
1114 2521 1268 2575 facile
1293 2536 1324 2574 a
1354 2520 1494 2575 malo
1530 2520 1770 2576 cohiberi
1796 2532 2076 2589 parentum

516 2612 870 2683 castigatione
891 2621 1175 2681 «possunt;
1211 2627 1438 2682 quorum
1482 2620 1703 2682 peccata
1744 2610 2077 2681 parentibus,

513 2703 601 2771 qui
631 2718 723 2757 eos
759 2703 811 2756 in
844 2710 1028 2757 tenera
1068 2711 1226 2758 tetate
1251 2702 1514 2773 castigare
1550 2703 1854 2763 noluerunt,
1899 2700 2075 2771 impu-

515 2794 615 2847 tari
642 2793 862 2849 dubium
892 2810 995 2849 non
1027 2802 1127 2850 est.

1107 2908 1337 2965 CAPUT
1368 2909 1483 2964 XV.

515 2998 666 3063 Quod
706 2998 805 3069 ﬁlii
857 2999 1082 3056 debitum
1132 2996 1390 3124 ligngremt
1430 3001 1732 3071 parentibus
1784 3003 2077 3073 impendere

1211 3089 1238 3124 e
1272 3088 1370 3124 ean
1397 3111 1409 3124 .

1211 3088 1409 3125 εοθαηι.

2179 1875 2262 1919 est
2285 1876 2534 1935 parentes
2557 1882 2664 1922 non
2684 1884 2996 1938 agnoscere.
3022 1871 3163 1926 Nihil
3185 1880 3299 1927 tam
3316 1876 3565 1931 caninum
3588 1894 3751 1947 quam

2179 1969 2302 2009 cum
2342 1955 2414 2009 illi
2443 1956 2536 2025 qui
2583 1968 2902 2026 genuerunt,
2936 1976 3065 2015 .non
3115 1975 3499 2033 agnoscuntur.
3555 1969 3752 2024 Merito

2179 2060 2307 2118 ergo
2334 2055 2387 2101 et
2415 2048 2581 2101 catuli
2608 2064 2803 2103 canum
2828 2052 2955 2106 caeci
2982 2063 3298 2109 nascuntur.
3336 2076 3355 2109 ι
3394 2057 3751 2132 Hieronymus

2180 2150 2207 2177 ει
2239 2137 2289 2190 in
2336 2138 2570 2206 Epistula
2614 2141 2682 2194 ad
2712 2140 2929 2195 Furiam
2966 2143 3159 2215 (Epist.
3201 2146 3286 2219 10)
3321 2167 3334 2201 :
3374 2168 3393 2199 ι
3427 2150 3631 2206 Bonum
3668 2164 3753 2209 est

2176 2228 2392 2295 quidem
2416 2237 2537 2297 post
2562 2229 2732 2284 Deum
2762 2233 2933 2286 amari
2959 2244 3212 2302 parentes
3237 2254 3267 2291 a
3290 2238 3443 2301 ﬁliis;
3471 2244 3562 2296 sed
3584 2246 3628 2297 si
3656 2228 3753 2299 ne-

2179 2319 2402 2373 cessitas
2430 2321 2670 2385 venerit,
2700 2330 2759 2375 ut
2786 2338 2940 2377 amor
2970 2336 3251 2394 parentum
3285 2338 3340 2383 et
3378 2330 3608 2388 ﬁliorum
3654 2336 3752 2391 Dei

2179 2428 2364 2468 amore
2392 2423 2761 2483 comparetur,
2791 2427 2847 2470 et
2874 2432 2979 2471 non
3006 2419 3179 2487 possit
3209 2429 3494 2492 utrumque
3520 2430 3752 2491 servari,

2182 2512 2306 2558 tunc
2329 2505 2511 2559 odium
2536 2506 2587 2559 in
2618 2508 2956 2576 propinquis,
2985 2510 3161 2578 pietas
3189 2512 3245 2566 in
3262 2514 3369 2569 Deo
3394 2525 3499 2571 est.
3533 2516 3754 2575 Honora

2176 2604 2375 2665 patrem
2399 2603 2546 2649 tuum
2571 2595 2778 2669 (Exod.
2811 2600 2903 2668 xx)
2937 2618 2948 2652 :
2981 2602 3074 2657 sed
3100 2603 3145 2656 si
3177 2611 3230 2659 te
3254 2620 3286 2658 a
3305 2620 3434 2662 vero
3462 2618 3613 2678 patre
3643 2628 3752 2667 non

2178 2699 2411 2759 separat.
2463 2692 2670 2747 Tandiu
2719 2694 2855 2751 scito
2882 2699 3161 2768 sanguinis
3204 2702 3473 2772 copulam,
3512 2706 3751 2774 quandiu

2177 2780 2266 2836 ille
2307 2797 2463 2837 suum
2506 2785 2720 2840 noverit
2772 2798 3096 2845 creatorem.
3133 2812 3152 2844 ι
3182 2793 3498 2851 Ambrosius
3529 2797 3581 2851 in
3612 2784 3755 2852 libro

2177 2872 2327 2941 cujus
2380 2875 2568 2930 titulus
2610 2886 2696 2931 est
2742 2878 2816 2934 De
2840 2877 3035 2951 Ioseph
3066 2882 3135 2937 ιιι
3173 2901 3191 2933 ι
3226 2884 3464 2941 Primum
3509 2889 3753 2943 omnium

2176 2978 2433 3037 quantam
2472 2971 2726 3028 discimus
2776 2977 3090 3055 parentibus
3117 2979 3326 3037 deferre
3367 2985 3749 3049 reverentiam,

2179 3082 2301 3122 cum
2337 3056 2583 3137 legimus,
2627 3070 2881 3138 quoniam
2914 3073 3003 3141 qui
3043 3074 3463 3132 benedicebatur
3494 3093 3524 3132 a
3561 3089 3752 3149 patre,

584 3158 760 3229 (Sicut
790 3168 913 3214 sum
950 3162 1039 3230 qui
1076 3161 1388 3230 parentibus
1430 3161 1689 3216 honorem
1728 3163 1886 3234 digne
1924 3178 2074 3219 rem.
2101 3161 2145 3223 C
2176 3156 2490 3214 benedictus
2524 3167 2671 3223 erat;
2715 3169 2770 3215 et
2796 3161 2887 3231 qui
2931 3163 3384 3233 maledicebatur,
3435 3169 3753 3226 maledictus

511 3257 799 3319 renterque
826 3251 1157 3322 impendunt,
1181 3251 1255 3305 ita
1284 3258 1409 3304 sunt
1437 3266 1468 3306 e
1493 3253 1767 3308 contrario
1795 3254 1885 3323 qui
1917 3255 1969 3309 id
1995 3254 2077 3308 fa-

513 3355 637 3395 cere
689 3340 1000 3413 negligant;
1062 3357 1167 3397 non
1221 3342 1731 3409 animadvertentes,
1788 3354 1880 3399 aut
1930 3356 2077 3401 certe

514 3430 940 3486 animadvertere
967 3432 1230 3498 nolentes,
1261 3435 1402 3502 quod
1429 3432 1521 3503 qui
1552 3443 1808 3504 parentes
1838 3436 2077 3492 dehone—

514 3528 657 3583 rant,
686 3518 814 3585 Deo,
843 3522 934 3590 qui
974 3522 1216 3578 omnium
1254 3534 1468 3580 creator
1494 3540 1757 3593 verusque
1784 3533 1934 3594 pater
1961 3536 2074 3591 est,

514 3612 762 3681 injuriam
802 3612 1025 3679 faciant,
1065 3624 1121 3670 et
1140 3618 1298 3686 ‘quod
1338 3617 1597 3674 Dominus
1631 3618 1853 3688 injurias
1885 3635 2079 3689 parca-

516 3709 642 3763 tum,
676 3703 775 3758 nisi
804 3704 959 3776 digna
986 3706 1300 3775 poenitentia
1332 3705 1616 3764 subseCuta
1643 3708 1824 3775 fuerit,
1858 3712 2077 3767 minime

513 3794 731 3864 impune
752 3810 1033 3852 remanere
1068 3800 1292 3868 patitur.
1323 3799 1546 3868 Quanta:
1569 3801 1731 3872 igitur
1760 3802 1830 3856 sit
1858 3802 2079 3857 damna-

516 3885 709 3951 tionis,
745 3896 1110 3959 quantumque
1153 3890 1220 3946 ab
1259 3892 1495 3947 humana
1524 3894 1783 3964 dignitate
1811 3905 2078 3950 remotum

512 3988 762 4045 parentes
798 3980 1179 4037 venerabiliter
1227 3998 1333 4037 non
1378 3998 1707 4054 agnoscere,
1759 3994 2078 4056 quantaeque

513 4069 582 4122 sit
612 4072 1057 4127 remunerationis
1089 4074 1168 4129 eis
1196 4074 1432 4129 debitum
1475 4076 1733 4130 honorem
1769 4077 2079 4133 obedienter

513 4160 840 4228 impendere,
890 4163 1077 4218 subter
1115 4163 1421 4220 testimonia
1458 4166 1696 4221 breviter
1730 4166 1956 4223 collecta
1986 4172 2079 4224 de-

641 4268 832 4309 stram.

641 4272 666 4309 s
696 4271 738 4308 r.
795 4268 832 4307 t.

512 4254 859 4379 ιῃἯῖἰιιδὲιυε]
876 4326 930 4379 in
964 4326 1081 4396 lege
1104 4345 1118 4380 :
1153 4326 1372 4381 Honora
1398 4337 1597 4398 patrem
1621 4338 1768 4384 tuum
1789 4340 1838 4384 et
1860 4339 2077 4386 matrem

512 4424 655 4467 tuam
676 4454 688 4477 ,
719 4427 773 4466 ut
799 4416 872 4467 sis
900 4413 1161 4484 longincus
1195 4432 1352 4486 super
1379 4428 1605 4483 terram,
1639 4437 1795 4490 quam
1824 4421 2076 4476 Dominus

2179 3259 2295 3305 erat
2323 3250 2335 3301 ι
2362 3250 2486 3307 Ideo
2525 3253 2666 3307 hanc
2702 3256 3014 3322 parentibus
3053 3259 3281 3329 gratiam
3314 3262 3534 3317 donavit
3569 3263 3711 3318 Deus
3733 3305 3748 3327 ,

2177 3347 2236 3393 ut
2258 3339 2490 3396 ﬁliorum
2521 3344 2693 3413 pietas
2728 3358 3132 3414 provocaretur.
3165 3350 3519 3422 Prterogativa
3550 3369 3750 3425 parcu-

2180 3443 2313 3497 tum,
2347 3434 2628 3504 discipliua
2653 3445 2737 3492 est
2762 3438 3011 3493 ﬁliorum.
3036 3440 3250 3497 Honora
3281 3460 3410 3515 ergo
3430 3455 3659 3515 patrem,
3690 3458 3757 3503 ut

2177 3521 2468 3578 benedicat
2499 3531 2584 3592 te;
2618 3526 2845 3583 honoret
2866 3540 3075 3599 patrem
3105 3532 3227 3601 pius
3257 3544 3476 3605 propter
3499 3537 3751 3606 gratiam,

2179 3612 2419 3683 ingratus
2452 3626 2674 3686 propter
2702 3619 2968 3674 timorem.
3010 3621 3121 3676 Etsi
3151 3638 3357 3693 pauper
3380 3634 3462 3679 est
3492 3635 3667 3696 pater,
3696 3637 3757 3683 et

2177 3719 2284 3759 non
2315 3705 2476 3761 habet
2516 3707 2825 3764 divitiarum
2859 3710 3076 3779 copias,
3118 3728 3252 3782 quas
3289 3714 3557 3770 relinouat
3601 3718 3749 3787 ﬁliis,

2178 3794 2341 3849 habet
2372 3804 2549 3851 tamen
2573 3798 2776 3855 ultimae
2799 3799 3187 3858 benedictionis
3207 3803 3595 3872 haereditatem,
3613 3825 3752 3879 quas

2177 3886 2619 3943 sanctiﬁcationis
2637 3904 2766 3959 opes
2784 3893 3186 3953 successoribus
3222 3895 3501 3967 largiatur.
3536 3899 3605 3952 Et
3628 3915 3746 3954 me-

2178 3977 2284 4032 rito
2317 3978 2436 4047 plus
2487 3988 2573 4035 est
2616 3982 2832 4036 beatum
2876 4000 3039 4053 quam
3075 3986 3294 4042 divitem
3343 3989 3481 4044 ﬁeri.
3541 4012 3560 4045 ι
3609 3991 3751 4049 Sunt

2176 4080 2368 4136 nempe
2390 4082 2660 4138 perversa:
2682 4070 2972 4128 voluntatis
2996 4074 3110 4140 ﬁlii,
3146 4077 3235 4146 qui
3264 4077 3524 4134 honorem
3550 4096 3752 4151 paren-

2180 4157 2321 4213 tibus
2358 4160 2775 4230 impendcndum
2816 4165 2955 4221 male
2985 4166 3344 4240 intelligentes
3370 4213 3385 4238 ,
3433 4188 3556 4230 eum
3587 4178 3640 4231 iu
3680 4196 3752 4234 eo

2176 4249 2290 4305 solo
2327 4259 2578 4307 constare
2618 4254 2990 4322 dissimulant,
3022 4262 3163 4329 quod
3200 4266 3453 4332 parentes
3486 4282 3753 4339 recogno-

2176 4351 2353 4408 scunt,
2402 4344 2589 4414 eisque
2632 4361 2690 4400 se
2731 4362 2956 4418 corpore
2992 4366 3098 4407 non
3132 4354 3314 4411 animo
3346 4357 3658 4426 humiliant;
3691 4372 3753 4418 et

2176 4446 2238 4486 ea
2269 4432 2463 4500 qui-bus
2491 4435 2761 4505 indigent,
2792 4438 2871 4492 eis
2899 4439 3276 4498 administrare
3302 4445 3589 4518 refugiunt.
3616 4450 3752 4505 Ani-

517 4501 653 4555 Deus
681 4511 801 4555 tuus
832 4502 1052 4556 daturus
1086 4515 1159 4557 est
1189 4505 1281 4558 tibi
1303 4505 1499 4574 (Exod.
1530 4523 1621 4572 xx,
1653 4509 1761 4577 12).
1798 4510 1931 4566 Item
1960 4512 2032 4567 ibi
2057 4530 2070 4566 :
2101 4506 2153 4566 Β
2179 4524 2517 4579 ιηςιάνθι-ιίιῃι
2544 4501 2693 4595 ergo,
2726 4530 2868 4597 quod
2890 4530 3064 4587 ιιοηοι-
3087 4533 3141 4587 in
3173 4501 3500 4606 scripuli-3’s,
3618 4501 3753 4597 ἕξει-

426 4657 442 4674 _
516 4590 619 4655 Qui
670 4592 998 4646 maledixerit
1050 4595 1188 4663 patri
1225 4597 1304 4652 vel
1343 4598 1541 4663 matri,
1600 4609 1763 4655 morte
1818 4602 2076 4657 moriatur

514 4681 678 4755 (Ibid.
717 4699 827 4749 χιι,
870 4683 979 4757 I7).
1022 4684 1275 4741 Salomon
1314 4703 1327 4740 :
1359 4685 1577 4755 Oculus,
1610 4690 1806 4759 inquit,
1834 4692 1923 4762 qui
1953 4694 2077 4748 sub-

512 4782 698 4827 sannat
731 4785 950 4843 patrem,
997 4785 1046 4829 et
1085 4774 1301 4846 despicit
1328 4788 1536 4847 partum
1573 4782 1755 4834 matris
1786 4798 1915 4846 suw,
1943 4783 2075 4852 eﬂ'a-

511 4864 663 4919 diant
688 4882 805 4919 eum
831 4866 969 4920 corvi
990 4867 1054 4920 de
1082 4869 1418 4932 torrentibus.
1440 4879 1489 4924 et
1507 4871 1778 4925 comedunt
1808 4871 1958 4927 illum
1977 4873 2076 4942 ﬁlii

511 4953 704 5022 aquila:
729 4952 910 5026 (Prov.
956 4971 1095 5021 xxx,
1138 4957 1247 5029 I7).
1276 4958 1408 5013 Item
1434 4978 1447 5012 :
1474 4958 1677 5015 Stultus
1704 4962 1886 5016 irridet
1912 4963 2075 5017 disci-

510 5047 709 5118 plinam
734 5049 897 5116 patris
921 5049 1033 5114 sui,
1072 5051 1160 5120 qui
1197 5062 1370 5104 autem
1408 5053 1633 5107 custodit
1673 5054 2073 5125 increpationes,

512 5138 736 5191 ustutior
761 5136 850 5205 ﬁet
877 5136 1039 5210 (Ibid.
1073 5155 1159 5204 xv,
1188 5140 1263 5211 5).
1299 5142 1427 5197 Item
1456 5157 1473 5167 ’
1511 5142 1681 5199 Filius
1709 5146 1916 5217 sapiens
1944 5145 2079 5200 (teti-

512 5226 635 5295 ﬁcat
660 5236 883 5297 patrem.
916 5238 963 5281 et
1001 5228 1191 5283 stultus
1225 5231 1438 5301 despicit
1474 5244 1693 5289 matrem
1724 5253 1873 5291 suam
1910 5238 2073 5307 (Ibid.

525 5326 577 5375 κ.
614 5318 636 5368 1
698 5317 736 5388 ).
778 5317 911 5372 Item
949 5337 963 5372 :
994 5317 1097 5384 Qui
1134 5322 1310 5391 afﬂigit
1347 5334 1548 5393 patrem
1581 5335 1628 5379 et
1664 5326 1795 5397 fugit
1835 5339 2072 5397 matrem,

514 5406 888 5475 ignominiosus
928 5419 1003 5464 est
1052 5420 1102 5464 et
1136 5411 1339 5480 infelix.
1379 5414 1511 5469 Item
1551 5434 1564 5468 :
1607 5417 1711 5482 Qui
1751 5418 2075 5475 maledixerit

514 5500 651 5566 patri
677 5517 771 5553 suo
797 5510 845 5555 et
873 5504 1062 5567 matri,
1092 5506 1453 5575 exstinguetur
1488 5506 1700 5563 lucerna
1733 5511 1848 5580 ejus
1882 5512 1936 5565 in
1972 5530 2080 5566 me-

587 5622 612 5649 a
656 5609 1037 5694 Hieronymum
1069 5616 1203 5694 Il:cc_
1235 5619 1321 5673 ille
1360 5620 1572 5694 quidem
1613 5624 1824 5694 scripsit
1860 5626 2075 5681 laudato

517 5681 653 5740 loco,
684 5684 776 5735 sed
805 5681 908 5738 non
931 5686 1125 5742 iisdem
1155 5689 1310 5757 plane
1334 5681 1528 5746 verbis.

2179 4620 2264 4669 tus
2304 4613 2660 4686 Hieronymus
2687 4620 2762 4673 ait
2788 4633 2838 4687 ο,
2866 4637 2972 4676 non
3017 4631 3226 4681 tantum
3271 4629 3325 4682 in
3362 4630 3746 4689 salutationum

2178 4701 2370 4759 oﬂiciis
2392 4705 2721 4773 deferendis,
2748 4720 3009 4781 quantum
3030 4714 3083 4768 in
3115 4716 3470 4790 eleemosynis
3488 4760 3503 4785 ,
3532 4736 3596 4776 ac
3629 4738 3750 4778 mu-

2181 4807 2367 4847 nerum
2414 4795 2684 4851 oblatione
2731 4800 2977 4855 sentitur.
3028 4803 3096 4858 Et
3151 4806 3290 4861 idem
3344 4818 3466 4877 post
3516 4825 3689 4879 pauca
3731 4831 3747 4867 :

2186 4900 2204 4933 ‹
2239 4882 2523 4955 Prmcepit,
2552 4886 2761 4957 inquit,
2795 4890 3051 4949 Dominus
3087 4896 3171 4950 vel
3202 4897 3632 4966 imbecillitates,
3662 4904 3752 4958 vel

2180 4981 2367 5031 aetates
2385 5015 2399 5041 ,
2432 4977 2516 5032 vel
2544 4982 2800 5059 pepurias
2826 4993 3110 5051 parentum
3140 4989 3488 5047 considerans
3510 5034 3526 5058 ,
3563 5003 3624 5048 ut
3652 4994 3748 5049 ﬁlii

2182 5065 2529 5135 honorarent,
2560 5070 2721 5126 etiam
2748 5072 2804 5126 in
2833 5073 2956 5130 vitae
2999 5079 3320 5135 necessariis
3354 5082 3747 5153 ministrandis,

2180 5163 2428 5224 parentes
2456 5172 2602 5213 suos.
2639 5179 2657 5212 ι

2252 5242 2439 5301 Restat
2467 5247 2630 5319 igitur
2656 5260 2783 5306 tunc
2808 5252 2948 5308 ﬁlios
2970 5254 3127 5324 digne
3150 5256 3406 5312 honorem
3438 5259 3751 5329 impendere

2180 5332 2419 5388 debitum
2444 5338 2776 5404 parentibus,
2797 5356 2919 5395 cum
2944 5358 3037 5399 eos
3054 5359 3178 5398 suos
3200 5356 3544 5413 generatores
3570 5349 3751 5403 humi-

2183 5424 2305 5478 liter
2329 5436 2753 5499 veneranterque
2783 5446 3185 5500 recognoscere,
3221 5437 3404 5506 eisque
3438 5439 3751 5498 necessaria

2182 5518 2589 5583 procuraverint
2613 5520 3008 5577 administrare.

2258 5628 2282 5666 ι)
2317 5628 2395 5704 De
2422 5628 2689 5683 Benedict.
2721 5633 3039 5704 patriarclL,
3072 5650 3190 5704 cap.
3220 5638 3267 5689 t.

2261 5709 2279 5734 ε
2316 5698 2389 5751 Ex
2418 5711 2705 5755 comment.
2724 5698 2792 5754 Vin
2826 5702 3011 5757 Matth.
3039 5698 3155 5775 cap:
3186 5721 3257 5773 Iv,
3299 5721 3440 5762 vers.
3464 5706 3520 5760 4.
