4030 6190
244 318 354 375 197

847 423 1072 484 CAPUT
1112 424 1250 480 XVI.

626 597 866 644 exercere
891 587 1073 642 debere
1094 587 1462 640 ministerium.

322 701 580 756 Existunt
607 699 660 753 in
685 709 917 767 utroque
937 711 1092 760 sexu,
1115 696 1206 765 qui
1233 697 1286 750 in
1313 695 1413 749 sibi
1439 692 1695 764 subjectis
1717 691 1838 761 plus

246 793 558 845 animarum
585 789 816 852 lucrum,
845 803 1007 858 quam
1030 787 1372 841 commodum
1396 795 1669 840 terrenum
1694 799 1839 854 quae-

250 891 408 936 runt:
461 887 591 934 sunt
627 881 792 934 etiam
821 895 852 934 e
881 879 1157 934 contrario
1185 877 1428 933 nonnulli
1469 885 1734 946 potentes,
1785 885 1840 930 et

248 972 502 1044 quaedam
527 973 736 1027 nobiles
765 982 1048 1036 matroute,
1083 971 1174 1042 qui
1200 971 1269 1025 ab
1305 971 1384 1025 eis
1412 979 1675 1040 quaestum
1723 979 1840 1022 tan-

251 1071 367 1117 tum
397 1071 676 1116 terrenum
706 1077 870 1116 avare
896 1063 1140 1132 exigunt,
1173 1070 1226 1116 et
1251 1061 1600 1116 salvationem
1634 1060 1840 1114 anima-

251 1173 373 1210 rum
399 1156 620 1210 illorum
635 1166 730 1208 aut
753 1154 1121 1219 dissimulant,
1143 1165 1236 1208 aut
1257 1165 1402 1208 certe
1422 1153 1636 1223 penitus
1658 1153 1840 1222 parvi-

249 1249 544 1318 pendunt:
583 1255 835 1317 putantes
895 1261 954 1302 se
995 1246 1200 1300 nullum
1241 1246 1294 1300 in
1352 1245 1566 1300 illorum
1603 1245 1842 1314 lapsibus

250 1337 556 1408 periculum
601 1337 874 1392 subituros
901 1379 915 1403 ,
946 1337 1254 1405 nullamque
1283 1351 1382 1405 pro
1411 1337 1490 1391 eis
1527 1335 1638 1390 Deo
1679 1335 1842 1388 ratio-

255 1430 462 1484 tiouem
518 1415 859 1493 reddituros;
915 1429 1108 1497 quibus
1158 1442 1227 1482 ne
1289 1426 1418 1481 illud
1470 1426 1842 1498 propheticum

253 1536 476 1591 quoquo
505 1521 666 1576 modo
700 1521 874 1592 aptari
904 1521 1112 1590 possit,
1151 1520 1442 1574 verendum
1475 1527 1561 1574 est
1586 1559 1600 1584 ,
1645 1518 1699 1571 in
1737 1531 1842 1586 quo

259 1613 468 1684 legitur
497 1629 510 1664 :
545 1609 652 1664 Lac
687 1610 1064 1675 comedebatis,
1091 1621 1140 1664 et
1187 1608 1324 1663 lanis
1357 1607 1761 1682 operiebamini;
1793 1616 1840 1660 et

251 1705 398 1778 quod
431 1720 668 1758 crassum
692 1712 826 1769 crat,
859 1703 1206 1768 occidebatis;
1234 1718 1437 1773 gregem
1467 1711 1640 1755 autent
1670 1717 1842 1754 meum

1247 310 1330 364 DE
1369 305 1849 364 lNSTlTU'l'lONE
1886 303 2172 360 LAICALI.
2197 335 2268 345 —-
2302 303 2429 359 LIB.
2466 310 2531 359 ll.

3409 309 3508 364 193

1860 403 2097 485 Agnum
2128 415 2210 470 vel
2239 415 2562 486 supplicium
2599 416 2799 470 erranti
2841 415 3138 470 denuntiat.
3177 416 3310 472 (.um
3343 422 3506 474 verba

247 524 320 576 Ut
364 520 628 592 conjugati
667 520 723 573 in
772 518 1012 592 domibus
1048 517 1165 592 suis
1205 514 1466 592 pastorale
1503 527 1557 568 se
1605 512 1834 566 noverint

1935 521 2135 567 sancta:
2194 511 2620 565 annuntiationis
2665 511 2940 581 impendit,
3000 509 3242 582 profecto
3291 511 3511 582 angelus

1935 604 2136 658 existit.
2171 603 2238 656 Et
2267 618 2426 657 nemo
2463 602 2608 657 dicat
2645 617 2660 654 :
2695 602 3000 656 Admonere
3027 617 3131 656 non
3161 601 3386 666 sullicio,
3419 617 3514 656 ex-

1936 697 2140 750 hortari
2189 696 2417 752 idoneus
2461 711 2566 751 non
2596 711 2734 750 sum.
2787 696 3056 761 Quantum
3110 703 3265 765 potes
3295 695 3511 760 exhibe,

1939 805 2004 844 ne
2047 788 2184 844 male
2232 797 2532 852 servatum,
2589 787 2734 857 quod
2783 802 3090 856 acceperas,
3136 788 3188 840 in
3230 789 3516 843 tormentis

1937 883 2192 954 cxigaris.
2221 882 2406 953 Neque
2428 883 2572 936 enim
2604 881 2722 951 plus
2755 896 2916 950 quam
2942 896 3107 955 unum
3145 881 3401 934 talentum
3426 897 3515 934 ac-

1937 985 2176 1045 ceperat,
2225 975 2318 1044 qui
2349 975 2452 1029 hoc
2493 971 2824 1028 abscondere
2876 971 3051 1040 magis
3105 971 3309 1025 studuit
3351 987 3513 1040 quam

1939 1083 2182 1138 erogare.
2221 1067 2288 1120 Et
2312 1067 2513 1122 scimus
2544 1065 2685 1134 quod
2717 1065 2769 1118 in
2799 1063 3144 1118 tabernaculo
3168 1063 3261 1116 Dei
3289 1079 3393 1116 non
3425 1079 3516 1117 so-

1939 1158 2048 1212 lum
2093 1157 2306 1228 phialae,
2366 1156 2458 1212 sed
2491 1155 2835 1226 pratcipiente
2873 1154 3102 1208 Domino
3141 1153 3302 1208 etiam
3337 1154 3514 1224 cyathi

1941 1248 2068 1302 facti
2107 1256 2251 1303 sunt.
2297 1247 2401 1302 Per
2427 1245 2638 1317 phialas
2665 1246 2861 1315 quippe
2893 1245 3138 1299 doctrina
3181 1245 3517 1310 exuberans;

1883 1406 1899 1423 .
1941 1354 2039 1409 per
2085 1339 2306 1410 cyathos
2333 1353 2462 1392 vero
2496 1352 2662 1407 parva
2691 1345 2852 1405 atque
2891 1344 3119 1406 angusta
3161 1333 3385 1389 scientia
3423 1335 3521 1389 de-

1944 1433 2207 1502 signatur.
2239 1431 2391 1486 Alius
2419 1431 2664 1486 doctrina
2687 1429 2931 1482 veritatis
2954 1427 3161 1498 plenus,
3188 1427 3522 1481 audientium

1944 1534 2151 1590 mentes
2183 1523 2417 1578 inebriat
2448 1542 2459 1576 :
2493 1539 2592 1594 per
2619 1523 2720 1577 hoc
2747 1505 2876 1592 ergo
2919 1521 3061 1590 quod
3101 1520 3256 1584 dicit,
3281 1518 3525 1590 profecto

1944 1615 2178 1685 phialam
2208 1615 2453 1685 porrigit.
2486 1614 2641 1668 Alius
2667 1614 2883 1684 explere
2911 1613 3052 1682 quod
3087 1613 3274 1678 sentit,
3304 1628 3409 1666 non
3430 1628 3525 1666 va-

1945 1706 2048 1772 let;
2091 1707 2186 1762 sed
2211 1707 2337 1777 quia
2367 1706 2471 1760 hoc
2499 1713 2770 1774 utcunque
2812 1705 3128 1769 denuntiat,
3161 1703 3404 1774 profecto
3429 1718 3526 1772 per

255 1813 365 1849 non
385 1794 704 1864 poscebatis,
735 1801 790 1847 et
819 1800 1014 1848 caetera
1043 1809 1164 1863 qua:
1187 1793 1252 1848 de
1273 1791 1582 1862 pastoribus
1606 1791 1838 1861 prophe-
1871 1795 1916 1852 B
1944 1795 2192 1866 cyathum
2229 1804 2443 1867 gustum
2486 1796 2708 1865 praebet.
2751 1795 2805 1848 In
2849 1794 2943 1848 Dei
2983 1809 3111 1864 ergo
3146 1795 3521 1860 tabernaculo,

258 1887 404 1940 licus
449 1899 630 1940 sermo
673 1883 988 1954 exsequitur
1020 1882 1234 1954 (Ezech.
1283 1897 1481 1948 xxxrv,
1527 1881 1603 1954 5).
1643 1881 1698 1937 Si
1738 1881 1846 1935 lan-

255 1984 459 2048 guente
501 1974 700 2045 capite,
752 1981 812 2026 ut
845 1974 1034 2040 beatus
1074 1973 1152 2026 ait
1191 1971 1482 2042 Gregorius
1515 1982 1562 2036 ι,
1605 1972 1844 2025 membra

257 2069 537 2122 incassum
593 2064 816 2132 vigent,
881 2061 1260 2133 languentibus
1312 2063 1500 2130 utique
1547 2061 1842 2126 membris,

257 2165 426 2227 caput
455 2166 551 2210 aut
585 2155 897 2225 languidum
919 2195 934 2218 ,
968 2161 1061 2208 aut
1087 2153 1336 2225 languori
1361 2154 1599 2208 vicinum
1631 2152 1719 2219 sit,
1751 2167 1847 2207 ne-

262 2263 422 2303 cesse
443 2257 549 2302 εει.

332 2339 564 2406 Qualem
599 2345 778 2392 autem
809 2337 1224 2392 sollicitudinem
1263 2345 1316 2392 et
1351 2352 1534 2390 curam
1564 2351 1691 2408 erga
1722 2337 1848 2392 sub-

253 2433 463 2503 jcctam
495 2433 600 2488 sibi
643 2433 859 2487 domum
891 2430 1261 2501 hujuscemodi
1299 2430 1558 2486 exhibere
1596 2414 1844 2492 debeam,

259 2523 551 2594 sequentia
583 2523 794 2577 docent.
825 2522 916 2575 Ait
941 2521 1197 2576 Salomon
1232 2521 1284 2574 in
1325 2519 1632 2576 Proverbiis
1662 2539 1674 2574 :
1710 2519 1850 2574 Dili-

261 2625 445 2686 genter
468 2613 677 2667 attende
695 2611 893 2664 vultum
913 2611 1113 2681 pecoris
1130 2611 1228 2676 tui,
1246 2620 1462 2681 tuosque
1483 2627 1658 2681 greges
1688 2613 1854 2665 consi-

263 2712 416 2761 dera.
437 2704 568 2759 Item
594 2721 607 2756 :
637 2702 737 2757 Ubi
751 2719 854 2756 non
872 2689 945 2756 est
961 2703 1292 2774 gubernator,
1309 2702 1529 2773 populus
1545 2703 1760 2788 cqrrut’t.
1783 2702 1850 2756 In

262 2797 508 2851 doctrina
534 2795 766 2848 noscitur
793 2794 870 2846 vir
895 2807 912 2844 :
941 2808 1030 2846 cor
1059 2792 1310 2862 sapientis
1338 2795 1526 2863 quatrit
1561 2792 1850 2846 doctrinam

263 2889 456 2959 (Prov.
501 2902 670 2950 xxv",
708 2885 808 2950 25;
841 2901 930 2949 x1,
960 2884 1055 2949 Μις
1086 2901 1160 2939 xu
1187 2927 1200 2948 ,
1238 2886 1304 2950 8;
1334 2901 1401 2938 xv
1425 2926 1440 2949 ,
1475 2885 1582 2958 Μ).
1625 2885 1764 2939 Beda
1799 2885 1850 2939 in

263 2977 512 3030 ltomiliis
543 2977 608 3030 de
633 2975 948 3045 pasmribus
972 2975 1000 3014 b
1034 2991 1047 3027 :
1089 2993 1106 3024 ι
1143 2973 1260 3028 Non
1290 2974 1483 3038 solum,
1521 2974 1714 3043 inquit,
1753 2989 1850 3044 pa-

263 3078 447 3122 stores
481 3066 719 3136 episcOpi
753 3074 810 3120 et
840 3065 1174 3136 presbyteri,
1209 3073 1264 3121 et
1301 3066 1534 3130 diaconi,
1569 3066 1650 3120 vel
1687 3069 1850 3121 etiam

1949 1889 2000 1942 id
2024 1897 2126 1953 est,
2159 1888 2211 1942 in
2238 1895 2426 1942 sancta
2456 1887 2696 1942 Ecclesia
2728 1886 2913 1956 positi,
2944 1886 2988 1940 si
3021 1902 3118 1956 per
3145 1886 3406 1940 doctrinae
3439 1901 3528 1941 sa—

1946 1979 2203 2049 pientiam
2244 1977 2555 2032 ministrare
2605 1977 2815 2046 phialas
2872 1975 3093 2030 minime
3153 1976 3420 2045 potestis,
3470 1977 3524 2032 in

1947 2078 2208 2140 quantum
2235 2084 2335 2139 pro
2369 2069 2546 2123 divina
2571 2068 2821 2136 largitate
2847 2066 3113 2130 sollicitis,
3141 2067 3406 2136 proximis
3433 2081 3526 2122 ve-

1949 2164 2076 2218 stris
2105 2161 2232 2217 boni
2268 2161 2416 2215 verbi
2447 2162 2673 2232 cyathos
2709 2159 2852 2214 date.
2886 2159 2941 2212 ln
2981 2167 3244 2228 quantum
3282 2167 3529 2228 vos’per-

1949 2254 2142 2310 fecisse
2183 2253 2526 2316 existimatis,
2564 2252 2724 2306 etiam
2773 2251 2908 2306 alios
2964 2251 3186 2316 trahite,
3221 2251 3278 2305 in
3317 2251 3405 2306 via
3431 2251 3526 2304 Dei

1950 2345 2150 2400 habere
2185 2343 2362 2398 socios
2387 2342 2711 2397 desiderate.
2747 2340 2802 2396 Si
2840 2341 2961 2411 quis
2995 2351 3269 2406 vestrum,
3309 2341 3528 2406 fratres,

1949 2436 2015 2489 ad
2036 2435 2210 2489 forum
2233 2442 2326 2487 aut
2357 2432 2584 2488 fortasse
2605 2432 2674 2486 a;l
2699 2431 2946 2487 balneum
2970 2433 3176 2502 pergit,
3204 2447 3363 2500 quem
3390 2433 3529 2486 otio-

1951 2543 2068 2581 sum
2095 2541 2214 2581 esse
2251 2525 2582 2589 considerat,
2617 2533 2674 2577 ut
2715 2539 2898 2578 secum
2923 2524 3128 2587 veniat,
3163 2524 3375 2578 invitat.
3412 2524 3528 2594 lpsa
3607 2516 3620 2528 ’

1951 2633 2082 2688 ergo
2124 2627 2340 2672 terrena
2385 2615 2528 2672 actio
2576 2630 2673 2670 vos
2721 2622 2900 2674 vestra
2944 2615 3256 2673 conveniat,
3290 2613 3420 2667 etsi
3465 2613 3530 2668 ad

1952 2711 2121 2765 Deum
2150 2707 2390 2772 tenditis,
2421 2715 2608 2762 curate
2643 2721 2708 2761 ne
2738 2707 2804 2760 ad
2831 2721 2954 2761 eum
2980 2706 3079 2760 soli
3107 2707 3360 2760 veniatis.
3395 2703 3534 2760 Hinc

1953 2803 2094 2856 enim
2112 2800 2367 2870 scriptum
2395 2817 2406 2852 :
2430 2797 2532 2864 Qui
2547 2798 2716 2863 audit,
2734 2797 2874 2850 dicat
2895 2797 3201 2869 reni(tlpoc.
3223 2812 3354 2861 xm,
3372 2795 3480 2863 l7).
3505 2817 3524 2846 ο

1953 2893 2086 2948 ltcm
2123 2893 2264 2946 idem
2303 2892 2356 2944 in
2403 2890 2626 2945 homilia
2667 2891 2731 2944 de
2771 2904 2963 2943 novem
3001 2888 3279 2943 ordinibus
3319 2887 3533 2958 angelo-

1957 3003 2074 3042 rum
2104 2985 2131 3024 ἀ
2159 3001 2173 3039 :
2202 3003 2221 3036 ι
2260 2984 2393 3039 Nam
2429 2992 2554 3038 sunt
2579 2982 2821 3054 plerique
2849 2983 2941 3052 qui
2967 2997 3130 3053 parva
3167 2981 3410 3051 capiunt,
3439 2983 3534 3036 sed

1957 3087 2139 3133 tamen
2187 3077 2300 3132 haec
2343 3076 2531 3132 eadem
2579 3091 2740 3145 parva
2784 3075 2870 3144 pie
2913 3074 3237 3128 annnnliare
3273 3072 3534 3128 fratribus

263 3165 516 3211 rectores
568 3155 1044 3219 monasteriorum,
1093 3156 1186 3210 sed
1213 3163 1267 3210 ct
1296 3171 1483 3210 omnes
1513 3154 1716 3219 ﬁdeles,
1757 3156 1848 3226 qui
1878 3149 1922 3211 C
1955 3187 2060 3225 non
2085 3170 2367 3226 desistunt,
2402 3167 2497 3222 ιειί
2527 3167 2707 3236 itaque
2733 3167 2786 3220 ῑη
2810 3165 3122 3237 angelorum
3153 3180 3378 3220 numero
3423 3165 3533 3220 dis-

261 3248 510 3320 parvula:
529 3263 640 3303 sua:
666 3248 858 3303 domus
883 3249 1180 3302 custodiam
1203 3255 1414 3319 gerunt,
1437 3258 1684 3318 pastores
1711 3258 1855 3303 recte

267 3347 554 3404 vocantur,
600 3339 664 3392 in
716 3347 978 3408 quantum
1011 3339 1187 3393 cidem
1237 3353 1347 3394 sum
1394 3340 1575 3394 domui
1625 3339 1854 3430 sollicita

265 3433 554 3504 vigilantia
575 3441 837 3502 praesunt.
864 3432 931 3486 Et
955 3431 1264 3502 quicunque
1287 3441 1525 3487 vestrum
1547 3432 1738 3487 saltem
1764 3432 1856 3486 uni

267 3533 366 3578 aut
413 3521 623 3578 duobus
671 3521 927 3577 fratribus
973 3522 1289 3593 quotidiano
1337 3522 1598 3592 regimine
1641 3530 1852 3594 praeest,

273 3617 516 3688 pastoris
561 3616 766 3671 eisdem
815 3615 974 3670 debet
1027 3614 1259 3671 ollicium
1315 3616 1569 3686 implere;
1621 3617 1746 3686 quia
1802 3615 1855 3669 in

277 3721 540 3782 quantum
566 3709 784 3774 sullicit,
819 3723 1042 3778 pascere
1071 3711 1168 3763 hos
1195 3709 1342 3764 verbi
1373 3709 1599 3778 dapibus
1615 3707 1852 3778 jubetur.

275 3807 387 3859 luto
415 3802 786 3872 unusquisque
811 3812 1050 3857 vestrum
1069 3843 1083 3866 ,
1119 3803 1336 3867 fratres,
1367 3803 1459 3873 qui
1488 3802 1652 3858 etiam
1677 3805 1858 3874 priva-

278 3903 364 3949 tus
391 3894 573 3947 vivere
609 3893 870 3958 creditur,
899 3893 1131 3962 pastoris
1162 3891 1392 3948 ollicium
1424 3901 1592 3959 tenet,
1619 3902 1674 3948 et
1699 3894 1859 3962 spiri—

281 3985 439 4041 talem
467 3985 643 4054 pascit
670 3999 884 4055 gregem
906 4026 920 4048 ,
953 3985 1271 4056 vigiliasque
1303 3985 1478 4040 noctis
1507 3986 1740 4041 custodit
1769 4002 1858 4040 su-

281 4092 374 4145 per
419 4075 600 4138 illum,
657 4073 704 4128 si
745 4074 1006 4129 bonorum
1058 4067 1856 4146 actuum,.cogitationumque

286 4168 600 4222 tuendarum
630 4164 735 4219 sibi
762 4180 1058 4237 aggregans
1089 4167 1508 4232 multitudinem,
1543 4166 1686 4220 hunc
1709 4165 1856 4236 jttslu

286 4257 653 4314 moderamine
697 4257 1037 4326 gubernare,
1090 4257 1402 4314 coelestibus
1453 4256 1855 4325 Scripturarum

277 4353 496 4424 pascuis
523 4349 756 4413 nutrire,
785 4356 840 4404 et
877 4350 1020 4420 vigili
1066 4349 1286 4404 stilertia
1325 4357 1512 4404 contra
1557 4345 1858 4400 immundo.

283 4460 400 4498 rum
438 4445 726 4514 spirituum
763 4445 985 4500 insidias
1015 4456 1238 4498 servare
1271 4437 1566 4495 contendit.
1603 4455 1622 4489 ι
1656 4435 1858 4508 Grego-

285 4537 398 4591 rius
433 4538 490 4590 in
515 4537 735 4591 homilia
765 4548 786 4575 ε
829 4534 1140 4606 Evangelii:
1175 4550 1194 4583 ί
1228 4531 1463 4594 Utinam,
1510 4529 1706 4584 fratres
1731 4530 1856 4582 cha-

281 4630 520 4696 rissimi,
571 4645 676 4685 non
723 4630 790 4684 ad
829 4627 1089 4700 judicium
1132 4633 1374 4680 nostrum
1420 4624 1678 4684 dicamus,
1730 4622 1855 4690 quia

279 4738 472 4778 omnes
518 4723 611 4793 qui
641 4722 927 4779 sacerdotii
960 4720 1175 4776 nomine
1204 4725 1509 4779 censentur,
1550 4713 1722 4786 angeli
1760 4729 1858 4767 vo-

280 4823 502 4879 cantur,
530 4815 792 4884 propheta
819 4820 1134 4875 attestante,
1155 4808 1243 4878 qui
1276 4806 1352 4860 ait
1381 4824 1394 4859 :
1423 4799 1586 4858 Labia
1619 4803 1857 4858 sacerdo-

281 4908 347 4960 ti:
373 4905 670 4959 custodient
692 4905 984 4967 scientiam,
1006 4909 1054 4954 et
1069 4902 1225 4970 legem
1248 4896 1506 4968 requirent
1528 4911 1590 4948 ea:
1613 4909 1700 4947 ore
1717 4894 1853 4962 ejus,

280 4989 404 5066 quia
445 4995 665 5065 angelus
706 4995 916 5050 Domini
949 4993 1270 5048 exercituum
1304 4997 1377 5044 est
1409 4985 1638 5060 (Malae.
1677 5001 1739 5050 ιι,
1767 4984 1852 5055 7).

282 5089 388 5143 Sed
417 5085 540 5155 ejus
579 5087 915 5141 altitudinem
963 5083 1194 5140 nominis
1229 5081 1390 5136 etiam
1419 5095 1548 5144 vos,
1594 5077 1640 5133 si
1675 5076 1852 5142 vultis,

283 5176 513 5247 potestis
556 5177 751 5230 mereri
781 5194 794 5230 :
825 5190 946 5229 nam
985 5173 1348 5242 unusquisque
1381 5179 1619 5225 vestrum
1649 5169 1702 5222 in
1741 5178 1858 5222 tan-

286 5278 394 5324 tum
423 5265 646 5332 sufﬁcit,
681 5267 734 5320 in
761 5272 1020 5336 quantum
1045 5261 1276 5333 gratiam
1305 5274 1551 5329 superate
1575 5257 1860 5328 aspiratio-

285 5361 367 5416 nis
395 5361 636 5432 accepit,
673 5361 718 5416 si
742 5375 772 5413 a
799 5374 894 5413 sua
921 5358 1184 5428 pravitate
1210 5355 1516 5424 proximum
1546 5362 1782 5419 revocat,
1809 5353 1854 5407 si

283 5453 564 5508 exhortari
589 5452 654 5506 ad
675 5452 809 5512 bene
835 5446 1170 5520 operandum
1192 5453 1363 5508 curat,
1403 5445 1449 5500 si
1477 5452 1738 5500 aeternum
1767 5461 1855 5500 re-

354 5599 380 5625 ι
407 5583 705 5638 Pastoralis
731 5599 872 5637 cane
899 5591 1047 5652 part.
1066 5597 1128 5644 ιι,
1161 5596 1287 5652 cap:
1311 5581 1366 5633 7.

357 5655 384 5693 ι»
413 5654 493 5707 Ex
525 5653 709 5708 hontil.
740 5654 792 5706 in
815 5649 1007 5707 aurora
1035 5649 1241 5707 Natalis
1261 5649 1497 5719 Domini,
1524 5651 1654 5706 Luc.
1685 5667 1745 5717 tt,
1776 5651 1858 5706 in.

289 5733 365 5781 te:
388 5726 541 5780 ltum.
565 5723 820 5783 hiemales
839 5724 904 5778 de
931 5723 1150 5778 sanctis.

1955 3270 2198 3317 currunt.
2244 3280 2261 3312 ι

2023 3351 2354 3422 Augustinus
2387 3351 2442 3405 in
2482 3365 2733 3406 sermone
2759 3347 2823 3404 ad
2858 3348 3152 3420 populum:
3192 3365 3211 3398 ι
3247 3346 3429 3408 Filios,
3455 3345 3536 3400 in-

1955 3445 2088 3515 quit,
2127 3452 2182 3498 et
2212 3457 2398 3499 omnes
2431 3441 2666 3496 familias
2695 3448 2907 3496 vestras
2941 3441 3251 3504 admonete,
3287 3445 3344 3491 ut
3365 3445 3534 3501 caste,

1955 3545 2011 3591 et
2049 3535 2227 3606 juste,
2264 3543 2317 3588 et
2346 3534 2526 3588 sobrie
2570 3535 2793 3597 vivant,
2823 3541 2878 3586 et
2906 3531 2972 3586 ad
3003 3532 3202 3586 bonum
3231 3529 3535 3598 exemplum

1954 3635 2011 3681 et
2043 3627 2194 3696 bona,
2213 3639 2378 3694 opera
2405 3632 2712 3690 provocato.
2762 3641 2780 3674 ι
2813 3623 2946 3677 Item
2987 3622 3129 3677 idem
3162 3621 3215 3675 in
3250 3621 3388 3675 libro
3423 3635 3537 3674 ser-

1955 3731 2174 3770 monum
2195 3726 2218 3752 ο
2247 3731 2260 3768 :
2295 3731 2315 3765 ι
2351 3711 2397 3766 Α
2423 3713 2579 3768 malis
2608 3713 2773 3768 corde
2799 3728 3012 3780 semper
3043 3709 3442 3780 disjungimini;
3469 3708 3538 3763 ad

1959 3817 2168 3877 tempus
2207 3812 2365 3860 caute
2413 3819 2638 3872 corpore
2681 3801 3036 3872 copulamini;
3081 3815 3182 3855 nec
3224 3808 3402 3852 tamen
3437 3813 3532 3851 nc-

1957 3897 2220 3968 gligentes
2249 3894 2370 3949 sitis
2410 3892 2461 3946 in
2491 3890 2825 3962 corrigendis
2862 3891 3082 3954 vestris,
3111 3889 3176 3942 ad
3210 3903 3394 3943 curam
3433 3886 3534 3941 sci-

1957 3990 2081 4044 licet
2117 3998 2354 4045 vestram
2391 3987 2769 4057 quoqnomodo
2796 3983 3212 4054 pe:tinentibus,
3247 3980 3534 4042 monendo,

1958 4081 2243 4143 hortando,
2287 4079 2554 4142 docendo,
2600 4075 2876 4140 terrendo,
2909 4074 3318 4143 quibuscunque
3363 4071 3538 4126 modis

1959 4172 2214 4244 potestis,
2248 4172 2410 4242 agite.
2455 4169 2565 4223 Nec
2598 4185 2722 4224 cum
2756 4165 3010 4222 invenitis
3042 4165 3094 4220 in
3126 4163 3422 4233 Scripturis
3443 4203 3456 4227 ,
3485 4170 3540 4216 ct

1959 4268 2012 4320 in
2047 4264 2306 4334 exetnplis
2333 4273 2666 4326 sanctorum,
2697 4261 2812 4316 sive
2849 4261 2940 4329 qui
2970 4267 3119 4322 ante,
3154 4257 3268 4312 sive
3297 4257 3389 4326 qui
3416 4264 3540 4326 post

1958 4355 2168 4409 Domini
2202 4354 2489 4407 adventum
2537 4353 2591 4406 in
2633 4353 2735 4406 hac
2779 4349 2886 4404 vita
2929 4348 3179 4414 fuerunt,
3219 4347 3361 4417 quod
3409 4345 3534 4402 mali
3568 4357 3571 4361 '

1961 4446 2129 4498 bonos
2159 4443 2210 4496 in
2239 4442 2444 4496 unitate
2483 4457 2588 4496 non
2618 4441 2921 4502 maculant,
2961 4437 3267 4493 cliiciamini
3295 4438 3433 4510 pigri
3469 4438 3534 4492 ad

1962 4536 2309 4607 corrigendos
2345 4532 2535 4589 malos.
2571 4553 2589 4586 ι
2629 4531 2839 4588 Clamat
2865 4531 3006 4585 enim
3034 4529 3200 4584 Isaias
3231 4529 3532 4599 propheta:

1963 4628 2224 4692 Recedite,
2267 4628 2402 4682 exite
2452 4626 2594 4692 inde,
2639 4623 2896 4695 pollutum
2938 4621 3097 4675 nolite
3133 4631 3342 4692 tangere
3378 4621 3533 4693 (Isai.

1971 4743 2059 4788 ιιι,
2096 4719 2206 4791 ll).
2258 4717 2411 4786 Quod
2451 4717 2592 4771 idem
2634 4715 2824 4769 beatus
2857 4711 3190 4779 Augustinus
3214 4710 3287 4764 ita
3313 4709 3537 4782 exponit

1962 4813 2114 4884 (Cap.
2145 4809 2234 4882 20)
2267 4829 2279 4864 t
2317 4825 2340 4862 ι
2375 4807 2514 4876 Quid
2540 4815 2624 4862 est
2647 4806 2814 4868 enim,
2843 4803 3035 4873 inquit,
3063 4811 3285 4873 tangere
3305 4801 3536 4856 immun-

1962 4903 2108 4966 dum,
2135 4901 2238 4954 nisi
2264 4898 2569 4954 consentire
2589 4893 2859 4966 peccatis?
2885 4892 3025 4958 Quid
3050 4901 3134 4946 est
3155 4899 3359 4956 autem,
3384 4891 3535 4946 exire

1959 4993 2102 5058 inde,
2131 4992 2231 5046 nisi
2262 4992 2438 5046 facere
2475 4989 2617 5060 quod
2643 4986 2882 5057 pertinet
2909 4987 2976 5040 ad
3005 4985 3398 5040 correctionem
3419 4998 3534 5038 ma-

1959 5082 2154 5148 lorum,
2183 5089 2442 5150 quantum
2469 5093 2566 5147 pro
2589 5073 3010 5144 uniuscujusque
3031 5077 3198 5144 gradu
3227 5081 3388 5142 atque
3412 5065 3534 5141 per;

1959 5187 2112 5237 sona,
2153 5170 2297 5226 salva
2331 5183 2482 5238 pace,
2522 5167 2636 5221 fieri
2672 5166 2884 5236 potest?
2921 5165 3202 5235 Displicuit
3232 5163 3362 5230 tibi,
3389 5163 3534 5234 quod

1961 5261 2188 5333 quisque
2227 5258 2491 5330 peccavit,
2539 5273 2645 5312 non
2679 5257 2903 5328 tetigisti
2947 5256 3301 5312 immundum.
3331 5255 3533 5310 Redar-

1962 5351 2140 5424 guisti,
2195 5349 2522 5418 corripuisti,
2579 5349 2852 5413 monuisti,
2913 5345 3204 5401 adhibuisti
3245 5344 3430 5410 etiam,
3483 5345 3530 5400 si

1962 5457 2050 5497 res
2076 5440 2262 5508 exigit,
2306 5453 2620 5510 congruam,
2671 5447 2726 5494 et
2771 5451 2894 5506 qua:
2927 5437 3188 5490 unitatem
3218 5449 3324 5488 non
3374 5434 3534 5488 violet

2035 5589 2056 5616 ο
2092 5576 2289 5631 llomil.
2313 5574 2365 5629 ϐ.

2031 5647 2057 5687 ἀ
2090 5647 2284 5701 llomil.
2317 5645 2406 5698 54.

2040 5732 2060 5755 ε’
2093 5719 2164 5772 De
2197 5716 2384 5770 Verbis
2410 5717 2637 5780 Domini,
2661 5730 2822 5770 serm.
2859 5713 2943 5778 l8,
2970 5727 3086 5782 cap.
3124 5714 3207 5770 l8.
