4030 6190
445 252 542 306 199
876 204 879 205 ν
1497 239 1688 296 ,ιοΝειε
1727 229 2282 292 AURELIANENSIS
2323 226 2621 283 EPISCOPI
2652 197 2658 203 ἡ
3566 214 3671 273 ΞΜ»

434 359 794 431 disciplinam,
841 356 999 411 existi
1044 355 1185 409 inde.
1229 375 1246 407 ν
1299 353 1448 407 Multi
1488 367 1678 421 nempe
1706 357 1866 413 sunt,
1914 345 2081 416 qui'A
2110 342 2258 395 niens
2293 340 2478 408 offeres
2506 354 2693 391 munus
2729 348 2872 391 tuum
2905 336 3118 406 (Matth.
3148 352 3198 398 ν,
3230 335 3340 431 9.5).
3376 335 3442 390 Et
3467 335 3593 431 alibi
3620 338 3669 390 in

440 425 590 505 banc-
630 446 1009 511 reccssionem,
1056 455 1113 500 et
1157 446 1297 499 hunc
1337 445 1537 499 exitum
1576 442 1775 506 facere,
1807 440 1862 497 et
1905 441 2007 496 hoc
2108 430 2438 501 Evangelia:
2476 428 2961 497 Accedenstiﬂqtlil.
2988 428 3175 480 Ρειηιδ
3196 426 3265 479 ad
3283 425 3466 480 Ιϐδῑιηι
3496 426 3626 479 dixit
3655 442 3672 477 -’

437 538 770 593 immundum
793 551 899 589 non
934 544 1152 606 tangere
1177 535 1589 605 parvipendunt.
1621 533 1756 587 Dum
1779 532 1924 586 enim
1954 532 2029 606 in.

439 628 686 682 domibus
705 625 816 680 suis
835 625 1070 693 rapinas,
1095 625 1470 694 oppressiones
1493 638 1811 693 pauperum,
1840 620 2005 686 furta,

344 701 350 711 ’
441 717 725 779 adulteria,
754 722 810 770 et
834 722 1031 769 caetera
1066 714 1349 768 innumera
1386 712 1523 767 mala
1554 712 1670 766 fieri
1707 712 1912 776 sinunt,
1955 723 2011 765 et

355 796 359 801 ’
441 811 625 865 talium
683 807 956 876 obsequiis
1008 806 1245 872 deliniti,
1303 806 1561 861 societate
1606 803 1874 870 delectati,
1931 803 2012 859 eis

442 902 602 956 corde
643 899 971 971 junguntur,
1018 899 1198 969 procul
1234 898 1398 953 dubio
1441 912 1546 952 non
1593 897 1717 952 inde
1754 897 2008 952 recedere

442 991 877 1060 comprobantur.
903 988 1034 1043 Cum
1059 1004 1186 1042 vero
1203 987 1396 1043 talibus
1418 987 1767 1056 peccantibus
1789 1000 2016 1041 consen-

444 1084 605 1146 tiunt,
653 1081 719 1135 ab
760 1089 948 1136 eorum
985 1079 1257 1135 consortio
1288 1093 1395 1132 non
1422 1086 1640 1132 exeunt.
1688 1075 1823 1131 Cum
1849 1076 2015 1146 igitur

447 1188 576 1244 erga
625 1170 993 1240 hujuscemodi
1038 1170 1411 1238 delinquentes
1446 1182 1739 1239 congruam
1777 1166 2017 1235 discipli-

445 1278 569 1316 nam
599 1278 702 1315 non
734 1261 1010 1316 exhibent.
1040 1259 1321 1331 pollutum,
1345 1269 1400 1314 et
1430 1258 1765 1313 immundum
1797 1257 2016 1313 minime

449 1362 669 1424 tangere
692 1360 904 1407 cavent.
941 1351 1162 1417 Videant
1192 1352 1372 1421 itaque
1399 1348 1765 1418 hujuscemodi
1787 1348 2014 1418 praelati,

447 1443 656 1512 qualem
698 1458 827 1513 erga
880 1442 1017 1496 male
1075 1451 1296 1512 agentes
1328 1441 1564 1512 rigorem
1603 1440 1911 1509 disciplinae,
1965 1448 2019 1495 et

447 1550 574 1605 erga
614 1549 900 1605 oppressos
938 1549 1098 1603 opera
1142 1532 1527 1588 misericordia:
1561 1533 1750 1586 beatus
1776 1529 1878 1586 Job
1919 1530 2018 1585 im-

447 1624 732 1693 pendebat.
774 1624 867 1677 Ait
908 1637 1138 1692 namque
1176 1641 1188 1676 :
1230 1622 1387 1675 Auris
1431 1621 1649 1675 audiens
1694 1620 2020 1690 beatiﬁcabat

2111 523 2351 584 Domine,
2377 519 2577 591 quoties
2607 520 2887 587 peccaverit
2917 519 2970 571 in
2999 534 3079 571 me
3110 517 3275 586 frater
3301 533 3469 582 meus,
3498 516 3675 571 dimit-

2108 629 2217 672 tam
2244 612 2656 687 usquesepties?
2679 611 2779 667 Cui
2810 612 3080 683 .respondit
3112 610 3360 665 Dominus
3386 599 3407 665 ξ
3439 626 3543 665 non
3583 626 3666 667 us-

2107 724 2206 779 que
2232 708 2418 776 septies
2441 721 2459 769 ;
2488 702 2579 757 sed
2607 718 2768 773 usque
2791 701 3083 771 septuagies
3108 701 3296 769 septies
3324 698 3487 767 (Ibid.
3519 715 3676 763 xvm,

2109 796 2223 868 21).
2257 798 2322 850 Et
2350 807 2471 865 post
2504 794 2682 865 aliqua
2720 812 2734 847 :
2782 794 2872 849 Sic
2899 804 2947 847 et
2979 793 3139 847 Pater
3177 809 3320 847 meus
3351 792 3567 848 caelestis
3596 793 3679 863 fa—

2110 888 2208 941 ciet
2231 886 2388 949 vobis,
2420 886 2466 939 si
2495 902 2597 939 non
2625 884 2926 938 remiseritis
2946 883 3298 954 unusquisque
3320 882 3476 953 fratri
3497 901 3593 937 suo
3616 885 3682 938 de

2113 979 2357 1034 cordibus
2399 979 2580 1033 vestris
2610 976 2773 1049 (Ibid.
2806 998 2839 1038 ι,
2870 975 2991 1049 55).
3024 975 3174 1043 Quod
3211 976 3282 1029 ita
3326 976 3518 1031 beatus
3543 976 3682 1031 edis’

2116 1069 2248 1125 serit
2275 1068 2641 1139 Hieronymus
2664 1079 2691 1108 ιι
2723 1083 2737 1121 :
2782 1085 2800 1117 ι
2836 1065 3228 1130 Pormidolosa,
3257 1064 3450 1133 inquit,
3473 1074 3683 1120 senten-

2116 1162 2212 1227 tia,
2241 1161 2287 1216 si
2323 1159 2478 1229 juxta
2528 1168 2775 1215 nostram
2819 1167 3053 1213 mentem
3093 1156 3358 1211 sententia
3394 1156 3486 1211 Dei
3518 1155 3683 1211 flecti-

2118 1263 2226 1318 tur,
2253 1263 2416 1323 atque
2442 1259 2704 1308 mutatur.
2734 1248 2793 1305 Si
2822 1265 2985 1320 parva
3033 1248 3290 1303 fratribus
3322 1263 3429 1302 non
3456 1248 3686 1302 dimitti-

2118 1361 2257 1409 mus,
2291 1343 2496 1413 majora
2526 1343 2682 1398 nobis
2710 1358 2740 1396 a
2769 1341 2879 1398 Deo
2914 1357 3020 1395 non
3049 1340 3417 1395 dimittuntur.
3463 1339 3531 1395 Et
3558 1341 3685 1410 quia

2117 1444 2295 1506 potest
2320 1435 2688 1506 unusquisque
2717 1433 2918 1497 dicere,
2952 1431 3083 1485 nihil
3110 1431 3282 1486 habeo
3322 1439 3510 1486 contra
3540 1446 3687 1486 eum.

2120 1526 2236 1595 ipse
2264 1526 2454 1579 novit:
2485 1523 2647 1579 habet
2667 1523 2833 1577 Deum
2858 1520 3114 1592 judicent,
3151 1535 3256 1575 non
3286 1529 3369 1574 est
3391 1519 3516 1573 mihi
3542 1535 3690 1575 cura:

2121 1615 2250 1684 quid
2277 1613 2408 1668 velit
2451 1627 2631 1685 agere,
2662 1627 2763 1683 ego
2804 1610 2985 1682 ignovi
3011 1610 3061 1665 ei
3094 1628 3106 1664 :
3139 1609 3426 1665 confirmat
3474 1620 3689 1666 senten-

450 1730 529 1766 me
554 1730 572 1767 :
595 1722 643 1767 et
673 1713 855 1767 oculus
877 1713 1055 1767 videns
1076 1713 1427 1766 testimonium
1450 1710 1693 1765 reddebat
1716 1711 1863 1775 mihi,
1881 1710 2019 1781 quod
2048 1700 2094 1759 Β
2125 1708 2253 1761 tiam
2277 1722 2428 1762 suam
2455 1715 2512 1761 et
2533 1720 2749 1761 omnem
2777 1704 3180 1760 simulationem
3207 1703 3344 1759 fictae
3366 1705 3516 1774 pacis
3539 1720 3694 1759 ever-

450 1805 745 1857 liberassem
787 1817 1064 1873 pauperem
1112 1801 1510 1870 vociferantem,
1546 1811 1595 1854 et
1639 1800 1895 1871 pupillum
1940 1802 2025 1854 cui

454 1911 557 1948 non
569 1903 697 1947 esset
714 1894 781 1947 ad
777 1895 941 1963 jutor.
960 1891 1256 1946 Benedictio
1268 1892 1484 1963 perituri
1498 1908 1656 1962 supra
1671 1908 1751 1944 me
1761 1891 2024 1956 veniebat;

450 1997 497 2040 et
517 2002 607 2039 cor
634 1986 805 2041 vidule
839 1984 1135 2039 consolatus
1162 2002 1298 2039 sum.
1329 1984 1780 2040 Justitiaindutus
1810 2002 1945 2051 sum,
1977 1994 2027 2040 et

452 2077 625 2130 vestivi
665 2092 746 2129 me
783 2075 917 2129 sicut
946 2076 1244 2129 vestimento
1266 2084 1314 2129 et
1336 2075 1632 2129 diademate
1648 2074 1856 2144 judicio
1888 2092 2023 2129 meo.

457 2164 655 2218 Oculus
678 2164 757 2233 fui
781 2180 936 2227 οωεο,
953 2173 1001 2217 et
1023 2180 1110 2234 pes
1129 2162 1317 2217 claudo
1341 2177 1359 2215 :
1379 2173 1526 2233 pater
1546 2180 1690 2217 erant
1701 2180 1989 2234 pauperum
2007 2181 2027 2229 ;

456 2264 505 2308 et
536 2271 751 2308 causam
781 2271 938 2325 quam
981 2255 1269 2308 nesciebam
1292 2295 1307 2318 ,
1338 2255 1729 2325 diligentissime
1754 2256 2031 2327 investiga-

462 2347 600 2400 bam.
641 2344 975 2401 Conterebam
1007 2346 1173 2401 molas
1203 2347 1402 2417 iniqui,
1442 2358 1489 2402 et
1518 2348 1581 2401 de
1605 2347 1841 2403 dentibus
1886 2346 2031 2403 illius

462 2437 762 2506 auferebam
813 2437 1046 2508 prtrdam
1094 2436 1237 2504 (Job.
1277 2453 1442 2501 xxnx,
1486 2437 1544 2492 ll
1590 2447 1639 2492 et
1684 2436 1870 2511 seqq.).
1898 2439 2031 2493 Item

458 2528 595 2582 item
635 2536 757 2598 post
798 2542 968 2598 pauca
1013 2545 1025 2581 :
1079 2526 1310 2599 Cumque
1350 2531 1578 2582 sederem
1614 2530 1766 2600 quasi
1804 2545 1895 2584 rem
1928 2530 2033 2583 cir-

456 2628 742 2672 cumstante
786 2618 1052 2683 exercitu;
1090 2634 1234 2671 eram
1269 2628 1442 2672 tamen
1483 2620 1805 2673 maerentium
1848 2635 2034 2674 conso-

458 2708 597 2763 lator
623 2709 821 2780 (lbid.,
862 2710 976 2779 25).

538 2799 762 2856 Videant
791 2802 955 2856 etiam
990 2801 1206 2871 qualem
1236 2800 1656 2856 sollicitudinem
1701 2802 2035 2858 domus‘suae

460 2895 649 2950 beatus
672 2894 870 2949 Tobias
896 2909 1071 2949 caecus
1090 2876 1334 2963 corpore,
1360 2894 1549 2950 videns
1576 2895 1760 2960 corde,
1791 2896 2029 2965 gerebat,

465 2988 556 3057 qui
583 3003 704 3041 cum
732 2987 868 3041 haedi
902 2985 1133 3040 balantis
1160 3000 1349 3039 vocem
1387 2983 1643 3057 audisset,
1688 2986 1765 3040 ait
1794 3003 1808 3039 :
1855 2984 2034 3040 Videte

464 3098 527 3134 ne
564 3083 698 3150 forte
743 3079 963 3148 furtivus
1005 3078 1072 3132 sit
1117 3094 1135 3131 :

461 3171 586 3240 quia
629 3186 731 3223 non
766 3168 883 3223 licet
913 3168 1057 3222 nobis
1088 3182 1153 3221 ea:
1200 3166 1343 3237 furto
1380 3166 1581 3238 aliquid
1621 3177 1713 3222 aut
1758 3168 1910 3223 edere
1944 3176 2035 3222 aut

468 3262 765 3331 contingere
814 3259 969 3325 (Tob.
1009 3275 1068 3323 ιι,
1121 3257 1234 3329 2|).
1272 3256 1477 3324 Quibus
1523 3257 1706 3313 verbis
1754 3258 2034 3324 innuitur,

470 3349 615 3420 quod
663 3350 801 3404 sicut
829 3364 859 3403 a
888 3348 1054 3412 furto,
1090 3347 1163 3401 ita
1212 3362 1425 3417 quoque
1456 3363 1486 3401 a
1515 3347 1727 3402 caeteris
1749 3347 1897 3403 vitiis
1940 3349 2038 3404 do-

473 3456 619 3496 mum
672 3454 825 3495 suam
868 3438 1111 3509 pervigili
1172 3436 1530 3492 sollicitudine
1570 3438 1863 3494 immunem
1928 3438 2040 3494 efﬁ—

470 3529 666 3584 ciebat.
717 3527 1072 3597 Summopere
1105 3527 1274 3596 igitur
1320 3526 1403 3581 his
1431 3527 1526 3598 qui
1572 3536 1816 3598 praesunt
1844 3543 2035 3597 procu-

472 3622 700 3678 randum
745 3629 848 3688 est,
879 3630 936 3676 ut
956 3621 1236 3691 providam
1274 3619 1687 3675 sollicitudinem
1721 3620 1900 3675 domui
1932 3635 2043 3675 sua:

473 3712 838 3769 indesinenter
866 3721 1080 3784 gerant,
1129 3727 1219 3777 ne,
1248 3712 1391 3782 quod
1422 3711 1584 3777 absit,
1611 3710 1877 3782 quispiam
1919 3710 2044 3765 sub-

471 3802 734 3874 jeetorum
788 3819 1011 3859 suorum
1056 3803 1317 3858 instinctu
1362 3802 1534 3858 hostis
1564 3802 1773 3873 antiqui
1814 3803 2045 3873 decipia-

476 3905 593 3961 tur;
652 3902 710 3950 et
764 3894 844 3950 eis
891 3893 1392 3959 dissimulantibus,
1430 3901 1523 3948 aut
1561 3892 2043 3959 consentientibus,

477 3992 571 4038 aut
596 3999 704 4040 non
733 3983 1201 4055 redarguentibus,
1236 3984 1289 4037 in
1313 3991 1593 4054 peccatum
1622 3991 1989 4039 convertatur.

1028 4094 1255 4153 CAPUT
1290 4096 1455 4152 XVII.

478 4187 630 4252 Quod
661 4196 873 4258 peccata
894 4188 1040 4258 prius
1073 4187 1324 4258 fratribus
1351 4188 1454 4242 sint
1484 4189 1826 4255 remittenda;
1854 4198 1903 4242 et
1924 4197 2047 4242 tunc

908 4273 1098 4310 munus
1131 4257 1237 4310 Deo
1264 4258 1609 4326 offerendum.

552 4355 689 4409 Sunt
710 4369 870 4423 quam
895 4353 1078 4423 plures
1104 4353 1197 4422 qui
1227 4353 1422 4424 frigido
1451 4354 1635 4421 corde,
1667 4356 1813 4412 nullo
1840 4355 2052 4414 scilicet

2126 1799 2211 1864 tit,
2245 1798 2429 1853 dicens
2470 1815 2482 1850 :
2518 1795 2579 1852 Si
2628 1812 2732 1850 non
2777 1795 3080 1849 remiseritis
3132 1797 3485 1868 unusquisque
3533 1797 3689 1865 fratri

2125 1906 2223 1944 suo
2252 1889 2317 1942 de
2346 1888 2588 1943 cordibus
2611 1887 2792 1942 vestris
2818 1885 2982 1959 (Ibid.
3021 1883 3066 1953 ).
3090 1899 3110 1933 ι

2195 1979 2527 2050 Augustinus
2556 1978 2610 2032 in
2636 1977 2774 2032 libro
2817 1977 2884 2032 de
2913 1960 3171 2032 Sermone
3193 1975 3404 2030 Domini
3434 1976 3486 2028 in
3515 1986 3696 2029 monte

2128 2070 2267 2143 (Lib.
2299 2087 2338 2135 ι,
2383 2086 2500 2141 cap.
2532 2068 2651 2139 l0):
2697 2088 2716 2120 ς
2743 2068 3002 2123 Jubemur
3028 2082 3156 2137 ergo
3184 2066 3382 2121 illaturi
3407 2082 3601 2121 munus
3640 2068 3692 2120 in

2128 2162 2321 2227 altare,
2353 2160 2399 2216 si
2423 2160 2692 2215 recordati
2722 2159 2986 2213 fuerimus
3013 2158 3218 2227 aliquid
3267 2159 3552 2213 adversum
3596 2175 3698 2212 nos

2129 2253 2329 2308 habere
2368 2250 2609 2316 fratrem,
2656 2266 2850 2306 munus
2894 2258 3021 2305 ante
3051 2249 3220 2304 altare
3251 2248 3593 2319 relinquere,
3639 2260 3694 2303 ct

2128 2356 2378 2415 pergere,
2434 2356 2499 2397 ac
2546 2340 2889 2397 reconciliari
2941 2338 3127 2406 fratri;
3161 2340 3353 2395 deinde
3388 2341 3591 2406 venire,
3642 2350 3699 2396 et

2131 2447 2328 2489 munus
2350 2431 2565 2488 offerre.
2592 2433 2745 2501 Quod
2771 2432 2814 2488 si
2845 2432 3150 2502 accipiatur
3175 2433 3245 2488 ad
3284 2432 3543 2498 litteram,
3587 2432 3701 2487 for-

2133 2525 2298 2582 tassis
2325 2524 2521 2596 aliquis
2553 2526 2728 2581 credit
2755 2526 2830 2580 ita
2856 2524 2974 2580 fieri
2998 2538 3270 2595 oportere,
3302 2526 3347 2581 si
3374 2540 3611 2595 przesens
3631 2526 3704 2580 sit

2133 2619 2306 2677 frater
2333 2638 2349 2675 :
2377 2636 2486 2675 non
2514 2620 2658 2675 enim
2687 2619 2888 2675 diutius
2910 2618 3112 2674 diﬂ‘err'i
3141 2626 3338 2688 potest,
3358 2634 3481 2673 eum
3505 2634 3702 2673 munus

2134 2719 2288 2766 tuum
2319 2710 2626 2781 relinquere
2654 2718 2780 2764 ante
2805 2709 2975 2764 altare
2994 2707 3256 2778 jubearis.
3287 2707 3344 2764 Si
3371 2724 3500 2780 ergo
3527 2708 3719 2763 deab-

2133 2808 2313 2867 sente,
2351 2809 2408 2856 et
2444 2801 2586 2870 quod
2613 2799 2730 2854 ﬁeri
2766 2807 2943 2869 potest
2963 2796 3127 2855 etiam
3155 2807 3305 2854 trans
3328 2814 3476 2854 mare
3500 2800 3706 2853 consti-

2136 2896 2288 2957 tuto,
2317 2891 2518 2961 aliquid
2548 2890 2653 2946 tale
2680 2891 2859 2946 veniat
2892 2890 2948 2945 in
2991 2898 3248 2956 mentem,
3279 2890 3571 2944 absurdum
3615 2899 3703 2943 est

2137 2987 2356 3041 credere
2382 2991 2508 3039 ante
2535 2983 2705 3039 altare
2726 2999 2923 3039 munus
2945 2992 3095 3038 tuum
3117 2982 3545 3053 relinquendum,
3563 2982 3703 3051 quod

1179 3077 1376 3131 reddite
1419 3054 1538 3130 eum
1593 3076 1818 3131 dominis
1863 3077 1972 3131 suis
2013 3093 2032 3132 :
2061 3053 2106 3115 (ἶ
2137 3085 2260 3147 post
2289 3085 2481 3142 terras,
2515 3084 2569 3131 et
2600 3076 2768 3130 maria
2799 3085 3077 3148 pererrata
3109 3074 3308 3131 offeras
3330 3075 3459 3130 Deo.
3489 3074 3557 3129 Et
3585 3074 3706 3128 idco

2134 3184 2359 3239 prorsus
2408 3168 2552 3222 intro
2586 3167 2653 3223 ad
2709 3167 2974 3237 spiritalia
3030 3166 3279 3238 refugere
3327 3167 3592 3237 cogimur,
3644 3176 3707 3220 ut

2137 3260 2405 3330 IIOCQUOd
2427 3259 2628 3313 dictum
2650 3267 2752 3324 est,
2777 3258 2894 3313 sine
2915 3256 3250 3313 absurditate
3265 3259 3439 3329 possit
3457 3257 3704 3328 intelligi.

2137 3353 2324 3408 Altare
2371 3352 2552 3421 itaque
2581 3351 2929 3422 spiritaliter,
2960 3350 3015 3404 in
3064 3351 3327 3406 interiore
3360 3349 3453 3404 Dei
3507 3350 3708 3419 templo

2142 3443 2311 3514 ipsam
2359 3438 2518 3496 fidem
2565 3442 2811 3511 accipere
2838 3456 3148 3523 possumus,
3183 3441 3338 3512 cujus
3374 3440 3585 3510 signum
3625 3448 3711 3494 est

2141 3533 2309 3587 altare
2360 3531 2590 3586 visibile.
2658 3525 2944 3596 Quodlibet
2989 3531 3155 3597 enim‘
3190 3546 3386 3586 munus
3433 3529 3712 3585 offerimus

2142 3624 2276 3688 Deo,
2309 3623 2423 3678 sive
2450 3622 2811 3692 prophetiam,
2857 3622 2971 3678 sive
3013 3622 3335 3687 doctrinam,
3364 3622 3477 3678 sive
3507 3622 3686 3677 oratio

2142 3730 2289 3779 nem,
2329 3715 2444 3769 sive
2479 3715 2760 3786 hymnum,
2799 3715 2913 3793 sive
2945 3716 3229 3784 psalmum,
3269 3725 3326 3771 et
3364 3716 3411 3771 si
3441 3716 3569 3786 quid
3601 3715 3711 3769 tale

2145 3804 2294 3860 aliud
2344 3803 2667 3874 spiritalium
2708 3805 2976 3860 donorum
3014 3807 3195 3862 animo
3234 3807 3493 3871 occurrit,
3548 3822 3710 3862 arce-

2145 3905 2298 3967 ptum
2319 3908 2438 3951 esse
2467 3910 2573 3950 non
2606 3904 2784 3966 potest
2810 3896 2940 3964 Deo,
2971 3897 3073 3952 nisi
3102 3897 3223 3953 fidei
3262 3898 3571 3953 sinceritate
3610 3897 3716 3951 ful-

2145 3990 2341 4044 ciatur.
2928 4000 2938 4012 '

2217 4078 2508 4151 Gregorius
2540 4081 2594 4136 in
2624 4081 2915 4137 Moralibus
2951 4081 3088 4152 (Lib.
3121 4098 3257 4149 χχιι,
3290 4099 3406 4153 cap.
3437 4084 3490 4154 8)
3518 4102 3531 4137 :
3565 4102 3584 4135 ς
3610 4082 3694 4140 Ab

2148 4171 2536 4242 omnipotente,
2571 4172 2765 4243 inquit,
2802 4170 2911 4228 Deo
2938 4189 3133 4230 munus
3158 4190 3224 4230 ex
3252 4190 3412 4229 manu
3434 4191 3539 4229 non
3570 4176 3712 4230 acci-

2150 4266 2315 4335 pitur,
2369 4266 2723 4336 quod.corde
2776 4268 3015 4336 obligato
3049 4268 3103 4322 in
3158 4267 3362 4322 malitia
3419 4267 3711 4338 perfertur.

2154 4354 2399 4410 Mundari
2427 4357 2627 4413 etenim
2655 4357 2816 4413 debet
2840 4359 2992 4428 prius
3020 4359 3253 4424 animus,
3278 4360 3369 4429 qui
3401 4375 3594 4415 munus
3626 4358 3712 4415 of-

479 4443 765 4499 charitatis
790 4443 983 4497 ardore
1012 4457 1289 4505 succenso,
1324 4442 1435 4497 Deo
1463 4453 1519 4499 et
1554 4460 1747 4501 munus
1768 4448 1836 4504 ad
1864 4448 2051 4504 'altane
2080 4408 2130 4469 θ
2153 4444 2295 4500 ferre
2321 4445 2435 4501 vult
2461 4446 2609 4512 Deo;
2639 4447 2765 4515 quia
2793 4408 2955 4502 omne
2984 4448 3126 4518 quod
3148 4408 3314 4504 datu;
3332 4451 3464 4519 Deo,
3490 4466 3556 4506 ex
3583 4452 3718 4505 dan-

476 4533 734 4597 ofl‘erunt,
765 4540 819 4586 et
872 4532 1149 4588 orationes
1194 4540 1249 4587 et
1288 4530 1658 4606 eleemosynas
1704 4535 2048 4608 frequentare

482 4640 615 4681 non.
637 4630 873 4688 cessant,
905 4631 1157 4692 putantes
1187 4623 1292 4678 ista
1324 4624 1442 4679 sine
1479 4625 1745 4682 charitate
1779 4629 1890 4684 Deo
1934 4630 2050 4701 pla-

480 4734 644 4785 cere;
679 4719 978 4789 pmsertim
1005 4733 1128 4775 eum
1150 4719 1293 4774 nulla
1316 4719 1458 4776 bona
1480 4722 1596 4777 sine
1617 4722 1903 4790 charitate,
1925 4740 2046 4780 cum

481 4810 749 4868 charitate
782 4817 963 4865 autem
990 4811 1042 4867 ei
1070 4811 1250 4865 omnia
1275 4811 1542 4883 placeant.
1576 4813 1726 4869 Tunc
1763 4814 1907 4870 enim
1936 4815 2048 4873 Deo

479 4902 753 4959 exteriora
780 4903 949 4973 gratis
973 4902 1114 4968 dari,
1163 4911 1218 4957 et
1244 4902 1427 4959 offerri
1461 4912 1704 4974 possunt,
1733 4920 1858 4961 cum
1902 4906 2041 4963 inte—

480 4994 592 5049 rior
617 4994 778 5048 homo
797 4993 1081 5048 eharitatis
1106 4993 1298 5049 ardore
1320 4995 1687 5057 succenditur,
1712 5002 1768 5050 et
1788 4996 2045 5066 templum

477 5083 650 5139 sancti
681 5081 916 5153 Spiritus
947 5081 1196 5138 efﬁcitur.

549 5172 794 5240 Qualiter
817 5187 947 5228 vero
977 5189 1170 5227 munus
1197 5172 1308 5228 Deo
1332 5173 1510 5229 offerri
1538 5175 1754 5242 debeat,
1785 5176 2046 5232 Dominus

479 5264 636 5319 docet
662 5265 714 5318 in
745 5263 1033 5335 Evangelio
1062 5265 1245 5320 dicens
1270 5283 1283 5318 :
1310 5263 1370 5320 Si
1399 5266 1554 5334 offers
1584 5283 1773 5320 munus
1800 5276 1949 5321 tuum
1976 5268 2045 5321 ad

482 5353 670 5418 altare,
705 5363 754 5407 et
781 5352 890 5408 illic
932 5354 1235 5407 recordatus
1259 5353 1419 5422 fueris
1458 5355 1581 5424 quia
1612 5354 1775 5424 frater
1801 5365 1923 5421 tuus
1953 5356 2048 5409 ha-

483 5442 563 5494 bet
590 5443 786 5511 aliquid
814 5444 1087 5498 adversum
1110 5453 1177 5508 te,
1208 5443 1435 5513 relinque
1454 5443 1526 5496 ibi
1547 5460 1733 5498 munus
1759 5454 2048 5499 tuum'ante

482 5530 681 5595 altare;
711 5543 757 5586 et
780 5535 906 5587 vade
922 5534 1067 5604 prius
1096 5534 1422 5587 reconciliari
1448 5534 1602 5603 fratri
1614 5544 1800 5589 tuo:et
1826 5544 1947 5589 tunc
1968 5551 2024 5591 ve

566 5652 591 5684 ⁸
632 5644 745 5699 Lib.
782 5659 841 5699 tu
875 5646 927 5701 in
963 5646 1175 5711 Matth.
1208 5662 1325 5715 cap.
1363 5646 1448 5701 18.

2152 4535 2224 4591 tis
2252 4544 2431 4591 mente
2456 4544 2733 4608 pensatur.
2765 4537 2951 4594 Omnis
2971 4539 3195 4596 malitia:
3226 4542 3434 4596 macula
3467 4542 3535 4607 ab
3574 4542 3723 4598 inte-

2152 4629 2295 4684 riore
2322 4637 2510 4684 nostro
2534 4630 2771 4697 homine,
2819 4631 3163 4700 cogitationis
3192 4634 3565 4689 immutatione
3605 4643 3718 4691 ter-

2149 4721 2328 4794 genda
2353 4727 2437 4774 est
2461 4737 2474 4775 :
2503 4721 2626 4790 quia
2658 4722 2791 4776 iram
2813 4722 3013 4791 judicis
3047 4724 3263 4793 placare
3287 4726 3459 4780 nescit
3483 4725 3715 4789 oblatio,

2153 4812 2261 4870 nisi
2306 4826 2371 4866 ex
2424 4812 2685 4867 munditia
2727 4812 2936 4883 placeat
2975 4814 3276 4880 ofierentis,
3315 4815 3451 4870 sicut
3493 4815 3546 4870 in
3578 4816 3718 4871 libro

2149 4901 2380 4963 Genesis
2404 4902 2661 4972 scriptum
2685 4913 2769 4959 est
2792 4923 2806 4958 :
2840 4903 3083 4976 Respexit
3111 4905 3366 4960 Dominus
3386 4907 3457 4960 ad
3480 4906 3626 4973 Abel,
3667 4919 3718 4962 et

2149 5003 2216 5052 ad
2244 5008 2466 5056 munera
2499 4993 2647 5063 ejus;
2681 4994 2749 5049 ad
2777 4994 2907 5050 Cain
2936 5007 3129 5061 autem,
3158 5006 3206 5051 et
3249 4996 3318 5050 ad
3345 5013 3562 5052 munera
3601 4998 3717 5067 ejus

2155 5103 2254 5145 son
2282 5086 2511 5149 respexit
2542 5085 2696 5158 (Cen.
2727 5103 2799 5154 IV,
2829 5087 2909 5161 4).
2933 5088 3117 5160 Neque
3144 5090 3342 5145 etenim
3372 5104 3585 5145 sacrum
3603 5090 3719 5145 elo-

2149 5183 2332 5251 quiqu
2359 5179 2496 5237 dicit
2538 5197 2551 5233 :
2588 5178 2827 5249 Respexit
2856 5181 2925 5235 ad
2955 5198 3170 5255 munera
3196 5180 3343 5247 Abel,
3390 5191 3438 5235 et
3484 5181 3554 5234 ad
3580 5180 3719 5235 Cain

2150 5287 2366 5325 munera
2397 5286 2499 5324 non
2548 5269 2801 5338 respexit;
2845 5270 2938 5325 sed
2978 5272 3127 5341 prius
3168 5271 3294 5339 ait:
3338 5272 3461 5341 quia
3490 5271 3715 5341 respexit

2152 5360 2404 5414 Dominus
2449 5361 2517 5414 ad
2563 5358 2717 5422 Abel,
2746 5359 2937 5414 deinde
2963 5360 3238 5428 subjunxit
3266 5378 3279 5414 :
3317 5370 3366 5414 ct
3396 5360 3464 5414 ad
3495 5376 3713 5415 munera

2151 5450 2285 5523 ejus.
2327 5450 2393 5504 Et
2435 5463 2654 5505 rursum
2698 5445 2827 5503 dicit
2853 5466 2866 5503 :
2897 5450 3017 5519 quia
3050 5467 3150 5503 non
3181 5451 3400 5519 respexit
3427 5449 3495 5503 ad
3526 5447 3659 5503 Cain
3691 5466 3710 5508 :

2153 5554 2218 5595 ac
2244 5534 2436 5596 deinde
2469 5539 2745 5597 subdidit:
2777 5556 2868 5594 nec
2912 5541 2982 5594 ad
3010 5558 3225 5595 munera
3259 5541 3395 5611 ejus.
3425 5541 3507 5596 Ex
3534 5543 3714 5598 dantis
