4030 6190
295 287 396 344 201

292 403 532 461 namque
559 391 719 446 corde
767 390 817 446 id
849 393 992 463 quod
1033 391 1112 459 lit,
1161 395 1427 466 accipitur

289 480 431 535 Abel
466 494 532 533 ex
569 481 903 546 muneribus,
959 483 1054 536 sed
1104 497 1172 538 ex
1223 483 1358 538 Abel
1411 501 1634 540 munera
1684 487 1868 541 oblata

289 571 642 641 placuerunt.
679 569 839 627 Prius
868 586 1101 641 namque
1131 573 1198 628 ad
1222 587 1344 628 eum
1374 573 1568 642 legitur
1589 574 1870 630 Dominum

293 659 624 729 respexisse,
670 661 762 728 qui
809 660 991 725 dabat,
1023 676 1184 730 quam
1215 663 1281 717 ad
1311 663 1420 727 illa,
1469 679 1589 734 qum
1631 665 1808 720 dabat.
1847 686 1866 719 ι

292 751 364 805 lit
389 751 576 804 audito
622 751 831 805 scilicet
860 750 1023 818 hujus
1054 752 1245 807 ordine
1294 753 1646 819 narrationis,
1697 755 1874 809 disca.

290 860 412 898 mus
443 843 572 912 quia
601 843 870 898 exteriora
897 858 1119 897 munera
1162 858 1227 897 ex
1259 843 1468 897 interna
1510 844 1690 908 cordis
1722 860 1876 899 mun—

291 938 422 991 ditia
448 937 797 1003 condiuntur,
830 943 889 988 ut
917 935 1093 998 virtus
1121 935 1280 1006 hujus
1309 935 1650 1000 discretionis
1675 951 1871 989 unum-

290 1044 564 1097 quemque
594 1037 838 1081 nostrum
887 1026 1096 1090 doceat,
1145 1011 1319 1097 qualis
1346 1027 1484 1096 apud
1515 1041 1573 1081 se
1617 1041 1738 1081 esse
1781 1027 1874 1082 dc-

289 1119 434 1180 beat,
469 1132 593 1171 cum
639 1117 910 1170 exteriora
942 1117 1085 1170 bona
1117 1131 1224 1170 non
1256 1115 1426 1170 solum
1458 1115 1567 1170 Deo
1608 1130 1706 1185 per
1727 1115 1875 1170 obla-

291 1207 455 1260 tionis
506 1215 712 1269 votum,
746 1210 838 1259 sed
887 1206 1050 1259 etiam
1086 1206 1349 1275 proximis
1390 1202 1784 1271 subministrat.
1827 1205 1874 1269 Α

289 1297 727 1350 discordantibus
756 1296 900 1350 Deus
934 1296 1182 1365 accipere
1211 1312 1316 1351 non
1356 1296 1472 1350 vult
1500 1296 1830 1362 sacrificium
1854 1337 1868 1362 ,

290 1386 664 1439 holocaustum
698 1385 971 1454 suscipere
999 1392 1233 1439 recusat.
1268 1384 1405 1438 Hinc
1452 1399 1582 1451 ergo
1611 1385 1869 1453 perpendi

287 1477 447 1529 debet
479 1486 740 1546 quantum
791 1475 862 1528 sit
895 1475 1092 1528 malum
1135 1475 1440 1538 discordiae,
1474 1484 1694 1543 propter
1730 1473 1871 1544 quod

291 1568 422 1622 illud
454 1568 729 1634 abjicitur,
763 1583 864 1637 per
891 1568 1033 1637 quod
1059 1566 1214 1636 culpa
1241 1567 1471 1620 laxatur.
1509 1567 1562 1619 In
1612 1567 1748 1621 libro
1773 1567 1874 1621 Ec-

286 1661 600 1724 clesiastico
646 1661 905 1729 scriptum
953 1669 1076 1714 est:
1115 1660 1216 1724 Qui
1264 1662 1413 1730 o/fert
1456 1661 1776 1728 sacri/icium
1806 1679 1871 1716 ea:

1291 288 1382 344 DE
1418 288 1901 348 lNSTlTUTlONE
1938 293 2227 351 LAlCALl.
2261 329 2326 338 —
2353 297 2478 362 LIB.
2519 300 2577 364 ll,

3439 315 3547 387 ειη

1473 417 1485 451 :
1531 398 1731 454 idcirco
1760 417 1866 466 non
1895 405 1942 464 Α
1971 405 2142 474 piunt.
2193 405 2330 464 Sunt
2375 411 2539 466 etiam
2585 412 2849 480 nonnulli,
2900 417 2992 486 qui
3043 419 3172 474 tanti
3213 429 3544 483 sacramenti

1975 496 2387 566 participatione
2436 502 2508 556 ob
2558 509 2804 558 reatuum
2849 519 3070 562 suorum
3122 510 3542 580 obligationem,

1975 589 2272 644 sacerdotis
2299 589 2526 665 judicio,
2551 594 2746 650 merito
2771 597 3068 666 privantur.
3111 599 3248 661 Sunt
3268 603 3398 666 item
3425 607 3543 676 ple-

1977 679 2126 748 rique
2158 678 2322 756 (quod
2348 681 2502 744 valde
2550 683 2911 752 periculosum
2942 696 2996 742 et
3024 703 3260 760 congrua
3288 695 3544 759 emenda-

1977 769 2123 826 tione
2158 770 2377 840 dignum
2426 771 2530 844 est)
2571 774 2661 853 qui
2711 775 2780 828 ab
2828 775 2931 830 hoc
2982 787 3320 843 sacramento
3343 785 3541 852 partim

1975 860 2204 928 incuria,
2237 863 2436 932 partim
2466 865 2670 919 desidia
2707 865 2841 920 adeo
2867 881 2926 922 se
2961 869 3312 937 subtrahunt,
3347 881 3409 938 ut
3448 875 3540 929 vix

1974 950 2028 1004 in
2055 966 2216 1016 anno,
2241 953 2342 1006 nisi
2368 955 2467 1008 sub
2500 954 2668 1008 tribus
2697 963 2903 1010 tantum
2931 955 3084 1011 festis
3112 959 3389 1028 praeclaris
3427 961 3530 1033 [ex
3588 983 3594 993 ι

1973 1039 2362 1094 consuetudine
2385 1039 2444 1112 ιι]
2477 1042 2655 1111 potius
2681 1057 2844 1111 quam
2878 1058 2946 1098 ex
2983 1046 3266 1106 devotione
3290 1047 3529 1115 faciant;

1973 1130 2278 1184 nescientes
2326 1138 2418 1184 aut
2465 1132 2604 1186 scire
2652 1133 2912 1200 nolentes,
2962 1135 3108 1204 quod
3155 1136 3294 1191 sicut
3335 1154 3534 1210 corpus

1973 1221 2089 1284 sine
2112 1222 2233 1284 cibo
2261 1228 2316 1276 et
2355 1229 2508 1294 potu,
2555 1222 2629 1288 ita
2672 1233 2728 1284 et
2774 1224 2952 1283 anima
2981 1227 3096 1284 sine
3142 1228 3374 1296 spiritali
3419 1233 3541 1300 cibo

1973 1310 2223 1371 moritur.

2043 1397 2237 1464 Quanti
2279 1409 2458 1454 autem
2489 1400 2560 1454 sit
2585 1401 2938 1468 discriminis,
2985 1405 3088 1459 nisi
3119 1406 3447 1476 accnpiatur,
3491 1418 3546 1477 et

1973 1487 2179 1556 quanti,
2212 1487 2256 1542 si
2285 1487 2576 1545 indiscrete
2602 1499 2866 1557 sumatur,
2894 1493 3072 1547 subito
3119 1477 3355 1551 breviter
3382 1498 3541 1554 colles

1974 1585 2060 1629 cta
2107 1577 2414 1645 evangelica
2446 1589 2502 1633 et
2543 1579 2834 1648 apostolica
2883 1583 3214 1650 testimonia,
3244 1595 3299 1646 et
3335 1596 3547 1653 sancto-

1975 1681 2093 1718 rum
2123 1665 2342 1719 Patrum
2371 1667 2513 1720 dicta
2545 1669 2932 1723 demonstrant.
2962 1671 3052 1724 Ait
3080 1681 3260 1727 autem
3289 1674 3547 1737 Dominus

285 1755 582 1808 substantia
637 1771 878 1824 pauperis
906 1793 921 1818 ,
978 1755 1128 1822 quasi
1171 1754 1259 1822 qui
1310 1753 1538 1806 viclimat
1583 1753 1751 1820 [ilium
1815 1754 1868 1808 in
1901 1763 1945 1821 Β
1976 1753 2026 1807 in
2056 1754 2386 1824 Evangelio:
2417 1755 2520 1820 Qui
2551 1757 2831 1810 manducet
2873 1775 3082 1814 carnem
3123 1778 3314 1828 meam,
3344 1773 3391 1818 et
3418 1765 3542 1831 bibit

287 1857 570 1918 conspectu
620 1848 781 1917 patris
829 1846 912 1899 sui
947 1844 1136 1923 (Ereti.
1171 1861 1355 1909 xxxiv,
1392 1845 1504 1915 24).
1539 1846 1676 1911 Quid
1709 1860 1862 1910 nan)-

287 1953 392 2007 que
419 1953 544 1992 esse
573 1935 965 1998 intolerabilius
993 1943 1189 2004 potest,
1227 1950 1390 2014 quam
1428 1950 1575 1988 mors
1605 1934 1696 1987 ﬁlii
1740 1942 1866 1988 ante

284 2027 474 2081 oculos
522 2025 726 2095 patris?
759 2025 873 2089 Hoc
919 2025 1098 2092 itaque
1149 2023 1496 2088 sacriﬁcium,
1548 2033 1746 2093 quanta
1786 2024 1866 2079 ira

287 2121 609 2196 aspiciatur,
634 2117 959 2182 ostenditur,
985 2133 1106 2171 cum
1129 2117 1302 2172 orbati
1329 2118 1500 2186 patris
1526 2117 1698 2182 dolori
1724 2134 1868 2173 com-

283 2217 537 2280 paratur.
590 2206 750 2262 Aliud
796 2214 880 2262 est
907 2222 1006 2277 pro
1035 2209 1274 2277 peccatis
1320 2207 1750 2274 misericordiam
1788 2206 1867 2272 fa-

287 2314 438 2364 cere,
466 2297 612 2352 aliud
641 2312 738 2367 pro
764 2297 1136 2352 misericordia
1167 2296 1410 2351 facienda
1442 2310 1674 2366 peccare
1700 2315 1712 2349 :
1743 2312 1866 2366 qum

285 2387 410 2466 jam
462 2402 566 2442 nec
603 2387 972 2442 misericordia
1020 2385 1316 2456 nuncupari
1371 2393 1567 2454 potest,
1622 2386 1745 2454 quia
1798 2385 1866 2439 ad

285 2481 507 2537 duicem
532 2479 767 2534 fructum
789 2495 893 2535 non
915 2478 1148 2550 proiicit,
1170 2493 1290 2548 qua:
1315 2491 1410 2548 per
1426 2477 1575 2532 virus
1599 2476 1866 2546 pestifera:

281 2574 489 2638 radicis
521 2572 831 2626 amarcscit.

349 2663 728 2734 [inproborum
773 2661 1054 2716 hominum
1097 2657 1369 2715 sacriﬁcia
1404 2672 1503 2728 per
1545 2657 1864 2727 prOphetam

279 2758 555 2814 Dominus
589 2755 844 2824 reprobat
891 2753 1079 2807 dicens
1125 2769 1139 2805 :
1183 2749 1294 2822 Ego
1339 2749 1595 2804 Dominus
1644 2747 1866 2817 diligens

276 2849 582 2934 judicium:
613 2856 660 2901 et
687 2846 807 2900 odio
830 2845 1023 2899 habens
1050 2844 1289 2914 rapinam
1311 2842 1367 2896 in
1387 2840 1692 2934 holocausta
1710 2839 1863 2934 _(lsa.

281 2931 399 3018 in,
425 2941 504 3013 8).
551 2939 804 3018 Plerique
844 2937 1041 3003 etenim
1105 2934 1468 3017 indigentibus
1517 2931 1864 2996 subtrahunt,

281 3046 408 3104 qua:
436 3030 550 3084 Deo
569 3028 888 3099 largiuntur.
919 3025 1024 3081 Sed
1051 3035 1250 3095 quanta
1277 3038 1372 3078 eos
1393 3020 1868 3076 animadversione

1959 1848 2270 1915 sanguinem
2297 1863 2483 1909 meum,
2519 1848 2572 1910 in
2618 1864 2698 1909 me
2728 1859 2920 1914 manet,
2951 1860 2997 1904 et
3027 1868 3120 1922 ego
3159 1853 3212 1914 in
3257 1870 3316 1906 eo
3355 1855 3536 1924 (Joan.

1965 1950 2040 1999 γι,
2070 1934 2182 2007 57).
2216 1935 2280 1988 Et
2311 1936 2437 1989 alibi
2467 1954 2480 1989 :
2515 1937 2678 1991 Antea
2709 1938 2822 1991 dico
2861 1939 2998 1993 vobis
3023 1953 3040 2002 ς
3070 1942 3168 2003 nisi
3195 1943 3544 1998 manducaue-

1966 2025 2080 2077 ritis
2103 2041 2312 2078 carnem
2340 2026 2438 2094 filii
2461 2027 2704 2092 hominis,
2731 2037 2778 2081 et
2812 2028 3039 2083 biberitis
3061 2030 3173 2099 ejus
3197 2033 3504 2106 sanguinem
3525 2076 3538 2102 ,

1967 2131 2069 2168 non
2105 2115 2357 2170 habebitis
2385 2118 2540 2171 vitam
2570 2120 2624 2172 in
2671 2119 2829 2185 vobis,
2865 2119 2968 2186 Qui
3009 2124 3290 2184 manducat
3329 2143 3541 2194 carnem

1964 2220 2155 2280 meam,
2183 2214 2228 2272 et
2275 2206 2401 2271 bibit
2445 2208 2751 2277 sanguinem
2795 2226 2986 2274 meum,
3017 2210 3168 2264 habet
3209 2213 3366 2267 vitam
3395 2224 3543 2271 mter:

1966 2309 2088 2347 nam
2114 2308 2132 2346 :
2155 2303 2202 2347 et
2245 2311 2338 2374 ego
2377 2297 2694 2359 resuscitabo
2729 2314 2849 2363 eum
2887 2299 2941 2352 in
2963 2300 3237 2364 novissimo
3263 2302 3347 2360 die
3370 2302 3536 2374 (Ibid,

1964 2380 2180 2451 54,55).
2201 2382 2399 2449 Paulus
2425 2385 2494 2452 ad
2527 2383 2837 2452 Corinthios
2865 2405 2879 2449 ;
2913 2386 3086 2454 Calix,
3111 2389 3305 2459 inquit,
3341 2393 3425 2446 cui
3461 2393 3546 2459 be:-

1966 2470 2252 2527 ncdicimus
2275 2487 2295 2526 :
2313 2491 2483 2537 nonne
2503 2476 2903 2531 communicatio
2923 2479 3192 2548 sanguinis
3215 2477 3409 2536 Christi
3430 2483 3545 2551 est?

1965 2563 2184 2638 etpanis
2206 2581 2354 2635 quem
2383 2565 2699 2636 frangimus,
2740 2583 2908 2635 nonnc
2935 2570 3264 2639 participatio
3308 2577 3542 2644 corporis

1966 2651 2177 2713 Domini
2214 2665 2287 2709 est
2309 2656 2334 2708 ?
2356 2656 2408 2728 (1
2438 2656 2559 2711 Cor.
2604 2674 2657 2720 ι,
2691 2656 2802 2729 16.)
2833 2657 2964 2714 Item
2993 2676 3005 2712 :
3033 2657 3216 2730 Itaque
3254 2663 3547 2736 quicunque

1966 2744 2356 2800 manducauerit
2381 2765 2591 2816 panem,
2618 2758 2665 2802 et
2696 2747 2874 2803 biberit
2911 2747 3124 2815 calicem
3153 2740 3368 2819 Domini
3402 2752 3544 2822 initis

1968 2852 2086 2906 gne,
2106 2836 2369 2906 judicium
2397 2839 2495 2891 sibi
2525 2840 2807 2904 manducat
2837 2850 2886 2897 et
2927 2840 3075 2908 bibit,
3113 2859 3217 2898 non
3238 2844 3538 2916 discernet”

1969 2942 2156 2994 corpus
2196 2926 2404 2989 Domini
2433 2926 2596 2998 (Ibid.
2628 2944 2706 2993 χι,
2733 2929 2846 3001 27).

2040 3014 2406 3094 Hieronymus
2427 3016 2482 3081 in
2502 3015 2641 3079 libro
2663 3019 2922 3075 adversus
2941 3017 3285 3078 Iovinianum
3304 3023 3442 3096 (Lib,
3464 3025 3538 3097 i);

279 3102 484 3178 renuat
518 3121 797 3183 Dominus,
824 3118 1178 3180 demonstrat,
1203 3117 1426 3171 dicens:
1461 3112 1660 3172 Hostia:
1683 3112 1868 3188 impio-
1897 3131 1940 3191 ε
1978 3122 1996 3156 ι
2037 3102 2224 3172 Omnis
2272 3105 2504 3174 populus
2549 3121 2868 3170 accessurus
2903 3109 2973 3164 ad
3025 3120 3266 3179 montem
3311 3113 3462 3190 Sina,
3489 3125 3548 3185 et

281 3229 408 3280 rum
446 3209 843 3275 abominabiles,
875 3224 990 3280 qua!
1034 3209 1327 3277 offeruntur
1360 3221 1424 3260 ea:
1466 3203 1656 3271 scelere
1686 3201 1867 3274 (Prov.

278 3320 409 3374 xxi,
435 3303 550 3374 27).
596 3302 920 3385 Plerumque
965 3300 1212 3357 homines
1271 3298 1494 3378 pessimi
1529 3305 1733 3367 quanta
1771 3310 1869 3364 per

279 3395 625 3459 oblationem
672 3393 785 3458 Deo
835 3392 1101 3458 tribuant,
1138 3397 1385 3471 pensant,
1435 3395 1635 3464 quanta
1687 3393 1869 3449 autem

281 3487 532 3559 rapiant,
582 3484 927 3551 dissimulant
974 3481 1339 3548 considerare,
1375 3478 1533 3548 quasi
1563 3477 1873 3531 mercedem

285 3595 522 3652 operum
565 3587 878 3644 numerant,
921 3585 976 3631 et
1026 3566 1362 3647 perpendere
1388 3574 1650 3629 scelerum
1683 3570 1872 3640 culpas

289 3658 579 3729 recusant.
619 3671 753 3725 Item
797 3671 938 3724 idem
983 3668 1038 3722 in
1090 3667 1227 3721 libro
1259 3663 1514 3736 pastorali
1561 3681 1574 3716 :
1609 3661 1668 3716 Si
1713 3663 1871 3730 o/fers

286 3780 485 3818 manus
507 3773 652 3815 tuum
669 3761 738 3814 ad
754 3759 941 3823 altare,
958 3766 1013 3812 et
1031 3765 1224 3812 castora
1239 3754 1453 3825 (Matth.
1506 3769 1560 3817 v,
1576 3752 1688 3816 25).
1711 3769 1730 3801 ί
1751 3765 1774 3789 ο
1792 3751 1871 3803 Ex

294 3869 410 3924 qua
463 3853 671 3916 scilicet
714 3849 1060 3920 perceptione
1108 3847 1444 3916 pensandum
1489 3853 1594 3908 est,
1640 3857 1870 3912 quorum

287 3942 472 4010 hostia
505 3939 805 4012 repellitur,
835 3953 997 4020 quam
1036 3933 1392 4000 intolerabilis
1419 3931 1574 4001 culpa
1605 3939 1872 3998 monstrac

286 4042 401 4098 tnr.
436 4031 572 4085 Nam
614 4045 735 4085 cum
765 4029 904 4083 mala
949 4034 1143 4082 cuncta
1189 4025 1348 4080 bonis
1391 4022 1744 4092 sequentibus
1791 4021 1869 4073 dir

287 4123 532 4188 lnantur,
561 4136 850 4191 pensemus
875 4127 1077 4190 quanta
1108 4117 1220 4172 sint
1242 4116 1384 4171 mala
1416 4115 1721 4179 discordias,
1751 4129 1870 4181 quae

289 4216 396 4273 nisi
423 4215 695 4271 exstincta
727 4212 930 4268 fuerint
957 4209 1218 4286 funditus,
1244 4209 1444 4274 bonum
1474 4205 1728 4275 subsequi
1763 4219 1868 4269 non

289 4305 636 4382 permittunt.
677 4322 696 4363 υ

297 4383 302 4387 ’
363 4395 462 4462 His
513 4394 698 4466 itaque
722 4389 1017 4469 prielibatis
1061 4387 1362 4451 sententiis,
1395 4383 1598 4445 affatim
1642 4382 1868 4438 instrui-

1973 3193 2064 3254 Dei
2115 3195 2396 3260 auditurus
2435 3197 2727 3268 eloquium,
2783 3201 2956 3264 tribus
2983 3202 3172 3268 diebus
3214 3205 3540 3273 sanctificari

1966 3283 2153 3362 jussus
2174 3293 2275 3348 est,
2304 3292 2361 3348 ct
2381 3301 2439 3344 se
2459 3289 2527 3342 ab
2551 3289 2811 3347 uxoribus
2839 3291 3130 3346 abstinere.
3157 3291 3309 3359 Quod
3331 3295 3547 3363 quidem

1973 3374 2174 3432 scimus
2206 3377 2373 3430 etiam
2421 3385 2474 3430 et
2513 3379 2578 3432 ad
2627 3380 2794 3434 David
2825 3378 3118 3451 fugientem
3165 3384 3234 3438 ab
3271 3384 3550 3454 Abimelec

1973 3467 2252 3522 sacerdote
2278 3468 2481 3523 dictum
2515 3486 2528 3522 :
2558 3468 2616 3524 Si
2643 3471 2825 3524 mundi
2852 3483 2969 3526 sunt
2997 3474 3144 3542 pueri
3170 3474 3233 3541 ab
3259 3475 3549 3542 umoribus?

1972 3556 2042 3609 Et
2087 3556 2174 3610 ille
2201 3559 2502 3626 respondit:
2543 3559 2620 3612 Ab
2659 3560 2772 3614 heri
2814 3571 2862 3614 et
2893 3562 3292 3630 nudiustertius
3321 3562 3372 3635 (ι
3409 3563 3539 3634 Reg.

1974 3661 2084 3710 xxx,
2117 3645 2192 3717 4).
2218 3646 2395 3702 Panes
2421 3647 2566 3702 enim
2586 3649 2989 3728 propositionis,
3009 3651 3162 3719 quasi
3181 3667 3378 3721 corpus
3391 3651 3548 3707 Chri-

1972 3735 2062 3800 sti,
2108 3737 2174 3790 de
2211 3752 2439 3803 uxorum
2493 3737 2759 3804 cubilibus
2803 3749 3190 3811 consurgentes
3231 3741 3394 3794 edere
3436 3755 3544 3795 non

1970 3833 2238 3894 poterant.
2273 3827 2338 3879 Et
2365 3826 2417 3881 in
2451 3827 2681 3893 transitu
2717 3828 3194 3900 contemplandum
3217 3828 3360 3897 quod
3395 3829 3545 3883 dixe-

1973 3925 2055 3983 rat
2087 3935 2099 3970 :
2136 3919 2182 3974 si
2216 3918 2395 3984 mundi
2415 3928 2534 3971 sunt
2553 3920 2699 3988 pueri
2720 3919 2783 3972 ab
2811 3906 3057 3983 umoribus
3076 3919 3101 3971 ?
3124 3918 3375 3974 videlicet
3398 3920 3543 3988 quod

1972 4006 2038 4060 ad
2065 4006 2357 4074 munditias
2384 4008 2626 4075 corporis
2653 4005 2854 4072 Christi
2898 4007 3076 4073 omnis
3109 4008 3284 4063 coitus
3328 4008 3399 4062 sit
3441 4008 3543 4062 im-

1975 4098 2226 4153 mundus.
2266 4118 2284 4149 ι
2338 4097 2632 4168 Gregorius
2677 4097 2733 4150 in
2778 4097 2917 4163 libro
2969 4097 3250 4152 Moralium
3298 4115 3312 4151 :
3370 4116 3388 4148 ι
3419 4097 3551 4165 Quis

1973 4205 2207 4270 namque
2235 4190 2305 4256 sit
2343 4189 2561 4259 sanguis
2589 4187 2788 4244 Christi
2820 4202 2927 4252 non
2963 4188 3076 4258 jam
3120 4188 3406 4253 audiendo,
3454 4189 3551 4258 sed

1975 4283 2206 4336 bibendo
2234 4281 2490 4345 discimus
2515 4295 2529 4334 :
2563 4280 2655 4350 qui
2688 4279 2905 4351 sanguis
2933 4296 3094 4350 super
3119 4273 3430 4349 utrumque'
3453 4294 3550 4349 po-.

1975 4378 2110 4425 stent
2135 4368 2291 4437 juxta
2313 4369 2616 4440 exemplum
2637 4370 2841 4438 antiqui
2865 4370 3044 4440 populi
3071 4369 3312 4440 ponitur,
3333 4371 3550 4441 quando

291 4459 437 4554 ur",
463 4492 595 4548 “me
612 4459 983 4537 'nos'exterius
1003 4478 1237 4534 hostiam
1267 4475 1521 4530 mundam
1546 4474 1656 4528 Deo
1679 4471 1874 4533 οπεηθ
1903 4486 1952 4544 D
1979 4477 2085 4529 non
2127 4461 2299 4517 solum
2327 4475 2422 4525 ore
2447 4460 2712 4531 corporis,
2743 4459 2836 4514 sed
2858 4459 3020 4514 etiam
3047 4473 3142 4513 ore
3165 4459 3346 4554 cordis
3367 4459 3552 4529 hauri-

291 4587 477 4646 posse,
505 4588 630 4628 cum
657 4587 688 4626 a
725 4570 886 4626 corde
916 4575 1102 4626 nostro
1126 4581 1285 4621 omne
1322 4564 1564 4630 nubilum
1592 4562 1872 4617 discordiae

291 4656 686 4720 deterserimus
719 4680 731 4714 :
763 4669 838 4725 et,
867 4659 1021 4728 juxta
1045 4657 1388 4728 Apostolum,
1419 4655 1643 4719 hostiam
1684 4655 1872 4725 vivam,
1898 4707 1909 4719 ,

293 4762 556 4816 sanctam,
589 4752 698 4805 Deo
728 4751 1016 4821 placentem
1053 4735 1230 4819 (Rom.
1270 4761 1374 4810 xu,
1403 4744 1478 4815 1),
1523 4753 1649 4798 ante
1680 4742 1875 4809 divina:

294 4843 604 4916 maiestatis
629 4840 815 4906 oculos
841 4855 940 4895 nos
969 4836 1398 4900 exhibuerimus.

870 4950 1094 5016 CAPUT
1128 4947 1312 5014 XVIII,

297 5049 455 5116 Quod
497 5048 566 5102 ad
595 5046 983 5116 perceptionem
1001 5041 1264 5116 Dominici
1289 5039 1592 5116 corporiset
1613 5033 1880 5105 sanguinis

526 5107 820 5187 frequenter
848 5107 896 5168 et
929 5113 1144 5166 discrete
1168 5112 1233 5164 sit
1281 5107 1630 5162 accedendum

373 5208 796 5262 Sacrosanctum
843 5217 1041 5272 corpus
1074 5209 1131 5254 et
1167 5199 1487 5270 sanguinem
1524 5193 1738 5250 Domini
1789 5207 1884 5245 no-

295 5299 400 5363 stri
427 5296 559 5352 Jesu
589 5293 809 5359 Christi,
849 5293 942 5346 ubi
973 5300 1029 5346 et
1059 5290 1354 5370 redemptio
1384 5288 1551 5343 totius
1579 5283 1796 5349 salutis,
1823 5289 1879 5340 et

296 5384 625 5456 mysterium
651 5382 774 5447 lidei
803 5390 1003 5438 nostrae
1023 5379 1290 5444 consistit,
1316 5377 1538 5457 quidam
1567 5381 1879 5436 reverenter

293 5486 360 5537 et
403 5474 717 5539 salubriter,
767 5472 988 5544 quidam
1040 5471 1332 5536 indiscrete
1367 5475 1424 5523 et
1451 5466 1669 5538 indigne
1713 5462 1883 5534 perci-

379 5599 409 5630 ι
444 5586 530 5643 Ex
559 5584 719 5654 Greg.
749 5583 841 5638 ubi
864 5597 1044 5651 supra,
1081 5596 1200 5652 cap.
1229 5579 1320 5636 25.

639 5741 909 5809 Panos.
975 5737 1140 5803 CVI.

1980 4559 2100 4606 tur:
2135 4552 2188 4619 in
2219 4560 2450 4621 utroque
2478 4551 2678 4606 etenim
2705 4559 2857 4620 poste
2894 4550 3019 4620 agni
3052 4549 3272 4619 sanguis
3299 4558 3383 4604 est
3407 4550 3552 4632 PQSj'.‘

1977 4652 2091 4705 tus,
2139 4641 2355 4711 quando
2391 4649 2786 4703 sacramentum
2827 4639 3090 4710 passionis
3137 4638 3338 4706 Christi
3365 4678 3380 4709 ,
3424 4655 3548 4703 cum

1976 4747 2070 4786 ore
2098 4734 2164 4792 ad
2195 4731 2618 4811 redemptionem
2648 4729 2896 4793 sumitur,
2940 4727 3006 4780 ad
3031 4727 3389 4797 imitationem
3416 4743 3551 4796 quo-.-
3615 4743 3622 4749 '

1981 4839 2082 4903 que
2115 4823 2321 4876 intenta
2367 4829 2547 4886 mente
2588 4821 2875 4890 cogitatur.
2920 4817 3083 4886 Quasi
3133 4818 3186 4884 in
3234 4826 3393 4873 nocte
3426 4818 3550 4888 agni

1978 4931 2172 4980 carnes
2201 4914 2551 4979 comedimus,
2587 4927 2707 4965 cum
2735 4912 2788 4965 in
2820 4917 3160 4978 sacramento
3189 4909 3347 4962 modo
3371 4908 3548 4962 domi-

1979 5005 2161 5059 nicum
2189 5019 2387 5073 corpus
2413 5002 2726 5069 accipimus,
2757 4999 2972 5069 quando
3018 4999 3193 5054 adhuc
3222 4998 3288 5052 ad
3321 4998 3552 5065 invicem

1979 5105 2200 5152 nostras
2221 5093 2581 5151 conscientias
2604 5106 2708 5145 non
2736 5091 3002 5160 videmus,
3022 5089 3158 5144 Nam
3181 5087 3311 5141 nihil
3335 5087 3555 5156 prodest

1981 5201 2180 5256 corpus
2223 5191 2277 5238 et
2301 5181 2619 5251 sanguinem
2641 5178 2840 5233 Christi
2868 5179 2994 5246 Jesu
3028 5192 3122 5242 ore
3150 5175 3452 5246 percipere,
3497 5182 3553 5243 et

1983 5275 2032 5329 ei
2067 5271 2336 5344 perversis
2360 5263 2602 5324 moribus
2620 5267 2912 5322 contraire.
2939 5266 3039 5332 Qui
3075 5265 3337 5334 scelerate
3364 5263 3554 5334 vivunt

1984 5365 2038 5420 in
2067 5362 2326 5430 Ecclesia,
2357 5368 2413 5414 et
2458 5358 2856 5427 communicare
2886 5370 2992 5425 non
3037 5353 3316 5418 desinunt;
3358 5360 3413 5420 et
3455 5367 3554 5424 pii-.-

1985 5463 2102 5509 tant
2129 5469 2189 5510 se
2218 5451 2308 5506 tali
2357 5449 2736 5520 communione
2764 5445 3032 5511 mandari,
3069 5443 3280 5499 discant
3307 5442 3438 5497 nihil
3478 5442 3550 5515 ad

2058 5567 2088 5606 ιι
2126 5564 2210 5619 Ea
2237 5561 2625 5627 consuetudine.
2673 5561 2799 5631 Haec
2827 5573 2946 5630 qua:
2977 5555 3196 5626 omnino
3241 5555 3549 5628 necessaria

1991 5646 2146 5704 erant
2177 5631 2495 5715 adiecimus.
2848 5636 2855 5645 '
