4030 6190
443 281 545 334 ‘203

443 390 876 447 emundationem
929 381 1192 453 prolicere
1246 377 1370 439 sibi,
1431 375 1642 429 dicente
1684 374 1945 444 propheta

446 482 585 550 Quid
623 490 694 533 cst
730 475 867 548 quod
904 472 1132 546 dilectus
1165 484 1307 523 mens
1350 468 1404 520 in
1440 465 1593 519 domo
1620 481 1735 518 mea
1762 462 1881 534 fecit
1903 477 2011 516 sce-

443 577 550 630 lera
580 568 783 627 multa?
811 562 1062 635 Nunquid
1090 575 1273 615 carnes
1299 566 1497 629 sancta:
1518 555 1755 625 auferent
1780 571 1812 607 a
1833 563 1880 606 te
1899 568 2012 606 ma-

445 664 585 718 litias
615 656 775 727 tuas?
800 654 1014 725 (λετ-ειη.
1044 666 1120 712 λι,
1153 647 1264 717 i5.)
1289 646 1351 700 Et
1381 643 1667 715 Apostolus
1698 660 1710 695 :
1746 640 1848 707 Qui
1874 640 2009 694 enim

445 754 541 805 hoc
570 746 754 817 accipit
794 742 1027 811 indigne,
1060 736 1319 809 judicium
1349 734 1446 788 sibi
1472 731 1754 786 manduca:
1801 738 1848 784 et
1884 727 2010 782 bibit

446 839 499 914 (1
528 837 650 894 Cor.
682 850 757 899 st,
785 832 897 901 29).

515 929 747 984 Isidorus
772 924 827 978 in
880 921 1015 974 libro
1069 915 1377 972 Obiciorum
1432 912 1568 983 (Lib.
1602 928 1641 975 ι,
1696 926 1811 980 cap.
1856 907 1946 979 18)
1994 926 2007 961 :

450 1038 469 1070 ε
505 1018 717 1075 Dicunt,
770 1010 961 1080 inquit,
1011 1006 1199 1076 aliqui,
1251 1005 1353 1058 nisi
1396 1003 1578 1072 aliquo
1619 998 2014 1055 interveniente

442 1113 681 1178 peccato,
693 1098 1075 1156 eucharistiam
1089 1093 1328 1164 quotidie
1344 1090 1513 1154 nobis,
1525 1090 1749 1160 jubente
1762 1087 2009 1178 Domino,

441 1176 797 1269 postulamus,
815 1190 1056 1244 dicentes
1075 1204 1088 1239 ι
1110 1185 1300 1237 Panem
1317 1191 1549 1236 nostrum
1569 1179 1930 1251 quotidianum
1945 1176 2014 1230 da

447 1266 593 1340 nobis
622 1281 775 1336 hodie
810 1276 961 1350 (Luc.
996 1291 1071 1341 xi,
1098 1273 1188 1344 '5);
1216 1272 1356 1341 quod
1384 1270 1600 1340 quidem
1629 1268 1766 1323 bene
1791 1266 1973 1320 dicunt
1998 1303 2014 1329 ,

444 1378 489 1431 si
525 1377 627 1429 hoc
673 1386 795 1425 cum
845 1365 1121 1436 religione,
1168 1370 1223 1416 et
1269 1359 1574 1420 devotione,
1611 1363 1667 1411 et
1712 1352 2016 1409 humilitate

445 1462 777 1532 suscipiunt;
823 1450 892 1511 ne
918 1451 1235 1509 confidendo
1266 1450 1331 1504 dc
1365 1447 1594 1516 iustitia,
1629 1444 1856 1512 superba
1880 1455 2017 1511 prae-

445 1554 745 1623 sumptione
774 1548 827 1604 id
857 1546 1074 1625 faciant.
1102 1543 1368 1598 Caeterum
1393 1540 1438 1594 si
1460 1537 1589 1593 talia
1615 1546 1741 1591 sunt
1768 1542 2015 1625 peccata,

444 1622 579 1713 (plac,
609 1638 762 1710 quasi
823 1622 1095 1690 mortuum
1149 1630 1218 1685 ab
1257 1628 1414 1683 altari
1467 1632 1808 1686 removeam,
1861 1622 2013 1693 prius

1546 261 1737 317 JON.’E
1778 261 1820 314 Α
1829 255 2323 314 IJREUANENSIS
2354 254 2656 310 EPlSCOPI

1995 386 2006 422 :
2042 377 2083 431 Α
2117 366 2331 422 laudum
2360 366 2623 421 solemnia
2651 364 2991 435 partieipatio
3035 365 3278 436 corporis
3319 377 3375 421 et
3406 368 3682 440 sanguinis

3578 252 3678 307 ΞΜ

2116 456 2324 511 Domini
2351 456 2671 517 celebretur.
2694 454 2827 509 satis
2853 454 3036 509 mirari
3065 470 3172 510 non
3194 464 3371 525 potest
3398 457 3539 512 unde
3553 475 3682 515 usus

2112 546 2268 601 valde
2297 543 2735 614 reprehensibilis
2764 543 3063 614 irrepserit,
3091 553 3151 598 ut
3174 545 3394 615 quidam
3421 554 3571 602 tanto
3597 564 3683 603 sa-

2114 644 2392 690 cramento
2418 649 2474 689 se
2511 634 2712 703 privari
2756 649 2862 689 non
2890 636 3308 705 pertimescant;
3346 646 3402 691 et
3430 637 3475 692 si
3511 637 3684 693 conti-

2114 727 2250 797 gerit
2288 733 2347 780 ut
2391 725 2573 794 aliquo
2618 724 3011 780 interveniente
3050 735 3274 796 peccato
3315 728 3384 782 ab
3431 742 3497 783 eo
3530 743 3684 800 sepa-

2114 823 2324 880 rentur,
2354 830 2453 871 nec
2479 815 2662 872 dolore
2691 831 2792 871 nec
2830 818 3156 871 contritione
3182 819 3364 874 cordis
3398 830 3685 875 conteran-

2116 914 2222 960 tur.
2253 904 2422 960 Porro
2454 905 2595 960 idem
2627 905 3066 974 reprchensibilis
3092 922 3222 962 usus
3248 906 3303 962 in
3335 917 3543 964 tantum
3565 910 3686 965 ino-

2114 998 2244 1052 litus
2272 1004 2371 1060 est,
2421 1004 2481 1050 ut
2509 996 2663 1066 quasi
2706 1011 2805 1065 pro
2842 994 2960 1067 lege
2990 997 3197 1059 haberi.
3227 1005 3283 1054 et
3322 1006 3471 1053 tanto
3502 1014 3688 1054 sacra-

2116 1096 2296 1142 mento
2334 1101 2437 1141 non
2472 1086 2924 1157 participantibus
2954 1089 3259 1157 quamdam
3310 1090 3685 1160 impunitatem

2114 1180 2433 1251 promittere
2461 1179 2723 1233 videatur.
2762 1177 2994 1232 Proinde
3020 1192 3244 1233 necesse
3273 1188 3376 1243 est,
3421 1188 3480 1234 ut
3520 1196 3689 1238 unus-

2115 1270 2344 1342 quisque
2371 1268 2544 1323 {idelis
2568 1267 2670 1324 sibi
2696 1268 2821 1322 hinc
2844 1267 2966 1323 inde
2996 1267 3237 1338 pericula
3267 1268 3554 1326 imminere
3595 1286 3691 1326 eo-

2115 1366 2374 1429 gnoscat;
2405 1358 2614 1413 scilicet
2640 1356 2764 1427 quia
2794 1356 2896 1411 nisi
2925 1356 3332 1411 manducaverit
3378 1366 3439 1421 et,
3462 1359 3686 1424 biberit,

2116 1449 2283 1503 vitam
2312 1449 2366 1503 in
2394 1464 2453 1503 se
2478 1463 2586 1502 non
2621 1446 2843 1502 habebit
2870 1464 2884 1498 :
2910 1445 2955 1501 si
2979 1445 3195 1517 indigne
3222 1446 3514 1502 manducat
3533 1456 3590 1502 et
3610 1448 3690 1502 bi-

2116 1539 2214 1604 bit,
2237 1539 2503 1610 judicium
2534 1538 2635 1594 sibi
2668 1538 2959 1592 manducet
2991 1544 3046 1591 et
3072 1537 3228 1592 bibit.
3261 1537 3534 1607 Praeparet
3559 1554 3691 1608 ergo

2118 1643 2198 1695 se,
2232 1638 2292 1684 ut
2316 1628 2518 1684 mundo
2543 1634 2764 1698 pectore
2810 1634 2866 1682 et
2901 1640 3127 1698 corpore
3156 1627 3540 1697 redemptionis
3578 1643 3692 1682 sua;

444 1707 650 1806 agenda
697 1726 1012 1800 poenitentia
1056 1732 1161 1788 est,
1206 1736 1271 1776 ac
1317 1720 1396 1775 sic
1440 1716 1635 1773 deinde
1677 1715 2015 1806 salutiferum
2045 1707 2092 1768 B
2119 1734 2315 1774 mimus
2340 1727 2393 1774 et
2421 1717 2734 1788 frequenter
2759 1725 2813 1772 et
2839 1717 3073 1806 discreto
3099 1717 3348 1788 accipere
3375 1716 3589 1782 valeat;
3628 1725 3691 1771 ut

442 1803 891 1878 medicamentum
914 1811 1346 1884 suscipiendum;
1376 1808 1502 1878 quia
1536 1806 1667 1861 dicit
1694 1803 2012 1876 Apostolus:

445 1914 548 1980 Qui
603 1909 738 1965 enim
778 1905 1060 1961 manducet
1112 1912 1159 1957 et
1192 1902 1316 1956 bibit
1359 1899 1589 1971 indigne.
1627 1896 1889 1969 judicium
1919 1894 2018 1951 sibi

442 2002 728 2057 manducet
776 2008 823 2053 et
848 1995 971 2050 bibit
1006 1992 1058 2064 (Ι
1086 1991 1208 2048 Cor.
1266 2007 1343 2058 xl,
1368 1990 1480 2062 29).
1510 1988 1624 2045 iloc
1652 1996 1736 2044 est
1758 1987 1903 2044 enim
1937 1986 2020 2041 in-

443 2093 601 2162 digne
648 2087 921 2157 accipere,
959 2084 1003 2138 si
1053 2097 1119 2138 eo
1161 2090 1407 2151 tempore
1440 2079 1565 2149 quis
1611 2077 1861 2149 accipiat,
1910 2090 2019 2146 quo

443 2182 636 2243 debeat
683 2190 843 2249 agere
887 2171 1287 2244 pmoitentiam.
1321 2168 1585 2225 Caeterum
1631 2167 1677 2223 si
1724 2174 1873 2221 tanta
1912 2180 2020 2221 non

443 2279 569 2328 sunt
595 2274 839 2340 peccata,
873 2272 934 2319 ut
959 2278 1066 2317 non
1092 2260 1593 2317 excommunicatus
1630 2255 2022 2328 qnisquejudi-

444 2370 619 2425 cetur,
666 2373 773 2414 non
805 2371 865 2412 se
896 2355 1056 2411 debet
1081 2368 1112 2407 a
1156 2350 1425 2408 medicina
1471 2349 1736 2405 Dominici
1780 2346 2023 2419 corporis

445 2464 733 2521 separare;
766 2461 833 2502 ne
881 2445 1006 2500 dum
1042 2441 1181 2498 forte
1215 2441 1305 2496 diu
1345 2442 1619 2496 abstinere
1663 2439 1981 2510 prohibetur
2004 2479 2020 2504 ,

444 2559 473 2598 a
513 2539 711 2597 Christi
744 2550 971 2607 corpore
1017 2541 1316 2604 separetur.
1361 2529 1703 2587 Manifestum
1751 2538 1833 2585 est
1877 2528 2022 2583 enim

444 2648 538 2690 eos
567 2632 750 2685 vivere
779 2627 870 2698 qui
906 2641 1103 2695 corpus
1146 2623 1261 2693 ejus
1304 2623 1594 2694 attingunt.
1629 2622 1786 2678 Unde
1831 2621 2026 2676 timen-

444 2718 570 2776 dum
601 2727 705 2785 cst,
750 2731 818 2772 ne
868 2716 993 2771 dum
1041 2715 1131 2770 diu
1178 2714 1406 2784 quisque
1433 2721 1716 2783 separatur
1743 2728 1773 2766 a
1818 2711 2024 2767 Christi

445 2824 691 2881 corpore,
732 2808 939 2862 alienus
982 2810 1262 2859 remaneat
1287 2818 1319 2857 a
1358 2801 1553 2868 salute,
1598 2803 1715 2872 ipso
1753 2802 2020 2857 docente:

448 2897 570 2953 Nisi
594 2894 920 2951 comederitis
950 2904 1157 2945 carnem
1185 2888 1285 2960 ﬁlii
1310 2889 1557 2954 hominis,
1585 2899 1633 2943 et
1659 2888 1888 2943 biberitis
1909 2889 2025 2959 ejus

445 2988 781 3058 sanguinem.
836 2999 939 3036 non
968 2978 1218 3034 habebitis
1262 2979 1420 3033 citam
1458 2978 1513 3032 in
1543 2978 1683 3032 vobis
1708 2975 1890 3047 (Joan.
1929 2994 2021 3044 vr,

2116 1806 2389 1863 Christum
2416 1808 2469 1863 in
2494 1808 2746 1878 prazsenti
2777 1822 2959 1861 secum
2986 1804 3190 1862 habere
3237 1813 3294 1863 et
3330 1808 3403 1863 ab
3427 1821 3493 1863 eo
3518 1807 3575 1862 in
3609 1805 3693 1867 fu-

2118 1906 2242 1953 turo
2272 1898 2341 1953 ad
2373 1896 2540 1951 vitam
2565 1895 2878 1951 resuscitari
2909 1902 3201 1950 mereatur.

2704 1984 2929 2042 CAPUT
2965 1984 3109 2041 XIX.

2601 2077 2680 2132 De
2713 2077 2928 2132 decimis
2956 2077 3207 2145 ﬁdelium.

2191 2168 2327 2224 Cum
2372 2168 2675 2225 oblationes
2716 2177 2772 2225 et
2824 2169 3047 2225 decima:
3093 2169 3330 2227 ﬁdelium
3385 2171 3554 2228 solius
3594 2172 3691 2230 Dei

2121 2273 2284 2314 causa
2322 2258 2439 2314 dari
2475 2258 2730 2323 debeant,
2761 2258 3055 2313 multifaria
3086 2260 3480 2327 distributione,
3512 2278 3696 2319 emen-

2121 2347 2337 2402 datione
2378 2345 2533 2402 valde
2581 2347 2876 2418 indigente,
2927 2362 2959 2402 a
3003 2347 3277 2419 plerisque
3321 2351 3438 2406 dari
3483 2352 3690 2418 solent;

2121 2437 2380 2510 quoniam
2410 2437 2552 2493 sicut
2574 2446 2703 2493 sunt
2730 2437 2971 2493 nonnulli
2993 2440 3084 2509 qui
3117 2439 3226 2495 Deo
3254 2440 3465 2507 devote,
3492 2444 3566 2497 ita
3587 2443 3697 2499 exi-

2122 2535 2273 2584 stunt
2310 2527 2681 2598 quamplurcs,
2721 2527 2812 2597 qui
2857 2542 2952 2583 eas
2989 2543 3096 2582 non
3124 2528 3346 2585 honoris
3374 2531 3563 2599 divini,
3597 2531 3695 2588 sed

2123 2627 2362 2689 quaestus
2388 2619 2471 2675 sui
2498 2634 2685 2685 causa,
2712 2621 3082 2676 sacerdotibus
3120 2622 3467 2689 distribuunt,
3495 2640 3698 2695 eosque

2123 2710 2318 2780 quibus
2347 2718 2612 2780 praesunt,
2647 2711 2973 2767 distribuere
3010 2713 3377 2783 compellunt:
3404 2715 3610 2771 scilicet
3637 2725 3700 2773 ut

2124 2800 2178 2855 id
2208 2802 2351 2871 quod
2380 2802 2561 2856 datum
2590 2799 2775 2868 fuerit,
2808 2811 2900 2857 aut
2939 2810 3138 2871 totum,
3164 2813 3260 2860 aut
3281 2819 3418 2876 pene
3448 2815 3616 2862 totum
3641 2809 3697 2864 in

2122 2904 2252 2944 suos
2273 2904 2600 2961 suorumque
2630 2899 3006 2962 retorqueatur
3029 2909 3189 2962 usus;
3222 2896 3277 2950 hi
3314 2912 3548 2967 namque
3569 2898 3699 2955 licet

2127 2980 2196 3033 ab
2224 2981 2534 3036 hominibus
2573 2982 2932 3038 bonoratores
2963 2983 3057 3038 Dei
3105 2984 3280 3041 videri
3305 2986 3493 3055 velint,
3525 2986 3696 3045 deho-

446 3045 567 3151 ὅθί
607 3078 709 3146 Qui
753 3076 897 3131 enim
934 3073 1045 3142 jam
1090 3084 1319 3140 psccare
1360 3068 1584 3138 quievit,
1619 3069 2023 3125 communicare
2052 3045 2097 3106 (ἶ
2128 3079 2408 3125 noratcres
2435 3080 2629 3132 tamen,
2658 3072 2767 3128 imo
2788 3072 2952 3128 divini
2982 3073 3092 3128 dati
3115 3076 3485 3145 subreptores,
3513 3077 3583 3133 ad
3610 3077 3696 3133 sui

444 3186 553 3226 non
581 3169 812 3224 desinat.
863 3164 1178 3236 Conjugatis
1217 3172 1396 3217 autem
1442 3162 1818 3218 abstinendum
1867 3171 1950 3218 est
1991 3178 2023 3218 a

447 3261 611 3322 coitu,
659 3256 1014 3328 plurimisque
1064 3254 1252 3309 diebus
1301 3252 1530 3307 orationi
1580 3267 1818 3319 vacare,
1858 3261 1914 3309 et
1946 3253 2026 3310 sic

445 3348 641 3404 deinde
672 3347 739 3401 ad
761 3345 963 3401 Christi
995 3358 1190 3413 corpus
1213 3343 1486 3397 accedere.
1527 3361 1546 3394 ›
1580 3341 1650 3396 Εῑ
1674 3342 1834 3411 paulo
1856 3352 1979 3412 post
2007 3361 2021 3397 :

452 3457 472 3489 ι
509 3437 848 3506 Quapropter
871 3433 1100 3506 eligendi
1129 3441 1253 3487 sunt
1285 3432 1448 3502 aliqui
1480 3432 1615 3497 dies,
1647 3432 1846 3507 quibus
1870 3433 2022 3504 prius

448 3531 610 3584 heluo
647 3526 1009 3582 continentius
1033 3524 1201 3588 vivat,
1232 3539 1339 3593 quo
1362 3523 1431 3578 ad
1464 3530 1675 3577 tantum
1716 3539 2026 3579 sacramen-

432 3629 561 3674 atum
597 3620 788 3691 dignus
816 3616 1075 3672 accedere
1099 3615 1289 3684 possit.
1330 3634 1349 3665 ι

496 3711 649 3766 ςιῐειη
674 3709 839 3775 idem,
872 3709 927 3762 in
950 3705 1131 3762 libello
1156 3717 1181 3747 ει
1212 3706 1302 3776 qui
1335 3704 1648 3778 Synonyma
1676 3706 2020 3763 inscribitur:

450 3799 774 3868 (Quotidie,
826 3798 1022 3869 inquit,
1054 3796 1397 3852 eucharistia:
1429 3798 1862 3853 communionem
1896 3814 2024 3868 per-

445 3893 755 3961 cipere«.uec
797 3888 955 3944 laudo
984 3902 1084 3943 nec
1114 3887 1358 3965 vitupem
1389 3905 1403 3942 :
1444 3887 1695 3942 omnibus
1727 3896 1904 3942 tamen
1930 3889 2025 3944 do-

448 3982 663 4036 minicis
689 3979 879 4035 diebus
917 3978 1421 4033 communicandum
1465 3978 1665 4032 suadeo
1710 3986 1765 4033 et
1794 3977 2020 4033 hortor:

447 4072 491 4126 si
519 4081 880 4126 tamenmens
907 4068 964 4123 in
990 4067 1183 4124 affectu
1212 4068 1469 4130 peccandi
1498 4083 1604 4122 non
1634 4069 1723 4124 sit.
1758 4067 1891 4123 Nam
1924 4070 2024 4124 ha-

434 4163 665 4216 .ibentem
713 4159 889 4213 adhuc
915 4157 1245 4212 voluntatem
1277 4157 1556 4227 peccandi,
1607 4158 1822 4228 gravari
1853 4158 2026 4229 magis

449 4252 571 4306 dico
600 4250 940 4306 eucharistize
977 4250 1351 4319 perceptione,
1405 4265 1567 4318 quam
1615 4249 1911 4319 purificari.
1958 4251 2026 4306 Et

452 4342 574 4396 ideo
600 4339 846 4409 quamvis
873 4338 995 4407 quis
1018 4338 1244 4406 peccato
1274 4339 1603 4400 mordeatur,
1652 4340 1910 4408 peccandi
1958 4342 2024 4396 de

448 4439 649 4485 caetero
687 4441 792 4481 non
820 4426 1015 4480 habeat
1034 4423 1389 4492 voluntatem,
1428 4436 1484 4481 et
1532 4428 2027 4485 communicaturus

452 4515 751 4572 satisfaciat
787 4512 1062 4583 lacrymis,
1098 4522 1154 4568 et
1178 4514 1537 4580 orationibus,
1574 4523 1629 4569 et
1660 4509 1939 4573 confidens
1959 4519 2027 4573 de

453 4603 666 4659 Domini
695 4602 1065 4666 miseratione,
1088 4601 1177 4669 qui
1206 4609 1427 4671 peccata
1455 4603 1556 4672 pice
1576 4603 1901 4659 confessioni
1927 4608 2025 4663 do-

455 4709 587 4750 nare
613 4690 913 4754 consuevit,
957 4691 1178 4744 accedat
1208 4690 1276 4743 ad
1310 4690 1694 4745 eucharistiam
1732 4691 2030 4763 intrepidus

448 4794 765 4841 retsecnrus.
785 4778 892 4833 Sed
907 4778 1007 4833 hoc
1029 4777 1197 4832 deillo
1212 4779 1352 4843 dico,
1371 4792 1531 4848 quem
1552 4780 1802 4850 capitalia
1817 4791 1871 4836 et
1887 4798 2030 4836 mor-

458 4875 585 4929 talia
613 4880 831 4944 peccata
862 4884 967 4923 non
998 4877 1244 4938 gravant.
1277 4867 1410 4921 Nam
1441 4882 1601 4937 quem
1634 4870 1880 4924 mortalia
1906 4881 2029 4940 post

458 4965 784 5034 baptismum
815 4960 1041 5014 crimina
1066 4958 1352 5012 commissa
1376 4966 1647 5027 premunt,
1672 4957 1861 5015 hortor
1878 4962 2030 5030 prius

451 5053 672 5125 publica
700 5050 1015 5122 pmoitentia
1046 5048 1379 5110 satisfacere,
1414 5056 1469 5104 et
1494 5048 1568 5101 ita
1617 5052 1916 5106 sacerdotis
1941 5053 2029 5122 ju-

460 5145 600 5200 dicio
628 5142 1029 5200 reconcdiatum
1059 5141 1421 5197 communioni
1452 5141 1661 5209 sociari,
1707 5142 1752 5197 si
1781 5143 1892 5198 vult
1920 5159 2027 5199 non

452 5238 527 5290 ad
553 5235 814 5303 judicium
869 5240 924 5288 et
960 5232 1463 5288 condemnationem
1510 5231 1593 5287 sui
1643 5232 2025 5287 eucharistiam

461 5328 726 5394 accipere.
754 5343 781 5383 ι

531 5413 663 5470 Cum
694 5416 858 5485 igitur
876 5422 1171 5496 conventus
1199 5412 1626 5468 Christianorum
1654 5414 1721 5468 ad
1748 5414 2032 5469 ecclesiam

465 5503 585 5558 ideo
613 5504 880 5573 pt'zcciptle
910 5505 1188 5557 inStitutus
1216 5503 1305 5567 sit,
1340 5508 1399 5554 ut
1442 5502 1585 5556 inter
1619 5504 1944 5573 hymnorum
1979 5511 2034 5557 et

542 5628 559 5649 ί·
607 5617 701 5671 Est
728 5615 785 5671 S.
817 5618 951 5688 Aug.
984 5633 1030 5671 c.
1064 5615 1155 5680 53,
1189 5616 1253 5669 de
1282 5612 1581 5671 ecclesiast.
1614 5614 1861 5686 Dogmat.

2125 3162 2417 3231 perniciem
2439 3161 2697 3216 existunt.

2196 3253 2364 3310 Porro
2405 3264 2531 3310 sunt
2574 3254 2815 3324 plerique
2858 3255 2950 3327 qui
2993 3258 3395 3327 possessionum
3435 3258 3701 3317 limitibus

2126 3343 2483 3414 coangustati,
2532 3354 2587 3399 et
2629 3344 2890 3400 reditibus
2934 3356 3200 3412 carentes,
3242 3357 3334 3402 aut
3365 3349 3418 3403 in
3438 3347 3581 3418 juris
3612 3352 3699 3408 sui

2095 3434 2369 3503 ,proprio,
2384 3446 2476 3489 aut
2497 3442 2642 3489 certe
2665 3449 2730 3489 ex
2754 3450 2976 3491 munere
3001 3437 3225 3507 alicujus
3243 3442 3479 3509 potentis
3498 3442 3702 3499 habent

2126 3525 2402 3590 basilicas,
2432 3526 2499 3580 ad
2526 3542 2664 3597 quas
2688 3526 2935 3599 religiosa
2963 3531 3177 3585 devotio
3204 3530 3439 3586 fidelium
3472 3532 3701 3590 oblatio-

2129 3630 2255 3670 nmu
2283 3624 2338 3670 et
2360 3616 2687 3671 decimarum
2716 3633 2965 3686 magnam
2999 3620 3243 3675 conferre
3282 3622 3419 3677 solet
3463 3624 3698 3693 copiam.

2127 3704 2303 3774 Super
2339 3721 2443 3776 qua
2476 3706 2846 3775 hujuscemodi
2885 3709 3179 3778 cupiditate
3216 3711 3363 3765 ducti
3404 3712 3579 3767 solent
3620 3714 3701 3770 di—

2126 3811 2249 3851 cere
2275 3813 2288 3849 :
2317 3795 2409 3850 ille
2436 3798 2720 3867 presbyter
2747 3796 2916 3851 multa
2940 3797 3008 3852 de
3040 3814 3158 3852 mea
3191 3800 3424 3869 acquirit
3445 3790 3695 3871 ecclesia,

2126 3898 2460 3960 quapropter
2495 3889 2636 3954 volo,
2665 3899 2725 3945 ut
2749 3890 2816 3945 de
2839 3906 2904 3945 eo
2929 3893 3069 3960 quod
3100 3892 3167 3947 de
3196 3907 3316 3948 meo
3342 3887 3598 3964 acquirit,
3630 3897 3700 3951 ad

2125 3987 2308 4034 votum
2331 3995 2509 4033 meum
2532 3979 2663 4033 mihi
2683 3981 2904 4045 serviat,
2931 3980 3013 4034 sin
3038 3979 3192 4048 alias,
3227 3998 3402 4037 meam
3425 3983 3565 4038 ultra
3587 4000 3697 4039 non

2127 4069 2345 4125 habebit
2371 4068 2675 4123 ecclesiam.
2705 4068 2812 4123 Sed
2840 4076 2895 4123 ct
2926 4069 2979 4122 in
3005 4069 3202 4125 talibus
3233 4070 3474 4127 basilicis
3502 4073 3703 4127 consti-

2126 4159 2201 4215 tui
2225 4174 2331 4214 non
2369 4159 2553 4214 sinunt
2584 4159 2948 4229 presbyteros,
2990 4157 3094 4214 nisi
3115 4144 3198 4215 'ab
3229 4161 3309 4216 eis
3334 4174 3531 4215 munus
3552 4160 3697 4229 quod

2126 4258 2334 4320 optant,
2362 4250 2648 4320 accipiant.

2199 4338 2337 4393 Sunt
2356 4339 2521 4394 etiam
2540 4338 2784 4410 plerique
2813 4349 3082 4410 potentes,
3112 4341 3204 4411 qui
3225 4326 3375 4396 obliti
3410 4342 3616 4399 ordinis
3638 4349 3697 4398 et

2130 4430 2412 4485 ministerii
2436 4430 2540 4495 sui,
2566 4430 2933 4499 hujuscemodi
2956 4430 3206 4485 basilicas
3233 4432 3589 4501 possidentes,
3616 4449 3701 4489 re-

2128 4520 2229 4573 bus
2256 4528 2466 4573 tenues.
2513 4517 2748 4573 fidclium
2779 4534 2909 4575 vero
2937 4519 3251 4590 largissimis
3281 4520 3501 4576 decimis
3527 4521 3702 4576 abun-

2129 4607 2338 4675 dantes,
2374 4614 2559 4661 eontra
2586 4605 2667 4661 fas
2691 4608 2802 4661 suis
2829 4613 2921 4660 aut
2948 4606 3163 4662 clericis
3188 4615 3282 4662 aut
3310 4608 3462 4664 laicis
3486 4608 3698 4664 beneﬁ-

2129 4697 2298 4752 ciario
2320 4712 2541 4751 munere
2569 4697 2876 4763 conferunt,
2898 4696 3041 4752 utde
3072 4697 3440 4766 hujuscemodi
3470 4700 3700 4755 oblatio-

2130 4788 2289 4844 nibus
2323 4797 2378 4843 et
2420 4789 2645 4843 decimis
2686 4789 2788 4843 sibi
2830 4790 3112 4843 serviant:
3143 4790 3285 4861 quod
3311 4806 3469 4860 quam
3503 4791 3570 4847 sit
3597 4806 3698 4845 ex-

2131 4878 2569 4942 traordinarium,
2609 4885 2665 4933 et
2694 4878 2937 4948 religioni
2975 4878 3295 4933 Christiana:
3320 4881 3700 4947 incongruum,

2132 4985 2231 5024 nec
2258 4985 2365 5024 non
2398 4977 2455 5023 et
2481 4968 2805 5024 facientibus
2828 4969 3207 5040 periculosum,
3240 4969 3330 5039 qui
3359 4970 3704 5025 animadver-

2131 5060 2216 5125 tit,
2248 5059 2520 5131 intelligit.
2550 5059 2668 5115 Non
2703 5061 2846 5116 enim
2890 5061 2957 5116 ad
2994 5061 3275 5127 laicorum,
3313 5060 3408 5115 sed
3436 5062 3502 5115 ad
3523 5062 3701 5131 ponti-

2132 5147 2292 5205 ficum
2323 5149 2703 5214 ministerium,
2738 5166 2837 5222 per
2864 5166 3000 5221 quos
3031 5150 3266 5206 basilica:
3301 5151 3409 5203 Deo
3444 5151 3703 5205 dedican-

2135 5247 2243 5301 tur,
2271 5238 2525 5308 pertinet,
2555 5239 2787 5308 qualiter
2810 5240 3108 5296 oblationes
3134 5247 3188 5294 et
3213 5239 3432 5294 decimae
3462 5238 3703 5293 fidelium

2137 5328 2245 5383 Deo
2271 5329 2462 5383 oblata:
2488 5329 2894 5399 dispensentur,
2927 5330 3198 5384 ordinare.
3227 5328 3546 5384 Pontiﬁcum
3571 5343 3704 5383 sane

2135 5419 2493 5472 ministerium)
2523 5429 2626 5485 est,
2658 5427 2915 5487 quantum
2943 5434 3009 5473 ex
3037 5418 3239 5473 eisdem
3278 5418 3510 5474 ﬁdelium
3547 5418 3703 5470 obla-

2137 5507 2371 5562 tionibus
2393 5507 2445 5560 in
2476 5505 2701 5563 fabricis
2728 5506 3027 5578 applicetur
3052 5508 3316 5572 ecclesiae,
3357 5509 3617 5576 quantum
3649 5507 3702 5560 in
