4030 6190
375 313 482 372 ἳοὸ

1379 316 1467 370 DE
1499 314 1980 373 INSTITUTIONE
2015 316 2301 374 LAICALI.
2327 351 2396 361 —-
2417 321 2543 378 LIB.
2581 323 2638 392 ll,

3509 336 3613 406 206

376 425 731 521 lum‘iuari‘bus
779 427 1191 493 concinnandis,
1237 436 1496 521 quantum
1543 428 1596 482 in
1642 428 1943 498 hospitibus
1973 443 2017 500 Α
2047 430 2152 484 sive
2179 429 2244 485 de
2265 433 2439 521 pomis
2467 435 2732 502 arborum,
2765 436 2980 503 Domini
3006 451 3128 502 sunt
3153 458 3170 507 ;
3194 453 3242 498 et
3275 444 3355 511 iiii
3378 453 3616 521 “nam,

373 516 707 586 colligendis,
753 526 808 571 et
845 518 1172 587 pauperibus
1199 519 1525 582 recreandis,
1571 529 1948 590 quantumque

374 604 426 659 in
481 605 918 675 presbyterorum
963 622 1258 681 eorumque
1309 608 1400 678 qui
1453 621 1637 666 secum
1691 609 1942 662 militiam

374 699 574 752 Christi
620 705 813 766 gerunt
859 699 1271 770 necessitatibus
1313 700 1654 755 sublevandis
1688 716 1949 770 expense-

375 799 483 851 tur,
528 789 847 858 disponere;
896 805 1003 842 non
1047 789 1330 855 laicorum,
1363 790 1504 843 utin
1536 805 1663 844 suos
1701 806 1949 844 suorum-

374 894 478 946 que
525 893 593 931 ex
639 879 723 932 bis
762 879 1050 947 quidquam
1100 886 1475 948 retorquentur
1514 895 1662 943 usus,
1708 880 1944 950 exigere.

374 966 488 1020 lloc
513 982 703 1036 nempe
739 982 908 1036 genus
950 969 1192 1021 avaritim
1219 969 1270 1022 in
1296 978 1500 1023 tantum
1527 970 1786 1038 quosdam
1815 973 1950 1026 obli-

372 1069 595 1127 gaverat
621 1058 809 1124 laicos,
838 1067 894 1112 ut
925 1059 1028 1114 hoc
1057 1075 1113 1114 se
1129 1058 1277 1128 juste
1308 1069 1362 1114 et
1392 1061 1805 1129 rationabiliter,
1841 1063 1950 1118 imo

372 1148 776 1217 inculpabiliter
815 1150 1011 1203 sectari
1040 1165 1199 1220 posse
1225 1159 1496 1220 putarent,
1544 1153 1714 1208 donec
1751 1155 1951 1225 glorio-

371 1252 468 1291 sus
494 1237 830 1303 orthodoxus
867 1239 1094 1306 domnus
1129 1240 1434 1305 Ludovicus
1469 1243 1764 1312 imperator
1790 1257 1838 1310 ι,
1870 1246 1950 1300 in-

373 1337 460 1384 ter
505 1337 706 1382 caetera
755 1329 973 1398 pietatis
1008 1344 1120 1386 suae
1155 1329 1440 1396 beneﬁcia,
1489 1347 1608 1402 qua:
1656 1333 1859 1388 honore
1895 1343 1951 1388 et

370 1435 562 1474 amore
603 1419 816 1474 Domini
868 1419 1036 1473 nostri
1077 1418 1204 1474 Jesu
1251 1420 1450 1476 Christi
1493 1431 1694 1478 sancta:
1723 1425 1950 1479 contulit

369 1508 654 1573 Ecclesiae,
695 1508 762 1562 ab
791 1508 894 1562 hoc
920 1523 1136 1577 quoque
1179 1523 1298 1563 eam
1344 1511 1638 1566 immunem
1683 1512 1943 1568 effecerit.

366 1599 612 1655 Caveant
645 1614 773 1670 ergo
804 1613 862 1653 se
893 1598 1016 1654 laici
1058 1615 1278 1654 necesse
1305 1608 1410 1666 est,
1439 1602 1507 1657 ab
1537 1603 1774 1672 appetitu
1803 1605 1949 1658 deci-

367 1706 582 1757 marum
611 1698 667 1753 et
694 1689 1030 1754 oblationum
1057 1689 1336 1757 ﬁdelium;
1379 1707 1480 1747 nec
1514 1694 1807 1762 quidquam
1842 1695 1943 1749 sibi

2050 517 2937 597 cantur(Lcyit.xxvu.30).item:
2971 529 3162 586 Omnes
3199 533 3416 591 decimi:
3457 517 3610 608 boum

2047 619 2098 663 ct
2123 609 2316 674 ovium,
2354 620 2402 664 et
2437 628 2587 666 omne
2620 615 2964 687 quodcunque
2998 622 3187 674 transit
3225 625 3320 686 sub
3349 627 3510 698 virga,
3557 631 3614 691 in

2052 715 2328 754 numerum
2367 703 2624 757 decimum
2669 705 3013 779 quodcunque
3043 717 3288 780 evenerit,
3315 720 3619 788 sancti/ica:

2051 799 2162 842 tum
2191 793 2287 846 erit
2320 793 2563 849 Domino.
2610 797 2730 851 Non
2759 799 2985 854 mutabis
3020 802 3170 858 illum
3221 806 3411 868 bonum
3449 812 3612 878 malo,

2053 893 2216 980 neque
2252 881 2449 936 malum
2485 885 3204 980 bono(L_evit,.xxvu,50).ln
3233 895 3372 960 libro
3400 915 3616 980 quoque

2051 967 2406 1027 Numerorum
2435 993 2448 1041 ;
2479 974 2803 1045 Separabitis
2837 982 3096 1050 primitias
3134 985 3360 1049 Domino
3389 967 3455 1046 de
3488 967 3617 1048 cibis

2050 1061 2252 1130 vestris,
2297 1063 2404 1124 sive
2430 1063 2496 1119 de
2518 1065 2652 1128 areis
2681 1068 2942 1136 primitias
2963 1073 3304 1142 separabitis;
3346 1080 3422 1135 ita
3465 1091 3514 1136 et
3553 1083 3619 1138 de

2048 1155 2327 1224 pulmentis
2367 1157 2556 1212 dabitis
2595 1159 2857 1228 primitias
2907 1162 3151 1232 Domino.
3197 1167 3333 1231 Item
3359 1187 3372 1223 :
3399 1169 3616 1242 Omnem

2049 1245 2333 1300 medullam
2378 1248 2502 1312 vini,
2548 1249 2650 1303 olei
2685 1267 2748 1304 ac
2781 1252 3062 1321 frumenti,
3104 1257 3358 1330 quidquid
3389 1263 3616 1332 oﬁ‘erutst

2048 1335 2400 1404 primitiarum
2467 1338 2720 1405 Domino,
2782 1342 2876 1408 tibi
2918 1343 3040 1406 dedi
3086 1333 3456 1418 (lbid.,xvtu,
3501 1352 3612 1425 12),

2047 1425 2180 1481 Item
2207 1445 2222 1480 :
2247 1427 2492 1500 Dixitque
2525 1431 2777 1487 Dominus
2809 1434 2880 1488 ad
2908 1434 3088 1498 Aaron
3109 1452 3129 1489 :
3153 1437 3220 1494 In
3261 1448 3400 1504 terra
3435 1459 3617 1513 eorum

2049 1516 2180 1570 nihil
2213 1519 2533 1588 possidebis;
2576 1537 2668 1574 nec
2704 1522 2914 1578 habebis
2947 1536 3150 1595 partem
3181 1528 3320 1590 inter
3352 1546 3441 1593 eos
3461 1545 3480 1598 _:
3502 1532 3618 1604 Egg

2046 1625 2169 1678 pars
2205 1619 2253 1662 et
2279 1610 2559 1665 luereditas
2580 1621 2674 1665 tua
2709 1613 2763 1666 in
2790 1614 2960 1680 medio
2981 1615 3212 1686 ﬁliorum
3240 1617 3429 1686 (878,81.
3459 1621 3617 1691 Filii.

2047 1707 2221 1766 autem
2252 1699 2375 1755 Levi
2396 1702 2521 1766 dedi
2555 1718 2732 1758 omnes
2764 1705 2994 1761 decimas
3024 1707 3242 1774 Israelis
3265 1713 3320 1778 in
3341 1715 3620 1782 possessio:

366 1796 435 1846 ιιι
480 1782 566 1839 bis
600 1797 698 1851 per
723 1781 856 1846 vim,
890 1781 994 1836 nisi
1025 1781 1091 1836 ad
1120 1779 1418 1850 periculum
1447 1799 1626 1848 suum,
1659 1784 1944 1841 vendieare
1976 1779 2021 1839 Β
2045 1805 2163 1849 nam
2205 1807 2300 1860 pro
2337 1792 2627 1846 ministerio
2654 1809 2755 1865 quo
2780 1795 3012 1849 serviunt
3039 1797 3166 1852 mihi
3199 1800 3257 1861 in
3280 1779 3617 1866 tabernaculo

365 1888 527 1944 posse
567 1873 773 1938 sciant,
812 1888 1017 1942 suoque
1054 1874 1294 1941 contenti
1337 1874 1446 1942 sint
1491 1875 1824 1944 ministerio;
1874 1892 1943 1931 ne

365 1965 499 2029 dum
543 1963 766 2018 alterius
803 1971 1085 2032 usurpant,
1133 1977 1253 2028 suo,
1294 1977 1402 2034 quo
1444 1966 1683 2020 contenti
1707 1981 1830 2020 esse
1851 1965 1944 2020 deo

366 2060 518 2124 bent,
541 2059 865 2125 ministerio,
895 2057 1296 2128 quodammodo
1341 2071 1400 2112 se
1427 2057 1679 2129 indignos
1705 2058 1939 2126 faciant;

361 2159 419 2215 et
444 2149 675 2215 aliorum
702 2164 915 2218 quoque
933 2149 1018 2219 pia
1044 2157 1166 2208 vota
1191 2147 1296 2202 sibi
1329 2146 1382 2200 in
1410 2156 1690 2216 peccatum
1717 2162 1943 2202 conver-

364 2248 510 2305 tant,
535 2249 591 2295 et
611 2240 879 2311 sacrilegii
907 2249 1091 2295 notam
1123 2241 1420 2300 incurrant.
1459 2237 1621 2293 Ozias
1642 2238 1824 2307 itaque
1849 2253 1943 2302 rex

361 2331 493 2399 quia
540 2331 832 2384 temerario
872 2344 1008 2384 ausu
1046 2328 1380 2390 sacerdotale
1418 2327 1773 2394 ministerium
1810 2329 1947 2382 arri-

355 2418 502 2498 puit,
539 2417 682 2473 illico
707 2417 1047 2472 immunditia
1077 2417 1241 2488 lepra:
1271 2417 1562 2485 mulctatus
1591 2426 1695 2484 est,
1728 2417 1943 2478 Baltha-

355 2526 460 2576 lar
483 2525 696 2580 quoque
725 2523 841 2574 rex,
877 2509 1002 2577 quia
1030 2523 1159 2562 vasa
1191 2507 1390 2561 divinis
1421 2507 1607 2562 usibus
1630 2517 1944 2562 consecrata

355 2604 415 2659 in
451 2618 578 2658 suos
615 2617 745 2666 usus
785 2610 975 2667 contra
1016 2599 1100 2660 fas
1139 2598 1428 2668 convertit,
1479 2599 1589 2654 vita
1617 2613 1742 2652 cum
1777 2613 1943 2668 regno

355 2693 562 2761 caruit.

434 2783 688 2863 Quisquis
711 2799 840 2855 ergo
866 2784 928 2839 de
954 2783 1057 2838 hoc
1083 2797 1283 2854 genere
1314 2782 1555 2837 avaritia:
1579 2782 1682 2837 sibi
1712 2781 1944 2852 impuni-

359 2879 536 2936 tatem
565 2874 853 2942 promittit,
881 2872 1066 2927 audiat
1098 2873 1224 2942 quid
1253 2872 1392 2927 Sacri
1445 2887 1682 2928 canones
1722 2871 1775 2925 in
1821 2887 1946 2926 eon-

356 2966 490 3020 cilio
508 2963 806 3035 Gangrcnsi
832 2966 900 3019 de
922 2965 1022 3030 hac
1050 2981 1107 3019 re.
1134 2964 1431 3019 decernant
1452 2963 1510 3016 δε
1533 2982 1550 3014 ι
1573 2962 1631 3018 Si
1653 2964 1774 3033 quis
1800 2963 1945 3018 obla-

357 3057 540 3120 tiones
573 3055 816 3119 ecclesias
855 3064 1009 3120 extra
1055 3055 1342 3118 ecclesiam
1393 3053 1640 3128 accipere
1684 3055 1772 3107 vel
1812 3052 1944 3106 dare

2045 1877 2276 1947 fcederis.
2332 1878 2390 1932 In
2444 1881 2905 1937 Deuteronomio:
2936 1883 3005 1951 In
3053 1884 3166 1950 loco
3210 1903 3363 1964 quem
3411 1889 3616 1962 elegeru

2043 1966 2300 2022 Dominus
2332 1967 2474 2031 Deus
2506 1979 2689 2038 vester,
2722 1982 2778 2026 ut
2807 1973 2878 2033 sit
2911 1989 3097 2032 nomen
3131 1975 3247 2046 ejus
3272 1979 3328 2044 in
3353 1995 3416 2042 eo
3442 1997 3464 2048 ξ
3489 1981 3618 2052 illis;

2045 2057 2224 2151 omnia
2246 2073 2368 2151 quer
2393 2060 2639 2143 principio
2676 2061 2954 2130 conferetis
2989 2063 3296 2121 holocausta
3320 2079 3370 2123 et
3395 2069 3616 2151 hostias,

2045 2159 2108 2201 ac
2137 2145 2403 2212 victimas,
2455 2147 2684 2204 decimas
2719 2166 2783 2204 ac
2824 2152 3086 2222 primitias
3121 2171 3375 2226 manuum
3417 2145 3619 2218 vestras

2045 2253 2186 2302 rum,
2209 2247 2256 2291 et
2282 2238 2536 2309 quidquid
2578 2240 2901 2310 pra'cipuum
2950 2252 3024 2297 est
3070 2244 3124 2296 in
3163 2249 3465 2315 innuerim”
3498 2267 3616 2324 qua

2042 2327 2244 2392 vovistis
2276 2327 2496 2394 Domino
2520 2329 2700 2400 (Deut.
2724 2347 2825 2396 xu,
2858 2333 2966 2404 il).
2999 2333 3132 2388 Item
3157 2353 3170 2388 :
3195 2335 3463 2407 Decimam
3489 2357 3616 2411 par-.-

2039 2424 2143 2479 tem
2174 2417 2440 2485 separabis
2487 2419 2551 2472 de
2589 2423 2790 2474 cunctis
2830 2421 3067 2492 frugibus
3095 2425 3222 2490 tuis,
3251 2442 3368 2502 qua:
3388 2444 3618 2496 nascun-

2043 2517 2130 2559 tur
2151 2508 2205 2560 in
2235 2518 2375 2563 terra
2411 2527 2505 2580 per
2528 2527 2703 2589 annos.
2737 2513 2972 2583 singulos
2995 2531 3014 2569 :
3041 2524 3090 2570 et
3143 2517 3377 2584 comedes
3414 2535 3529 2586 eam
3563 2522 3618 2588 in

2042 2605 2317 2665 conspectu
2357 2597 2571 2653 Domini
2618 2599 2714 2654 Dei
2751 2602 2853 2666 tui,
2881 2603 2936 2655 in
2960 2601 3080 2660 loco
3101 2621 3253 2675 quem
3279 2606 3488 2678 elegerit
3510 2625 3530 2676 ;
3561 2621 3618 2665 ut

2043 2685 2098 2738 in
2121 2703 2179 2739 eo
2210 2703 2397 2741 nomen
2437 2689 2579 2752 illius
2610 2691 2892 2758 invocetur.
2939 2692 3208 2749 Decimam
3242 2697 3492 2766 frumenti
3516 2701 3616 2769 tui,

2041 2785 2091 2830 et
2136 2776 2256 2840 vini,
2293 2786 2341 2831 et
2379 2776 2502 2844 olei.
2531 2789 2580 2832 et
2607 2781 2952 2851 primogenita
2978 2781 3043 2836 de
3069 2786 3336 2850 armentis,
3367 2797 3416 2841 et
3440 2789 3619 2855 ovibus

2042 2866 2182 2930 tuis;
2221 2875 2277 2933 ut
2311 2867 2485 2931 discas
2524 2869 2704 2922 timere
2744 2869 3027 2925 Dominum
3066 2872 3234 2926 Deum
3277 2884 3426 2934 tuum
3475 2880 3618 2945 omni

2041 2966 2271 3026 tempore
2298 2956 2483 3027 (Ibid.,
2511 2973 2622 3023 xtv,
2646 2957 2758 3030 22).
2802 2959 2860 3028 ιιι
2896 2960 3036 3027 libro
3081 2962 3264 3018 Tobiae
3290 2982 3302 3018 :
3333 2965 3436 3020 llic
3472 2967 3617 3033 solus

2042 3047 2274 3123 fugiebat
2295 3051 2558 3104 consortia
2582 3052 2850 3118 omnium;
2881 3064 2929 3106 et
2947 3055 3188 3124 pergebat
3207 3056 3276 3110 ad
3298 3057 3618 3133 Jerusalem,

354 3147 629 3212 voluerit,
676 3155 875 3217 prieter
924 3161 1245 3212 consensum
1285 3146 1522 3217 episc0pi
1571 3145 1654 3201 vel
1693 3147 1810 3214 eius
1856 3148 1941 3201 cui
1970 3132 2015 3194 C
2045 3139 2116 3192 ad
2146 3139 2395 3210 templum
2426 3141 2657 3206 Domini,
2689 3153 2736 3197 et
2767 3143 2836 3197 ibi
2864 3145 3120 3200 adorabat
3151 3147 3430 3205 Dominum
3451 3132 3618 3211 Deum

359 3237 735 3306 hujuscemodi
779 3236 958 3303 officia
997 3238 1284 3293 commissa
1319 3244 1478 3301 sunt,
1525 3251 1626 3292 nec
1666 3253 1790 3291 cum
1827 3237 1944 3308 ejus

356 3329 595 3383 voluerit
624 3342 784 3397 agere
813 3325 1057 3389 consilio,
1091 3327 1379 3380 anathema
1402 3326 1491 3380 sit.
1523 3345 1542 3376 ι
1579 3325 1782 3380 Scribit
1809 3341 1940 3395 quo-

358 3435 469 3489 que
511 3417 869 3487 Hieronymus
907 3416 960 3470 in
1002 3415 1226 3486 epistola
1251 3417 1316 3470 ad
1346 3415 1699 3486 Nepotianum
1742 3415 1937 3487 (Epist.

358 3494 452 3578 ﬂ):
484 3527 500 3557 ι
528 3506 822 3574 Εοοιεείωη
844 3504 1096 3571 fraudare
1134 3506 1476 3576 sacrilegium
1497 3514 1598 3561 est.
1621 3525 1640 3558 ι
1676 3507 1744 3562 Ει
1766 3497 1938 3562 inti-az

364 3617 385 3650 ι
413 3597 521 3651 Aut
549 3597 691 3666 quod
727 3596 1051 3666 apertissimi
1089 3585 1466 3661 sceleris‘est,
1506 3597 1701 3652 exinde
1739 3598 1941 3669 aliquid

358 3687 708 3751 subtrahere,
738 3687 977 3740 omnium
1003 3687 1314 3757 praedonum
1357 3687 1732 3742 crudelitatem
1777 3703 1938 3757 supe-

361 3787 470 3834 rat.
500 3798 520 3830 ι
552 3777 753 3834 Scribit
783 3778 948 3832 etiam
977 3793 1030 3832 ιιι
1067 3777 1485 3832 Commentariis
1514 3777 1751 3834 Matthxi
1776 3793 1941 3832 evan-

358 3870 568 3941 gelista:
595 3887 609 3937 ;
643 3889 662 3920 ε
691 3866 892 3936 Omnes
928 3869 1091 3951 igitur
1112 3869 1205 3939 qui
1230 3869 1370 3940 stipe
1396 3869 1602 3954 templi,
1631 3878 1685 3924 et
1709 3869 1794 3924 his
1821 3883 1942 3955 quae

359 3957 717 4024 conteruntur
746 3959 815 4011 ad
841 3973 971 4026 usus
998 3957 1266 4026 ecclesiae,
1292 3959 1609 4027 abutuntur,
1637 3959 1690 4012 in
1713 3958 1834 4026 aliis
1856 3974 1940 4016 rc-

357 4051 464 4117 ῥᾳδ
505 4049 700 4120 quibus
730 4064 882 4104 suam
917 4048 1171 4118 expleant
1198 4047 1548 4116 voluntatem,
1577 4035 1779 4102 similes
1812 4057 1941 4103 sunt

356 4141 558 4210 scribis
597 4147 653 4195 et
675 4139 1045 4194 sacerdotibus
1086 4137 1473 4207 redimentibus
1498 4137 1839 4192 mendacium
1881 4145 1938 4192 et

361 4232 662 4288 Salvatoris
686 4230 1025 4300 sanguinem.
1059 4247 1078 4293 ι

431 4323 588 4391 Quod
624 4331 800 4389 autem
844 4322 1068 4376 decimae
1099 4320 1492 4383 sacerdotibus,
1527 4319 1635 4373 imo
1670 4319 1723 4373 in
1757 4333 1935 4387 sacer:

358 4417 577 4470 dotibus
625 4414 733 4470 Deo
778 4413 893 4482 dari
937 4413 1204 4477 debeant,
1253 4411 1441 4465 subtus
1487 4411 1792 4467 testimonia
1819 4410 1932 4479 coi-

2043 3247 2198 3285 suum
2236 3230 2447 3286 Israel:
2480 3235 2658 3288 omnia
2695 3236 2960 3305 primitiva
3001 3254 3099 3292 sua
3138 3248 3187 3293 et
3230 3238 3460 3299 decimas
3493 3261 3619 3304 suas

2040 3320 2267 3390 ﬁdeliter
2322 3323 2545 3391 offerens
2603 3322 2757 3395 (Tob.
2786 3341 2829 3390 ι,
2859 3326 2934 3397 6).
2982 3326 3040 3396 ιιι
3085 3326 3620 3400 Malacltiazlnferte

2042 3426 2246 3464 omnem
2276 3411 2531 3466 decimam
2565 3415 2620 3467 in
2653 3414 2900 3484 horreum
2945 3432 3138 3482 meum,
3181 3427 3230 3471 et
3269 3418 3336 3472 sit
3375 3419 3519 3475 cibus
3560 3421 3616 3488 in

2040 3499 2194 3567 domo
2235 3518 2370 3567 mea,
2401 3511 2450 3555 et
2476 3504 2692 3573 probate
2727 3520 2808 3572 mp
2828 3522 2984 3575 super
3009 3505 3126 3571 hoc,
3167 3507 3292 3561 dicit
3336 3507 3613 3575 Dominus,

2043 3587 2100 3642 Si
2123 3607 2226 3658 non
2249 3608 2501 3662 aperuero
2526 3592 2668 3654 nobis
2697 3604 2996 3659 cataractas
3023 3597 3158 3662 creti,
3186 3607 3234 3666 et
3269 3599 3504 3682 e/I‘udero
3532 3617 3616 3657 {‘01

2041 3680 2118 3734 bis
2135 3681 2541 3738 benedictionem
2564 3701 2723 3754 usque
2743 3687 2812 3740 ad
2831 3686 3247 3757 abundantiam;
3269 3680 3315 3744 et
3341 3691 3616 3760 increpabo

2038 3787 2134 3840 pro
2158 3772 2300 3826 vobis
2321 3772 2674 3840 devorantem,
2694 3785 2742 3828 et
2767 3793 2870 3831 non
2890 3788 3184 3848 corrumpet
3202 3779 3432 3849 fructum
3458 3789 3613 3834 term-

2039 3870 2222 3928 vestra:
2241 3875 2260 3912 :
2289 3879 2382 3916 nec
2404 3864 2506 3916 erit
2526 3864 2719 3932 sterili;
2749 3865 2896 3934 pinea
2930 3867 2984 3920 in
3017 3883 3168 3936 agro,
3203 3867 3328 3934 dicit
3355 3867 3616 3924 Dominus

2037 3953 2379 4022 exerpituutn.
2411 3953 2476 4017 Et
2508 3954 2685 4024 beata;
2720 3971 2810 4009 vos
2823 3955 3012 4010 'dicent
3050 3973 3227 4012 omnes
3259 3968 3433 4028 gentes
3466 3958 3612 4033 (Ala-

2035 4039 2140 4106 lac,
2173 4059 2255 4114 ut,
2284 4045 2390 4113 l0).
2421 4042 2579 4111 Jesus
2619 4045 2762 4102 ﬁlius
2801 4046 2992 4103 Siracb
3016 4066 3030 4102 :
3053 4048 3122 4102 In
3148 4051 3290 4104 omni
3323 4049 3450 4118 datp
3475 4050 3614 4105 hila-

2038 4147 2145 4184 rem
2187 4131 2274 4200 fap
2311 4133 2506 4197 vultum
2536 4143 2684 4186 tuum
2711 4150 2728 4188 :
2753 4135 2807 4188 in
2839 4135 3185 4192 exsultatione
3210 4138 3486 4207 sancti/ica
3519 4140 3610 4198 (le-,-

2036 4219 2336 4289 cimastuas
2377 4221 2566 4291 (Eccli.
2609 4239 2776 4290 xxxv,
2825 4224 2935 4298 11).
2987 4225 3506 4300 Paulus:Equidem
3545 4231 3610 4295 de

2033 4307 2164 4383 ﬁliis
2194 4308 2320 4363 Levi
2341 4311 2695 4365 sacerdotium
2723 4314 3057 4385 accipientes,
3085 4317 3394 4374 mandatum
3423 4318 3614 4382 habent

2034 4397 2262 4452 decimas
2300 4416 2505 4452 sumere
2531 4418 2562 4453 a
2591 4401 2784 4470 populo
2808 4403 3095 4476 secundum
3124 4403 3309 4476 legem,
3355 4406 3411 4471 id
3443 4416 3538 4472 est,
3580 4426 3614 4463 a

359 4507 496 4561 lecta
527 4505 800 4560 declarant
837 4478 851 4559 :l
877 4474 1152 4559 Scribitur
1174 4474 1229 4558 in
1255 4503 1450 4558 Genesi
1482 4522 1494 4558 :
1525 4503 1590 4556 Et
1614 4505 1755 4562 dedit
1781 4505 1849 4572 ei,
1883 4474 1934 4559 id
1963 4474 2012 4533 D
2041 4495 2289 4563 fratribus
2308 4497 2418 4550 suis
2441 4496 2626 4561 (Hebr.
2649 4514 2747 4564 VII,
2780 4498 2857 4570 5).

357 4606 471 4661 est,
510 4595 783 4649 Abraham
823 4594 1248 4658 Melchisedech,
1302 4593 1529 4647 decimas
1576 4610 1641 4647 ea:
1696 4595 1932 4663 omnibus

359 4686 514 4758 (Cen.
542 4685 676 4754 xxv).
702 4685 864 4738 Item:
901 4682 1093 4737 Votum
1116 4684 1246 4737 vovit
1274 4681 1440 4748 Iacob
1463 4683 1637 4747 dicens
1654 4699 1671 4735 :
1689 4684 1751 4740 Si
1772 4685 1933 4755 fuerit

357 4775 499 4841 Deus
539 4789 761 4839 mecum,
790 4783 838 4828 et
863 4774 1164 4827 custodierit
1193 4790 1273 4826 me
1305 4774 1358 4827 in
1391 4774 1470 4827 via
1493 4791 1584 4844 per
1611 4792 1768 4845 quam
1812 4793 1932 4828 am-

357 4866 501 4926 bulo,
536 4874 584 4917 et
616 4864 815 4917 dederit
856 4863 982 4915 mihi
1023 4878 1210 4932 panem
1255 4862 1324 4918 ad
1375 4862 1701 4928 vescendum,
1751 4873 1798 4917 et
1849 4881 1931 4918 ve-

352 4967 480 5010 stem
523 4955 594 5008 ad
632 4952 973 5016 induendum,
1015 4968 1347 5024 reversusque
1379 4951 1530 5020 fuero
1569 4969 1814 5022 prospere
1859 4955 1928 5007 ad

350 5044 568 5098 domum
609 5043 777 5112 patris
817 5041 921 5104 mei
949 5054 967 5091 :
998 5043 1094 5094 erit
1127 5042 1256 5094 mihi
1293 5039 1552 5095 Dominus
1572 5043 1627 5095 in
1657 5040 1848 5104 Deum,
1881 5053 1930 5097 et

352 5134 487 5203 lapis
535 5135 632 5187 iste
675 5149 827 5203 quem
875 5132 1040 5195 erexi,
1075 5132 1130 5184 in
1167 5129 1377 5184 titulum
1429 5131 1699 5185 vocabitur
1745 5133 1931 5196 domus

350 5225 451 5293 Dei
476 5239 497 5278 :
519 5233 927 5300 cunctarumque
958 5237 1076 5292 qua?
1116 5220 1322 5279 dederis
1350 5221 1500 5285 mihi,
1541 5221 1774 5276 decimas
1802 5222 1932 5296 offe-

349 5331 466 5368 ram
515 5313 608 5367 tibi
655 5311 818 5384 (Ibid.
863 5327 1056 5376 xxvm,
1097 5309 1209 5381 20).
1251 5311 1318 5364 Et
1346 5310 1400 5363 in
1435 5311 1660 5366 Exodo:
1690 5311 1932 5366 Decimus

348 5415 471 5459 tuas
494 5414 540 5457 et
563 5402 822 5473 primitias
845 5417 948 5454 non
970 5401 1205 5454 tardabis
1227 5399 1416 5468 o/i’erre
1441 5398 1638 5471 (Exod.
1664 5415 1800 5465 xx",
1815 5400 1930 5471 29).

345 5495 404 5554 ιιι
437 5493 682 5549 Levitico
708 5510 721 5544 :
753 5491 945 5546 Omnes
978 5491 1191 5545 decima:
1223 5499 1396 5554 terrar,
1435 5491 1541 5543 sive
1573 5489 1639 5544 de
1668 5490 1929 5563 frugibus,

417 5616 444 5646 ι
478 5601 680 5657 Ludov.
723 5601 851 5656 Pius
883 5600 1057 5670 Capit.
1087 5600 1180 5654 lib.
1215 5613 1423 5670 v,ﬂcap._
1449 5598 1537 5670 22.

415 5674 445 5715 δ
473 5674 606 5746 Cap.
627 5672 680 5725 7.
713 5672 790 5727 Ex
829 5668 1027 5740 interp.
1061 5669 1298 5739 Dionysii
1333 5668 1540 5744 E’xigui.

2112 4588 2446 4660 Augustinus
2481 4589 2538 4642 in
2579 4604 2826 4655 sermone
2854 4590 2920 4653 ad
2949 4589 3204 4660 populum
3230 4602 3250 4629 ο
3283 4608 3296 4643 :
3334 4611 3351 4642 ι
3371 4591 3614 4662 Propitio

2042 4680 2259 4735 Christo
2285 4681 2488 4752 gratias
2516 4680 2677 4752 agite,
2706 4680 2902 4736 fratres
2925 4668 3228 4750 citatissimi
3262 4699 3275 4735 ε
3301 4681 3413 4751 jam
3440 4700 3607 4754 prope

2040 4783 2166 4832 sunt
2187 4774 2303 4828 dies
2331 4775 2384 4829 in
2411 4775 2606 4845 quibus
2625 4774 2859 4830 fructum
2887 4775 3117 4840 telluris,
3153 4786 3207 4845 ei
3237 4792 3441 4834 messes
3463 4777 3614 4832 colli-

2034 4880 2161 4934 gere
2190 4865 2479 4920 debemus:
2506 4873 2561 4919 et
2585 4865 2704 4926 ideo
2725 4866 2929 4936 gratias
2949 4875 3170 4936 agentes
3196 4867 3308 4935 Deo
3329 4869 3421 4936 qui
3443 4867 3610 4930 dedit,

2033 4952 2100 5007 de
2127 4951 2436 5020 oll‘erendis,
2468 4953 2577 5016 imo
2617 4952 2683 5006 de
2711 4953 2995 5010 reddendis
3029 4953 3253 5022 decimis
3288 4954 3608 5024 cogitemus.

2034 5040 2179 5109 Deus
2239 5043 2384 5109 enim
2438 5049 2624 5106 noster
2679 5041 2770 5111 qui
2821 5042 3072 5122 dignatus
3120 5051 3204 5102 est
3254 5031 3425 5111 totum
3455 5041 3608 5103 dare,

2035 5130 2301 5202 decimam
2329 5145 2362 5194 a
2388 5130 2546 5186 nobis
2598 5130 2851 5202 dignatur
2891 5139 3158 5203 repetere,
3198 5146 3304 5201 non
3347 5129 3471 5194 sibi,
3511 5129 3606 5183 sed

2038 5222 2194 5280 nobis
2259 5222 2376 5276 sine
2441 5220 2605 5276 dubio
2675 5221 3036 5292 profuturam.
3111 5221 3204 5282 Sic
3279 5221 3424 5276 enim
3493 5221 3609 5290 ipse

2034 5325 2133 5380 per
2186 5310 2504 5382 prophetam
2563 5311 2872 5379 promittit,
2923 5310 3109 5373 dicens
3155 5327 3169 5361 :
3221 5308 3458 5379 Inferte,
3523 5309 3605 5364 in:

2036 5383 2192 5469 quit,
2220 5415 2426 5452 omnem
2461 5398 2718 5452 decimam
2751 5400 2806 5452 in
2832 5400 3020 5453 horrea
3058 5415 3174 5458 mea
3198 5413 3218 5465 ξ
3238 5407 3286 5466 et
3338 5399 3408 5461 sit
3457 5397 3602 5460 cibus

2034 5490 2091 5544 in
2115 5489 2270 5543 domo
2300 5505 2449 5551 mea;
2478 5498 2524 5543 et
2550 5491 2765 5560 probate
2787 5506 2867 5544 me
2890 5491 2944 5544 in
2975 5490 3078 5557 his,
3108 5489 3234 5559 dicit
3263 5490 3536 5562 Dgpiinup,
3559 5491 3606 5560 si

2108 5614 2130 5643 ε
2160 5602 2237 5662 De
2257 5601 2522 5688 Tempore
2546 5618 2710 5660 serm.
2741 5601 2864 5670 219,
