4008 6192
378 256 485 312 207

1451 244 1642 302 JON/E
1682 241 2231 305 AURELIANENSIS
2269 242 2570 299 El’lSCOPl

3515 243 3623 301 208

378 381 482 420 non
529 379 778 435 aperuere
825 361 959 417 vobis
1001 367 1295 414 cataractas
1337 355 1469 420 coeli,
1498 365 1546 409 et
1572 353 1763 407 dedero
1807 353 1947 407 vobis
1976 356 2026 414 Α
2054 355 2214 408 homo
2261 369 2419 423 quem
2465 354 2587 419 feci,
2632 368 2748 409 mea
2787 361 2871 407 est
2903 363 3047 408 terra
3096 369 3257 425 quam
3301 354 3459 419 colis,
3505 371 3627 410 mea

385 456 587 524 fructm
646 468 808 522 usque
858 451 929 505 ad
983 448 1363 504 abundantiam
1423 443 1642 517 (Malae.
1693 459 1785 508 Ill,
1837 440 1947 514 10).

384 544 524 598 Ecce
542 541 881 611 probavimus
896 538 1162 607 quomodo
1179 534 1401 592 decimae
1421 533 1592 604 magis
1613 532 1768 587 nobis
1789 545 1951 601 quam

384 634 499 689 Deo
536 630 841 702 proﬁciant.
873 627 918 685 Ο
946 627 1192 682 homines
1208 624 1389 690 stulti,
1435 621 1565 694 quid
1611 621 1741 676 mali
1785 621 1956 691 impe-

390 730 477 774 rat
542 721 713 782 Deus,
769 725 832 770 ut
879 732 986 770 non
1042 720 1318 769 mercatur
1370 711 1595 766 audiri?
1656 709 1747 765 Sic
1811 710 1953 765 enim

388 805 865 869 ilioitzd’rimitias
910 821 1047 859 arere
1096 814 1200 858 tua:
1241 813 1291 857 et
1325 799 1607 856 torcularis
1651 801 1729 854 tui
1768 800 1957 869 offerre

382 899 516 954 mihi
540 912 661 952 tuon
686 894 923 949 (ardebis
945 892 965 965 (
985 892 1156 947 Exod.
1186 906 1317 957 xxn,
1346 888 1469 962 29).
1508 888 1565 943 Si
1597 888 1802 943 tardius
1828 888 1959 944 dare

388 969 672 1059 peccatum
705 996 807 1049 est,
839 992 1047 1054 quanto
1061 981 1223 1052 pejus
1243 989 1458 1037 estnon
1498 980 1748 1035 dedisse?
1770 989 1825 1036 et
1858 979 1962 1034 ite-

389 1094 513 1136 rum
557 1078 725 1132 dicit:
756 1075 973 1129 Honora
1014 1073 1296 1127 Dominum
1340 1072 1505 1126 Deum
1553 1082 1709 1125 tuum
1757 1072 1824 1126 de
1856 1070 1960 1125 tuis

383 1174 546 1245 justis
572 1169 859 1229 laboribus,
889 1165 1077 1220 deliba-
1100 1166 1147 1220 ei
1193 1165 1257 1219 de
1285 1163 1558 1235 fructibus
1577 1162 1805 1232 justitias
1833 1172 1958 1227 tute,

390 1272 449 1316 ut
478 1261 774 1331 repleantur
791 1257 977 1323 horrea
1000 1265 1092 1309 tua
1119 1256 1396 1325 frumento,
1426 1254 1644 1323 vinoque
1671 1250 1962 1305 toreularia

395 1348 755 1403 redundabant
780 1346 961 1416 (Prov.
995 1359 1080 1408 ut,
1125 1347 1158 1402 9
1179 1342 1219 1414 ).
1250 1343 1364 1397 Non
1390 1351 1613 1412 praestas
1641 1343 1746 1396 hoc
1772 1341 1960 1410 gratis,

396 1441 538 1509 quod
560 1441 669 1493 cito
688 1437 919 1505 recipies
943 1450 1065 1489 eum
1096 1448 1291 1504 magno
1322 1433 1538 1489 fenore.
1575 1433 1784 1501 Quaeris
1825 1432 1966 1488 forte

395 1532 481 1587 cui
511 1529 758 1601 proficiat
785 1526 929 1598 quod
960 1527 1102 1582 Deus
1131 1527 1361 1595 accipiat
1387 1525 1734 1581 redditurus?
1756 1524 1966 1593 Qumris

398 1624 593 1677 iterum
644 1620 730 1674 cui
780 1617 1057 1687 proficiat,
1110 1619 1252 1686 quod
1294 1615 1625 1686 pauperibus
1669 1614 1860 1670 datur?
1905 1612 1964 1669 Si

2054 452 2180 497 sunt
2209 443 2417 498 semina
2439 458 2558 513 qua:
2584 444 2817 513 spargis,
2840 458 2960 498 mea
2983 443 3240 498 animalia
3265 459 3385 513 qua:
3408 442 3628 514 fatigas,

2054 547 2189 588 mea:
2215 541 2341 588 sunt
2380 533 2575 603 pluvias
2601 540 2655 587 et
2687 534 2910 598 imbres,
2946 540 3232 587 ventorum
3260 531 3479 588 ﬂamina
3510 549 3628 589 mea

2056 630 2204 688 sunt,
2254 637 2409 678 meus
2449 621 2579 678 solis
2609 621 2775 688 calor,
2804 630 2859 676 et
2886 636 3009 675 cum
3030 623 3208 676 omnia
3237 638 3357 676 mea
3383 622 3492 676 sint
3518 620 3633 678 ele-

2056 719 2262 778 menta,
2314 719 2372 767 tu
2398 711 2492 782 qui
2538 726 2731 766 manus
2775 718 2981 765 tantum
3023 710 3423 776 accommodas,
3463 710 3633 766 solam

2057 801 2323 856 decimam
2371 802 2689 857 merebaris.
2719 801 2821 868 Qui
2853 816 2983 870 ergo
3018 808 3120 854 aut
3158 802 3440 871 prtemium
3486 816 3636 856 com—

2057 908 2273 964 parare,
2304 902 2397 948 aut
2428 903 2775 963 peccatorum
2801 891 3074 946 desiderat
3099 891 3483 962 indulgentiam
3511 907 3640 961 pro-

2061 985 2282 1050 mereri,
2312 984 2506 1039 reddal
2534 983 2793 1046 decimas,
2828 982 2991 1037 etiam
3029 983 3095 1037 de
3132 997 3322 1037 novem
3366 986 3636 1053 partibus,

2062 1075 2279 1129 studeat
2310 1073 2706 1144 eleemosynam
2740 1072 2910 1139 dare;
2949 1073 3024 1127 ita
3056 1082 3235 1128 tamen
3265 1081 3325 1128 ut
3354 1075 3635 1145 quidquid,

2062 1178 2287 1235 excepto
2334 1169 2478 1223 victu
2522 1169 2779 1223 mediocri
2820 1178 2876 1223 et
2912 1168 3111 1223 vestitu
3160 1169 3483 1234 rationabili,
3544 1187 3637 1225 su-

2060 1259 2360 1330 perfuerit,
2409 1276 2528 1314 non
2576 1260 2806 1315 luxuriae
2858 1269 3215 1328 reservetur,
3270 1263 3363 1325 sed
3413 1263 3465 1317 in
3518 1265 3640 1319 the—

2066 1366 2227 1405 sauro
2247 1351 2453 1406 caelesti
2474 1366 2571 1421 per
2588 1352 2986 1423 eleemosynam
3007 1370 3301 1424 pauperum
3326 1367 3640 1426 reponatur.

2066 1438 2336 1509 Quidquid
2366 1441 2509 1494 enim
2537 1441 2693 1496 nobis
2719 1440 2862 1497 Deus
2878 1442 3170 1513 plusquam
3194 1459 3328 1515 opus
3353 1455 3456 1510 est,
3484 1446 3647 1502 dezte-

2053 1529 2163 1594 ‘rit,
2188 1545 2295 1584 non
2320 1530 2476 1585 nobis
2500 1531 2802 1601 specialiter
2827 1532 2991 1598 dedit,
3019 1533 3110 1587 sed
3133 1549 3229 1603 per
3254 1550 3353 1590 nos
3380 1536 3500 1591 aliis
3525 1550 3649 1591 ero-

2067 1619 2301 1690 gandum
2339 1622 2681 1690 transmisit;
2728 1623 2773 1678 si
2813 1637 2925 1679 non
2962 1623 3294 1692 dederimus,
3328 1641 3416 1680 res
3440 1626 3648 1683 alienas

397 1711 595 1775 credis,
630 1710 725 1764 tibi
768 1707 1018 1777 proiicit:
1046 1707 1091 1761 si
1130 1706 1369 1771 dubitas,
1398 1704 1700 1775 perdidisti.
1735 1704 1969 1759 Decimae
1997 1712 2043 1772 B
2073 1709 2386 1766 invasimus.
2418 1732 2436 1763 ›

397 1800 567 1863 enim,
599 1796 795 1851 fratres
820 1795 1144 1860 charissimi,
1175 1794 1379 1849 tributa
1404 1802 1530 1850 sunt
1552 1794 1822 1866 egentium
1850 1795 1970 1849 ani-

394 1904 629 1948 marum.
664 1888 848 1942 Redde
887 1901 1019 1957 ergo
1058 1887 1260 1942 tributa
1302 1884 1654 1957 pauperibus,
1679 1884 1815 1942 oﬂ'er
1837 1886 1972 1941 liba-

398 1982 543 2037 mina
572 1977 961 2036 sacerdotibus.
1001 1976 1155 2044 Quod
1182 1977 1228 2031 si
1254 1977 1494 2032 decimas
1524 1974 1825 2032 nou‘babes
1838 1974 1968 2032 Tru-

396 2080 581 2128 etuum
627 2078 987 2133 terrenarum,
1025 2075 1085 2122 ut
1110 2067 1376 2138 agricola;
1407 2066 1765 2137 quodcunque
1788 2074 1843 2122 te
1869 2081 1968 2137 pa-

392 2163 501 2218 scit
528 2163 814 2232 ingenium
854 2160 949 2214 Dei
990 2168 1098 2225 est,
1142 2160 1266 2215 inde
1303 2159 1542 2216 decimas
1565 2161 1790 2229 expetit,
1830 2160 1972 2216 unde

390 2254 535 2308 Vivis
566 2269 580 2305 :
613 2252 680 2307 de
708 2250 924 2315 militia,
953 2250 1020 2305 de
1046 2250 1284 2320 negotio,
1326 2251 1392 2305 de
1423 2250 1660 2305 artiﬁcio
1690 2261 1782 2305 tuo
1809 2250 1971 2306 redde

390 2343 654 2399 decimas.
697 2340 855 2394 Aliud
898 2339 1044 2393 enim
1086 2353 1187 2412 pro
1222 2347 1368 2394 terra
1407 2339 1798 2409 dependimus:
1827 2340 1972 2395 aliud

388 2445 496 2500 pro
540 2445 639 2484 usu
685 2429 811 2483 vitae
853 2442 1168 2498 pensamus.
1211 2428 1395 2484 Redde
1420 2444 1573 2501 ergo,
1615 2431 1799 2495 homo,
1844 2432 1970 2500 quia

392 2519 677 2589 qmssides;
710 2518 895 2582 redde,
924 2518 1053 2587 quia
1083 2518 1232 2572 nasci
1253 2519 1535 2585 meruisti;
1566 2521 1646 2575 sic
1672 2520 1817 2575 enim
1842 2521 1973 2577 dicit

395 2606 677 2662 Dominus.
705 2604 938 2660 .Dabunt
975 2605 1170 2677 singuli
1214 2607 1639 2678 redemptionem
1667 2609 1970 2663 animarum

392 2712 644 2763 suarum;
675 2707 731 2753 et
758 2712 866 2752 non
896 2695 1058 2751 urunt
1098 2698 1153 2751 in
1198 2697 1278 2752 eis
1321 2700 1541 2755 morbus
1585 2715 1761 2770 neque
1786 2717 1967 2758 casus.

394 2789 539 2843 Ecce
560 2788 728 2843 habes
758 2786 1145 2857 inScripturis
1174 2789 1378 2844 sanctis
1415 2790 1720 2846 cautionem
1758 2792 1970 2849 Domini

397 2876 499 2942 tui,
528 2891 627 2946 per
656 2891 821 2947 quam
847 2877 944 2933 tibi
974 2878 1244 2948 promisit,
1287 2879 1429 2949 quod
1458 2881 1503 2935 si
1537 2881 1774 2936 decimas
1805 2883 1968 2938 dede-

393 2970 492 3034 ris,
517 2983 625 3024 non
650 2969 823 3026 solum
854 2970 1239 3025 abundantiam
1268 2972 1540 3029 fructuum
1581 2977 1811 3046 recipies
1830 3017 1844 3043 ,
1875 2979 1971 3034 sed

394 3061 558 3115 etiam
601 3062 893 3117 sanitatem
919 3064 1165 3132 corporis
1190 3067 1559 3135 consequeris.
1591 3067 1966 3138 Replebuntur,
1996 3066 2044 3128 C

394 3149 592 3219 inquit,
635 3165 775 3203 area:
816 3159 922 3204 tua:
968 3150 1228 3220 frumento
1253 3167 1270 3205 :
1297 3156 1415 3209 vino
1448 3172 1650 3228 quoque
1680 3159 1970 3216 toreularia

392 3239 801 3294 redundabant:
830 3251 879 3294 et
916 3255 1020 3295 non
1050 3253 1201 3296 erunt
1239 3244 1293 3299 in
1326 3245 1401 3300 eis
1432 3247 1599 3301 morbi
1626 3265 1787 3320 neque
1800 3266 1969 3306 -casus

387 3328 851 3399 (Joattt,2«i).Cum
880 3332 1022 3386 enim
1044 3331 1282 3388 decimas
1309 3335 1504 3401 dando,
1540 3346 1750 3393 terrena
1781 3349 1837 3395 et
1862 3357 1968 3398 cte-

390 3418 545 3472 Mtia
567 3419 750 3488 possis
779 3434 1003 3476 munera
1031 3425 1348 3492 promereri,
1379 3441 1549 3496 quare
1569 3443 1667 3498 per
1685 3430 1967 3487 avaritiam

392 3510 590 3581 dupiiei
636 3518 692 3567 te
725 3510 1105 3570 benedictione
1136 3513 1457 3573 defraudes?
1489 3518 1627 3574 Audi
1660 3537 1790 3592 ergo
1820 3523 1969 3579 inde-

389 3608 515 3656 vota
555 3602 898 3659 mortalitas:
928 3602 1102 3670 Nosti,
1143 3607 1272 3676 quia
1314 3608 1408 3663 Dei
1442 3616 1570 3664 sunt
1609 3620 1803 3667 cuncta
1848 3630 1969 3686 quae

389 3690 645 3762 percipis,
687 3698 743 3746 et
784 3692 855 3748 de
891 3707 991 3748 suo
1018 3709 1131 3750 non
1159 3698 1486 3752 commodas
1515 3714 1696 3754 rerum
1726 3703 1966 3756 omnium

390 3782 657 3837 creatori?
687 3780 802 3835 Non
841 3789 965 3854 eget
1004 3782 1285 3851 Dominus,
1333 3801 1436 3840 non
1468 3790 1754 3857 prmmium
1780 3801 1966 3863 postu-

388 3870 484 3937 lat,
517 3871 609 3926 sed
636 3870 918 3936 honorem,
947 3873 1014 3928 de
1047 3880 1138 3927 tuo
1165 3873 1366 3945 aliquid
1395 3877 1579 3948 exigit,
1610 3880 1752 3948 quod
1784 3880 1965 3934 refun-

393 3965 505 4018 dat.
555 3962 827 4019 Primitias
872 3980 1053 4020 rerum
1103 3978 1155 4021 et
1204 3970 1443 4025 decimas
1487 3972 1651 4041 petit,
1699 3983 1754 4028 et
1804 3990 1967 4047 negas

389 4069 569 4109 avare.
603 4055 740 4123 Quid
768 4055 998 4123 faceres,
1026 4060 1070 4112 “si
1094 4072 1285 4114 novem
1315 4062 1558 4131 partibus
1583 4064 1683 4119 sibi
1715 4068 1963 4138 sumptis,

388 4145 487 4200 tibi
534 4147 798 4203 decimam
842 4148 1184 4220 reliquisset?
1232 4152 1387 4219 Quod
1436 4164 1585 4211 certe
1621 4154 1734 4224 jam
1764 4156 1965 4212 factum

387 4245 493 4304 est,
532 4251 655 4294 cum
696 4240 892 4295 messis
930 4248 1044 4307 tua,
1090 4242 1391 4310 pluviarum
1424 4245 1799 4302 benedictione
1836 4250 1964 4304 sub-

391 4334 593 4392 tracta,
611 4326 795 4397 jejuna
820 4328 1033 4397 defecit,
1057 4338 1111 4385 et
1133 4332 1455 4388 vindemiam
1480 4344 1627 4389 tuam
1648 4345 1740 4392 aut
1760 4339 1966 4408 grando

377 4417 676 4486 percussit,
716 4425 809 4472 aut
844 4420 1036 4487 pruina
1080 4421 1313 4477 decoxit.
1358 4422 1495 4488 Quid
1531 4433 1616 4479 est
1640 4428 1795 4482 avide
1820 4430 1964 4497 quod
1989 4409 2042 4468 D

387 4508 743 4575 supputatur?
787 4507 986 4564 Novem
1023 4512 1118 4567 tibi
1154 4522 1340 4583 partes
1372 4523 1619 4572 retractas
1650 4526 1794 4583 sunt,
1835 4521 1959 4589 quia

386 4597 649 4652 decimam
697 4600 826 4654 dare
868 4603 1107 4657 noluisti.
1143 4605 1369 4662 Constat
1408 4607 1646 4675 quidem,
1681 4612 1822 4679 quod
1850 4613 1968 4684 ipse

385 4701 492 4741 non
523 4688 754 4752 dederis,
792 4694 886 4745 sed
931 4695 1110 4748 tamen
1140 4695 1280 4749 Deus
1311 4698 1508 4767 exegit.
1550 4699 1673 4754 llmc
1703 4710 1786 4755 est
1816 4707 1958 4757 enim

372 4773 595 4829 :Domini
619 4775 921 4845 justissima
956 4785 1310 4848 consuetudo,
1344 4793 1401 4838 ut
1432 4787 1475 4841 si
1505 4796 1559 4841 tu
1590 4788 1665 4843 illi
1696 4791 1960 4849 decimam

386 4879 493 4919 non
535 4865 782 4931 dederis,
829 4878 884 4922 tu
931 4873 998 4925 ad
1043 4872 1305 4927 decimam
1343 4878 1634 4932 revoceris.
1686 4877 1958 4951 Scriptum

365 4958 658 5021 oestenim,
707 4959 830 5027 quia
871 4961 1096 5017 decium
1141 4965 1253 5034 agri
1298 4962 1393 5030 tui,
1430 4977 1485 5021 et
1522 4969 1774 5038 primitim
1803 4980 1963 5029 terrm

387 5042 664 5098 vobiscum
706 5056 853 5100 sunt.
905 5050 1069 5104 Video
1114 5065 1232 5117 vos,
1270 5062 1326 5107 et
1351 5052 1535 5109 fallere
1565 5073 1650 5112 me
1680 5058 1959 5114 existima-

386 5134 520 5188 stis:
550 5137 693 5191 intus
718 5138 770 5192 in
796 5139 1069 5195 thesauris
1104 5146 1299 5199 vestris
1334 5152 1388 5199 et
1411 5146 1463 5199 in
1486 5146 1737 5205 domibus
1762 5152 1925 5206 vestri
1976 5145 1981 5151 ’

387 5224 492 5276 erit
517 5227 765 5296 direptio.
799 5230 961 5284 Dabis
986 5232 1151 5300 impio
1183 5233 1341 5288 militi
1382 5238 1524 5305 quod
1564 5254 1673 5293 non
1712 5239 1795 5295 vis
1832 5243 1961 5317 dare

388 5314 676 5367 sacerdoti.
709 5314 1077 5381 Quididiecret
1106 5319 1399 5377 Dominus?
1437 5325 1659 5396 Nempe,
1696 5344 1850 5384 meus
1879 5314 1964 5385 est

463 5456 486 5482 ο
526 5445 715 5516 Utique
750 5454 1224 5521 quia.laa,noratur.
1258 5458 1331 5510 Ex
1365 5460 1467 5514 hoc
1490 5461 1606 5516 loco
1637 5464 1814 5519 nullus
1841 5466 1961 5520 ido-

394 5524 531 5601 neus
580 5532 773 5601 sensus
800 5523 920 5576 ί)Ιίὁὶ
952 5534 1150 5601 potest,
1176 5527 1288 5601 nisi
1332 5527 1561 5601 legatur,
1596 5534 1772 5601 utique
1809 5537 1873 5588 ab
1895 5554 1955 5588 eo

372 5582 768 5653 admoneretur,
808 5602 900 5643 aut
928 5582 1068 5647 aliud
1099 5582 1349 5663 quiddam
1375 5582 1586 5654 simile:
1615 5582 1766 5657 malo
1784 5613 1958 5658 tamen

2142 1800 2494 1858 Evidentihus
2531 1803 2711 1872 itaque
2738 1801 2952 1859 indiciis
2979 1802 3312 1860 declaratum
3343 1814 3446 1871 est,
3468 1805 3647 1876 quali-

2075 1903 2156 1949 ter
2200 1895 2422 1950 decimae
2469 1896 2580 1952 Deo
2606 1896 2723 1950 dari
2757 1898 3006 1952 debeant.
3052 1896 3111 1953 Si
3150 1899 3332 1966 igitur,
3366 1898 3649 1970 Scriptura

2071 1996 2351 2054 monente,
2395 1986 2644 2053 decimis,
2688 1997 2743 2043 et
2770 1988 3048 2058 primitiis,
3087 1998 3141 2045 et
3160 1990 3372 2047 caneris
3402 2000 3650 2047 terreno-

2061 2075 2491 2133 'rum"‘fruCtibus
2520 2064 2665 2134 Deus
2690 2079 3007 2146 honoratur,
3046 2081 3234 2151 utique
3260 2081 3385 2151 quia
3416 2082 3652 2137 honora-

2072 2175 2159 2220 tur
2179 2179 2237 2232 e;
2265 2166 2450 2237 procul
2489 2168 2653 2224 dubio
2687 2169 2777 2239 qui
2802 2170 2916 2225 haec
2934 2168 3045 2226 Deo
3080 2171 3209 2227 dare
3233 2173 3480 2245 negligit;
3514 2183 3571 2229 et
3601 2174 3649 2230 si

2071 2256 2161 2312 ille
2188 2258 2240 2312 in
2273 2274 2379 2314 non
2427 2261 2603 2316 dando
2635 2261 2802 2316 Deum
2829 2261 3146 2328 dehonorat,
3171 2264 3339 2321 multo
3361 2267 3535 2335 magis
3558 2267 3651 2324 ille

2070 2348 2240 2403 Deum
2291 2351 2611 2417 dehonorat,
2649 2351 2742 2422 qui
2794 2354 2908 2409 suis
2953 2354 3215 2412 militibus
3261 2357 3373 2413 Deo
3409 2358 3649 2414 .oblata‘

2069 2449 2258 2496 contra
2296 2441 2379 2497 fas
2418 2453 2664 2513 usurpat.
2709 2442 2939 2515 Propter
2971 2446 3116 2502 hanc
3149 2463 3341 2518 nempe
3366 2450 3653 2506 avaritiam

2069 2546 2192 2601 qua:
2218 2531 2528 2588 sacerdotes
2570 2534 2784 2591 Domini
2824 2536 3145 2603 eXinauivit,
3178 2547 3232 2594 et
3260 2539 3327 2594 ad
3343 2552 3649 2613 pauperta-

2071 2633 2179 2680 tem
2203 2625 2474 2695 perduxit,
2517 2638 2736 2684 exstant
2776 2631 2938 2687 hodie
2979 2633 3251 2689 nonnulla:
3292 2635 3533 2692 basilicas
3575 2637 3653 2694 ita

2069 2717 2315 2782 carioszn,
2341 2719 2777 2790 culminibusque
2798 2731 3040 2793 egentes,
3069 2732 3145 2790 et,
3168 2724 3311 2795 quod
3337 2724 3513 2796 majus
3540 2736 3642 2793 est.

2069 2818 2389 2880 paupertate
2413 2813 2775 2883 praepediente
2818 2830 2957 2884 pene
2999 2815 3067 2870 ad
3112 2816 3286 2872 solum
3331 2832 3503 2890 usque
3541 2820 3641 2875 col-

2069 2901 2252 2972 lapsas,
2289 2910 2350 2958 ut
2390 2904 2445 2957 in
2488 2905 2574 2959 his
2614 2904 2833 2962 Christo
2872 2904 3146 2973 famulari,
3186 2908 3410 2980 ejusque
3453 2926 3645 2982 corpus

2070 3000 2126 3047 et
2155 2994 2377 3064 sanguis
2404 2995 2599 3050 confici
2653 2996 2810 3068 digne
2856 3007 3111 3068 nequeat.
3145 3000 3292 3067 Quas
3325 3003 3490 3058 etiam
3522 3004 3654 3059 dum

2070 3088 2290 3157 pagani,
2319 3096 2374 3142 et
2403 3088 2663 3144 increduli
2693 3092 3055 3161 conspiciunt,
3086 3110 3283 3151 nomen
3313 3096 3657 3167 Christiano-

2072 3193 2192 3231 rum
2222 3177 2634 3253 blaspbemant,
2684 3181 2925 3241 dicentes
2969 3202 2982 3238 :
3031 3185 3171 3242 Ecce
3218 3188 3398 3258 qualia
3452 3194 3653 3263 templa

2070 3265 2367 3323 Christiani
2407 3268 2624 3326 Christo
2649 3271 2765 3326 Deo
2808 3289 2906 3330 suo
2955 3274 3250 3346 fabricant;
3300 3288 3357 3336 et
3398 3284 3657 3353 impletur

2073 3356 2208 3411 illud
2230 3357 2472 3428 Apostoli
2500 3379 2512 3416 :
2553 3358 2758 3416 Nomen
2789 3362 3002 3418 Domini
3031 3383 3125 3436 per
3148 3385 3236 3422 vos
3263 3369 3658 3443 blasphematur

2069 3447 2125 3500 in
2147 3449 2383 3519 gentibus
2408 3448 2580 3519 (Rom.
2607 3469 2667 3517 ιι,
2691 3452 2803 3523 24).
2823 3454 2978 3509 Sicut
3002 3458 3145 3512 enim
3171 3462 3474 3529 priscorum
3501 3466 3660 3522 Chri-

2070 3545 2367 3601 stianorum
2394 3549 2610 3605 devotio
2628 3552 2774 3607 circa
2795 3553 3047 3611 basilicas
3060 3555 3262 3613 Christi
3280 3556 3649 3621 fabricandas.

2069 3641 2125 3688 et
2145 3633 2374 3691 diversis
2403 3638 2643 3694 donariis
2678 3641 3051 3710 eumulandas,
3080 3660 3378 3718 earumque
3400 3649 3658 3705 sacerdo-

2070 3730 2152 3777 tes
2198 3727 2533 3783 venerandos
2576 3726 2861 3800 ﬂagrabat,
2884 3733 2958 3787 ita
2987 3750 3131 3791 nunc
3165 3738 3436 3805 perversis
3472 3748 3528 3793 et
3560 3740 3652 3797 ill-9

2067 3812 2332 3897 ordinatis
2359 3819 2843 3878 consuetudinibus
2871 3827 3294 3897 emergentibus,
3325 3828 3650 3895 multorum,

2068 3895 2209 3972 quad
2238 3906 2618 3964 emendatione
2660 3911 2879 3982 dignum
2916 3895 3120 3980 est,vin
3166 3917 3251 3973 his
3283 3920 3657 3988 exspoliandis

2066 4004 2122 4051 et
2160 3996 2565 4054 dehonorandis
2607 4004 2835 4058 avaritia
2881 4013 3091 4061 aestuat.
3138 4006 3393 4079 Quisquis
3432 4025 3565 4065 vero
3594 4011 3652 4066 in

2067 4087 2377 4143 eorumdem
2402 4089 2834 4149 Christianorum
2870 4113 3098 4155 numero
3118 4116 3148 4153 a
3172 4099 3389 4159 Christo
3417 4102 3652 4160 Domino

2069 4180 2448 4232 cennumerari
2490 4179 2782 4248 desiderat,
2824 4198 3012 4243 eorum
3055 4190 3301 4261 exempla
3345 4193 3499 4262 sequi
3534 4209 3650 4250 non

2064 4266 2321 4339 negligat,
2346 4284 2410 4325 ac
2437 4269 2673 4340 seipsum
2701 4272 2895 4342 (ilium,
2923 4292 3030 4334 non
3057 4281 3365 4348 praedonem
3391 4282 3653 4342 Ecclesia:

2070 4357 2291 4414 elﬁciat.
3018 4400 3029 4406 -

2669 4456 2896 4514 CAPUT
2936 4460 3051 4515 XX.

2066 4537 2220 4606 Quod
2240 4543 2616 4620 sacerdotibus,
2639 4565 2731 4620 per
2757 4567 2886 4620 quos
2912 4554 3144 4608 homines
3165 4555 3274 4611 Deo
3300 4562 3653 4618 reconcilian-

2351 4622 2457 4679 tur,
2489 4615 2655 4670 honor
2682 4615 2886 4674 debitus
2911 4621 2977 4676 sit
3003 4624 3340 4682 elltibendus.

2135 4718 2267 4776 Cum
2304 4722 2468 4794 igitur
2515 4728 2847 4795 sacerdotes,
2887 4734 3213 4792 mediatores
3248 4739 3499 4796 videlicet
3556 4744 3648 4798 in-

2061 4815 2145 4863 ter
2180 4810 2463 4867 Dominum
2499 4825 2553 4869 et
2595 4818 2868 4886 populum,
2915 4824 2986 4876 ob
3031 4839 3272 4881 amorem
3299 4837 3355 4883 et
3378 4829 3648 4890 honorem

2063 4897 2206 4953 illius
2252 4900 2405 4970 cujus
2448 4904 2804 4961 ministerium
2852 4923 3064 4980 gerunt,
3116 4933 3354 4990 congruo
3401 4923 3646 4992 honore,

2062 5000 2269 5046 remota
2316 5009 2671 5063 personarum
2713 5009 2768 5052 et
2804 5002 3115 5062 divitiarum
3158 5013 3492 5080 acceptione,
3533 5018 3651 5074 sint

2061 5084 2376 5151 venerandi,
2424 5087 2577 5141 multi
2627 5088 2681 5143 in
2722 5090 2804 5146 eis
2847 5109 2955 5148 non
3006 5098 3362 5155 ministerium
3410 5104 3644 5171 Christi,

2066 5168 2323 5239 sedquod
2349 5174 2431 5229 ias
2478 5191 2583 5241 non
2626 5186 2732 5245 est,
2775 5181 2992 5239 divitias
3028 5196 3083 5241 et
3109 5188 3344 5247 honores
3376 5168 3649 5251 venerati;

2066 5266 2150 5311 tur
2185 5262 2387 5315 mundi.
2434 5263 2500 5317 Et
2552 5278 2757 5339 quanto
2794 5276 3125 5339 potentiores
3163 5289 3219 5333 et
3255 5282 3480 5340 ditiores
3523 5290 3648 5342 exi-

2064 5355 2231 5414 stunt,
2275 5359 2425 5407 tanto
2469 5356 2690 5425 majoris
2726 5360 2949 5417 honoris
2975 5372 3030 5418 et
3056 5371 3419 5426 venerationis
3450 5376 3519 5429 ab
3557 5378 3643 5435 eis

2064 5473 2390 5560 breejerba
2431 5484 2659 5548 servari,
2685 5492 2753 5560 et_
2778 5487 3097 5560 addiqDeum
3135 5495 3439 5554 dehonorat.
3490 5501 3639 5560 Infra

2063 5543 2243 5631 iiii-pte
2264 5547 2489 5631 editum
2542 5561 2625 5631 est
2645 5543 2780 5631 Leuis
2818 5543 3093 5631 militibus
3122 5543 3455 5625 obniti};
3477 5543 3639 5631 $333;

2063 5611 2366 5682 displiceret
2389 5620 2497 5673 suis
2526 5622 2779 5678 ministris
2806 5642 2838 5678 η
2870 5626 2979 5684 Deo
3007 5611 3152 5686 data:
