4030 6190
360 417 468 474 209

1363 401 1449 460 DE
1488 395 1967 457 INSTITUTIONE
2009 391 2297 449 LAICALI.
2336 421 2395 429 —-
2419 388 2543 442 LIB.
2588 385 2653 439 ll.

3511 348 3617 425 mo

364 530 651 583 habentur.
682 521 824 579 Sunt
861 519 1025 581 etiam
1061 517 1278 586 quidam
1307 520 1616 569 sacerdotes
1656 507 1854 565 divitiis
1883 513 1937 560 et
1966 509 2009 565 Α
2039 501 2343 573 pervigilant
2368 501 2518 568 quasi
2539 515 2631 569 pro
2660 496 2930 550 animabus
2964 493 3138 549 vestris
3170 490 3423 544 rationem
3450 488 3623 542 reddi-

362 618 659 675 houoribus
690 613 873 667 mundi
902 618 1170 673 carentes,
1219 607 1312 677 qui
1362 605 1496 659 adeo
1544 598 1873 668 contemptui
1910 612 1940 650 a

363 708 684 783 quibusdam
718 704 869 758 laicis
898 703 1184 762 habentur,
1217 705 1278 751 ut
1301 711 1394 751 eos
1421 706 1527 748 non
1560 691 1733 746 solmn
1768 686 1940 742 admi-

362 806 687 861 nistratores
730 805 784 852 et
820 799 1199 864 procuratores
1230 800 1410 843 rerum
1442 798 1661 841 suarum
1709 780 1939 843 faciant;

363 895 459 951 sed
515 893 675 947 etiam
704 888 805 943 sibi
836 900 985 940 more
1013 883 1276 937 laicorum
1327 877 1537 933 servire
1581 871 1943 942 compellant,

363 1000 567 1056 eosque
615 980 869 1037 convivas
920 990 1122 1031 mensa:
1164 986 1275 1027 sum
1314 971 1514 1025 habere
1545 967 1942 1036 dedignentur:

365 1077 458 1147 qui
489 1072 737 1128 videlicet
777 1069 983 1123 habere
1022 1064 1332 1119 sacerdotes
1378 1059 1598 1115 nomine
1646 1065 1803 1109 tenus
1846 1052 1945 1107 sibi

363 1144 539 1221 videri
558 1162 818 1234 gestiunt,
848 1172 907 1213 re
929 1165 1107 1211 autem
1132 1156 1244 1226 ipsa
1274 1160 1496 1223 propter
1515 1164 1677 1220 quam
1714 1144 1949 1201 habendi

364 1264 513 1318 sunt,
558 1253 764 1314 nolunt,
797 1249 1036 1317 talesque
1064 1247 1457 1299 intercessores
1479 1240 1619 1310 apud
1646 1238 1816 1292 Deum
1852 1235 1951 1288 ha-

365 1349 498 1402 bere
547 1343 756 1405 volunt,
798 1337 984 1408 quales
1022 1351 1140 1391 esse
1182 1350 1409 1406 prorsus
1454 1331 1780 1402 despiciunt.
1838 1326 1953 1381 Hoc

365 1454 534 1511 quam
555 1437 627 1491 sit
652 1432 1036 1505 periculosum,
1070 1444 1134 1483 ac
1159 1424 1608 1498 rcprehensibile,
1631 1430 1685 1476 et
1707 1418 1950 1491 religioni

366 1530 695 1587 Christianae
716 1527 1089 1593 incongruum,
1112 1528 1166 1574 et
1193 1518 1556 1580 inhonestum,
1580 1512 1760 1568 verbis
1784 1509 1953 1579 expli-

368 1624 481 1680 cari
517 1623 600 1677 fas
626 1636 733 1674 non
756 1626 838 1673 est
864 1634 876 1670 :
901 1617 1005 1670 hoc
1031 1626 1223 1681 nempe
1248 1625 1353 1665 non
1379 1609 1553 1664 solum
1578 1613 1799 1677 propter
1824 1617 1957 1672 quo-

371 1715 624 1771 rumdam
676 1706 1059 1779 negligentiam
1109 1701 1491 1764 ‘sacerdotum,
1552 1712 1740 1751 verum
1792 1693 1955 1748 etiam

369 1814 597 1879 propter
623 1799 981 1873 quorumdam
1014 1794 1325 1867 superbiam
1357 1799 1413 1848 et
1453 1788 1814 1862 ignorantiam
1853 1782 1955 1838 lai-

370 1912 564 1956 corum
594 1893 842 1950 accidere
869 1888 1091 1944 dubium
1123 1901 1228 1940 non
1256 1892 1359 1940 est.

445 1988 673 2054 Quanta:
702 1991 879 2038 autem
913 1981 1025 2035 sint
1054 1973 1389 2032 venerationi
1421 1969 1689 2034 habendi,
1732 1974 1787 2021 et
1817 1965 1964 2035 lega-

372 2079 468 2141 lia,
500 2086 556 2131 et
583 2074 911 2144 evangelica,
950 2078 1005 2123 et
1040 2065 1332 2137 apostolica
1363 2061 1629 2124 instituta,
1663 2065 1719 2139 et
1752 2064 1967 2110 sancto-

374 2134 750 2224 rum'Patruni
768 2134 911 2217 dicta
939 2134 1177 2215 breviter
1204 2158 1395 2212 subtus
1421 2151 1646 2208 collecta
1673 2134 1923 2203 sanciunt
1948 2159 1965 2198 :

374 2259 639 2314 scribitur
666 2256 810 2310 enim
840 2253 893 2306 in
925 2245 1342 2305 Deuteronomio
1368 2262 1381 2297 :
1414 2242 1529 2296 Diis
1559 2256 1662 2294 non
1692 2236 1968 2301 datm/tes;

375 2363 428 2408 et
458 2347 683 2421 principi
709 2343 888 2416 populi
913 2342 991 2396 tui
1022 2356 1125 2394 non
1150 2336 1430 2391 maledices
1458 2330 1656 2405 (Exod.
1688 2344 1823 2392 xx",
1852 2326 1965 2398 98).

376 2444 513 2498 Item
542 2458 556 2492 :
592 2437 653 2495 Si
680 2434 885 2507 diﬂicile
908 2442 956 2487 et
982 2428 1284 2498 ambiguum
1307 2424 1447 2497 apud
1477 2432 1526 2477 te
1557 2421 1823 2493 judicium
1861 2435 1973 2472 esse

376 2529 705 2606 perspexeris
730 2527 866 2580 inter
894 2521 1203 2594 sanguinem
1234 2526 1281 2570 et
1312 2514 1643 2584 sanguinem,
1676 2525 1891 2563 causam
1923 2517 1971 2562 et

380 2604 621 2685 causam,
652 2620 848 2689 lepram
939 2625 989 2669 et
1061 2611 1314 2683 .lepram;
1338 2616 1386 2662 et
1406 2604 1601 2676 judicii
1628 2604 1767 2657 intra
1795 2612 1974 2672 portas

378 2726 505 2771 tuas
531 2712 719 2768 videris
745 2707 941 2763 variari
965 2704 1153 2768 verba;
1182 2716 1358 2771 surge,
1393 2707 1441 2752 et
1469 2694 1690 2750 ascende
1724 2695 1777 2747 in
1804 2692 1976 2746 locum

380 2823 539 2877 quem
578 2803 785 2874 elegerit
824 2800 1081 2853 Dominus
1120 2795 1261 2849 Deus
1301 2804 1443 2854 tuus,
1475 2789 1745 2858 veniesque
1782 2784 1850 2838 ad
1888 2801 1977 2837 sa-

389 2876 622 2954 cerdotes
651 2893 864 2949 Levitici
892 2890 1118 2963 generis,
1157 2897 1206 2941 et
1245 2885 1315 2940 ad
1351 2883 1582 2954 judicent
1609 2880 1699 2949 qui
1731 2877 1887 2948 fuerit
1926 2876 1981 2929 in

387 2990 483 3048 illo
522 2998 773 3058 tempore,
808 2997 1112 3055 qtta'rcsque
1149 2978 1214 3033 ab
1249 2978 1323 3032 eis
1359 2988 1378 3027 :
1416 2973 1507 3045 qui
1544 2968 1849 3026 indicabunt
1887 2965 1981 3020 tibi

388 3076 579 3150 iudicii
616 3077 906 3132 veritatem.
954 3071 1021 3126 Et
1055 3070 1217 3141 facies
1247 3066 1588 3140 quodcunque
1635 3058 1864 3114 dixerint
1893 3059 1983 3129 qui

390 3180 625 3245 pra’sunt
654 3168 767 3221 loco
795 3182 946 3237 quem
976 3162 1185 3233 elegerit
1217 3158 1495 3220 Dominus,
1518 3164 1567 3208 et
1591 3150 1863 3206 docuerint
1889 3158 1937 3202 te
1963 3162 1981 3199 .'

396 3266 550 3332 juxta
580 3260 741 3331 legem
771 3258 886 3328 ejus
922 3254 1150 3326 sequeris
1184 3250 1493 3307 sententiam
1529 3260 1730 3308 eorum,
1769 3257 1861 3295 nec
1895 3239 1986 3294 de-

397 3353 620 3411 clinabis
649 3352 718 3405 ad
745 3351 1011 3404 dexteram
1042 3344 1118 3400 vel
1144 3344 1213 3399 ad
1239 3342 1527 3398 sinistram.
1568 3335 1672 3402 Qui
1699 3342 1872 3388 autem
1900 3348 1990 3386 su-

398 3445 644 3517 perbierit
689 3440 869 3495 nolens
915 3436 1120 3493 obedire
1167 3432 1454 3489 sacerdotis
1506 3425 1743 3497 imperio,
1792 3423 1881 3495 qui
1930 3437 1991 3475 eo

401 3551 633 3610 tempore
680 3530 1051 3589 ministraverit
1103 3527 1326 3581 Domino
1374 3522 1483 3576 Deo
1527 3530 1640 3583 tuo,
1686 3533 1751 3571 ea:
1790 3515 1993 3569 decreto

400 3606 598 3699 iudicis
628 3626 881 3680 morietur
907 3623 1059 3677 homo
1094 3618 1218 3682 ille;
1250 3626 1295 3670 et
1327 3612 1535 3683 auferes
1568 3608 1770 3664 malum
1798 3606 1861 3659 de
1890 3620 1998 3657 me-

405 3721 495 3775 dio
527 3717 731 3783 Israel,
773 3724 1090 3783 cunctasque
1130 3707 1352 3780 populus
1381 3705 1602 3760 audiens
1642 3700 2003 3765 pertimescat,

407 3820 465 3865 ut
501 3808 681 3864 nullus
707 3806 945 3875 deinceps
975 3804 1281 3856 intumescat
1315 3796 1556 3859 superbia
1587 3791 1762 3864 (Deut.
1791 3805 1900 3843 xvn
1919 3828 1934 3854 ,
1966 3785 2000 3842 8

410 3911 459 3958 et
487 3900 642 3972 seq.).
683 3898 753 3952 Et
789 3897 845 3951 in
884 3888 1509 3949 Ecclesiasticozlntota
1540 3884 1717 3937 anima
1756 3891 1847 3933 tua
1881 3879 2003 3932 time

413 3993 700 4047 Dominum
736 4002 755 4039 :
796 3996 841 4040 et
882 3982 1175 4038 sacerdotes
1219 3976 1363 4031 illius
1410 3972 1703 4041 sancti/ica.
1751 3969 1817 4022 In
1862 3967 2004 4021 omni

413 4075 605 4137 viitute
632 4077 791 4147 dilige
819 4090 935 4129 eum
970 4072 1058 4142 qui
1089 4069 1211 4135 fecit
1246 4076 1294 4119 te
1331 4079 1349 4116 :
1384 4073 1431 4117 et
1460 4062 1727 4115 ministros
1758 4059 1872 4129 ejus
1904 4071 2006 4108 non

416 4170 772 4240 derelinquas.
808 4164 1024 4219 Honora
1054 4158 1223 4213 Deum
1250 4171 1313 4209 et
1341 4163 1451 4207 tota
1476 4168 1652 4205 anima
1682 4160 1807 4210 tua;
1838 4157 1883 4200 et
1915 4146 2008 4198 lto-

422 4261 641 4331 noriﬁca
669 4256 957 4312 sacerdotes
985 4251 1117 4320 ejus.
1150 4247 1281 4301 item
1313 4264 1325 4299 :
1362 4241 1444 4296 Ne
1470 4239 1724 4310 despicias
1751 4236 2013 4289 narratio-

424 4370 541 4406 nem
582 4349 1000 4420 presbyterorum
1028 4337 1342 4410 sapientium
1372 4346 1389 4384 :
1420 4340 1468 4386 et
1500 4331 1556 4384 in
1579 4326 1862 4401 proverbiis
1891 4322 2013 4378 illo-

426 4460 542 4496 rum
581 4453 907 4495 conversare.
951 4432 1027 4486 Ab
1069 4430 1196 4501 ipsis
1241 4428 1378 4483 enim
1418 4424 1584 4478 disces
1625 4419 1922 4474 doctrinam
1963 4426 2012 4471 et

426 4532 775 4593 intellectum,
807 4535 854 4580 et
891 4515 1085 4578 servire
1110 4519 1371 4573 mandatis
1398 4517 1511 4571 sine
1535 4511 1745 4585 querela
1796 4510 2009 4585 (Eccli.,

429 4639 549 4683 Vili,
586 4619 664 4693 9).
910 4616 979 4670 Et
1003 4614 1058 4669 in
1089 4610 1378 4679 Evangelio
1406 4627 1419 4662 :
1455 4607 1559 4673 Qui
1585 4621 1675 4659 vos
1704 4601 1908 4671 recipit,
1934 4614 2015 4652 me

430 4689 633 4779 recipit.
666 4708 796 4762 Item
825 4706 964 4760 idem
993 4723 1005 4756 :
1041 4701 1144 4768 Qui
1172 4698 1350 4769 recipit
1392 4696 1696 4767 prophetam
1722 4691 1778 4744 in
1810 4689 2017 4743 nomine

430 4802 715 4873 prophetia,
754 4797 1039 4853 mercedem
1081 4792 1345 4863 propheta:
1391 4787 1626 4857 accipiet.
1664 4781 1731 4836 Et
1770 4782 1859 4853 qui
1892 4780 2021 4833 reci-

431 4894 505 4962 pit
541 4892 747 4962 justum
773 4888 828 4942 in
859 4886 1062 4940 nomine
1090 4882 1242 4953 justi,
1290 4877 1575 4933 mercedem
1613 4873 1748 4945 justi
1782 4871 2017 4940 accipiet.

433 4961 566 5039 item
593 5003 605 5037 :
655 4981 721 5035 In
746 4992 1103 5052 quamcunque
1130 4983 1301 5027 autem
1328 4970 1604 5033 civitatem,
1633 4975 1723 5019 aut
1753 4961 2024 5018 castellum

441 5049 775 5135 intrareritis,
822 5069 1136 5135 interrogate
1164 5064 1279 5134 quis
1323 5061 1377 5113 in
1419 5076 1481 5113 ea
1508 5057 1697 5128 dignus
1743 5050 1840 5119 sit;
1872 5060 1920 5105 et
1953 5049 2024 5102 ibi

440 5174 645 5222 manete
672 5162 835 5215 donec
862 5158 1077 5213 creatis.
1124 5156 1189 5210 Et
1218 5151 1355 5208 infra
1382 5170 1395 5205 :
1425 5149 1730 5217 Quicunque
1758 5144 1893 5199 enim
1922 5156 2026 5194 non

443 5257 689 5327 receperit
718 5271 828 5318 eos,
864 5267 1024 5320 neque
1052 5247 1275 5302 audierit
1306 5259 1564 5298 sermones
1589 5248 1803 5301 vestros,
1827 5251 2026 5290 exeun-

445 5363 517 5405 tes
544 5326 688 5418 foras
711 5344 775 5398 de
800 5344 954 5397 domo
985 5339 1060 5394 vel
1086 5340 1149 5392 de
1172 5338 1396 5398 civitate,
1422 5331 1643 5385 excutite
1670 5326 1928 5398 pulverem
1964 5328 2029 5377 tle

445 5415 662 5510 pedibus
682 5434 886 5488 vestris.
905 5430 1069 5484 Amen
1090 5427 1207 5480 dico
1230 5423 1390 5487 vobis,
1415 5417 1734 5473 tolerabilius
1757 5415 1851 5469 erit
1875 5425 2029 5467 terrm

451 5531 857 5587 Sodomorumet
876 5518 1336 5577 Gomorrhceorum
1362 5514 1415 5565 in
1436 5510 1519 5563 die
1526 5507 1718 5579 judicii
1729 5546 1742 5566 ,
1766 5519 1923 5575 quam
1950 5500 2029 5555 illi

452 5621 646 5678 civitati
683 5617 899 5692 (Matth.
930 5631 997 5679 χ,
1029 5610 1100 5667 40
1127 5619 1175 5664 et
1206 5604 1359 5677 seq.).
1392 5601 1590 5658 Paulus
1618 5616 1631 5651 :
1667 5595 1914 5660 Obedite,
1944 5594 2030 5647 in-

453 5711 596 5786 quit,
625 5683 915 5782 priepositis
941 5701 1156 5767 vestris;
1193 5708 1239 5754 et
1267 5697 1607 5765 obtemperate
1635 5688 1729 5744 eis.
1763 5684 1869 5756 Ipsi
1896 5683 2032 5740 enim

529 5837 558 5868 ι
598 5820 793 5879 llomil.
825 5820 890 5875 de
915 5818 1086 5889 recip.
1113 5810 1425 5870 Severiano.

2042 596 2183 659 turi;
2234 603 2287 646 ut
2332 607 2449 644 cum
2495 588 2689 659 gaudio
2735 588 2829 640 hoc
2864 586 3079 655 faciant
3123 590 3170 636 et
3219 597 3323 633 non
3369 586 3626 647 gementes

2042 679 2473 749 (ΗρῡικλιιιΛἹ).
2496 677 2699 731 Paulus
2716 675 2911 728 iterum
2934 715 2945 726 .
2969 670 3072 737 Qui
3088 671 3212 725 bene
3229 681 3460 741 pt'rt'sttnl
3479 687 3623 741 pres-

2047 778 2229 849 byteri,
2259 775 2457 841 inquit,
2481 767 2888 840 daplicihonore
2905 764 3371 834 (ligni/labeant”.
3394 764 3627 818 nitidiore

2045 869 2133 935 qui
2161 867 2399 918 laborant
2427 863 2479 915 in
2508 861 2658 914 verbo
2687 874 2732 912 et
2766 857 3002 910 doctrina
3035 855 3084 928 (I
3115 853 3249 909 Tim.
3276 869 3327 918 v,
3365 851 3469 924 Π).
3501 849 3629 904 llic-

2048 972 2307 1030 ronymus
2333 954 2401 1008 ad
2432 952 2777 1007 Heliodorum
2807 947 2998 1020 (Epist.
3030 945 3069 1017 ι)
3103 964 3116 999 :
3153 964 3169 996 ι
3203 943 3387 1008 Absit,
3422 940 3625 1013 inquit,

2048 1060 2109 1105 ut
2135 1049 2425 1119 quidquam
2457 1045 2523 1099 de
2551 1043 2638 1097 his
2666 1041 2942 1097 sinistrum
2975 1038 3189 1107 loquar,
3214 1037 3301 1108 qui
3335 1032 3643 1107 apostolico.

2051 1140 2239 1211 gradui
2289 1134 2637 1192 succedentes
2675 1130 2874 1187 Christi
2919 1144 3113 1199 corpus
3152 1141 3306 1181 sacro
3353 1140 3448 1180 ore
3498 1139 3631 1179 con-

2054 1232 2240 1286 liciunt
2291 1247 2303 1282 :
2354 1242 2452 1298 per
2499 1240 2633 1294 quos
2681 1231 2735 1276 et
2781 1237 2879 1275 nos
2925 1218 3219 1274 Christiani
3274 1231 3491 1279 sumus;
3540 1213 3631 1281 qui

2052 1321 2230 1376 claves
2276 1316 2427 1387 regni
2465 1313 2724 1369 caelorum
2762 1298 3292 1381 habentes'(.llattb.
3342 1303 3634 1372 xvtu,18),

2056 1408 2449 1483 quodammodo
2484 1414 2612 1461 ante
2643 1402 2832 1474 judicii
2862 1402 3002 1456 diem
3026 1397 3304 1477 judicent,
3342 1395 3435 1465 qui
3470 1409 3635 1463 spon-

2057 1519 2170 1559 sam
2199 1498 2409 1555 Domini
2441 1496 2619 1553 sobria
2643 1493 2893 1550 castitate
2921 1470 3482 1546 conservant-.Clerici
3509 1496 3642 1536 oves

2056 1599 2316 1665 pascunt,
2354 1604 2455 1659 ego
2489 1601 2701 1656 pascor.
2748 1603 2767 1636 ι
2812 1581 3048 1638 Joannes
3087 1574 3638 1645 Constantinopolita-

2058 1699 2161 1737 nus
2188 1694 2214 1721 ιι
2243 1699 2254 1734 :
2292 1699 2309 1730 ‹
2346 1677 2499 1733 Sicut
2532 1690 2728 1745 corpus
2752 1672 3025 1728 coluerere
3052 1667 3418 1724 necessarium
3447 1671 3531 1719 cst
3554 1678 3642 1716 ca-

2060 1773 2158 1843 piti
2178 1813 2196 1836 ,
2227 1774 2297 1825 ita
2328 1777 2383 1825 et
2421 1765 2721 1821 Ecclesiam
2748 1759 3104 1823 sacerdoti,et
3120 1754 3343 1827 principi
3359 1753 3641 1827 pupulum;

1985 1851 2033 1911 B
2062 1878 2225 1936 utque
2255 1862 2486 1934 virgulta
2524 1856 2795 1914 radicibus
2842 1862 2897 1909 et
2952 1850 3191 1906 fontibus
3239 1845 3423 1914 fluvii,
3470 1844 3543 1897 ita
3591 1853 3647 1896 et

2063 1934 2159 2013 ﬁlii
2188 1954 2358 2027 patri,
2392 1961 2449 2008 et
2477 1949 2737 2020 magistro
2769 1942 3036 2014 discipuli.
3067 1937 3382 1996 Obcdicntia
3415 1934 3650 2004 diSCipu-

2064 2048 2238 2101 lorum
2264 2043 2529 2116 clarescat
2560 2038 2613 2092 in
2641 2033 2815 2098 vobis,
2846 2041 2899 2085 et
2927 2038 3187 2100 quantum
3228 2025 3477 2079 affectum
3504 2021 3650 2092 patri

2066 2134 2290 2190 defertis
2335 2112 2610 2201 appareat.
2657 2124 2932 2178 Adornale
2974 2135 3083 2184 me,
3128 2116 3241 2179 lilii,
3294 2124 3348 2192 et
3394 2108 3655 2182 imponite

2067 2225 2199 2281 mihi
2245 2219 2566 2277 obedientim
2595 2202 2789 2271 vestrm
2834 2224 3129 2275 coronam;
3181 2198 3341 2260 facite
3387 2219 3473 2258 me
3516 2201 3655 2272 apud

2069 2331 2258 2371 omnes
2287 2314 2505 2368 beatum
2531 2307 2763 2379 judicari
2784 2348 2798 2372 ,
2827 2314 2881 2360 et
2910 2301 3210 2359 doctrinam
3244 2312 3420 2351 meam
3451 2291 3659 2366 magni-

2072 2405 2231 2459 licatc
2260 2418 2358 2474 per
2394 2378 2759 2455 obedientiam
2789 2394 3024 2448 vestram
3044 2431 3057 2454 ,
3089 2385 3382 2443 secundum
3417 2378 3660 2452 Apostoli

2072 2500 2237 2552 verba
2263 2493 2530 2551 dicentis:
2559 2490 2775 2545 Obedite
2804 2484 3098 2560 pra'positis
3134 2482 3345 2544 vestris,
3387 2487 3433 2531 et
3471 2477 3663 2531 obtem-

2074 2599 2249 2661 perate
2282 2587 2357 2641 eis
2392 2599 2411 2638 :
2451 2585 2575 2656 quia
2602 2582 2700 2654 ipsi
2735 2576 3045 2650 pervigilant
3075 2590 3168 2645 pro
3203 2572 3363 2635 vobis,
3391 2567 3543 2641 quasi
3569 2583 3664 2638 pro

2077 2659 2351 2736 animabus
2387 2677 2568 2732 vestris
2599 2674 2851 2729 rationem
2885 2669 3142 2725 reddituri
3174 2664 3359 2738 (Hebr.
3394 2679 3523 2727 xm,
3555 2659 3663 2730 Π).

2080 2773 2194 2827 lloc
2228 2786 2358 2840 ergo
2384 2780 2712 2840 prmmonco,
2745 2780 2811 2818 ne
2836 2762 2958 2832 quis
2979 2775 3079 2830 pro
3101 2773 3268 2829 parvo
3299 2755 3493 2811 habeat
3522 2767 3669 2806 com-

2082 2861 2441 2917 monitionem
2483 2866 2749 2911 nostram.
2791 2852 2953 2906 Pater
2991 2849 3135 2904 cnim
3177 2863 3321 2911 smn,
3359 2853 3415 2899 ct
3449 2857 3673 2901 necesse

2082 2962 2167 3005 cst
2198 2965 2285 3004 me
2316 2949 2441 3002 filiis
2469 2945 2752 3002 consilium
2789 2942 3016 2997 suadere
3054 2953 3069 2992 :
3110 2935 3250 3009 quod
3288 2935 3447 2993 enim
3469 2934 3522 2988 in
3553 2949 3674 2988 car-

2086 3042 2296 3097 nalibus
2322 3037 2566 3108 patrihus
2605 3043 2796 3089 natura
2831 3032 3045 3095 carnis,
3074 3030 3177 3083 hoc
3214 3026 3267 3081 in
3309 3023 3465 3080 nobis
3499 3024 3675 3096 gratia

2088 3131 2310 3202 Spiritus
2341 3128 2468 3199 agit.
2498 3146 2517 3179 ι

2163 3224 2237 3278 Ex
2269 3219 2507 3276 llistoria
2532 3215 2895 3273 ecclesiastica
2937 3210 3153 3267 Eusebii
3182 3210 3210 3251 ιι
3242 3206 3496 3267 allocutio
3530 3202 3675 3262 Con-

2092 3315 2315 3372 stantini
2355 3313 2419 3368 ad
2451 3312 2734 3382 episcopos
2771 3327 2783 3363 :
2830 3328 2849 3359 ι
2894 3309 3035 3362 Deus
3062 3320 3163 3363 vos
3189 3296 3471 3361 constituit
3499 3312 3682 3354 sacer-

2095 3408 2268 3471 dotes,
2298 3412 2355 3458 et
2385 3409 2707 3472 potestatem
2740 3398 2890 3452 vobis
2919 3395 3065 3450 dedit
3093 3394 3158 3449 de
3185 3391 3339 3448 nobis
3365 3404 3578 3460 quoque
3594 3384 3684 3454 ju-

2096 3496 2351 3554 dicnndi:
2391 3501 2447 3548 et
2486 3493 2607 3547 ideo
2644 3505 2754 3545 nos.
2781 3504 2809 3543 a
2848 3486 3005 3543 vobis
3039 3493 3185 3540 recte
3216 3482 3543 3551 iudicamur.
3575 3478 3686 3531 V'os

2098 3598 2278 3644 autem
2309 3601 2415 3642 non
2451 3583 2678 3655 potestis
2711 3581 2779 3635 ab
2819 3576 3130 3634 hominibus
3161 3572 3392 3645 judicari
3423 3589 3436 3624 :
3465 3577 3688 3647 propter

2099 3682 2242 3753 quod
2265 3680 2360 3734 Dei
2388 3677 2554 3733 solius
2579 3677 2722 3730 inter
2744 3688 2839 3728 vos
2864 3675 3173 3742 exspectate
3198 3664 3482 3735 judicium,
3513 3669 3573 3715 ut
3597 3674 3690 3714 ve-

2101 3784 2212 3830 stra
2242 3772 2421 3844 jurgia
2449 3756 2797 3839 quarcunque'
2820 3772 2965 3826 sunt,
2995 3762 3060 3816 ad
3088 3758 3216 3813 illud
3246 3756 3484 3810 divinum
3514 3766 3692 3805 reser-

2101 3838 2297 3920 ventur
2317 3838 2566 3916 examen.
2612 3856 2722 3912 Vos
2755 3853 2955 3910 etenim
2994 3849 3152 3905 nobis
3194 3861 3223 3899 a
3271 3844 3380 3898 Deo
3421 3841 3531 3896 dati
3559 3838 3693 3895 estis

2104 3958 2196 4021 dii,
2225 3963 2280 4009 et
2304 3951 2629 4010 conveniens
2660 3962 2767 4002 non
2796 3953 2880 3999 est
2910 3951 2969 3998 ut
2992 3942 3155 3995 homo
3177 3935 3381 4007 iudicet
3410 3931 3570 3995 Deos,
3596 3928 3693 3983 sed

2107 4047 2195 4102 ille
2226 4045 2399 4106 solus,
2430 4043 2496 4097 de
2521 4056 2629 4110 quo
2655 4038 2914 4106 scriptum
2944 4040 3030 4089 est
3056 4051 3069 4085 :
3099 4029 3236 4084 Deus
3269 4025 3404 4080 stetit
3442 4023 3496 4077 in
3530 4036 3691 4091 syna-

2107 4154 2239 4208 goga
2269 4135 2484 4187 deorum
2521 4109 2551 4182 :7
2577 4130 2628 4183 in
2662 4128 2831 4180 medio
2876 4133 3047 4178 autem
3082 4121 3204 4174 deos
3231 4116 3489 4188 dijudicat
3518 4109 3693 4184 (l’sal.

2110 4244 2294 4289 um,
2320 4224 2392 4280 il.
2429 4243 2446 4274 ι
2474 4221 2627 4277 Sicut
2653 4220 2704 4273 in
2730 4216 3002 4273 nonnullis
3027 4213 3167 4276 aliis,
3191 4211 3263 4265 ita
3287 4215 3340 4263 et
3364 4208 3414 4260 in
3433 4220 3499 4261 eo
3519 4201 3693 4257 forma

2110 4321 2234 4375 vita:
2262 4315 2584 4373 Christianae
2611 4311 2852 4365 fuscatur
2882 4324 2896 4361 :
2927 4322 2991 4362 co
3023 4304 3163 4376 quod
3196 4300 3411 4372 quidam
3436 4296 3695 4350 laicorum

2114 4407 2420 4467 sacerdotes
2466 4401 2677 4457 Domini
2723 4398 2904 4455 debito
2950 4398 3157 4450 honore
3197 4406 3303 4445 non
3349 4389 3697 4442 venerantur.

2117 4497 2408 4571 Gregorius
2442 4494 2641 4565 quippe
2694 4490 2769 4544 ait
2813 4489 2867 4542 in
2914 4487 3052 4540 libro
3099 4477 3363 4536 Pastor-ali
3405 4494 3419 4530 :
3469 4495 3487 4526 ε
3531 4472 3699 4527 Facta

2120 4570 2317 4663 quippe
2345 4586 2757 4660 prmpositorum
2790 4580 2901 4637 oris
2931 4577 3108 4650 gladio
3138 4570 3379 4629 ferienda
3416 4583 3523 4650 non
3553 4573 3699 4635 sunt,

2120 4646 2282 4741 etiarm
2300 4697 2424 4738 eum
2446 4688 2594 4733 recte
2611 4646 3051 4744 reprehendenda
3069 4666 3396 4735 iudicantur.
3413 4658 3471 4714 Si
3487 4646 3703 4726 quando

2121 4791 2251 4830 vero
2273 4780 2461 4828 contra
2484 4783 2577 4824 eos
2597 4764 2684 4819 vel
2707 4764 2758 4818 in
2781 4760 3019 4816 minimis
3040 4757 3218 4826 lingua
3240 4751 3464 4813 labitur,
3485 4756 3705 4800 necesse

2123 4875 2206 4922 est
2250 4872 2311 4918 ut
2356 4877 2456 4932 per
2505 4856 2846 4914 aliiictionem
2897 4844 3225 4920 poenitentia:
3270 4857 3364 4897 cor
3406 4829 3704 4909 prematur,

2125 4921 2392 5025 quatenus
2422 4948 2489 5003 ad
2524 4943 2872 5011 semetipsum
2907 4938 3121 4999 redeat,
3153 4941 3208 4988 et
3246 4944 3370 4985 cum
3405 4921 3705 4996 praeposita

2124 5021 2382 5117 potestati
2420 5036 2725 5107 deliquerit,
2762 5032 2877 5101 ejus
2911 5040 3099 5086 contra
3135 5042 3192 5080 se
3220 5021 3503 5092 judicium,
3538 5029 3569 5067 a
3599 5027 3707 5081 quo

2126 5106 2228 5193 sibi
2267 5133 2486 5205 praelata
2524 5106 2608 5185 est
2644 5133 2915 5198 potestas,
2964 5119 3360 5191 perhorrescat.
3412 5106 3545 5162 Nam
3583 5116 3706 5158 cum

2127 5225 2430 5299 praepositis
2478 5218 2871 5289 delinquimus,
2918 5211 3033 5281 ejus
3077 5199 3436 5263 ordinationi,
3481 5194 3573 5266 qui
3616 5207 3710 5247 eos

2128 5284 2284 5375 nobis
2328 5311 2595 5386 praetulit,
2640 5284 2939 5364 obviamus.
2981 5321 2999 5353 ι
3040 5294 3243 5353 Scribit
3285 5299 3340 5346 ct
3376 5287 3612 5344 Isidorus
3657 5284 3712 5337 in
3772 5342 3775 5343 ν

2130 5411 2270 5464 libro
2309 5376 2711 5461 S-ententiarum
2746 5396 2883 5468 (Lib.
2921 5407 3016 5453 ιιι,
3048 5403 3163 5456 cap.
3197 5382 3287 5453 '59)
3322 5399 3335 5435 :
3388 5398 3406 5431 ι
3450 5376 3712 5468 Rectorcs

2135 5504 2315 5571 itaque
2350 5514 2380 5552 a
2409 5498 2519 5551 Deo
2550 5464 2825 5565 indicandi
2859 5490 3011 5545 sunt,
3051 5494 3081 5532 a
3118 5477 3231 5531 suis
3269 5481 3450 5527 autem
3486 5464 3715 5522 subditis

2136 5553 2474 5660 nequaquam
2501 5553 2625 5639 stitit
2646 5573 2941 5651 judicandi.
2975 5590 2992 5622 ι
3028 5569 3093 5623 Ει
3122 5565 3279 5637 paulo
3308 5568 3466 5633 post:
3506 5578 3522 5609 ι
3561 5553 3715 5622 Quod

2136 5684 2181 5741 si
2214 5650 2245 5738 ἐ
2274 5650 2377 5736 ﬁde
2411 5650 2796 5734 exorbitavcrit
2825 5673 3024 5732 rector,
3052 5670 3182 5717 tunc
3213 5657 3317 5714 erit
3345 5650 3651 5726 argucndus
3684 5663 3717 5703 ει

2208 5792 2238 5834 b
2278 5787 2455 5845 Rufini
2483 5778 2573 5841 lib.
2592 5798 2644 5849 'l,
2672 5794 2792 5851 cap.
2810 5770 2979 5869 ξίν
