4008 6192
365 322 462 394 iii

1415 309 1608 381 iouis
1641 309 2191 378 AilRELlANENSlS
2229 316 2526 375 EPISCOPI

3493 303 3604 373 eis

366 452 611 511 iubditis.
658 434 763 505 l’i‘o
805 435 1100 503 mitioribus
1140 457 1268 497 vero
1313 440 1583 509 rcprobis,
1627 435 1934 494 tolerantius
1963 435 2010 495 A
2035 442 2158 503 gata
2183 433 2309 485 etin
2329 430 2454 485 ιίωιο
2477 444 2496 482 -'
2522 440 2569 484 et
2593 446 2909 511 qua'ctmque
2932 428 3183 489 solverilis
3211 444 3365 499 super
3387 438 3602 495 terram.

370 542 539 613 inagis
577 547 739 610 quam
773 531 1170 605 distringendus
1207 546 1238 584 a
1273 529 1427 600 plebe
1470 536 1573 582 cst.
1607 546 1626 578 ι
1659 525 1774 583 Non
1802 539 1930 596 ergo

366 626 582 700 propter
627 624 891 698 quosdam
934 620 1241 677 sacerdotes
1283 614 1611 686 negligenter
1652 613 1928 677 viventes,

367 721 511 776 i-cc'te
535 723 755 788 agentes
781 709 1109 781 cdntemptui
1139 706 1366 762 hilbendi
1395 713 1540 760 sunt.
1579 703 1724 758 Bene
1753 702 1931 771 itaque

365 813 586 881 agentes
625 816 732 863 non
769 804 938 862 solum
975 799 1300 864 Venerandi,
1343 798 1435 853 sed
1476 796 1639 851 etiam
1686 793 1930 848 imitandi

363 898 486 956 tum
510 903 522 954 ἐ
549 898 688 954 male
708 902 838 953 vero
861 897 1082 964 agentes
1104 889 1395 946 venerandi
1420 887 1633 959 qiiideih
1659 894 1781 941 sunt
1808 887 1932 954 pro-

362 988 481 1058 bzel‘
516 987 871 1043 ininisterium
897 974 1116 1045 Christi,
1149 997 1254 1036 non
1279 988 1454 1034 tamen
1483 977 1746 1033 imitandi.
1782 964 1932 1031 Unde

368 1063 623 1135 liomlhus
663 1078 739 1131 ait
779 1077 833 1131 in
865 1073 1153 1143 Evangelio
1189 1088 1202 1125 ε
1242 1070 1431 1126 Omnia
1466 1085 1587 1138 ergo
1615 1082 1932 1138 qua'cunque

362 1171 588 1225 t'ixei-iitt
629 1154 768 1223 vobis
812 1164 1044 1225 séfvalé,
1104 1172 1152 1218 et
1189 1161 1345 1231 facile
1384 1174 1403 1212 :
1456 1158 1739 1213 secundum
1777 1173 1932 1227 opera

361 1263 479 1318 itero
510 1269 690 1316 eorum
718 1258 876 1313 nolite
903 1257 1073 1327 facere
1100 1237 1313 1326 (illiilli.
1339 1267 1497 1312 χχιιι.
1525 1249 1604 1321 5).

430 1351 770 1419 Quapropter
810 1347 1105 1407 “cavendum
1151 1352 1235 1398 cst
1275 1341 1593 1413 quibusdam
1638 1338 1822 1405 laicis,
1865 1354 1932 1394 ne

361 1442 666 1497 Sacerdotes
696 1437 908 1494 Domini
939 1444 1087 1492 tanto
1124 1432 1397 1504 despectui
1436 1433 1698 1495 habeant,
1731 1436 1801 1486 ne
1839 1437 1934 1486 eus

361 1530 725 1601 tipprimentes
754 1526 1084 1597 esspolient,
1115 1529 1213 1579 nec
1237 1521 1359 1592 jure
1396 1510 1501 1577 l‘ori
1540 1517 1930 1592 constringant,

361 1600 521 1688 atque
568 1615 950 1673 dirersissimis
1000 1610 1243 1682 injuriis;
1292 1610 1449 1666 sicuti
1500 1600 1677 1666 facere
1724 1603 1929 1674 solent,

360 1694 592 1768 alliciant
629 1705 642 1759 ξ
682 1703 934 1774 quoniam
966 1710 1228 1779 cumcos
1265 1698 1591 1779 quibuslibet
1634 1698 1809 1755 modis
1842 1699 1933 1755 de-

2031 533 2182 577 erunt
2208 521 2376 576 soluta
2406 531 2453 576 et
2481 522 2535 574 in
2565 519 2710 575 calo.
2742 506 2895 575 lianc
2924 520 3099 575 locum
3131 520 3204 574 ita
3244 520 3435 575 beatus
3472 519 3600 575 [lica

2033 614 2288 684 ron‘ymtts
2313 602 2368 667 in
2393 611 2808 667 Commentariis
2834 612 3052 682 expauit
3071 609 3223 682 (Cap.
3246 611 3335 680 i8)
3365 629 3378 664 :
3414 629 3434 663 ε
3465 607 3603 678 Quia

2031 701 2258 767 dixerat,
2290 702 2488 771 inquit,
2516 699 2574 755 Si
2599 709 2774 754 autem
2802 700 3086 755 Ecclesium
3122 718 3227 756 non
3256 703 3505 769 audierit,
3534 703 3603 757 sit

2031 794 2124 846 tibi
2166 794 2305 847 sicut
2350 793 2605 848 Ethnicus
2648 801 2698 847 et
2743 790 3066 848 Publicauus
3097 808 3115 847 :
3143 804 3201 848 et
3234 804 3446 864 poterat
3472 809 3605 851 con-

2031 885 2312 956 temptoris
2340 884 2525 941 fratris
2553 885 2667 940 htec
2693 883 2903 939 occulta
2932 899 3052 939 esse
3081 885 3378 954 responsio,
3411 885 3493 941 vel
3523 892 3606 941 ta—

2032 974 2138 1028 cita
2165 974 2417 1045 cogitatio
2444 988 2458 1027 :
2489 974 2535 1028 si
2565 988 2650 1028 me
2680 973 2928 1043 despicis,
2962 981 3019 1027 et
3042 980 3140 1044 ego
3173 982 3221 1028 te
3247 973 3483 1043 despicio
3513 991 3527 1027 :
3555 974 3602 1029 si

2032 1063 2088 1120 tu
2128 1072 2215 1119 me
2246 1065 2601 1129 eonde‘mnas,
2632 1076 2688 1120 et
2720 1070 2838 1119 mea
2872 1065 3140 1120 sententia
3176 1065 3551 1120 condemnaris
3584 1081 3599 1118 :

2031 1165 2352 1227 potestatem
2387 1156 2575 1212 tribuit
2599 1147 2892 1226 Apostolis,
2920 1166 2979 1210 ut
3015 1156 3188 1211 sciant
3211 1156 3304 1225 qui
3343 1171 3372 1209 a
3404 1155 3604 1209 talibus

2031 1233 2461 1302 condemnamur
2494 1246 2675 1301 divina
2720 1248 2987 1301 sententia
3030 1246 3307 1311 roborari,
3343 1254 3398 1299 et
3432 1246 3605 1316 quod-

2031 1353 2244 1409 cunque
2289 1338 2512 1410 ligatum
2558 1337 2720 1393 fuerit
2763 1337 2818 1392 in
2867 1347 3041 1403 terra,
3104 1339 3258 1410 ligari
3302 1339 3505 1408 pariter
3546 1339 3605 1393 in

2031 1428 2186 1484 coelo.
2225 1448 2245 1481 ι
2282 1428 2412 1483 Item
2439 1427 2701 1482 Dominus
2727 1427 2781 1483 in
2810 1427 3096 1499 Evangelid
3130 1445 3144 1482 :
3181 1424 3409 1498 Accipite
3434 1415 3609 1497 Spiri-

2030 1526 2138 1576 tum
2165 1531 2417 1584 sanctum,
2446 1528 2666 1593 quorum
2693 1520 2991 1576 remiseritis
3017 1528 3247 1591 peccata,
3274 1518 3607 1572 remittuntur

2031 1610 2103 1665 "eis
2118 1628 2137 1665 :
2153 1620 2201 1665 et
2217 1616 2437 1681 quorum
2462 1598 2799 1677 minueritis;
2820 1614 3019 1665 reteltta
3036 1618 3155 1665 sunt
3179 1607 3356 1680 (Joan.
3380 1623 3470 1674 xx,
3485 1607 3602 1679 25).

2030 1701 2161 1771 Qum
2195 1702 2357 1757 verba
2392 1701 2465 1756 ita
2501 1691 2695 1756 beatus
2721 1699 3012 1772 Gregorius
3037 1697 3259 1768 exponit
3283 1698 3311 1737 ιι
3345 1715 3360 1751 :
3398 1715 3417 1748 ι
3449 1695 3605 1751 Libet

361 1780 654 1859 humi-ant,
690 1786 996 1857 Christum;
1039 1776 1194 1863 cujus
1225 1776 1459 1846 ministri
1497 1796 1657 1857 sunt,
1694 1790 1932 1846 debono—
1961 1791 2007 1850 Β
2033 1793 2261 1857 intueri,
2290 1779 2365 1846 illi
2391 1789 2637 1861 discipuli
2662 1790 2730 1845 ad
2757 1804 2922 1845 onera
2956 1787 3274 1844 humilitatis
3300 1785 3472 1841 vocati
3493 1826 3508 1851 ,
3535 1785 3605 1841 ad

357 1877 520 1950 l‘ant,
559 1885 824 1942 dicentem
861 1883 917 1939 in
955 1877 1292 1954 Evangelia:
1327 1879 1431 1946 Qui
1466 1896 1554 1936 vos
1589 1879 1816 1952 spernit,
1856 1897 1934 1936 me

358 1963 550 2046 spernit
582 1989 601 2028 :
632 1975 679 2030 et
712 1973 802 2046 qui
840 1990 928 2029 vos
965 1971 1176 2043 recipit,
1208 1986 1289 2025 me
1322 1969 1501 2041 recipit
1536 1969 1686 2043 (Luc.
1727 1982 1788 2036 ι,
1822 1969 1931 2043 16).

363 2054 515 2133 Qudd
556 2065 747 2121 beatus
805 2061 1137 2131 Augustinus
1200 2060 1276 2115 ita
1335 2060 1390 2114 in
1436 2059 1575 2114 libro
1624 2062 1933 2116 sertuonum

359 2166 382 2197 ³
412 2154 696 2213 edisserit:
727 2174 746 2207 ι
774 2153 831 2209 Si
859 2152 1007 2220 solis,
1040 2151 1236 2224 inquit,
1257 2140 1526 2223 Apostolls
1550 2152 1708 2217 dixit,
1731 2148 1823 2223 qui
1847 2167 1933 2207 vos

358 2240 573 2316 Spernit,
602 2262 683 2300 me
712 2243 925 2316 spernit,
955 2243 1192 2313 spernite
1219 2250 1275 2297 et
1303 2257 1422 2298 nos.
1459 2239 1516 2296 Si
1552 2250 1730 2296 autem
1756 2255 1934 2297 sermo

358 2320 476 2405 ejus
498 2320 741 2407 pervenit
765 2337 833 2390 ad
856 2349 976 2399 nos,
998 2342 1054 2390 et
1077 2333 1287 2390 vocavit
1308 2349 1425 2400 nos,
1448 2342 1502 2389 et
1527 2333 1580 2388 in
1602 2338 1790 2390 eorum
1817 2333 1934 2390 loco

359 2433 458 2487 litis
485 2429 796 2511 constituit,
825 2424 1004 2501 videte
1029 2441 1106 2484 ne
1135 2428 1402 2498 spernatis
1436 2444 1557 2507 nos,
1593 2423 1648 2484 et
1682 2427 1749 2482 ad
1785 2425 1932 2482 illum

362 2516 640 2588 perveniat
670 2516 886 2588 injuria,
919 2530 1077 2586 quam
1106 2517 1261 2572 nobis
1285 2515 1545 2572 feceritis.
1577 2515 1635 2572 Si
1659 2516 1803 2571 enim
1833 2531 1933 2572 nos

359 2613 467 2662 non
501 2594 723 2670 timetis,
755 2602 940 2660 timete
961 2600 1110 2660 illum
1146 2604 1236 2675 qui
1261 2603 1397 2659 dixit
1427 2620 1441 2658 :
1476 2605 1579 2672 Qui
1600 2619 1686 2660 vos
1717 2602 1932 2675 spernit,

360 2695 440 2749 lue
459 2693 674 2762 spernit.
711 2712 730 2745 ι
764 2692 1043 2749 lmitentui‘
1062 2698 1194 2764 ergo
1215 2692 1270 2748 in
1294 2692 1617 2749 Venerandis
1641 2702 1697 2748 et
1728 2693 1934 2747 obtem-

359 2783 612 2852 perandis
640 2782 1011 2839 sacerdbtibus
1038 2783 1306 2853 potentia,
1342 2790 1397 2839 et
1428 2781 1811 2853 copiosissimis
1844 2782 1934 2837 ho-

359 2871 579 2929 noribus
610 2873 957 2928 sublimatum
988 2858 1347 2929 Theodosium
1382 2874 1737 2930 orthodoxum
1767 2873 1933 2942 impe—

358 2964 624 3029 ratorem,
656 2966 818 3033 quam
858 2953 1136 3020 humiliter
1173 2966 1591 3034 mverenterque
1628 2963 1771 3019 beati
1803 2963 1933 3017 Arn-

356 3051 523 3107 brosii
552 3052 916 3108 menidrabilis
949 3052 1050 3107 Viri
1081 3051 1332 3118 mo‘hltis,
1361 3062 1417 3108 et
1449 3040 1927 3124 inerepationlbus,

2031 1894 2290 1957 quantum
2320 1882 2534 1939 culmen
2570 1881 2753 1954 glorize
2780 1881 2889 1936 sint
2916 1879 3180 1950 perducti.
3217 1877 3356 1934 Ecce
3384 1894 3487 1933 non
3517 1893 3605 1932 so—

2031 1975 2140 2031 lum
2179 1974 2248 2029 de
2292 1971 2598 2043 semetipsis
2644 1972 2821 2027 scituri
2870 1970 3025 2035 ﬁunt,
3071 1969 3165 2024 sed
3209 1968 3369 2023 etiam
3418 1967 3606 2023 aliena:

2030 2053 2374 2137 obligationis
2397 2065 2721 2134 potestatein
2753 2060 3101 2117 relatiatlonis
3126 2059 3426 2130 accipiunt;
3456 2057 3606 2130 prin-

2031 2159 2267 2228 cipatum
2294 2156 2511 2227 superni
2540 2154 2728 2223 iudicii
2763 2142 3080 2217 sortiuntur,
3120 2160 3181 2206 ut
3208 2151 3325 2207 vice
3356 2150 3450 2206 Dei
3480 2149 3607 2229 qni-

2030 2248 2255 2305 busdam
2285 2250 2510 2317 peCcata
2534 2245 2829 2308 retineant,
2866 2244 3181 2313 Quibusdam
3211 2241 3473 2297 relationi.
3514 2240 3606 2297 Sic

2030 2343 2123 2395 eos
2147 2346 2177 2393 a
2209 2338 2317 2393 Deti
2342 2337 2567 2393 decebat
2590 2335 2859 2407 αἰεὶ..ᾷυί
2887 2339 3092 2390 tantum
3119 2350 3217 2405 pro
3242 2322 3351 2390 Deo
3377 2348 3607 2389 consen-

2032 2425 2216 2485 serant
2250 2428 2540 2483 humiliari.
2579 2415 2719 2481 Ecce
2747 2426 2839 2496 qui
2877 2427 3179 2481 districtum
3216 2423 3308 2479 Dei
3338 2423 3605 2493 judicium

2032 2527 2306 2582 metuunt,
2332 2518 2634 2573 aiiimarum
2658 2517 2868 2588 judices
2894 2515 3057 2584 (lunt;
3084 2524 3139 2572 et
3163 2515 3296 2570 alios
3315 2514 3604 2580 damnant,

2030 2608 2114 2662 tiri
2159 2595 2420 2674 liberant,
2469 2609 2563 2678 qui
2616 2608 2937 2677 semetipsos
2980 2606 3227 2661 damnari
3272 2605 3602 2661 Metuebant.

2032 2697 2233 2753 ildrum
2262 2697 2506 2769 profecto
2527 2700 2671 2753 nunc
2697 2698 2751 2752 in
2777 2687 3018 2752 Ecclesia
3047 2697 3281 2767 episcopi
3316 2695 3491 2752 locum
3530 2705 3608 2751 te-

2031 2796 2160 2842 nent
2193 2798 2205 2842 ξ
2240 2786 2438 2858 ligandi
2479 2797 2544 2842 ac
2586 2786 2824 2842 solvendi
2865 2786 3239 2842 auctoritatem
3269 2787 3605 2855 suscipiunt,

2031 2877 2121 2946 qui
2146 2876 2370 2949 gradum
2395 2874 2673 2946 regiminis
2694 2875 3012 2931 sortiuntur.
3034 2874 3125 2943 (Et
3145 2881 3255 2931 east
3270 2874 3433 2928 multa
3450 2875 3605 2946 ibid.)

2032 2958 2146 3024 Sub
2176 2977 2369 3040 magno
2403 2982 2532 3039 ergo
2563 2967 2929 3023 moderamine
2964 2975 3208 3037 pastores
3234 2966 3487 3021 Ecclesia:
3520 2966 3608 3020 vel

2031 3059 2241 3116 solvere
2266 3059 2536 3125 studeant,
2565 3059 2650 3115 vel
2675 3059 2863 3130 ligare.
2891 3053 2997 3113 Sed
3023 3066 3201 3113 utrum
3222 3058 3384 3128 juste,
3417 3055 3500 3113 vel
3526 3057 3608 3111 in-

356 3141 520 3211 atque
547 3140 1189 3198 eictimmunictitiohibus
1210 3142 1470 3212 paruérit.
1497 3141 1712 3198 Sciebat
1739 3148 1932 3213 nempe
1958 3129 2001 3191 C
2025 3150 2171 3219 justc
2200 3149 2399 3220 obliget
2432 3157 2638 3220 pastor,
2667 3147 2903 3218 pastoris
2940 3155 3120 3202 tamen
3154 3148 3420 3203 sententia
3456 3145 3605 3218 gregi

356 3240 680 3303 potestatem
701 3233 1053 3306 imperialem,
1085 3249 1190 3304 qua
1217 3233 1503 3305 insignitus
1531 3242 1671 3299 erat,
1702 3233 1768 3289 ab
1790 3233 1934 3289 illius

358 3321 592 3391 pendere
629 3331 928 3395 petestate;
972 3322 1124 3392 cujus
1165 3317 1397 3379 famulus
1434 3333 1490 3379 et
1526 3323 1772 3379 minister
1805 3324 1935 3379 Am-

358 3408 572 3467 brosius
603 3420 740 3468 erat.
773 3411 887 3469 Hoc
917 3412 1009 3483 qui
1034 3410 1244 3483 plenius
1269 3422 1429 3469 nosse
1456 3413 1712 3479 voluerit,
1737 3414 1933 3469 librum

356 3502 596 3561 historia:
623 3505 906 3577 tripartito:
935 3508 1155 3566 nonum.
1183 3506 1283 3562 sub
1312 3503 1467 3562 titulo
1497 3506 1769 3562 tricesimo
1793 3494 1935 3577 legat

357 3590 494 3664 (Lib.
526 3609 604 3661 lx,
634 3611 750 3666 cup.
775 3593 888 3668 50).

940 3710 1168 3778 CAPUT
1210 3712 1349 3775 XXI.

356 3831 511 3903 Quod
536 3846 687 3903 nosse
705 3834 938 3903 dporteat
960 3827 1526 3903 laicostsacerdotibus
1551 3824 1750 3903 ligendi
1779 3836 1934 3903 atque

424 3902 659 3957 solvendi
702 3899 1005 3972 potestatem
1053 3918 1104 3972 ᾳιΔ
1133 3899 1357 3955 Domino
1401 3916 1510 3955 esse
1555 3899 1818 3955 cellatam.
1845 3899 1932 3956 'Et

423 3968 1262 4043 quod;eorumAmanitislibemer
1295 3986 1498 4041 parere,
1539 3981 1692 4041 atque
1726 3987 1933 4025 excom-

424 4039 866 4096 inuuicationibus
892 4039 1156 4096 humiliter
1177 4039 1393 4095 debeant
1418 4039 1768 4096 succumbere.

426 4152 656 4222 Quidam
699 4147 960 4208 laicorum
1003 4161 1165 4208 tanta:
1208 4150 1529 4207 temeritatis
1569 4152 1839 4218 existunt,
1873 4160 1934 4207 ut

356 4242 582 4308 monita,
612 4249 669 4297 et
697 4242 1120 4314 objurgationes,
1149 4251 1311 4311 atque
1346 4242 1932 4299 excommunicationes

357 4333 698 4388 sacerdotum
741 4333 894 4388 nihili
935 4334 1137 4388 ducant
1174 4352 1184 4384 :
1229 4335 1371 4402 quod
1412 4338 1673 4404 quantum
1712 4351 1743 4390 a
1777 4335 1933 4391 Chri-

357 4423 530 4478 stiana
558 4421 893 4494 professione
932 4423 1252 4490 abhorreat,
1282 4425 1373 4495 qui
1403 4426 1810 4493 animadvertit,
1844 4429 1928 4483 in-

359 4512 570 4583 telligit.
602 4512 650 4567 ls
670 4528 902 4583 namque
926 4516 1055 4569 ustis
1070 4513 1224 4568 valde
1245 4516 1682 4584 reprehensibilis
1702 4526 1756 4573 et
1770 4534 1929 4575 exse-

362 4601 585 4658 crabilis
621 4602 755 4657 adeo
804 4602 944 4673 apud
981 4605 1241 4672 quosdam
1277 4605 1548 4670 excrevit,
1577 4613 1633 4661 et
1658 4617 1717 4661 ut
1747 4607 1818 4662 ita
1848 4609 1931 4664 di-

361 4694 558 4759 xerim,
585 4696 638 4751 in
671 4692 841 4767 legem
868 4697 1110 4764 devenit,
1143 4697 1512 4767 utjussionem
1536 4700 1848 4765 sacerdotis,
1878 4711 1933 4756 ct

357 4789 969 4845 excommunicatione‘m
992 4806 1144 4860 :cquc
1167 4801 1225 4845 ut
1249 4788 1524 4858 cujusdam
1555 4790 1674 4845 laici
1703 4793 1929 4859 ducant;

358 4893 493 4947 quos
535 4878 739 4934 suadeo
775 4888 835 4933 ut
875 4878 1036 4950 paulo
1074 4881 1409 4952 perpendant
1450 4896 1511 4937 ea
1547 4889 1665 4952 quac
1693 4884 1934 4955 subjecta

358 4967 500 5021 sunL

430 5052 518 5110 Ait
539 5056 722 5112 autem
746 5046 1001 5113 Dominus
1027 5056 1079 5113 in
1107 5054 1393 5130 Evangelio
1419 5061 1726 5131 specialiter
1750 5058 1936 5119 Eccle-

358 5148 450 5200 sia:
477 5138 706 5218 principi
747 5148 904 5204 beato
934 5148 1095 5205 Petro
1125 5152 1367 5221 apostolo
1397 5170 1408 5206 :
1457 5150 1568 5205 Tibi
1603 5153 1738 5206 dabo
1766 5152 1933 5208 claves

362 5239 503 5314 regni
526 5238 771 5295 caelorum
784 5256 804 5305 ς
835 5250 883 5295 et
903 5233 1247 5312 quadriiugae
1274 5242 1515 5314 ligaveris
1539 5248 1694 5314 super
1717 5248 1929 5309 tertiam,

359 5330 456 5381 erit
483 5329 699 5401 ligatum
726 5343 773 5387 et
804 5334 858 5388 in
886 5333 1025 5388 malis
1052 5346 1071 5384 :
1102 5333 1149 5389 et
1176 5335 1518 5405 quodcunque
1546 5336 1755 5391 solreris
1779 5341 1935 5406 super

358 5429 571 5484 terram,
595 5421 691 5474 erit
721 5422 948 5477 solutum
977 5435 1023 5478 et
1059 5424 1113 5478 in
1142 5423 1282 5478 caelis
1311 5423 1502 5495 (Matth
1553 5438 1663 5490 xvi,
1700 5414 1807 5499 i9).
1846 5427 1936 5483 Ait

355 5508 520 5584 etiam
543 5506 868 5581 generaliter
895 5514 1147 5569 omnibus
1171 5514 1447 5584 discipulis
1475 5533 1487 5567 :
1518 5516 1680 5569 Amen
1706 5518 1822 5571 dico
1848 5535 1935 5574 ro-

356 5583 436 5652 l'is
471 5612 489 5649 :
526 5603 846 5671 quwcunque
876 5601 1210 5672 alligaveritis
1243 5583 1400 5674 super
1423 5615 1650 5671 terram,
1680 5619 1830 5661 erunt
1871 5607 1931 5662 li-

429 5716 457 5748 ι
496 5708 575 5765 De
602 5685 783 5763 verbis
811 5707 1045 5775 Domini,
1077 5728 1239 5770 serru.
1269 5713 1360 5772 21.
1391 5731 1490 5786 cap
1542 5716 1589 5770 1.

2031 3240 2268 3296 timenda
2298 3248 2382 3296 est
2411 3259 2424 3294 :
2454 3255 2524 3294 ne
2550 3240 2596 3294 is
2624 3240 2714 3309 qui
2745 3241 2961 3304 subest,
2993 3241 3047 3294 et
3074 3255 3193 3295 cum
3226 3227 3419 3310 injuste
3450 3239 3608 3294 forsi-

2031 3337 2122 3383 tau
2167 3327 2380 3399 ligatur,
2419 3328 2592 3400 ipsam
2631 3327 2975 3398 dbii‘gationis
3020 3335 3129 3383 sure
3173 3329 3495 3384 sententiam
3538 3338 3607 3383 cx

2031 3420 2135 3473 alia
2169 3418 2323 3489 culpa
2361 3427 2650 3475 mereatur.
2694 3417 2887 3474 Pastor
2918 3428 3047 3491 ergo
3085 3418 3168 3474 Vel
3206 3419 3486 3475 absolvere
3525 3421 3607 3474 in-

2031 3509 2265 3565 discrete
2289 3509 2512 3573 timeat,
2538 3502 2624 3564 Vel
2660 3508 2861 3581 ligare;
2899 3508 2946 3563 is
2971 3517 3148 3565 autem
3165 3550 3181 3576 ,
3206 3510 3298 3581 qui
3321 3506 3421 3566 sub
3443 3515 3607 3564 manu

2031 3601 2263 3672 pastoris
2290 3605 2402 3667 est,
2438 3593 2594 3672 ligari
2629 3601 2817 3657 timeat
2842 3601 2926 3655 vel
2955 3599 3120 3672 juste,
3152 3612 3236 3658 vet
3263 3601 3478 3674 injuste,
3509 3617 3610 3657 nec

2030 3692 2261 3763 pastoris
2297 3692 2381 3749 sui
2414 3690 2675 3765 judicium
2721 3699 2925 3749 temere
2962 3693 3319 3764 reprehendat
3349 3696 3364 3747 i
3396 3707 3463 3748 ne
3500 3694 3608 3749 etsi

2031 3776 2229 3854 injuste
2263 3782 2462 3853 ligatus
2489 3792 2597 3850 est,
2627 3798 2695 3839 ex
2735 3783 2903 3855 ipsius
2933 3783 3148 3839 tumida!
3172 3771 3611 3855 reprehensionis

2031 3876 2316 3947 superbia,
2348 3874 2537 3947 culpa,
2569 3890 2690 3945 qua:
2717 3885 2823 3930 non
2859 3884 3015 3941 erat,
3045 3875 3154 3931 liat.
3192 3896 3211 3929 ι
3247 3873 3609 3947 Hieronymus

2032 3966 2100 4051 ad
2125 3950 2465 4022 Heliodorum
2495 3954 2686 4051 (Epist.
2713 3964 2763 4038 ι)
2794 3984 2807 4021 ε
2844 3976 2863 4018 't
2898 3966 3113 4033 Clerici,
3136 3958 3328 4037 inquit,
3355 3967 3421 4023 de
3449 3960 3609 4034 altari

2034 4048 2220 4112 vivunt
2251 4074 2263 4110 :
2296 4058 2429 4113 mihi
2460 4048 2613 4127 quasi
2640 4052 2991 4114 infructuosa:
3014 4058 3192 4114 arbori
3219 4056 3427 4115 securis
3453 4059 3613 4129 ponis

2033 4155 2120 4202 tur
2144 4144 2210 4202 'ad
2243 4146 2499 4203 radicem.
2530 4145 2589 4202 Si
2622 4162 2819 4203 munus
2840 4149 2908 4203 ad
2929 4147 3101 4203 altare
3133 4154 3241 4204 non
3269 4147 3472 4214 defero,
3506 4164 3612 4205 ncc

2029 4253 2248 4309 possum
2282 4233 2575 4293 obtendere
2610 4241 3015 4307 paupertatem,
3057 4252 3181 4293 cum
3222 4238 3276 4292 in
3315 4236 3610 4309 Evangelia

2031 4329 2247 4386 viduam
2278 4329 2383 4385 duo
2407 4343 2527 4398 qum
2552 4316 2665 4385 sola
2694 4329 2794 4384 sibi
2824 4331 3145 4400 supererant
3168 4344 3275 4383 mra
3305 4330 3608 4385 mittentem

2035 4420 2213 4476 laudet
2254 4414 2532 4475 Dominus.
2566 4418 2691 4473 Mihi
2721 4428 2848 4474 ante
2876 4420 3248 4489 presbvterum
3281 4421 3465 4474 sedere
3497 4428 3609 4475 non

2036 4464 2213 4476 -..μνη
2255 4464 2532 4475 ..-μωμη-
2721 4464 2848 4474 ....-ν
2877 4464 3248 4489 ,ηνυυμνηηη
3281 4464 3465 4474 νην.-
3497 4464 3609 4475 ......

1956 4464 2179 4569 1)iicet.
2212 4511 2288 4567 illi
2310 4552 2324 4578 ,
2357 4511 2404 4567 si
2442 4524 2758 4583 peccavero,
2786 4509 2909 4566 licet
2943 4511 3154 4567 tradere
3187 4522 3273 4566 me
3309 4502 3523 4566 Sataua:
3552 4513 3611 4566 in

2035 4606 2314 4665 interitum
2342 4607 2540 4672 carnis,
2570 4615 2633 4661 ut
2667 4607 2889 4678 spiritus
2928 4606 3108 4661 salvus
3143 4606 3216 4661 sit
3243 4606 3295 4660 in
3332 4607 3474 4662 ditem
3508 4608 3613 4661 Do-

2037 4698 2170 4753 mini
2200 4686 2349 4754 .lesut
2390 4684 2465 4752 Et
2490 4697 2544 4752 in
2571 4697 2737 4752 veteri
2766 4697 2979 4766 quidem
3011 4696 3160 4766 lege,
3190 4688 3495 4768 quicunque
3523 4713 3615 4751 sa;

2036 4786 2344 4843 ccrdotibus
2375 4801 2485 4841 non
2520 4787 2974 4856 obtemperasset,
3005 4794 3097 4839 aut
3123 4796 3279 4842 extra
3308 4792 3484 4840 castra
3513 4801 3618 4855 poe-

2037 4877 2194 4942 situs,
2224 4875 2565 4945 lapidabatur
2599 4892 2629 4930 a
2663 4875 2877 4946 populo,
2913 4882 3007 4929 aut
3041 4875 3215 4946 gladio
3244 4888 3456 4930 cervice
3483 4876 3615 4929 stiba-

2033 4969 2174 5039 jecta
2195 5010 2210 5033 ,
2240 4974 2605 5039 contemptum
2636 4968 2885 5039 expiabat
2916 4977 3128 5023 eruere.
3182 4958 3333 5024 Nunc
3362 4977 3490 5023 Vero
3527 4967 3616 5022 in-

2037 5062 2292 5118 obedicns
2319 5062 2545 5131 spiritali
2576 5078 2829 5118 mucrone
2868 5062 3168 5129 truncatur,
3198 5071 3289 5117 aut
3309 5061 3514 5132 cjectus
3543 5065 3614 5119 de

2037 5152 2276 5209 Ecclesia
2308 5154 2497 5210 rabido
2523 5155 2822 5208 daimouum
2850 5157 2945 5209 ore
2970 5154 3308 5224 discerpitur.
3345 5173 3363 5204 ι

2111 5240 2184 5297 De
2211 5243 2394 5298 multis
2422 5242 2665 5312 quaedam
2693 5243 2946 5308 breviter,
2975 5242 3041 5297 de
3064 5250 3328 5312 potestate
3351 5243 3611 5298 sacerdos

2039 5335 2183 5390 tibus
2225 5351 2255 5390 a
2302 5335 2530 5391 Domino
2572 5334 2767 5390 collata
2810 5336 3111 5391 testimonia
3155 5334 3376 5390 collecta
3424 5345 3547 5389 sunt
3593 5356 3607 5390 -.'

2038 5428 2212 5482 sciant
2244 5443 2375 5498 ergo
2399 5426 2522 5483 laici
2553 5427 2679 5482 huic
2702 5428 2952 5497 potestati
2976 5444 3034 5483 se
3071 5426 3341 5496 subjectos
3364 5440 3484 5482 esse
3514 5428 3585 5484 dc

2038 5515 2196 5579 bere;
2238 5516 2294 5571 ‘et
2335 5516 2589 5585 quoniam
2617 5517 2712 5572 aui
2747 5517 2875 5572 huic
2912 5517 3173 5587 superbit,
3205 5525 3294 5570 aut
3335 5516 3388 5570 in
3427 5515 3613 5586 aliquo

2036 5610 2287 5678 pertinax
2310 5608 2509 5671 existit,
2533 5622 2650 5676 ejus
2669 5607 3014 5674 ordinationi,
3037 5623 3067 5662 a
3092 5622 3199 5677 quo
3221 5607 3477 5662 attributa
3502 5614 3610 5676 est,

2110 5717 2139 5757 1⁵
2178 5716 2370 5772 Homil.
2403 5713 2490 5770 26.
