  <div class='ocr_page' id='page_1' title='image "/cluster/home/n/w/nwhite01/storage/ocr_20150623/106/hvd.32044054759717/112.png"; bbox 0 0 4008 6192; ppageno 0'>
   <div class='ocr_carea' id='block_1_1' title="bbox 328 320 531 376">
    <p class='ocr_par' dir='ltr' id='par_1_1' title="bbox 328 320 531 376">
     <span class='ocr_line' id='line_1_1' title="bbox 328 320 531 376; baseline -0.01 0"><span class='ocrx_word' id='word_1_1' title='bbox 328 320 443 376; x_wconf 73' lang='grc'><strong>213</strong></span> <span class='ocrx_word' id='word_1_2' title='bbox 528 362 531 363; x_wconf 45' lang='grc' dir='ltr'><em>ν</em></span> 
     </span>
    </p>
   </div>
   <div class='ocr_carea' id='block_1_2' title="bbox 1340 325 2624 383">
    <p class='ocr_par' dir='ltr' id='par_1_2' title="bbox 1340 325 2624 383">
     <span class='ocr_line' id='line_1_2' title="bbox 1340 325 2624 383; baseline 0.002 -4"><span class='ocrx_word' id='word_1_3' title='bbox 1340 325 1425 379; x_wconf 81' lang='lat' dir='ltr'><strong>DE</strong></span> <span class='ocrx_word' id='word_1_4' title='bbox 1464 325 1944 383; x_wconf 71' lang='lat' dir='ltr'><strong>INSTITUTIONE</strong></span> <span class='ocrx_word' id='word_1_5' title='bbox 1984 326 2269 381; x_wconf 69' lang='lat' dir='ltr'><strong>LMCALI.</strong></span> <span class='ocrx_word' id='word_1_6' title='bbox 2295 356 2362 366; x_wconf 89' lang='lat'><strong>---</strong></span> <span class='ocrx_word' id='word_1_7' title='bbox 2390 326 2517 381; x_wconf 70' lang='grc' dir='ltr'><strong>ιω.</strong></span> <span class='ocrx_word' id='word_1_8' title='bbox 2561 327 2624 381; x_wconf 86' lang='lat' dir='ltr'><strong>ll.</strong></span> 
     </span>
    </p>
   </div>
   <div class='ocr_carea' id='block_1_3' title="bbox 3482 340 3586 396">
    <p class='ocr_par' dir='ltr' id='par_1_3' title="bbox 3482 340 3586 396">
     <span class='ocr_line' id='line_1_3' title="bbox 3482 340 3586 396; baseline 0.019 -2"><span class='ocrx_word' id='word_1_9' title='bbox 3482 340 3586 396; x_wconf 70' lang='lat' dir='ltr'><strong>2H</strong></span> 
     </span>
    </p>
   </div>
   <div class='ocr_carea' id='block_1_4' title="bbox 328 435 3583 517">
    <p class='ocr_par' dir='ltr' id='par_1_4' title="bbox 328 435 3583 517">
     <span class='ocr_line' id='line_1_4' title="bbox 328 435 3583 517; baseline 0.004 -26"><span class='ocrx_word' id='word_1_10' title='bbox 328 435 730 505; x_wconf 67' lang='lat' dir='ltr'><strong>superbissime,</strong></span> <span class='ocrx_word' id='word_1_11' title='bbox 752 436 867 490; x_wconf 89' lang='lat' dir='ltr'><strong>imo</strong></span> <span class='ocrx_word' id='word_1_12' title='bbox 887 436 1345 507; x_wconf 85' lang='lat' dir='ltr'><strong>periculosissime</strong></span> <span class='ocrx_word' id='word_1_13' title='bbox 1366 439 1527 494; x_wconf 78' lang='lat' dir='ltr'><strong>reniti</strong></span> <span class='ocrx_word' id='word_1_14' title='bbox 1549 440 1906 495; x_wconf 70' lang='lat' dir='ltr'><strong>convincitur.</strong></span> <span class='ocrx_word' id='word_1_15' title='bbox 1939 447 1985 502; x_wconf 82' lang='grc' dir='ltr'>Λ</span> <span class='ocrx_word' id='word_1_16' title='bbox 2082 439 2413 510; x_wconf 69' lang='lat' dir='ltr'><strong>Augustinus</strong></span> <span class='ocrx_word' id='word_1_17' title='bbox 2454 441 2506 494; x_wconf 93' lang='lat' dir='ltr'><strong>in</strong></span> <span class='ocrx_word' id='word_1_18' title='bbox 2551 456 2801 498; x_wconf 87' lang='lat' dir='ltr'><strong>sermone</strong></span> <span class='ocrx_word' id='word_1_19' title='bbox 2829 446 2895 499; x_wconf 82' lang='lat' dir='ltr'><strong>ad</strong></span> <span class='ocrx_word' id='word_1_20' title='bbox 2928 448 3179 517; x_wconf 54' lang='lat' dir='ltr'><strong>[multum</strong></span> <span class='ocrx_word' id='word_1_21' title='bbox 3211 468 3224 504; x_wconf 90' lang='lat'><strong>:</strong></span> <span class='ocrx_word' id='word_1_22' title='bbox 3266 469 3284 500; x_wconf 76' lang='grc' dir='ltr'>ι</span> <span class='ocrx_word' id='word_1_23' title='bbox 3335 451 3583 509; x_wconf 76' lang='lat' dir='ltr'><strong>Nonnulli</strong></span> 
     </span>
    </p>
   </div>
   <div class='ocr_carea' id='block_1_5' title="bbox 907 547 1334 604">
    <p class='ocr_par' dir='ltr' id='par_1_5' title="bbox 907 547 1334 604">
     <span class='ocr_line' id='line_1_5' title="bbox 907 547 1334 604; baseline 0.002 -1"><span class='ocrx_word' id='word_1_24' title='bbox 907 547 1135 604; x_wconf 82' lang='lat' dir='ltr'><strong>CAPUT</strong></span> <span class='ocrx_word' id='word_1_25' title='bbox 1171 548 1334 604; x_wconf 74' lang='lat' dir='ltr'><strong>XXII.</strong></span> 
     </span>
    </p>
   </div>
   <div class='ocr_carea' id='block_1_6' title="bbox 327 636 1911 708">
    <p class='ocr_par' dir='ltr' id='par_1_6' title="bbox 327 636 1911 708">
     <span class='ocr_line' id='line_1_6' title="bbox 327 636 1911 708; baseline 0.004 -18"><span class='ocrx_word' id='word_1_26' title='bbox 327 636 405 691; x_wconf 81' lang='lat' dir='ltr'><strong>De</strong></span> <span class='ocrx_word' id='word_1_27' title='bbox 432 639 511 692; x_wconf 80' lang='lat' dir='ltr'><strong>Itis</strong></span> <span class='ocrx_word' id='word_1_28' title='bbox 544 639 632 707; x_wconf 81' lang='lat' dir='ltr'><strong>qui</strong></span> <span class='ocrx_word' id='word_1_29' title='bbox 668 647 885 708; x_wconf 70' lang='lat' dir='ltr'><strong>propter</strong></span> <span class='ocrx_word' id='word_1_30' title='bbox 920 643 1143 691; x_wconf 68' lang='lat' dir='ltr'><strong>honores</strong></span> <span class='ocrx_word' id='word_1_31' title='bbox 1172 648 1401 693; x_wconf 80' lang='lat' dir='ltr'><strong>terrenos</strong></span> <span class='ocrx_word' id='word_1_32' title='bbox 1437 651 1485 694; x_wconf 86' lang='lat' dir='ltr'><strong>et</strong></span> <span class='ocrx_word' id='word_1_33' title='bbox 1522 643 1746 697; x_wconf 83' lang='lat' dir='ltr'><strong>caducas</strong></span> <span class='ocrx_word' id='word_1_34' title='bbox 1781 645 1911 697; x_wconf 83' lang='lat' dir='ltr'><strong>adeo</strong></span> 
     </span>
    </p>
   </div>
   <div class='ocr_carea' id='block_1_7' title="bbox 395 708 1910 779">
    <p class='ocr_par' dir='ltr' id='par_1_7' title="bbox 395 708 1910 779">
     <span class='ocr_line' id='line_1_7' title="bbox 395 708 1910 779; baseline 0.004 -18"><span class='ocrx_word' id='word_1_35' title='bbox 395 708 734 767; x_wconf 62' lang='lat' dir='ltr'><strong>extolluntur,</strong></span> <span class='ocrx_word' id='word_1_36' title='bbox 769 718 827 760; x_wconf 83' lang='lat' dir='ltr'><strong>ut</strong></span> <span class='ocrx_word' id='word_1_37' title='bbox 867 723 1151 778; x_wconf 71' lang='lat' dir='ltr'><strong>pauperes,</strong></span> <span class='ocrx_word' id='word_1_38' title='bbox 1183 719 1371 764; x_wconf 84' lang='lat' dir='ltr'><strong>natura</strong></span> <span class='ocrx_word' id='word_1_39' title='bbox 1411 712 1511 765; x_wconf 85' lang='lat' dir='ltr'><strong>sibi</strong></span> <span class='ocrx_word' id='word_1_40' title='bbox 1546 713 1773 779; x_wconf 75' lang='lat' dir='ltr'><strong>similes,</strong></span> <span class='ocrx_word' id='word_1_41' title='bbox 1808 730 1910 767; x_wconf 86' lang='lat' dir='ltr'><strong>non</strong></span> 
     </span>
    </p>
   </div>
   <div class='ocr_carea' id='block_1_8' title="bbox 397 788 789 847">
    <p class='ocr_par' dir='ltr' id='par_1_8' title="bbox 397 788 789 847">
     <span class='ocr_line' id='line_1_8' title="bbox 397 788 789 847; baseline 0 -17"><span class='ocrx_word' id='word_1_42' title='bbox 397 788 789 847; x_wconf 78' lang='lat' dir='ltr'><strong>recognoscant.</strong></span> 
     </span>
    </p>
   </div>
   <div class='ocr_carea' id='block_1_9' title="bbox 392 888 1911 963">
    <p class='ocr_par' dir='ltr' id='par_1_9' title="bbox 392 888 1911 963">
     <span class='ocr_line' id='line_1_9' title="bbox 392 888 1911 963; baseline 0.003 -19"><span class='ocrx_word' id='word_1_43' title='bbox 392 888 702 944; x_wconf 75' lang='lat' dir='ltr'><strong>Cavendum</strong></span> <span class='ocrx_word' id='word_1_44' title='bbox 726 889 814 943; x_wconf 91' lang='lat' dir='ltr'><strong>his</strong></span> <span class='ocrx_word' id='word_1_45' title='bbox 834 891 926 960; x_wconf 86' lang='lat' dir='ltr'><strong>qui</strong></span> <span class='ocrx_word' id='word_1_46' title='bbox 954 900 1208 961; x_wconf 71' lang='lat' dir='ltr'><strong>praesunt,</strong></span> <span class='ocrx_word' id='word_1_47' title='bbox 1236 906 1303 945; x_wconf 89' lang='lat' dir='ltr'><strong>ne</strong></span> <span class='ocrx_word' id='word_1_48' title='bbox 1330 891 1430 947; x_wconf 82' lang='lat' dir='ltr'><strong>sibi</strong></span> <span class='ocrx_word' id='word_1_49' title='bbox 1458 893 1748 963; x_wconf 79' lang='lat' dir='ltr'><strong>subjectos,</strong></span> <span class='ocrx_word' id='word_1_50' title='bbox 1772 894 1911 948; x_wconf 85' lang='lat' dir='ltr'><strong>sicut</strong></span> 
     </span>
    </p>
   </div>
   <div class='ocr_carea' id='block_1_10' title="bbox 324 980 1907 1054">
    <p class='ocr_par' dir='ltr' id='par_1_10' title="bbox 324 980 1907 1054">
     <span class='ocr_line' id='line_1_10' title="bbox 324 980 1907 1054; baseline 0.003 -19"><span class='ocrx_word' id='word_1_51' title='bbox 324 980 529 1043; x_wconf 81' lang='lat' dir='ltr'><strong>ordine,</strong></span> <span class='ocrx_word' id='word_1_52' title='bbox 558 981 634 1034; x_wconf 87' lang='lat' dir='ltr'><strong>ita</strong></span> <span class='ocrx_word' id='word_1_53' title='bbox 665 989 861 1035; x_wconf 88' lang='lat' dir='ltr'><strong>natura</strong></span> <span class='ocrx_word' id='word_1_54' title='bbox 890 981 1176 1037; x_wconf 88' lang='lat' dir='ltr'><strong>inferiores</strong></span> <span class='ocrx_word' id='word_1_55' title='bbox 1200 997 1261 1038; x_wconf 89' lang='lat' dir='ltr'><strong>se</strong></span> <span class='ocrx_word' id='word_1_56' title='bbox 1282 998 1402 1037; x_wconf 87' lang='lat' dir='ltr'><strong>esse</strong></span> <span class='ocrx_word' id='word_1_57' title='bbox 1429 992 1619 1053; x_wconf 87' lang='lat' dir='ltr'><strong>putent</strong></span> <span class='ocrx_word' id='word_1_58' title='bbox 1643 1003 1655 1038; x_wconf 92' lang='lat'>:</span> <span class='ocrx_word' id='word_1_59' title='bbox 1682 986 1907 1054; x_wconf 83' lang='lat' dir='ltr'><strong>provida</strong></span> 
     </span>
    </p>
   </div>
   <div class='ocr_carea' id='block_1_11' title="bbox 324 1071 1907 1141">
    <p class='ocr_par' dir='ltr' id='par_1_11' title="bbox 324 1071 1907 1141">
     <span class='ocr_line' id='line_1_11' title="bbox 324 1071 1907 1141; baseline 0.006 -17"><span class='ocrx_word' id='word_1_60' title='bbox 324 1085 552 1139; x_wconf 87' lang='lat' dir='ltr'><strong>namque</strong></span> <span class='ocrx_word' id='word_1_61' title='bbox 580 1071 989 1141; x_wconf 81' lang='lat' dir='ltr'><strong>dispensatione</strong></span> <span class='ocrx_word' id='word_1_62' title='bbox 1017 1072 1195 1127; x_wconf 82' lang='lat' dir='ltr'><strong>divina</strong></span> <span class='ocrx_word' id='word_1_63' title='bbox 1222 1082 1404 1128; x_wconf 90' lang='lat' dir='ltr'><strong>actum</strong></span> <span class='ocrx_word' id='word_1_64' title='bbox 1428 1082 1535 1140; x_wconf 86' lang='lat' dir='ltr'><strong>est,</strong></span> <span class='ocrx_word' id='word_1_65' title='bbox 1569 1085 1628 1130; x_wconf 90' lang='lat' dir='ltr'><strong>ut</strong></span> <span class='ocrx_word' id='word_1_66' title='bbox 1661 1077 1907 1133; x_wconf 83' lang='lat' dir='ltr'><strong>mortalis</strong></span> 
     </span>
    </p>
   </div>
   <div class='ocr_carea' id='block_1_12' title="bbox 322 1160 1907 1237">
    <p class='ocr_par' dir='ltr' id='par_1_12' title="bbox 322 1160 1907 1237">
     <span class='ocr_line' id='line_1_12' title="bbox 322 1160 1907 1237; baseline 0.006 -25"><span class='ocrx_word' id='word_1_67' title='bbox 322 1175 349 1212; x_wconf 82' lang='lat' dir='ltr'><strong>a</strong></span> <span class='ocrx_word' id='word_1_68' title='bbox 377 1160 627 1225; x_wconf 75' lang='lat' dir='ltr'><strong>mortali,</strong></span> <span class='ocrx_word' id='word_1_69' title='bbox 662 1178 769 1216; x_wconf 88' lang='lat' dir='ltr'><strong>non</strong></span> <span class='ocrx_word' id='word_1_70' title='bbox 798 1171 1016 1227; x_wconf 87' lang='lat' dir='ltr'><strong>natura,</strong></span> <span class='ocrx_word' id='word_1_71' title='bbox 1049 1164 1143 1218; x_wconf 87' lang='lat' dir='ltr'><strong>sed</strong></span> <span class='ocrx_word' id='word_1_72' title='bbox 1168 1163 1400 1232; x_wconf 87' lang='lat' dir='ltr'><strong>quadam</strong></span> <span class='ocrx_word' id='word_1_73' title='bbox 1436 1165 1706 1219; x_wconf 86' lang='lat' dir='ltr'><strong>mundana</strong></span> <span class='ocrx_word' id='word_1_74' title='bbox 1733 1166 1907 1237; x_wconf 89' lang='lat' dir='ltr'><strong>digni-</strong></span> 
     </span>
    </p>
   </div>
   <div class='ocr_carea' id='block_1_13' title="bbox 322 1251 1905 1329">
    <p class='ocr_par' dir='ltr' id='par_1_13' title="bbox 322 1251 1905 1329">
     <span class='ocr_line' id='line_1_13' title="bbox 322 1251 1905 1329; baseline 0.007 -27"><span class='ocrx_word' id='word_1_75' title='bbox 322 1259 426 1305; x_wconf 86' lang='lat' dir='ltr'><strong>tate</strong></span> <span class='ocrx_word' id='word_1_76' title='bbox 452 1251 702 1316; x_wconf 89' lang='lat' dir='ltr'><strong>inferior,</strong></span> <span class='ocrx_word' id='word_1_77' title='bbox 744 1260 805 1306; x_wconf 86' lang='lat' dir='ltr'><strong>ut</strong></span> <span class='ocrx_word' id='word_1_78' title='bbox 839 1262 966 1323; x_wconf 88' lang='lat' dir='ltr'><strong>pote</strong></span> <span class='ocrx_word' id='word_1_79' title='bbox 1007 1253 1287 1310; x_wconf 84' lang='lat' dir='ltr'><strong>imbecillis</strong></span> <span class='ocrx_word' id='word_1_80' title='bbox 1321 1271 1351 1309; x_wconf 91' lang='lat' dir='ltr'><strong>a</strong></span> <span class='ocrx_word' id='word_1_81' title='bbox 1380 1256 1559 1312; x_wconf 89' lang='lat' dir='ltr'><strong>valido</strong></span> <span class='ocrx_word' id='word_1_82' title='bbox 1587 1259 1673 1328; x_wconf 87' lang='lat' dir='ltr'><strong>pia</strong></span> <span class='ocrx_word' id='word_1_83' title='bbox 1713 1260 1905 1329; x_wconf 65' lang='lat' dir='ltr'><strong>praela-</strong></span> 
     </span>
    </p>
   </div>
   <div class='ocr_carea' id='block_1_14' title="bbox 319 1341 1901 1414">
    <p class='ocr_par' dir='ltr' id='par_1_14' title="bbox 319 1341 1901 1414">
     <span class='ocr_line' id='line_1_14' title="bbox 319 1341 1901 1414; baseline 0.007 -19"><span class='ocrx_word' id='word_1_84' title='bbox 319 1341 462 1395; x_wconf 89' lang='lat' dir='ltr'><strong>tionc</strong></span> <span class='ocrx_word' id='word_1_85' title='bbox 489 1351 545 1396; x_wconf 88' lang='lat' dir='ltr'><strong>et</strong></span> <span class='ocrx_word' id='word_1_86' title='bbox 582 1343 977 1414; x_wconf 80' lang='lat' dir='ltr'><strong>gubernatione</strong></span> <span class='ocrx_word' id='word_1_87' title='bbox 1007 1352 1280 1411; x_wconf 85' lang='lat' dir='ltr'><strong>tueretur;</strong></span> <span class='ocrx_word' id='word_1_88' title='bbox 1320 1346 1392 1400; x_wconf 86' lang='lat' dir='ltr'><strong>ita</strong></span> <span class='ocrx_word' id='word_1_89' title='bbox 1418 1356 1593 1402; x_wconf 83' lang='lat' dir='ltr'><strong>tanton</strong></span> <span class='ocrx_word' id='word_1_90' title='bbox 1624 1358 1679 1403; x_wconf 89' lang='lat' dir='ltr'><strong>ut</strong></span> <span class='ocrx_word' id='word_1_91' title='bbox 1710 1360 1901 1407; x_wconf 86' lang='lat' dir='ltr'><strong>natura</strong></span> 
     </span>
    </p>
   </div>
   <div class='ocr_carea' id='block_1_15' title="bbox 316 1434 1898 1509">
    <p class='ocr_par' dir='ltr' id='par_1_15' title="bbox 316 1434 1898 1509">
     <span class='ocr_line' id='line_1_15' title="bbox 316 1434 1898 1509; baseline 0.008 -24"><span class='ocrx_word' id='word_1_92' title='bbox 316 1447 533 1502; x_wconf 83' lang='lat' dir='ltr'><strong>semper</strong></span> <span class='ocrx_word' id='word_1_93' title='bbox 580 1434 806 1503; x_wconf 79' lang='lat' dir='ltr'><strong>:equalis</strong></span> <span class='ocrx_word' id='word_1_94' title='bbox 852 1445 1256 1507; x_wconf 73' lang='lat' dir='ltr'><strong>agnosceretur.</strong></span> <span class='ocrx_word' id='word_1_95' title='bbox 1308 1436 1461 1504; x_wconf 85' lang='lat' dir='ltr'><strong>Quod</strong></span> <span class='ocrx_word' id='word_1_96' title='bbox 1512 1455 1635 1495; x_wconf 88' lang='lat' dir='ltr'><strong>cum</strong></span> <span class='ocrx_word' id='word_1_97' title='bbox 1682 1441 1760 1496; x_wconf 88' lang='lat' dir='ltr'><strong>ita</strong></span> <span class='ocrx_word' id='word_1_98' title='bbox 1808 1443 1898 1509; x_wconf 86' lang='lat' dir='ltr'><strong>sit,</strong></span> 
     </span>
    </p>
   </div>
   <div class='ocr_carea' id='block_1_16' title="bbox 316 1521 1901 1598">
    <p class='ocr_par' dir='ltr' id='par_1_16' title="bbox 316 1521 1901 1598">
     <span class='ocr_line' id='line_1_16' title="bbox 316 1521 1901 1598; baseline 0.008 -22"><span class='ocrx_word' id='word_1_99' title='bbox 316 1521 463 1576; x_wconf 84' lang='lat' dir='ltr'><strong>multi</strong></span> <span class='ocrx_word' id='word_1_100' title='bbox 509 1524 674 1579; x_wconf 78' lang='lat' dir='ltr'><strong>rclms</strong></span> <span class='ocrx_word' id='word_1_101' title='bbox 716 1526 991 1594; x_wconf 88' lang='lat' dir='ltr'><strong>perituris,</strong></span> <span class='ocrx_word' id='word_1_102' title='bbox 1032 1534 1086 1582; x_wconf 92' lang='lat' dir='ltr'><strong>et</strong></span> <span class='ocrx_word' id='word_1_103' title='bbox 1124 1528 1235 1583; x_wconf 88' lang='lat' dir='ltr'><strong>cito</strong></span> <span class='ocrx_word' id='word_1_104' title='bbox 1271 1529 1774 1598; x_wconf 63' lang='lat' dir='ltr'><strong>preter-labentibus</strong></span> <span class='ocrx_word' id='word_1_105' title='bbox 1818 1542 1901 1589; x_wconf 88' lang='lat' dir='ltr'><strong>tu-</strong></span> 
     </span>
    </p>
   </div>
   <div class='ocr_carea' id='block_1_17' title="bbox 314 1617 1896 1691">
    <p class='ocr_par' dir='ltr' id='par_1_17' title="bbox 314 1617 1896 1691">
     <span class='ocr_line' id='line_1_17' title="bbox 314 1617 1896 1691; baseline 0.008 -24"><span class='ocrx_word' id='word_1_106' title='bbox 314 1622 546 1677; x_wconf 83' lang='lat' dir='ltr'><strong>mentes,</strong></span> <span class='ocrx_word' id='word_1_107' title='bbox 581 1622 691 1668; x_wconf 88' lang='lat' dir='ltr'><strong>tam</strong></span> <span class='ocrx_word' id='word_1_108' title='bbox 721 1630 843 1682; x_wconf 86' lang='lat' dir='ltr'><strong>eos,</strong></span> <span class='ocrx_word' id='word_1_109' title='bbox 873 1617 1068 1686; x_wconf 85' lang='lat' dir='ltr'><strong>quibus</strong></span> <span class='ocrx_word' id='word_1_110' title='bbox 1100 1629 1370 1687; x_wconf 63' lang='lat' dir='ltr'><strong>praesunt,</strong></span> <span class='ocrx_word' id='word_1_111' title='bbox 1399 1635 1560 1690; x_wconf 92' lang='lat' dir='ltr'><strong>quam</strong></span> <span class='ocrx_word' id='word_1_112' title='bbox 1589 1623 1749 1677; x_wconf 88' lang='lat' dir='ltr'><strong>etiam</strong></span> <span class='ocrx_word' id='word_1_113' title='bbox 1779 1639 1896 1691; x_wconf 89' lang='lat' dir='ltr'><strong>eos,</strong></span> 
     </span>
    </p>
   </div>
   <div class='ocr_carea' id='block_1_18' title="bbox 313 1705 1894 1781">
    <p class='ocr_par' dir='ltr' id='par_1_18' title="bbox 313 1705 1894 1781">
     <span class='ocr_line' id='line_1_18' title="bbox 313 1705 1894 1781; baseline 0.008 -25"><span class='ocrx_word' id='word_1_114' title='bbox 313 1718 442 1772; x_wconf 84' lang='lat' dir='ltr'><strong>quos</strong></span> <span class='ocrx_word' id='word_1_115' title='bbox 486 1705 737 1774; x_wconf 87' lang='lat' dir='ltr'><strong>potentia</strong></span> <span class='ocrx_word' id='word_1_116' title='bbox 765 1716 819 1761; x_wconf 87' lang='lat' dir='ltr'><strong>et</strong></span> <span class='ocrx_word' id='word_1_117' title='bbox 867 1708 1180 1770; x_wconf 80' lang='lat' dir='ltr'><strong>honoribus,</strong></span> <span class='ocrx_word' id='word_1_118' title='bbox 1230 1716 1285 1764; x_wconf 91' lang='lat' dir='ltr'><strong>et</strong></span> <span class='ocrx_word' id='word_1_119' title='bbox 1323 1710 1526 1766; x_wconf 75' lang='lat' dir='ltr'><strong>divitiis</strong></span> <span class='ocrx_word' id='word_1_120' title='bbox 1563 1715 1894 1781; x_wconf 78' lang='lat' dir='ltr'><strong>pnecedunt,</strong></span> 
     </span>
    </p>
   </div>
   <div class='ocr_carea' id='block_1_19' title="bbox 2015 530 3581 607">
    <p class='ocr_par' dir='ltr' id='par_1_19' title="bbox 2015 530 3581 607">
     <span class='ocr_line' id='line_1_19' title="bbox 2015 530 3581 607; baseline 0.01 -24"><span class='ocrx_word' id='word_1_121' title='bbox 2015 538 2195 584; x_wconf 87' lang='lat' dir='ltr'><strong>autem</strong></span> <span class='ocrx_word' id='word_1_122' title='bbox 2241 530 2546 584; x_wconf 87' lang='lat' dir='ltr'><strong>divinorum</strong></span> <span class='ocrx_word' id='word_1_123' title='bbox 2602 544 2988 604; x_wconf 67' lang='lat' dir='ltr'><strong>pmceptorum</strong></span> <span class='ocrx_word' id='word_1_124' title='bbox 3057 538 3447 607; x_wconf 81' lang='lat' dir='ltr'><strong>immemores,</strong></span> <span class='ocrx_word' id='word_1_125' title='bbox 3509 544 3581 597; x_wconf 70' lang='lat' dir='ltr'><strong>ita</strong></span> 
     </span>
    </p>
   </div>
   <div class='ocr_carea' id='block_1_20' title="bbox 2010 621 3586 699">
    <p class='ocr_par' dir='ltr' id='par_1_20' title="bbox 2010 621 3586 699">
     <span class='ocr_line' id='line_1_20' title="bbox 2010 621 3586 699; baseline 0.01 -25"><span class='ocrx_word' id='word_1_126' title='bbox 2010 621 2158 675; x_wconf 81' lang='lat' dir='ltr'><strong>circa</strong></span> <span class='ocrx_word' id='word_1_127' title='bbox 2183 635 2369 676; x_wconf 86' lang='lat' dir='ltr'><strong>servos</strong></span> <span class='ocrx_word' id='word_1_128' title='bbox 2395 637 2521 676; x_wconf 88' lang='lat' dir='ltr'><strong>suos</strong></span> <span class='ocrx_word' id='word_1_129' title='bbox 2547 634 2603 678; x_wconf 89' lang='lat' dir='ltr'><strong>et</strong></span> <span class='ocrx_word' id='word_1_130' title='bbox 2628 625 2873 681; x_wconf 85' lang='lat' dir='ltr'><strong>subditos</strong></span> <span class='ocrx_word' id='word_1_131' title='bbox 2908 628 3010 682; x_wconf 84' lang='lat' dir='ltr'><strong>sibi</strong></span> <span class='ocrx_word' id='word_1_132' title='bbox 3053 639 3372 699; x_wconf 83' lang='lat' dir='ltr'><strong>potestatem</strong></span> <span class='ocrx_word' id='word_1_133' title='bbox 3414 634 3586 688; x_wconf 80' lang='lat' dir='ltr'><strong>domi-</strong></span> 
     </span>
    </p>
   </div>
   <div class='ocr_carea' id='block_1_21' title="bbox 2011 710 3585 787">
    <p class='ocr_par' dir='ltr' id='par_1_21' title="bbox 2011 710 3585 787">
     <span class='ocr_line' id='line_1_21' title="bbox 2011 710 3585 787; baseline 0.009 -23"><span class='ocrx_word' id='word_1_134' title='bbox 2011 710 2249 765; x_wconf 81' lang='lat' dir='ltr'><strong>nationis</strong></span> <span class='ocrx_word' id='word_1_135' title='bbox 2276 720 2553 777; x_wconf 75' lang='lat' dir='ltr'><strong>exercent,</strong></span> <span class='ocrx_word' id='word_1_136' title='bbox 2583 721 2642 766; x_wconf 88' lang='lat' dir='ltr'><strong>ut</strong></span> <span class='ocrx_word' id='word_1_137' title='bbox 2671 714 2724 767; x_wconf 91' lang='lat' dir='ltr'><strong>in</strong></span> <span class='ocrx_word' id='word_1_138' title='bbox 2752 715 2940 771; x_wconf 88' lang='lat' dir='ltr'><strong>diebus</strong></span> <span class='ocrx_word' id='word_1_139' title='bbox 2961 715 3152 787; x_wconf 71' lang='lat' dir='ltr'><strong>jejunii</strong></span> <span class='ocrx_word' id='word_1_140' title='bbox 3194 738 3298 775; x_wconf 88' lang='lat' dir='ltr'><strong>non</strong></span> <span class='ocrx_word' id='word_1_141' title='bbox 3337 722 3585 779; x_wconf 81' lang='lat' dir='ltr'><strong>dubitent</strong></span> 
     </span>
    </p>
   </div>
   <div class='ocr_carea' id='block_1_22' title="bbox 2011 798 3584 880">
    <p class='ocr_par' dir='ltr' id='par_1_22' title="bbox 2011 798 3584 880">
     <span class='ocr_line' id='line_1_22' title="bbox 2011 798 3584 880; baseline 0.009 -28"><span class='ocrx_word' id='word_1_142' title='bbox 2011 798 2235 870; x_wconf 80' lang='lat' dir='ltr'><strong>ﬂagellis</strong></span> <span class='ocrx_word' id='word_1_143' title='bbox 2253 814 2348 855; x_wconf 88' lang='lat' dir='ltr'><strong>eos</strong></span> <span class='ocrx_word' id='word_1_144' title='bbox 2370 801 2596 864; x_wconf 69' lang='lat' dir='ltr'><strong>caedere,</strong></span> <span class='ocrx_word' id='word_1_145' title='bbox 2622 802 2797 870; x_wconf 71' lang='lat' dir='ltr'><strong>ptenis</strong></span> <span class='ocrx_word' id='word_1_146' title='bbox 2816 803 3050 871; x_wconf 82' lang='lat' dir='ltr'><strong>allicere,</strong></span> <span class='ocrx_word' id='word_1_147' title='bbox 3075 810 3427 879; x_wconf 84' lang='lat' dir='ltr'><strong>compedibus</strong></span> <span class='ocrx_word' id='word_1_148' title='bbox 3449 826 3584 880; x_wconf 69' lang='lat' dir='ltr'><strong>prm-</strong></span> 
     </span>
    </p>
   </div>
   <div class='ocr_carea' id='block_1_23' title="bbox 2008 890 3583 965">
    <p class='ocr_par' dir='ltr' id='par_1_23' title="bbox 2008 890 3583 965">
     <span class='ocr_line' id='line_1_23' title="bbox 2008 890 3583 965; baseline 0.008 -20"><span class='ocrx_word' id='word_1_149' title='bbox 2008 891 2213 961; x_wconf 88' lang='lat' dir='ltr'><strong>pedire.</strong></span> <span class='ocrx_word' id='word_1_150' title='bbox 2241 891 2313 946; x_wconf 89' lang='lat' dir='ltr'><strong>Et</strong></span> <span class='ocrx_word' id='word_1_151' title='bbox 2336 891 2382 946; x_wconf 90' lang='lat' dir='ltr'><strong>si</strong></span> <span class='ocrx_word' id='word_1_152' title='bbox 2412 890 2550 947; x_wconf 82' lang='lat' dir='ltr'><strong>forte</strong></span> <span class='ocrx_word' id='word_1_153' title='bbox 2578 908 2700 948; x_wconf 91' lang='lat' dir='ltr'><strong>cum</strong></span> <span class='ocrx_word' id='word_1_154' title='bbox 2727 895 2794 948; x_wconf 90' lang='lat' dir='ltr'><strong>ad</strong></span> <span class='ocrx_word' id='word_1_155' title='bbox 2820 895 3169 952; x_wconf 83' lang='lat' dir='ltr'><strong>reficiendum</strong></span> <span class='ocrx_word' id='word_1_156' title='bbox 3202 901 3438 965; x_wconf 82' lang='lat' dir='ltr'><strong>venitur,</strong></span> <span class='ocrx_word' id='word_1_157' title='bbox 3472 912 3583 958; x_wconf 87' lang='lat' dir='ltr'><strong>tar-</strong></span> 
     </span>
    </p>
   </div>
   <div class='ocr_carea' id='block_1_24' title="bbox 2009 982 3582 1049">
    <p class='ocr_par' dir='ltr' id='par_1_24' title="bbox 2009 982 3582 1049">
     <span class='ocr_line' id='line_1_24' title="bbox 2009 982 3582 1049; baseline 0.009 -14"><span class='ocrx_word' id='word_1_158' title='bbox 2009 982 2129 1036; x_wconf 85' lang='lat' dir='ltr'><strong>dius</strong></span> <span class='ocrx_word' id='word_1_159' title='bbox 2166 982 2418 1038; x_wconf 84' lang='lat' dir='ltr'><strong>minister</strong></span> <span class='ocrx_word' id='word_1_160' title='bbox 2463 982 2729 1049; x_wconf 78' lang='lat' dir='ltr'><strong>adfuerit,</strong></span> <span class='ocrx_word' id='word_1_161' title='bbox 2780 985 2963 1040; x_wconf 87' lang='lat' dir='ltr'><strong>statim</strong></span> <span class='ocrx_word' id='word_1_162' title='bbox 3007 1003 3129 1042; x_wconf 88' lang='lat' dir='ltr'><strong>eunt</strong></span> <span class='ocrx_word' id='word_1_163' title='bbox 3159 993 3474 1049; x_wconf 81' lang='lat' dir='ltr'><strong>verberibus</strong></span> <span class='ocrx_word' id='word_1_164' title='bbox 3507 994 3582 1049; x_wconf 82' lang='lat' dir='ltr'><strong>la-</strong></span> 
     </span>
    </p>
   </div>
   <div class='ocr_carea' id='block_1_25' title="bbox 2008 1071 3580 1152">
    <p class='ocr_par' dir='ltr' id='par_1_25' title="bbox 2008 1071 3580 1152">
     <span class='ocr_line' id='line_1_25' title="bbox 2008 1071 3580 1152; baseline 0.009 -28"><span class='ocrx_word' id='word_1_165' title='bbox 2008 1071 2192 1136; x_wconf 87' lang='lat' dir='ltr'><strong>niare,</strong></span> <span class='ocrx_word' id='word_1_166' title='bbox 2235 1081 2290 1127; x_wconf 87' lang='lat' dir='ltr'><strong>et</strong></span> <span class='ocrx_word' id='word_1_167' title='bbox 2329 1073 2479 1143; x_wconf 88' lang='lat' dir='ltr'><strong>prius</strong></span> <span class='ocrx_word' id='word_1_168' title='bbox 2528 1089 2587 1128; x_wconf 88' lang='lat' dir='ltr'><strong>se</strong></span> <span class='ocrx_word' id='word_1_169' title='bbox 2632 1076 2836 1129; x_wconf 86' lang='lat' dir='ltr'><strong>satiare</strong></span> <span class='ocrx_word' id='word_1_170' title='bbox 2870 1077 3066 1130; x_wconf 85' lang='lat' dir='ltr'><strong>servuli</strong></span> <span class='ocrx_word' id='word_1_171' title='bbox 3093 1080 3383 1150; x_wconf 79' lang='lat' dir='ltr'><strong>sanguine,</strong></span> <span class='ocrx_word' id='word_1_172' title='bbox 3414 1098 3580 1152; x_wconf 86' lang='lat' dir='ltr'><strong>quam</strong></span> 
     </span>
    </p>
   </div>
   <div class='ocr_carea' id='block_1_26' title="bbox 2006 1161 3581 1242">
    <p class='ocr_par' dir='ltr' id='par_1_26' title="bbox 2006 1161 3581 1242">
     <span class='ocr_line' id='line_1_26' title="bbox 2006 1161 3581 1242; baseline 0.008 -28"><span class='ocrx_word' id='word_1_173' title='bbox 2006 1161 2239 1215; x_wconf 86' lang='lat' dir='ltr'><strong>convivii</strong></span> <span class='ocrx_word' id='word_1_174' title='bbox 2273 1162 2567 1232; x_wconf 79' lang='lat' dir='ltr'><strong>voluptate.</strong></span> <span class='ocrx_word' id='word_1_175' title='bbox 2596 1163 2799 1218; x_wconf 83' lang='lat' dir='ltr'><strong>Horum</strong></span> <span class='ocrx_word' id='word_1_176' title='bbox 2842 1166 2949 1220; x_wconf 86' lang='lat' dir='ltr'><strong>tale</strong></span> <span class='ocrx_word' id='word_1_177' title='bbox 2990 1165 3262 1234; x_wconf 76' lang='lat' dir='ltr'><strong>jejunium</strong></span> <span class='ocrx_word' id='word_1_178' title='bbox 3289 1179 3409 1236; x_wconf 88' lang='lat' dir='ltr'><strong>est;</strong></span> <span class='ocrx_word' id='word_1_179' title='bbox 3437 1174 3581 1242; x_wconf 83' lang='lat' dir='ltr'><strong>quod</strong></span> 
     </span>
    </p>
   </div>
   <div class='ocr_carea' id='block_1_27' title="bbox 2005 1251 3683 1327">
    <p class='ocr_par' dir='ltr' id='par_1_27' title="bbox 2005 1251 3683 1327">
     <span class='ocr_line' id='line_1_27' title="bbox 2005 1251 3683 1327; baseline 0.007 -21"><span class='ocrx_word' id='word_1_180' title='bbox 2005 1251 2448 1327; x_wconf 69' lang='lat' dir='ltr'><strong>ideojejunatum</strong></span> <span class='ocrx_word' id='word_1_181' title='bbox 2474 1264 2580 1321; x_wconf 91' lang='lat' dir='ltr'><strong>est,</strong></span> <span class='ocrx_word' id='word_1_182' title='bbox 2612 1266 2798 1311; x_wconf 90' lang='lat' dir='ltr'><strong>nonut</strong></span> <span class='ocrx_word' id='word_1_183' title='bbox 2824 1258 3125 1313; x_wconf 83' lang='lat' dir='ltr'><strong>divinitatis</strong></span> <span class='ocrx_word' id='word_1_184' title='bbox 3156 1259 3581 1320; x_wconf 78' lang='lat' dir='ltr'><strong>misericordiam</strong></span> <span class='ocrx_word' id='word_1_185' title='bbox 3674 1264 3683 1267; x_wconf 80' lang='grc'><strong>’</strong></span> 
     </span>
    </p>
   </div>
   <div class='ocr_carea' id='block_1_28' title="bbox 2005 1345 3583 1418">
    <p class='ocr_par' dir='ltr' id='par_1_28' title="bbox 2005 1345 3583 1418">
     <span class='ocr_line' id='line_1_28' title="bbox 2005 1345 3583 1418; baseline 0.006 -23"><span class='ocrx_word' id='word_1_186' title='bbox 2005 1352 2343 1412; x_wconf 87' lang='lat' dir='ltr'><strong>provocaret,</strong></span> <span class='ocrx_word' id='word_1_187' title='bbox 2370 1345 2463 1400; x_wconf 87' lang='lat' dir='ltr'><strong>sed</strong></span> <span class='ocrx_word' id='word_1_188' title='bbox 2503 1353 2562 1398; x_wconf 89' lang='lat' dir='ltr'><strong>ut</strong></span> <span class='ocrx_word' id='word_1_189' title='bbox 2602 1345 2896 1400; x_wconf 85' lang='lat' dir='ltr'><strong>clamorem</strong></span> <span class='ocrx_word' id='word_1_190' title='bbox 2928 1346 3149 1402; x_wconf 79' lang='lat' dir='ltr'><strong>familia:</strong></span> <span class='ocrx_word' id='word_1_191' title='bbox 3178 1349 3583 1418; x_wconf 84' lang='lat' dir='ltr'><strong>ingemiscentis</strong></span> 
     </span>
    </p>
   </div>
   <div class='ocr_carea' id='block_1_29' title="bbox 2003 1435 3583 1510">
    <p class='ocr_par' dir='ltr' id='par_1_29' title="bbox 2003 1435 3583 1510">
     <span class='ocr_line' id='line_1_29' title="bbox 2003 1435 3583 1510; baseline 0.005 -21"><span class='ocrx_word' id='word_1_192' title='bbox 2003 1435 2324 1491; x_wconf 75' lang='lat' dir='ltr'><strong>ell‘untleret.</strong></span> <span class='ocrx_word' id='word_1_193' title='bbox 2355 1436 2613 1507; x_wconf 87' lang='lat' dir='ltr'><strong>Quisquis</strong></span> <span class='ocrx_word' id='word_1_194' title='bbox 2638 1447 2820 1493; x_wconf 86' lang='lat' dir='ltr'><strong>autem</strong></span> <span class='ocrx_word' id='word_1_195' title='bbox 2852 1440 3001 1510; x_wconf 88' lang='lat' dir='ltr'><strong>cupit</strong></span> <span class='ocrx_word' id='word_1_196' title='bbox 3028 1438 3125 1495; x_wconf 88' lang='lat' dir='ltr'><strong>Dei</strong></span> <span class='ocrx_word' id='word_1_197' title='bbox 3155 1441 3583 1497; x_wconf 81' lang='lat' dir='ltr'><strong>misericordiam</strong></span> 
     </span>
    </p>
   </div>
   <div class='ocr_carea' id='block_1_30' title="bbox 2001 1527 3584 1599">
    <p class='ocr_par' dir='ltr' id='par_1_30' title="bbox 2001 1527 3584 1599">
     <span class='ocr_line' id='line_1_30' title="bbox 2001 1527 3584 1599; baseline 0.005 -20"><span class='ocrx_word' id='word_1_198' title='bbox 2001 1527 2331 1596; x_wconf 87' lang='lat' dir='ltr'><strong>promereri,</strong></span> <span class='ocrx_word' id='word_1_199' title='bbox 2368 1528 2482 1596; x_wconf 87' lang='lat' dir='ltr'><strong>ipse</strong></span> <span class='ocrx_word' id='word_1_200' title='bbox 2527 1530 2687 1584; x_wconf 84' lang='lat' dir='ltr'><strong>debet</strong></span> <span class='ocrx_word' id='word_1_201' title='bbox 2714 1544 2834 1585; x_wconf 84' lang='lat' dir='ltr'><strong>esse</strong></span> <span class='ocrx_word' id='word_1_202' title='bbox 2880 1532 3029 1599; x_wconf 86' lang='lat' dir='ltr'><strong>prior</strong></span> <span class='ocrx_word' id='word_1_203' title='bbox 3059 1530 3410 1586; x_wconf 76' lang='lat' dir='ltr'><strong>misericors:</strong></span> <span class='ocrx_word' id='word_1_204' title='bbox 3448 1533 3584 1588; x_wconf 80' lang='lat' dir='ltr'><strong>seri-</strong></span> 
     </span>
    </p>
   </div>
   <div class='ocr_carea' id='block_1_31' title="bbox 2000 1617 3580 1691">
    <p class='ocr_par' dir='ltr' id='par_1_31' title="bbox 2000 1617 3580 1691">
     <span class='ocr_line' id='line_1_31' title="bbox 2000 1617 3580 1691; baseline 0.004 -20"><span class='ocrx_word' id='word_1_205' title='bbox 2000 1625 2150 1686; x_wconf 84' lang='lat' dir='ltr'><strong>ptum</strong></span> <span class='ocrx_word' id='word_1_206' title='bbox 2164 1625 2250 1672; x_wconf 85' lang='lat' dir='ltr'><strong>est</strong></span> <span class='ocrx_word' id='word_1_207' title='bbox 2274 1618 2418 1671; x_wconf 88' lang='lat' dir='ltr'><strong>enim</strong></span> <span class='ocrx_word' id='word_1_208' title='bbox 2440 1636 2452 1671; x_wconf 93' lang='lat'><strong>:</strong></span> <span class='ocrx_word' id='word_1_209' title='bbox 2478 1617 2541 1671; x_wconf 81' lang='lat' dir='ltr'><strong>In</strong></span> <span class='ocrx_word' id='word_1_210' title='bbox 2564 1635 2667 1688; x_wconf 83' lang='lat' dir='ltr'><strong>qua</strong></span> <span class='ocrx_word' id='word_1_211' title='bbox 2692 1635 2940 1674; x_wconf 74' lang='lat' dir='ltr'><strong>mensura</strong></span> <span class='ocrx_word' id='word_1_212' title='bbox 2963 1622 3130 1675; x_wconf 78' lang='lat' dir='ltr'><strong>mensi</strong></span> <span class='ocrx_word' id='word_1_213' title='bbox 3154 1620 3383 1691; x_wconf 78' lang='lat' dir='ltr'><strong>fueritis,</strong></span> <span class='ocrx_word' id='word_1_214' title='bbox 3398 1621 3580 1677; x_wconf 66' lang='lat' dir='ltr'><strong>eadem</strong></span> 
     </span>
    </p>
   </div>
   <div class='ocr_carea' id='block_1_32' title="bbox 2000 1708 3583 1781">
    <p class='ocr_par' dir='ltr' id='par_1_32' title="bbox 2000 1708 3583 1781">
     <span class='ocr_line' id='line_1_32' title="bbox 2000 1708 3583 1781; baseline 0.005 -23"><span class='ocrx_word' id='word_1_215' title='bbox 2000 1722 2246 1760; x_wconf 83' lang='lat' dir='ltr'><strong>mensura</strong></span> <span class='ocrx_word' id='word_1_216' title='bbox 2269 1708 2568 1761; x_wconf 84' lang='lat' dir='ltr'><strong>remetietnr</strong></span> <span class='ocrx_word' id='word_1_217' title='bbox 2586 1709 2725 1762; x_wconf 74' lang='lat' dir='ltr'><strong>vobis</strong></span> <span class='ocrx_word' id='word_1_218' title='bbox 2748 1708 2960 1780; x_wconf 75' lang='lat' dir='ltr'><strong>(Matth.</strong></span> <span class='ocrx_word' id='word_1_219' title='bbox 2987 1726 3087 1775; x_wconf 85' lang='lat' dir='ltr'><strong>vn,</strong></span> <span class='ocrx_word' id='word_1_220' title='bbox 3113 1710 3192 1781; x_wconf 73' lang='lat'><strong>2).</strong></span> <span class='ocrx_word' id='word_1_221' title='bbox 3216 1710 3283 1765; x_wconf 78' lang='lat' dir='ltr'><strong>Et</strong></span> <span class='ocrx_word' id='word_1_222' title='bbox 3301 1711 3445 1781; x_wconf 86' lang='lat' dir='ltr'><strong>quod</strong></span> <span class='ocrx_word' id='word_1_223' title='bbox 3468 1727 3583 1766; x_wconf 86' lang='lat' dir='ltr'><strong>ma-</strong></span> 
     </span>
    </p>
   </div>
   <div class='ocr_carea' id='block_1_33' title="bbox 311 1794 3579 1869">
    <p class='ocr_par' dir='ltr' id='par_1_33' title="bbox 311 1794 3579 1869">
     <span class='ocr_line' id='line_1_33' title="bbox 311 1794 3579 1869; baseline 0.003 -23"><span class='ocrx_word' id='word_1_224' title='bbox 311 1794 407 1847; x_wconf 81' lang='lat' dir='ltr'><strong>sibi</strong></span> <span class='ocrx_word' id='word_1_225' title='bbox 450 1803 653 1847; x_wconf 84' lang='lat' dir='ltr'><strong>natura</strong></span> <span class='ocrx_word' id='word_1_226' title='bbox 694 1795 931 1865; x_wconf 65' lang='lat' dir='ltr'><strong>aequales</strong></span> <span class='ocrx_word' id='word_1_227' title='bbox 958 1812 1063 1851; x_wconf 89' lang='lat' dir='ltr'><strong>non</strong></span> <span class='ocrx_word' id='word_1_228' title='bbox 1101 1808 1523 1869; x_wconf 86' lang='lat' dir='ltr'><strong>recognoscunt;</strong></span> <span class='ocrx_word' id='word_1_229' title='bbox 1557 1810 1611 1855; x_wconf 90' lang='lat' dir='ltr'><strong>et</strong></span> <span class='ocrx_word' id='word_1_230' title='bbox 1644 1803 1687 1857; x_wconf 91' lang='lat' dir='ltr'><strong>si</strong></span> <span class='ocrx_word' id='word_1_231' title='bbox 1720 1805 1899 1860; x_wconf 81' lang='lat' dir='ltr'><strong>verbis</strong></span> <span class='ocrx_word' id='word_1_232' title='bbox 1930 1794 1973 1852; x_wconf 86' lang='grc' dir='ltr'><strong>Β</strong></span> <span class='ocrx_word' id='word_1_233' title='bbox 2000 1799 2084 1869; x_wconf 92' lang='lat' dir='ltr'><strong>gis</strong></span> <span class='ocrx_word' id='word_1_234' title='bbox 2104 1798 2394 1853; x_wconf 86' lang='lat' dir='ltr'><strong>dolendum</strong></span> <span class='ocrx_word' id='word_1_235' title='bbox 2419 1807 2525 1864; x_wconf 87' lang='lat' dir='ltr'><strong>est,</strong></span> <span class='ocrx_word' id='word_1_236' title='bbox 2551 1799 2894 1855; x_wconf 86' lang='lat' dir='ltr'><strong>Christianus</strong></span> <span class='ocrx_word' id='word_1_237' title='bbox 2916 1801 3170 1856; x_wconf 82' lang='lat' dir='ltr'><strong>dominus</strong></span> <span class='ocrx_word' id='word_1_238' title='bbox 3193 1802 3504 1857; x_wconf 80' lang='lat' dir='ltr'><strong>Christiano</strong></span> <span class='ocrx_word' id='word_1_239' title='bbox 3524 1803 3579 1857; x_wconf 88' lang='lat' dir='ltr'><strong>in</strong></span> 
     </span>
    </p>
   </div>
   <div class='ocr_carea' id='block_1_34' title="bbox 312 1885 1898 1962">
    <p class='ocr_par' dir='ltr' id='par_1_34' title="bbox 312 1885 1898 1962">
     <span class='ocr_line' id='line_1_34' title="bbox 312 1885 1898 1962; baseline 0.009 -26"><span class='ocrx_word' id='word_1_240' title='bbox 312 1895 650 1955; x_wconf 80' lang='lat' dir='ltr'><strong>agnoscunt,</strong></span> <span class='ocrx_word' id='word_1_241' title='bbox 692 1885 977 1942; x_wconf 69' lang='lat' dir='ltr'><strong>aﬂ‘ectioue</strong></span> <span class='ocrx_word' id='word_1_242' title='bbox 1015 1896 1192 1944; x_wconf 89' lang='lat' dir='ltr'><strong>tamen</strong></span> <span class='ocrx_word' id='word_1_243' title='bbox 1237 1905 1344 1945; x_wconf 91' lang='lat' dir='ltr'><strong>non</strong></span> <span class='ocrx_word' id='word_1_244' title='bbox 1390 1902 1707 1962; x_wconf 81' lang='lat' dir='ltr'><strong>agnoscunt.</strong></span> <span class='ocrx_word' id='word_1_245' title='bbox 1745 1896 1898 1961; x_wconf 80' lang='lat' dir='ltr'><strong>Quod</strong></span> 
     </span>
    </p>
   </div>
   <div class='ocr_carea' id='block_1_35' title="bbox 309 1974 1894 2048">
    <p class='ocr_par' dir='ltr' id='par_1_35' title="bbox 309 1974 1894 2048">
     <span class='ocr_line' id='line_1_35' title="bbox 309 1974 1894 2048; baseline 0.011 -25"><span class='ocrx_word' id='word_1_246' title='bbox 309 1974 491 2028; x_wconf 77' lang='lat' dir='ltr'><strong>vitium</strong></span> <span class='ocrx_word' id='word_1_247' title='bbox 525 1993 597 2030; x_wconf 78' lang='lat' dir='ltr'><strong>ex</strong></span> <span class='ocrx_word' id='word_1_248' title='bbox 640 1976 788 2032; x_wconf 88' lang='lat' dir='ltr'><strong>fonte</strong></span> <span class='ocrx_word' id='word_1_249' title='bbox 824 1979 1091 2048; x_wconf 69' lang='lat' dir='ltr'><strong>superbia:</strong></span> <span class='ocrx_word' id='word_1_250' title='bbox 1119 1994 1374 2035; x_wconf 88' lang='lat' dir='ltr'><strong>emanare</strong></span> <span class='ocrx_word' id='word_1_251' title='bbox 1410 1982 1754 2038; x_wconf 84' lang='lat' dir='ltr'><strong>manifestum</strong></span> <span class='ocrx_word' id='word_1_252' title='bbox 1792 2000 1833 2039; x_wconf 85' lang='lat' dir='ltr'><strong>e.</strong></span> <span class='ocrx_word' id='word_1_253' title='bbox 1856 1994 1894 2040; x_wconf 87' lang='lat' dir='ltr'><strong>t.</strong></span> 
     </span>
    </p>
   </div>
   <div class='ocr_carea' id='block_1_36' title="bbox 309 2060 1896 2142">
    <p class='ocr_par' dir='ltr' id='par_1_36' title="bbox 309 2060 1896 2142">
     <span class='ocr_line' id='line_1_36' title="bbox 309 2060 1896 2142; baseline 0.008 -25"><span class='ocrx_word' id='word_1_254' title='bbox 309 2061 411 2118; x_wconf 89' lang='lat' dir='ltr'><strong>Cur</strong></span> <span class='ocrx_word' id='word_1_255' title='bbox 434 2066 590 2119; x_wconf 86' lang='lat' dir='ltr'><strong>enim</strong></span> <span class='ocrx_word' id='word_1_256' title='bbox 617 2066 869 2123; x_wconf 90' lang='lat' dir='ltr'><strong>dominus</strong></span> <span class='ocrx_word' id='word_1_257' title='bbox 891 2076 945 2123; x_wconf 93' lang='lat' dir='ltr'><strong>et</strong></span> <span class='ocrx_word' id='word_1_258' title='bbox 970 2060 1178 2135; x_wconf 81' lang='lat' dir='ltr'><strong>servus,</strong></span> <span class='ocrx_word' id='word_1_259' title='bbox 1203 2069 1354 2125; x_wconf 85' lang='lat' dir='ltr'><strong>dives</strong></span> <span class='ocrx_word' id='word_1_260' title='bbox 1380 2081 1431 2127; x_wconf 91' lang='lat' dir='ltr'><strong>et</strong></span> <span class='ocrx_word' id='word_1_261' title='bbox 1454 2086 1677 2142; x_wconf 87' lang='lat' dir='ltr'><strong>pauper,</strong></span> <span class='ocrx_word' id='word_1_262' title='bbox 1705 2084 1896 2130; x_wconf 89' lang='lat' dir='ltr'><strong>natura</strong></span> 
     </span>
    </p>
   </div>
   <div class='ocr_carea' id='block_1_37' title="bbox 308 2158 1895 2237">
    <p class='ocr_par' dir='ltr' id='par_1_37' title="bbox 308 2158 1895 2237">
     <span class='ocr_line' id='line_1_37' title="bbox 308 2158 1895 2237; baseline 0.011 -30"><span class='ocrx_word' id='word_1_263' title='bbox 308 2170 408 2209; x_wconf 88' lang='lat' dir='ltr'><strong>non</strong></span> <span class='ocrx_word' id='word_1_264' title='bbox 440 2167 579 2210; x_wconf 90' lang='lat' dir='ltr'><strong>sunt</strong></span> <span class='ocrx_word' id='word_1_265' title='bbox 603 2158 862 2227; x_wconf 65' lang='lat' dir='ltr'><strong>aequales,</strong></span> <span class='ocrx_word' id='word_1_266' title='bbox 890 2161 981 2229; x_wconf 90' lang='lat' dir='ltr'><strong>qui</strong></span> <span class='ocrx_word' id='word_1_267' title='bbox 1012 2176 1177 2215; x_wconf 84' lang='lat' dir='ltr'><strong>unum</strong></span> <span class='ocrx_word' id='word_1_268' title='bbox 1210 2162 1377 2217; x_wconf 87' lang='lat' dir='ltr'><strong>Deum</strong></span> <span class='ocrx_word' id='word_1_269' title='bbox 1412 2178 1519 2219; x_wconf 90' lang='lat' dir='ltr'><strong>non</strong></span> <span class='ocrx_word' id='word_1_270' title='bbox 1558 2177 1895 2237; x_wconf 84' lang='lat' dir='ltr'><strong>acceptorem</strong></span> 
     </span>
    </p>
   </div>
   <div class='ocr_carea' id='block_1_38' title="bbox 307 2249 1194 2316">
    <p class='ocr_par' dir='ltr' id='par_1_38' title="bbox 307 2249 1194 2316">
     <span class='ocr_line' id='line_1_38' title="bbox 307 2249 1194 2316; baseline 0.007 -16"><span class='ocrx_word' id='word_1_271' title='bbox 307 2261 663 2316; x_wconf 81' lang='lat' dir='ltr'><strong>personarum</strong></span> <span class='ocrx_word' id='word_1_272' title='bbox 698 2249 899 2305; x_wconf 87' lang='lat' dir='ltr'><strong>habent</strong></span> <span class='ocrx_word' id='word_1_273' title='bbox 926 2251 978 2305; x_wconf 91' lang='lat' dir='ltr'><strong>in</strong></span> <span class='ocrx_word' id='word_1_274' title='bbox 1007 2251 1194 2307; x_wconf 74' lang='lat' dir='ltr'><strong>cmlis?</strong></span> 
     </span>
    </p>
   </div>
   <div class='ocr_carea' id='block_1_39' title="bbox 369 2337 1896 2417">
    <p class='ocr_par' dir='ltr' id='par_1_39' title="bbox 369 2337 1896 2417">
     <span class='ocr_line' id='line_1_39' title="bbox 369 2337 1896 2417; baseline 0.01 -28"><span class='ocrx_word' id='word_1_275' title='bbox 369 2337 530 2403; x_wconf 85' lang='lat' dir='ltr'><strong>Quod</strong></span> <span class='ocrx_word' id='word_1_276' title='bbox 572 2353 704 2407; x_wconf 85' lang='lat' dir='ltr'><strong>ergo</strong></span> <span class='ocrx_word' id='word_1_277' title='bbox 737 2338 952 2393; x_wconf 90' lang='lat' dir='ltr'><strong>Domini</strong></span> <span class='ocrx_word' id='word_1_278' title='bbox 984 2341 1036 2394; x_wconf 88' lang='lat' dir='ltr'><strong>id</strong></span> <span class='ocrx_word' id='word_1_279' title='bbox 1075 2343 1218 2412; x_wconf 90' lang='lat' dir='ltr'><strong>quod</strong></span> <span class='ocrx_word' id='word_1_280' title='bbox 1258 2359 1471 2414; x_wconf 70' lang='lat' dir='ltr'><strong>mquam</strong></span> <span class='ocrx_word' id='word_1_281' title='bbox 1501 2354 1555 2402; x_wconf 90' lang='lat' dir='ltr'><strong>et</strong></span> <span class='ocrx_word' id='word_1_282' title='bbox 1580 2346 1787 2417; x_wconf 79' lang='lat' dir='ltr'><strong>justum</strong></span> <span class='ocrx_word' id='word_1_283' title='bbox 1812 2358 1896 2405; x_wconf 87' lang='lat' dir='ltr'><strong>est</strong></span> 
     </span>
    </p>
   </div>
   <div class='ocr_carea' id='block_1_40' title="bbox 304 2429 1893 2498">
    <p class='ocr_par' dir='ltr' id='par_1_40' title="bbox 304 2429 1893 2498">
     <span class='ocr_line' id='line_1_40' title="bbox 304 2429 1893 2498; baseline 0.008 -16"><span class='ocrx_word' id='word_1_284' title='bbox 304 2429 474 2482; x_wconf 80' lang='lat' dir='ltr'><strong>servis</strong></span> <span class='ocrx_word' id='word_1_285' title='bbox 514 2439 781 2498; x_wconf 63' lang='lat' dir='ltr'><strong>prtestare</strong></span> <span class='ocrx_word' id='word_1_286' title='bbox 821 2431 1083 2498; x_wconf 86' lang='lat' dir='ltr'><strong>debeant,</strong></span> <span class='ocrx_word' id='word_1_287' title='bbox 1114 2432 1312 2490; x_wconf 85' lang='lat' dir='ltr'><strong>Paulus</strong></span> <span class='ocrx_word' id='word_1_288' title='bbox 1336 2437 1493 2491; x_wconf 80' lang='lat' dir='ltr'><strong>docet</strong></span> <span class='ocrx_word' id='word_1_289' title='bbox 1521 2438 1705 2494; x_wconf 90' lang='lat' dir='ltr'><strong>dicens</strong></span> <span class='ocrx_word' id='word_1_290' title='bbox 1737 2458 1749 2493; x_wconf 94' lang='lat'>:</span> <span class='ocrx_word' id='word_1_291' title='bbox 1783 2440 1893 2495; x_wconf 89' lang='lat' dir='ltr'><strong>Do-</strong></span> 
     </span>
    </p>
   </div>
   <div class='ocr_carea' id='block_1_41' title="bbox 301 2517 1893 2600">
    <p class='ocr_par' dir='ltr' id='par_1_41' title="bbox 301 2517 1893 2600">
     <span class='ocr_line' id='line_1_41' title="bbox 301 2517 1893 2600; baseline 0.011 -32"><span class='ocrx_word' id='word_1_292' title='bbox 301 2518 425 2571; x_wconf 78' lang='lat' dir='ltr'><strong>mini</strong></span> <span class='ocrx_word' id='word_1_293' title='bbox 474 2517 624 2588; x_wconf 81' lang='lat' dir='ltr'><strong>quod</strong></span> <span class='ocrx_word' id='word_1_294' title='bbox 663 2519 873 2588; x_wconf 73' lang='lat' dir='ltr'><strong>justum</strong></span> <span class='ocrx_word' id='word_1_295' title='bbox 926 2531 1000 2574; x_wconf 86' lang='lat' dir='ltr'><strong>cst</strong></span> <span class='ocrx_word' id='word_1_296' title='bbox 1051 2532 1099 2577; x_wconf 87' lang='lat' dir='ltr'><strong>et</strong></span> <span class='ocrx_word' id='word_1_297' title='bbox 1151 2539 1359 2595; x_wconf 71' lang='lat' dir='ltr'><strong>mquam</strong></span> <span class='ocrx_word' id='word_1_298' title='bbox 1408 2528 1569 2581; x_wconf 78' lang='lat' dir='ltr'><strong>servis</strong></span> <span class='ocrx_word' id='word_1_299' title='bbox 1612 2540 1893 2600; x_wconf 70' lang='lat' dir='ltr'><strong>pra’state;</strong></span> 
     </span>
    </p>
   </div>
   <div class='ocr_carea' id='block_1_42' title="bbox 299 2612 1892 2682">
    <p class='ocr_par' dir='ltr' id='par_1_42' title="bbox 299 2612 1892 2682">
     <span class='ocr_line' id='line_1_42' title="bbox 299 2612 1892 2682; baseline 0.009 -20"><span class='ocrx_word' id='word_1_300' title='bbox 299 2612 519 2665; x_wconf 77' lang='lat' dir='ltr'><strong>scientes</strong></span> <span class='ocrx_word' id='word_1_301' title='bbox 556 2613 696 2682; x_wconf 82' lang='lat' dir='ltr'><strong>quod</strong></span> <span class='ocrx_word' id='word_1_302' title='bbox 730 2623 897 2667; x_wconf 73' lang='lat' dir='ltr'><strong>vester</strong></span> <span class='ocrx_word' id='word_1_303' title='bbox 935 2624 981 2668; x_wconf 86' lang='lat' dir='ltr'><strong>et</strong></span> <span class='ocrx_word' id='word_1_304' title='bbox 1024 2614 1236 2670; x_wconf 84' lang='lat' dir='ltr'><strong>illorum</strong></span> <span class='ocrx_word' id='word_1_305' title='bbox 1274 2617 1529 2674; x_wconf 79' lang='lat' dir='ltr'><strong>Dominus</strong></span> <span class='ocrx_word' id='word_1_306' title='bbox 1566 2621 1634 2675; x_wconf 89' lang='lat' dir='ltr'><strong>sit</strong></span> <span class='ocrx_word' id='word_1_307' title='bbox 1672 2622 1729 2675; x_wconf 87' lang='lat' dir='ltr'><strong>in</strong></span> <span class='ocrx_word' id='word_1_308' title='bbox 1765 2623 1892 2678; x_wconf 73' lang='lat' dir='ltr'><strong>cozlo</strong></span> 
     </span>
    </p>
   </div>
   <div class='ocr_carea' id='block_1_43' title="bbox 302 2700 1889 2775">
    <p class='ocr_par' dir='ltr' id='par_1_43' title="bbox 302 2700 1889 2775">
     <span class='ocr_line' id='line_1_43' title="bbox 302 2700 1889 2775; baseline 0.009 -21"><span class='ocrx_word' id='word_1_309' title='bbox 302 2700 530 2770; x_wconf 85' lang='lat' dir='ltr'><strong>(Coloss.</strong></span> <span class='ocrx_word' id='word_1_310' title='bbox 563 2719 638 2768; x_wconf 83' lang='lat' dir='ltr'><strong>tv,</strong></span> <span class='ocrx_word' id='word_1_311' title='bbox 675 2703 748 2775; x_wconf 86' lang='lat' dir='ltr'><strong>l).</strong></span> <span class='ocrx_word' id='word_1_312' title='bbox 778 2703 856 2759; x_wconf 90' lang='lat' dir='ltr'><strong>De</strong></span> <span class='ocrx_word' id='word_1_313' title='bbox 883 2720 988 2775; x_wconf 89' lang='lat' dir='ltr'><strong>qua</strong></span> <span class='ocrx_word' id='word_1_314' title='bbox 1018 2708 1184 2762; x_wconf 90' lang='lat' dir='ltr'><strong>etiam</strong></span> <span class='ocrx_word' id='word_1_315' title='bbox 1217 2724 1274 2764; x_wconf 89' lang='lat' dir='ltr'><strong>re</strong></span> <span class='ocrx_word' id='word_1_316' title='bbox 1311 2710 1385 2764; x_wconf 91' lang='lat' dir='ltr'><strong>ita</strong></span> <span class='ocrx_word' id='word_1_317' title='bbox 1421 2712 1498 2764; x_wconf 88' lang='lat' dir='ltr'><strong>ait</strong></span> <span class='ocrx_word' id='word_1_318' title='bbox 1531 2711 1717 2768; x_wconf 88' lang='lat' dir='ltr'><strong>beatus</strong></span> <span class='ocrx_word' id='word_1_319' title='bbox 1752 2712 1889 2768; x_wconf 86' lang='lat' dir='ltr'><strong>Gre-</strong></span> 
     </span>
    </p>
   </div>
   <div class='ocr_carea' id='block_1_44' title="bbox 300 2793 1891 2871">
    <p class='ocr_par' dir='ltr' id='par_1_44' title="bbox 300 2793 1891 2871">
     <span class='ocr_line' id='line_1_44' title="bbox 300 2793 1891 2871; baseline 0.01 -27"><span class='ocrx_word' id='word_1_320' title='bbox 300 2793 485 2863; x_wconf 82' lang='lat' dir='ltr'><strong>gorius</strong></span> <span class='ocrx_word' id='word_1_321' title='bbox 512 2812 526 2847; x_wconf 92' lang='lat'>:</span> <span class='ocrx_word' id='word_1_322' title='bbox 558 2812 577 2846; x_wconf 76' lang='grc' dir='ltr'>ι</span> <span class='ocrx_word' id='word_1_323' title='bbox 608 2807 634 2835; x_wconf 78' lang='grc' dir='ltr'>ι</span> <span class='ocrx_word' id='word_1_324' title='bbox 660 2794 978 2851; x_wconf 88' lang='lat' dir='ltr'><strong>Potentibus</strong></span> <span class='ocrx_word' id='word_1_325' title='bbox 1002 2799 1133 2853; x_wconf 90' lang='lat' dir='ltr'><strong>viris</strong></span> <span class='ocrx_word' id='word_1_326' title='bbox 1163 2816 1354 2871; x_wconf 85' lang='lat' dir='ltr'><strong>magna</strong></span> <span class='ocrx_word' id='word_1_327' title='bbox 1374 2810 1458 2857; x_wconf 91' lang='lat' dir='ltr'><strong>est</strong></span> <span class='ocrx_word' id='word_1_328' title='bbox 1481 2803 1651 2859; x_wconf 90' lang='lat' dir='ltr'><strong>virtus</strong></span> <span class='ocrx_word' id='word_1_329' title='bbox 1672 2804 1891 2859; x_wconf 90' lang='lat' dir='ltr'><strong>humili-</strong></span> 
     </span>
    </p>
   </div>
   <div class='ocr_carea' id='block_1_45' title="bbox 303 2884 1891 2956">
    <p class='ocr_par' dir='ltr' id='par_1_45' title="bbox 303 2884 1891 2956">
     <span class='ocr_line' id='line_1_45' title="bbox 303 2884 1891 2956; baseline 0.008 -21"><span class='ocrx_word' id='word_1_330' title='bbox 303 2884 448 2949; x_wconf 83' lang='lat' dir='ltr'><strong>tatis,</strong></span> <span class='ocrx_word' id='word_1_331' title='bbox 471 2885 819 2940; x_wconf 83' lang='lat' dir='ltr'><strong>considerata</strong></span> <span class='ocrx_word' id='word_1_332' title='bbox 844 2887 1123 2956; x_wconf 68' lang='lat' dir='ltr'><strong>aequalitas</strong></span> <span class='ocrx_word' id='word_1_333' title='bbox 1143 2890 1490 2947; x_wconf 89' lang='lat' dir='ltr'><strong>conditionis.</strong></span> <span class='ocrx_word' id='word_1_334' title='bbox 1514 2891 1715 2949; x_wconf 89' lang='lat' dir='ltr'><strong>Omnes</strong></span> <span class='ocrx_word' id='word_1_335' title='bbox 1737 2909 1891 2948; x_wconf 85' lang='lat' dir='ltr'><strong>natu-</strong></span> 
     </span>
    </p>
   </div>
   <div class='ocr_carea' id='block_1_46' title="bbox 300 2974 1891 3046">
    <p class='ocr_par' dir='ltr' id='par_1_46' title="bbox 300 2974 1891 3046">
     <span class='ocr_line' id='line_1_46' title="bbox 300 2974 1891 3046; baseline 0.008 -21"><span class='ocrx_word' id='word_1_336' title='bbox 300 2989 401 3042; x_wconf 86' lang='lat' dir='ltr'><strong>que</strong></span> <span class='ocrx_word' id='word_1_337' title='bbox 445 2974 700 3029; x_wconf 84' lang='lat' dir='ltr'><strong>homines</strong></span> <span class='ocrx_word' id='word_1_338' title='bbox 743 2984 937 3029; x_wconf 89' lang='lat' dir='ltr'><strong>natura</strong></span> <span class='ocrx_word' id='word_1_339' title='bbox 981 2977 1219 3046; x_wconf 68' lang='lat' dir='ltr'><strong>aequales</strong></span> <span class='ocrx_word' id='word_1_340' title='bbox 1260 2993 1478 3044; x_wconf 88' lang='lat' dir='ltr'><strong>smnus;</strong></span> <span class='ocrx_word' id='word_1_341' title='bbox 1530 2981 1624 3035; x_wconf 89' lang='lat' dir='ltr'><strong>sed</strong></span> <span class='ocrx_word' id='word_1_342' title='bbox 1660 2983 1891 3038; x_wconf 88' lang='lat' dir='ltr'><strong>accessit</strong></span> 
     </span>
    </p>
   </div>
   <div class='ocr_carea' id='block_1_47' title="bbox 301 3066 1890 3150">
    <p class='ocr_par' dir='ltr' id='par_1_47' title="bbox 301 3066 1890 3150">
     <span class='ocr_line' id='line_1_47' title="bbox 301 3066 1890 3150; baseline 0.006 -33"><span class='ocrx_word' id='word_1_343' title='bbox 301 3066 699 3136; x_wconf 86' lang='lat' dir='ltr'><strong>dispensatorio</strong></span> <span class='ocrx_word' id='word_1_344' title='bbox 738 3067 958 3133; x_wconf 86' lang='lat' dir='ltr'><strong>ordine,</strong></span> <span class='ocrx_word' id='word_1_345' title='bbox 1002 3076 1061 3122; x_wconf 89' lang='lat' dir='ltr'><strong>ut</strong></span> <span class='ocrx_word' id='word_1_346' title='bbox 1105 3069 1426 3138; x_wconf 89' lang='lat' dir='ltr'><strong>quihusdam</strong></span> <span class='ocrx_word' id='word_1_347' title='bbox 1467 3072 1676 3150; x_wconf 67' lang='lat' dir='ltr'><strong>pra-lati</strong></span> <span class='ocrx_word' id='word_1_348' title='bbox 1706 3073 1890 3129; x_wconf 83' lang='lat' dir='ltr'><strong>videa-</strong></span> 
     </span>
    </p>
   </div>
   <div class='ocr_carea' id='block_1_48' title="bbox 302 3157 1889 3235">
    <p class='ocr_par' dir='ltr' id='par_1_48' title="bbox 302 3157 1889 3235">
     <span class='ocr_line' id='line_1_48' title="bbox 302 3157 1889 3235; baseline 0.006 -25"><span class='ocrx_word' id='word_1_349' title='bbox 302 3173 435 3211; x_wconf 88' lang='lat' dir='ltr'><strong>mur.</strong></span> <span class='ocrx_word' id='word_1_350' title='bbox 465 3157 528 3212; x_wconf 84' lang='lat' dir='ltr'><strong>Si</strong></span> <span class='ocrx_word' id='word_1_351' title='bbox 552 3158 721 3229; x_wconf 78' lang='lat' dir='ltr'><strong>igitur</strong></span> <span class='ocrx_word' id='word_1_352' title='bbox 740 3159 843 3213; x_wconf 90' lang='lat' dir='ltr'><strong>hoc</strong></span> <span class='ocrx_word' id='word_1_353' title='bbox 874 3175 904 3212; x_wconf 88' lang='lat' dir='ltr'><strong>a</strong></span> <span class='ocrx_word' id='word_1_354' title='bbox 937 3168 1116 3215; x_wconf 88' lang='lat' dir='ltr'><strong>mente</strong></span> <span class='ocrx_word' id='word_1_355' title='bbox 1137 3160 1487 3231; x_wconf 87' lang='lat' dir='ltr'><strong>deprimimus</strong></span> <span class='ocrx_word' id='word_1_356' title='bbox 1511 3164 1653 3233; x_wconf 89' lang='lat' dir='ltr'><strong>quod</strong></span> <span class='ocrx_word' id='word_1_357' title='bbox 1682 3172 1889 3235; x_wconf 87' lang='lat' dir='ltr'><strong>tempo-</strong></span> 
     </span>
    </p>
   </div>
   <div class='ocr_carea' id='block_1_49' title="bbox 301 3246 1890 3322">
    <p class='ocr_par' dir='ltr' id='par_1_49' title="bbox 301 3246 1890 3322">
     <span class='ocr_line' id='line_1_49' title="bbox 301 3246 1890 3322; baseline 0.007 -23"><span class='ocrx_word' id='word_1_358' title='bbox 301 3246 485 3300; x_wconf 85' lang='lat' dir='ltr'><strong>raliter</strong></span> <span class='ocrx_word' id='word_1_359' title='bbox 516 3249 771 3314; x_wconf 88' lang='lat' dir='ltr'><strong>accessit,</strong></span> <span class='ocrx_word' id='word_1_360' title='bbox 824 3248 1127 3306; x_wconf 81' lang='lat' dir='ltr'><strong>invenimus</strong></span> <span class='ocrx_word' id='word_1_361' title='bbox 1174 3252 1338 3307; x_wconf 90' lang='lat' dir='ltr'><strong>citius</strong></span> <span class='ocrx_word' id='word_1_362' title='bbox 1385 3253 1528 3322; x_wconf 89' lang='lat' dir='ltr'><strong>quod</strong></span> <span class='ocrx_word' id='word_1_363' title='bbox 1570 3255 1890 3310; x_wconf 87' lang='lat' dir='ltr'><strong>naturaliter</strong></span> 
     </span>
    </p>
   </div>
   <div class='ocr_carea' id='block_1_50' title="bbox 300 3341 1889 3417">
    <p class='ocr_par' dir='ltr' id='par_1_50' title="bbox 300 3341 1889 3417">
     <span class='ocr_line' id='line_1_50' title="bbox 300 3341 1889 3417; baseline 0.005 -22"><span class='ocrx_word' id='word_1_364' title='bbox 300 3357 507 3396; x_wconf 87' lang='lat' dir='ltr'><strong>sumus.</strong></span> <span class='ocrx_word' id='word_1_365' title='bbox 550 3341 879 3412; x_wconf 87' lang='lat' dir='ltr'><strong>Plerumque</strong></span> <span class='ocrx_word' id='word_1_366' title='bbox 908 3344 1052 3397; x_wconf 90' lang='lat' dir='ltr'><strong>enim</strong></span> <span class='ocrx_word' id='word_1_367' title='bbox 1087 3360 1146 3399; x_wconf 90' lang='lat' dir='ltr'><strong>se</strong></span> <span class='ocrx_word' id='word_1_368' title='bbox 1172 3344 1353 3401; x_wconf 87' lang='lat' dir='ltr'><strong>animo</strong></span> <span class='ocrx_word' id='word_1_369' title='bbox 1393 3358 1613 3416; x_wconf 73' lang='lat' dir='ltr'><strong>accepta</strong></span> <span class='ocrx_word' id='word_1_370' title='bbox 1649 3357 1889 3417; x_wconf 77' lang='lat' dir='ltr'><strong>potestas</strong></span> 
     </span>
    </p>
   </div>
   <div class='ocr_carea' id='block_1_51' title="bbox 298 3432 1885 3505">
    <p class='ocr_par' dir='ltr' id='par_1_51' title="bbox 298 3432 1885 3505">
     <span class='ocr_line' id='line_1_51' title="bbox 298 3432 1885 3505; baseline 0.003 -18"><span class='ocrx_word' id='word_1_371' title='bbox 298 3432 516 3503; x_wconf 86' lang='lat' dir='ltr'><strong>objicit,</strong></span> <span class='ocrx_word' id='word_1_372' title='bbox 559 3448 796 3502; x_wconf 89' lang='lat' dir='ltr'><strong>eumque</strong></span> <span class='ocrx_word' id='word_1_373' title='bbox 834 3433 1055 3489; x_wconf 86' lang='lat' dir='ltr'><strong>tumidis</strong></span> <span class='ocrx_word' id='word_1_374' title='bbox 1081 3436 1499 3505; x_wconf 80' lang='lat' dir='ltr'><strong>cogitationibus</strong></span> <span class='ocrx_word' id='word_1_375' title='bbox 1532 3436 1687 3492; x_wconf 85' lang='lat' dir='ltr'><strong>fallit.</strong></span> <span class='ocrx_word' id='word_1_376' title='bbox 1728 3438 1885 3493; x_wconf 82' lang='lat' dir='ltr'><strong>Manu</strong></span> 
     </span>
    </p>
   </div>
   <div class='ocr_carea' id='block_1_52' title="bbox 297 3524 1886 3597">
    <p class='ocr_par' dir='ltr' id='par_1_52' title="bbox 297 3524 1886 3597">
     <span class='ocr_line' id='line_1_52' title="bbox 297 3524 1886 3597; baseline 0.003 -19"><span class='ocrx_word' id='word_1_377' title='bbox 297 3540 423 3595; x_wconf 83' lang='lat' dir='ltr'><strong>ergo</strong></span> <span class='ocrx_word' id='word_1_378' title='bbox 453 3524 773 3579; x_wconf 81' lang='lat' dir='ltr'><strong>humillimae</strong></span> <span class='ocrx_word' id='word_1_379' title='bbox 798 3525 1246 3581; x_wconf 87' lang='lat' dir='ltr'><strong>considerationis</strong></span> <span class='ocrx_word' id='word_1_380' title='bbox 1272 3527 1652 3597; x_wconf 85' lang='lat' dir='ltr'><strong>deprimendus</strong></span> <span class='ocrx_word' id='word_1_381' title='bbox 1679 3538 1763 3584; x_wconf 86' lang='lat' dir='ltr'><strong>est</strong></span> <span class='ocrx_word' id='word_1_382' title='bbox 1798 3538 1886 3582; x_wconf 92' lang='lat' dir='ltr'><strong>tu-</strong></span> 
     </span>
    </p>
   </div>
   <div class='ocr_carea' id='block_1_53' title="bbox 300 3616 1889 3690">
    <p class='ocr_par' dir='ltr' id='par_1_53' title="bbox 300 3616 1889 3690">
     <span class='ocr_line' id='line_1_53' title="bbox 300 3616 1889 3690; baseline 0.005 -22"><span class='ocrx_word' id='word_1_383' title='bbox 300 3631 412 3669; x_wconf 88' lang='lat' dir='ltr'><strong>mor</strong></span> <span class='ocrx_word' id='word_1_384' title='bbox 424 3616 763 3671; x_wconf 68' lang='lat' dir='ltr'><strong>elationisSi</strong></span> <span class='ocrx_word' id='word_1_385' title='bbox 776 3618 919 3671; x_wconf 90' lang='lat' dir='ltr'><strong>enim</strong></span> <span class='ocrx_word' id='word_1_386' title='bbox 935 3619 1075 3688; x_wconf 90' lang='lat' dir='ltr'><strong>apud</strong></span> <span class='ocrx_word' id='word_1_387' title='bbox 1087 3619 1432 3690; x_wconf 89' lang='lat' dir='ltr'><strong>semetipsam</strong></span> <span class='ocrx_word' id='word_1_388' title='bbox 1448 3636 1600 3676; x_wconf 89' lang='lat' dir='ltr'><strong>mens</strong></span> <span class='ocrx_word' id='word_1_389' title='bbox 1612 3622 1889 3677; x_wconf 87' lang='lat' dir='ltr'><strong>descendit</strong></span> 
     </span>
    </p>
   </div>
   <div class='ocr_carea' id='block_1_54' title="bbox 299 3705 1883 3778">
    <p class='ocr_par' dir='ltr' id='par_1_54' title="bbox 299 3705 1883 3778">
     <span class='ocr_line' id='line_1_54' title="bbox 299 3705 1883 3778; baseline 0.004 -20"><span class='ocrx_word' id='word_1_390' title='bbox 299 3705 362 3758; x_wconf 88' lang='lat' dir='ltr'><strong>de</strong></span> <span class='ocrx_word' id='word_1_391' title='bbox 384 3706 597 3760; x_wconf 79' lang='lat' dir='ltr'><strong>vertice</strong></span> <span class='ocrx_word' id='word_1_392' title='bbox 623 3705 900 3772; x_wconf 87' lang='lat' dir='ltr'><strong>culminis,</strong></span> <span class='ocrx_word' id='word_1_393' title='bbox 939 3707 1099 3761; x_wconf 87' lang='lat' dir='ltr'><strong>citius</strong></span> <span class='ocrx_word' id='word_1_394' title='bbox 1124 3706 1401 3778; x_wconf 85' lang='lat' dir='ltr'><strong>planitiem</strong></span> <span class='ocrx_word' id='word_1_395' title='bbox 1427 3710 1633 3764; x_wconf 73' lang='lat' dir='ltr'><strong>invenit</strong></span> <span class='ocrx_word' id='word_1_396' title='bbox 1661 3719 1883 3765; x_wconf 80' lang='lat' dir='ltr'><strong>natum-</strong></span> 
     </span>
    </p>
   </div>
   <div class='ocr_carea' id='block_1_55' title="bbox 300 3796 1886 3869">
    <p class='ocr_par' dir='ltr' id='par_1_55' title="bbox 300 3796 1886 3869">
     <span class='ocr_line' id='line_1_55' title="bbox 300 3796 1886 3869; baseline 0.006 -22"><span class='ocrx_word' id='word_1_397' title='bbox 300 3796 360 3851; x_wconf 90' lang='lat' dir='ltr'><strong>lis</strong></span> <span class='ocrx_word' id='word_1_398' title='bbox 383 3798 737 3867; x_wconf 65' lang='lat' dir='ltr'><strong>mqualitatis.</strong></span> <span class='ocrx_word' id='word_1_399' title='bbox 762 3797 918 3862; x_wconf 81' lang='lat' dir='ltr'><strong>Nam,</strong></span> <span class='ocrx_word' id='word_1_400' title='bbox 944 3807 1002 3852; x_wconf 92' lang='lat' dir='ltr'><strong>ut</strong></span> <span class='ocrx_word' id='word_1_401' title='bbox 1026 3798 1231 3869; x_wconf 76' lang='lat' dir='ltr'><strong>pnefati</strong></span> <span class='ocrx_word' id='word_1_402' title='bbox 1264 3814 1469 3865; x_wconf 87' lang='lat' dir='ltr'><strong>sumus,</strong></span> <span class='ocrx_word' id='word_1_403' title='bbox 1492 3816 1678 3857; x_wconf 90' lang='lat' dir='ltr'><strong>omnes</strong></span> <span class='ocrx_word' id='word_1_404' title='bbox 1708 3801 1853 3856; x_wconf 91' lang='lat' dir='ltr'><strong>bomi</strong></span> <span class='ocrx_word' id='word_1_405' title='bbox 1869 3831 1886 3842; x_wconf 87' lang='lat'><strong>-</strong></span> 
     </span>
    </p>
   </div>
   <div class='ocr_carea' id='block_1_56' title="bbox 301 3889 1886 3960">
    <p class='ocr_par' dir='ltr' id='par_1_56' title="bbox 301 3889 1886 3960">
     <span class='ocr_line' id='line_1_56' title="bbox 301 3889 1886 3960; baseline 0.003 -20"><span class='ocrx_word' id='word_1_406' title='bbox 301 3902 391 3943; x_wconf 87' lang='lat' dir='ltr'><strong>nes</strong></span> <span class='ocrx_word' id='word_1_407' title='bbox 423 3898 624 3942; x_wconf 87' lang='lat' dir='ltr'><strong>natura</strong></span> <span class='ocrx_word' id='word_1_408' title='bbox 646 3889 889 3960; x_wconf 9' lang='lat' dir='ltr'><strong>gzequales</strong></span> <span class='ocrx_word' id='word_1_409' title='bbox 926 3889 1138 3959; x_wconf 79' lang='lat' dir='ltr'><strong>genuit,</strong></span> <span class='ocrx_word' id='word_1_410' title='bbox 1177 3889 1273 3944; x_wconf 89' lang='lat' dir='ltr'><strong>sed</strong></span> <span class='ocrx_word' id='word_1_411' title='bbox 1298 3889 1541 3944; x_wconf 85' lang='lat' dir='ltr'><strong>variante</strong></span> <span class='ocrx_word' id='word_1_412' title='bbox 1570 3891 1886 3947; x_wconf 83' lang='lat' dir='ltr'><strong>meritorum</strong></span> 
     </span>
    </p>
   </div>
   <div class='ocr_carea' id='block_1_57' title="bbox 298 3979 1885 4051">
    <p class='ocr_par' dir='ltr' id='par_1_57' title="bbox 298 3979 1885 4051">
     <span class='ocr_line' id='line_1_57' title="bbox 298 3979 1885 4051; baseline 0 -16"><span class='ocrx_word' id='word_1_413' title='bbox 298 3982 511 4044; x_wconf 87' lang='lat' dir='ltr'><strong>ordine,</strong></span> <span class='ocrx_word' id='word_1_414' title='bbox 543 3980 682 4036; x_wconf 87' lang='lat' dir='ltr'><strong>alios</strong></span> <span class='ocrx_word' id='word_1_415' title='bbox 703 3981 822 4035; x_wconf 89' lang='lat' dir='ltr'><strong>aliis</strong></span> <span class='ocrx_word' id='word_1_416' title='bbox 848 3980 1177 4050; x_wconf 87' lang='lat' dir='ltr'><strong>dispensatio</strong></span> <span class='ocrx_word' id='word_1_417' title='bbox 1201 3979 1409 4035; x_wconf 86' lang='lat' dir='ltr'><strong>occulta</strong></span> <span class='ocrx_word' id='word_1_418' title='bbox 1441 3980 1729 4050; x_wconf 89' lang='lat' dir='ltr'><strong>postponit.</strong></span> <span class='ocrx_word' id='word_1_419' title='bbox 1768 3982 1885 4051; x_wconf 85' lang='lat' dir='ltr'><strong>ipsa</strong></span> 
     </span>
    </p>
   </div>
   <div class='ocr_carea' id='block_1_58' title="bbox 299 4072 1886 4142">
    <p class='ocr_par' dir='ltr' id='par_1_58' title="bbox 299 4072 1886 4142">
     <span class='ocr_line' id='line_1_58' title="bbox 299 4072 1886 4142; baseline 0.001 -17"><span class='ocrx_word' id='word_1_420' title='bbox 299 4080 480 4127; x_wconf 82' lang='lat' dir='ltr'><strong>autem</strong></span> <span class='ocrx_word' id='word_1_421' title='bbox 512 4073 820 4137; x_wconf 87' lang='lat' dir='ltr'><strong>diversitas,</strong></span> <span class='ocrx_word' id='word_1_422' title='bbox 848 4087 969 4142; x_wconf 66' lang='lat' dir='ltr'><strong>quas</strong></span> <span class='ocrx_word' id='word_1_423' title='bbox 993 4072 1220 4127; x_wconf 90' lang='lat' dir='ltr'><strong>accessit</strong></span> <span class='ocrx_word' id='word_1_424' title='bbox 1249 4088 1315 4127; x_wconf 74' lang='lat' dir='ltr'><strong>ex</strong></span> <span class='ocrx_word' id='word_1_425' title='bbox 1343 4072 1493 4135; x_wconf 89' lang='lat' dir='ltr'><strong>vitio,</strong></span> <span class='ocrx_word' id='word_1_426' title='bbox 1527 4080 1673 4127; x_wconf 88' lang='lat' dir='ltr'><strong>recte</strong></span> <span class='ocrx_word' id='word_1_427' title='bbox 1697 4082 1781 4127; x_wconf 86' lang='lat' dir='ltr'><strong>est</strong></span> <span class='ocrx_word' id='word_1_428' title='bbox 1806 4073 1886 4127; x_wconf 91' lang='lat' dir='ltr'><strong>di-</strong></span> 
     </span>
    </p>
   </div>
   <div class='ocr_carea' id='block_1_59' title="bbox 301 4160 1888 4234">
    <p class='ocr_par' dir='ltr' id='par_1_59' title="bbox 301 4160 1888 4234">
     <span class='ocr_line' id='line_1_59' title="bbox 301 4160 1888 4234; baseline 0.005 -23"><span class='ocrx_word' id='word_1_429' title='bbox 301 4163 440 4217; x_wconf 81' lang='lat' dir='ltr'><strong>vinis</strong></span> <span class='ocrx_word' id='word_1_430' title='bbox 459 4160 687 4231; x_wconf 85' lang='lat' dir='ltr'><strong>judiciis</strong></span> <span class='ocrx_word' id='word_1_431' title='bbox 707 4164 988 4228; x_wconf 88' lang='lat' dir='ltr'><strong>ordinata;</strong></span> <span class='ocrx_word' id='word_1_432' title='bbox 1010 4172 1070 4218; x_wconf 91' lang='lat' dir='ltr'><strong>ut</strong></span> <span class='ocrx_word' id='word_1_433' title='bbox 1094 4164 1220 4234; x_wconf 86' lang='lat' dir='ltr'><strong>quia</strong></span> <span class='ocrx_word' id='word_1_434' title='bbox 1249 4163 1423 4218; x_wconf 79' lang='lat' dir='ltr'><strong>omnis</strong></span> <span class='ocrx_word' id='word_1_435' title='bbox 1453 4164 1615 4217; x_wconf 87' lang='lat' dir='ltr'><strong>homo</strong></span> <span class='ocrx_word' id='word_1_436' title='bbox 1641 4166 1741 4218; x_wconf 87' lang='lat' dir='ltr'><strong>iter</strong></span> <span class='ocrx_word' id='word_1_437' title='bbox 1765 4165 1888 4219; x_wconf 76' lang='lat' dir='ltr'><strong>vita:</strong></span> 
     </span>
    </p>
   </div>
   <div class='ocr_carea' id='block_1_60' title="bbox 298 4253 1887 4325">
    <p class='ocr_par' dir='ltr' id='par_1_60' title="bbox 298 4253 1887 4325">
     <span class='ocr_line' id='line_1_60' title="bbox 298 4253 1887 4325; baseline -0.001 -17"><span class='ocrx_word' id='word_1_438' title='bbox 298 4270 449 4323; x_wconf 62' lang='lat' dir='ltr'><strong>asque</strong></span> <span class='ocrx_word' id='word_1_439' title='bbox 481 4268 593 4307; x_wconf 87' lang='lat' dir='ltr'><strong>non</strong></span> <span class='ocrx_word' id='word_1_440' title='bbox 634 4253 903 4323; x_wconf 80' lang='lat' dir='ltr'><strong>graditur,</strong></span> <span class='ocrx_word' id='word_1_441' title='bbox 936 4253 1071 4307; x_wconf 88' lang='lat' dir='ltr'><strong>alter</strong></span> <span class='ocrx_word' id='word_1_442' title='bbox 1110 4255 1178 4309; x_wconf 88' lang='lat' dir='ltr'><strong>ab</strong></span> <span class='ocrx_word' id='word_1_443' title='bbox 1218 4254 1388 4308; x_wconf 85' lang='lat' dir='ltr'><strong>altero</strong></span> <span class='ocrx_word' id='word_1_444' title='bbox 1419 4263 1655 4325; x_wconf 83' lang='lat' dir='ltr'><strong>regatur.</strong></span> <span class='ocrx_word' id='word_1_445' title='bbox 1702 4253 1887 4308; x_wconf 83' lang='lat' dir='ltr'><strong>Sancti</strong></span> 
     </span>
    </p>
   </div>
   <div class='ocr_carea' id='block_1_61' title="bbox 299 4343 1888 4414">
    <p class='ocr_par' dir='ltr' id='par_1_61' title="bbox 299 4343 1888 4414">
     <span class='ocr_line' id='line_1_61' title="bbox 299 4343 1888 4414; baseline 0.001 -17"><span class='ocrx_word' id='word_1_446' title='bbox 299 4354 482 4398; x_wconf 82' lang='lat' dir='ltr'><strong>autem</strong></span> <span class='ocrx_word' id='word_1_447' title='bbox 512 4343 619 4397; x_wconf 88' lang='lat' dir='ltr'><strong>viri</strong></span> <span class='ocrx_word' id='word_1_448' title='bbox 644 4359 766 4397; x_wconf 89' lang='lat' dir='ltr'><strong>cum</strong></span> <span class='ocrx_word' id='word_1_449' title='bbox 798 4355 1058 4414; x_wconf 70' lang='lat' dir='ltr'><strong>pnesunt,</strong></span> <span class='ocrx_word' id='word_1_450' title='bbox 1089 4360 1194 4398; x_wconf 88' lang='lat' dir='ltr'><strong>non</strong></span> <span class='ocrx_word' id='word_1_451' title='bbox 1224 4344 1278 4398; x_wconf 87' lang='lat' dir='ltr'><strong>in</strong></span> <span class='ocrx_word' id='word_1_452' title='bbox 1304 4360 1363 4399; x_wconf 90' lang='lat' dir='ltr'><strong>se</strong></span> <span class='ocrx_word' id='word_1_453' title='bbox 1392 4353 1713 4414; x_wconf 80' lang='lat' dir='ltr'><strong>potestatem</strong></span> <span class='ocrx_word' id='word_1_454' title='bbox 1743 4345 1888 4398; x_wconf 88' lang='lat' dir='ltr'><strong>ordi-</strong></span> 
     </span>
    </p>
   </div>
   <div class='ocr_carea' id='block_1_62' title="bbox 302 4435 1939 4507">
    <p class='ocr_par' dir='ltr' id='par_1_62' title="bbox 302 4435 1939 4507">
     <span class='ocr_line' id='line_1_62' title="bbox 302 4435 1939 4507; baseline 0.002 -18"><span class='ocrx_word' id='word_1_455' title='bbox 302 4439 397 4503; x_wconf 85' lang='lat' dir='ltr'><strong>nis,</strong></span> <span class='ocrx_word' id='word_1_456' title='bbox 421 4437 524 4492; x_wconf 86' lang='lat' dir='ltr'><strong>sed</strong></span> <span class='ocrx_word' id='word_1_457' title='bbox 550 4435 911 4505; x_wconf 60' lang='lat' dir='ltr'><strong>aequalitatem</strong></span> <span class='ocrx_word' id='word_1_458' title='bbox 935 4436 1257 4492; x_wconf 88' lang='lat' dir='ltr'><strong>conditionis</strong></span> <span class='ocrx_word' id='word_1_459' title='bbox 1282 4438 1596 4502; x_wconf 80' lang='lat' dir='ltr'><strong>attendunt;</strong></span> <span class='ocrx_word' id='word_1_460' title='bbox 1629 4454 1727 4492; x_wconf 89' lang='lat' dir='ltr'><strong>nec</strong></span> <span class='ocrx_word' id='word_1_461' title='bbox 1754 4454 1890 4507; x_wconf 69' lang='lat' dir='ltr'><strong>pt&#39;tu-</strong></span> <span class='ocrx_word' id='word_1_462' title='bbox 1930 4440 1939 4449; x_wconf 83' lang='lat'>&#39;</span> 
     </span>
    </p>
   </div>
   <div class='ocr_carea' id='block_1_63' title="bbox 2002 1889 3578 1963">
    <p class='ocr_par' dir='ltr' id='par_1_63' title="bbox 2002 1889 3578 1963">
     <span class='ocr_line' id='line_1_63' title="bbox 2002 1889 3578 1963; baseline 0.004 -21"><span class='ocrx_word' id='word_1_463' title='bbox 2002 1889 2087 1943; x_wconf 92' lang='lat' dir='ltr'><strong>his</strong></span> <span class='ocrx_word' id='word_1_464' title='bbox 2111 1889 2301 1944; x_wconf 89' lang='lat' dir='ltr'><strong>diebus</strong></span> <span class='ocrx_word' id='word_1_465' title='bbox 2319 1905 2475 1944; x_wconf 86' lang='lat' dir='ltr'><strong>servo</strong></span> <span class='ocrx_word' id='word_1_466' title='bbox 2496 1907 2601 1945; x_wconf 88' lang='lat' dir='ltr'><strong>non</strong></span> <span class='ocrx_word' id='word_1_467' title='bbox 2625 1893 2820 1959; x_wconf 86' lang='lat' dir='ltr'><strong>parcit,</strong></span> <span class='ocrx_word' id='word_1_468' title='bbox 2849 1891 3071 1945; x_wconf 90' lang='lat' dir='ltr'><strong>minime</strong></span> <span class='ocrx_word' id='word_1_469' title='bbox 3095 1891 3410 1962; x_wconf 85' lang='lat' dir='ltr'><strong>respiciens,</strong></span> <span class='ocrx_word' id='word_1_470' title='bbox 3433 1894 3578 1963; x_wconf 83' lang='lat' dir='ltr'><strong>quod</strong></span> 
     </span>
    </p>
   </div>
   <div class='ocr_carea' id='block_1_64' title="bbox 1997 1979 3574 2052">
    <p class='ocr_par' dir='ltr' id='par_1_64' title="bbox 1997 1979 3574 2052">
     <span class='ocr_line' id='line_1_64' title="bbox 1997 1979 3574 2052; baseline 0.003 -19"><span class='ocrx_word' id='word_1_471' title='bbox 1997 1979 2042 2033; x_wconf 89' lang='lat' dir='ltr'><strong>si</strong></span> <span class='ocrx_word' id='word_1_472' title='bbox 2073 1995 2263 2035; x_wconf 87' lang='lat' dir='ltr'><strong>servus</strong></span> <span class='ocrx_word' id='word_1_473' title='bbox 2306 1988 2390 2034; x_wconf 84' lang='lat' dir='ltr'><strong>est</strong></span> <span class='ocrx_word' id='word_1_474' title='bbox 2435 1981 2778 2047; x_wconf 89' lang='lat' dir='ltr'><strong>conditione,</strong></span> <span class='ocrx_word' id='word_1_475' title='bbox 2825 1982 3000 2052; x_wconf 86' lang='lat' dir='ltr'><strong>gratia</strong></span> <span class='ocrx_word' id='word_1_476' title='bbox 3049 1992 3232 2037; x_wconf 83' lang='lat' dir='ltr'><strong>tamen</strong></span> <span class='ocrx_word' id='word_1_477' title='bbox 3270 1982 3440 2038; x_wconf 78' lang='lat' dir='ltr'><strong>frater</strong></span> <span class='ocrx_word' id='word_1_478' title='bbox 3470 1991 3574 2039; x_wconf 85' lang='lat' dir='ltr'><strong>est.</strong></span> 
     </span>
    </p>
   </div>
   <div class='ocr_carea' id='block_1_65' title="bbox 1996 2068 3579 2143">
    <p class='ocr_par' dir='ltr' id='par_1_65' title="bbox 1996 2068 3579 2143">
     <span class='ocr_line' id='line_1_65' title="bbox 1996 2068 3579 2143; baseline 0.004 -22"><span class='ocrx_word' id='word_1_479' title='bbox 1996 2068 2209 2122; x_wconf 85' lang='lat' dir='ltr'><strong>Etenim</strong></span> <span class='ocrx_word' id='word_1_480' title='bbox 2235 2069 2488 2125; x_wconf 86' lang='lat' dir='ltr'><strong>similiter</strong></span> <span class='ocrx_word' id='word_1_481' title='bbox 2508 2070 2786 2125; x_wconf 86' lang='lat' dir='ltr'><strong>Christum</strong></span> <span class='ocrx_word' id='word_1_482' title='bbox 2823 2073 3035 2138; x_wconf 90' lang='lat' dir='ltr'><strong>induit,</strong></span> <span class='ocrx_word' id='word_1_483' title='bbox 3067 2073 3258 2127; x_wconf 79' lang='lat' dir='ltr'><strong>iisdem</strong></span> <span class='ocrx_word' id='word_1_484' title='bbox 3287 2073 3579 2143; x_wconf 80' lang='lat' dir='ltr'><strong>participat</strong></span> 
     </span>
    </p>
   </div>
   <div class='ocr_carea' id='block_1_66' title="bbox 1996 2160 3576 2230">
    <p class='ocr_par' dir='ltr' id='par_1_66' title="bbox 1996 2160 3576 2230">
     <span class='ocr_line' id='line_1_66' title="bbox 1996 2160 3576 2230; baseline 0.004 -18"><span class='ocrx_word' id='word_1_485' title='bbox 1996 2160 2376 2223; x_wconf 86' lang='lat' dir='ltr'><strong>sacramentis,</strong></span> <span class='ocrx_word' id='word_1_486' title='bbox 2409 2161 2599 2215; x_wconf 58' lang='lat' dir='ltr'><strong>eodum</strong></span> <span class='ocrx_word' id='word_1_487' title='bbox 2627 2177 2733 2230; x_wconf 90' lang='lat' dir='ltr'><strong>quo</strong></span> <span class='ocrx_word' id='word_1_488' title='bbox 2760 2170 2814 2217; x_wconf 89' lang='lat' dir='ltr'><strong>et</strong></span> <span class='ocrx_word' id='word_1_489' title='bbox 2844 2172 2899 2216; x_wconf 90' lang='lat' dir='ltr'><strong>tu</strong></span> <span class='ocrx_word' id='word_1_490' title='bbox 2926 2162 3097 2216; x_wconf 91' lang='lat' dir='ltr'><strong>utitur</strong></span> <span class='ocrx_word' id='word_1_491' title='bbox 3126 2162 3234 2217; x_wconf 89' lang='lat' dir='ltr'><strong>Deo</strong></span> <span class='ocrx_word' id='word_1_492' title='bbox 3261 2161 3445 2227; x_wconf 85' lang='lat' dir='ltr'><strong>Patre,</strong></span> <span class='ocrx_word' id='word_1_493' title='bbox 3475 2178 3576 2218; x_wconf 88' lang='lat' dir='ltr'><strong>cur</strong></span> 
     </span>
    </p>
   </div>
   <div class='ocr_carea' id='block_1_67' title="bbox 1999 2249 3575 2308">
    <p class='ocr_par' dir='ltr' id='par_1_67' title="bbox 1999 2249 3575 2308">
     <span class='ocr_line' id='line_1_67' title="bbox 1999 2249 3575 2308; baseline 0.003 -5"><span class='ocrx_word' id='word_1_494' title='bbox 1999 2258 2048 2304; x_wconf 88' lang='lat' dir='ltr'><strong>te</strong></span> <span class='ocrx_word' id='word_1_495' title='bbox 2073 2264 2180 2303; x_wconf 88' lang='lat' dir='ltr'><strong>non</strong></span> <span class='ocrx_word' id='word_1_496' title='bbox 2209 2257 2392 2303; x_wconf 90' lang='lat' dir='ltr'><strong>utatur</strong></span> <span class='ocrx_word' id='word_1_497' title='bbox 2420 2261 2477 2304; x_wconf 90' lang='lat' dir='ltr'><strong>ut</strong></span> <span class='ocrx_word' id='word_1_498' title='bbox 2508 2249 2695 2306; x_wconf 80' lang='lat' dir='ltr'><strong>fratre.</strong></span> <span class='ocrx_word' id='word_1_499' title='bbox 2734 2271 2751 2303; x_wconf 70' lang='grc' dir='ltr'><strong>ι</strong></span> <span class='ocrx_word' id='word_1_500' title='bbox 2786 2252 2919 2306; x_wconf 88' lang='lat' dir='ltr'><strong>llem</strong></span> <span class='ocrx_word' id='word_1_501' title='bbox 2944 2252 3084 2306; x_wconf 89' lang='lat' dir='ltr'><strong>idem</strong></span> <span class='ocrx_word' id='word_1_502' title='bbox 3117 2253 3170 2307; x_wconf 91' lang='lat' dir='ltr'><strong>in</strong></span> <span class='ocrx_word' id='word_1_503' title='bbox 3200 2252 3339 2308; x_wconf 89' lang='lat' dir='ltr'><strong>libro</strong></span> <span class='ocrx_word' id='word_1_504' title='bbox 3364 2268 3575 2308; x_wconf 84' lang='lat' dir='ltr'><strong>sermo-</strong></span> 
     </span>
    </p>
   </div>
   <div class='ocr_carea' id='block_1_68' title="bbox 1993 2338 3577 2411">
    <p class='ocr_par' dir='ltr' id='par_1_68' title="bbox 1993 2338 3577 2411">
     <span class='ocr_line' id='line_1_68' title="bbox 1993 2338 3577 2411; baseline 0.004 -18"><span class='ocrx_word' id='word_1_505' title='bbox 1993 2353 2124 2393; x_wconf 90' lang='lat' dir='ltr'><strong>num</strong></span> <span class='ocrx_word' id='word_1_506' title='bbox 2146 2338 2174 2378; x_wconf 65' lang='grc' dir='ltr'>δ</span> <span class='ocrx_word' id='word_1_507' title='bbox 2202 2356 2214 2392; x_wconf 91' lang='lat'><strong>:</strong></span> <span class='ocrx_word' id='word_1_508' title='bbox 2254 2356 2272 2388; x_wconf 73' lang='grc' dir='ltr'>α</span> <span class='ocrx_word' id='word_1_509' title='bbox 2310 2338 2541 2393; x_wconf 84' lang='lat' dir='ltr'><strong>Mendici</strong></span> <span class='ocrx_word' id='word_1_510' title='bbox 2570 2339 2664 2393; x_wconf 90' lang='lat' dir='ltr'><strong>Dei</strong></span> <span class='ocrx_word' id='word_1_511' title='bbox 2692 2355 2880 2395; x_wconf 87' lang='lat' dir='ltr'><strong>smnus</strong></span> <span class='ocrx_word' id='word_1_512' title='bbox 2909 2358 2922 2394; x_wconf 90' lang='lat'><strong>:</strong></span> <span class='ocrx_word' id='word_1_513' title='bbox 2955 2349 3014 2397; x_wconf 88' lang='lat' dir='ltr'><strong>ut</strong></span> <span class='ocrx_word' id='word_1_514' title='bbox 3033 2351 3290 2411; x_wconf 74' lang='lat' dir='ltr'><strong>agnoscat</strong></span> <span class='ocrx_word' id='word_1_515' title='bbox 3316 2343 3408 2400; x_wconf 86' lang='lat' dir='ltr'><strong>ille</strong></span> <span class='ocrx_word' id='word_1_516' title='bbox 3429 2359 3577 2400; x_wconf 82' lang='lat' dir='ltr'><strong>men-</strong></span> 
     </span>
    </p>
   </div>
   <div class='ocr_carea' id='block_1_69' title="bbox 1995 2428 3573 2499">
    <p class='ocr_par' dir='ltr' id='par_1_69' title="bbox 1995 2428 3573 2499">
     <span class='ocr_line' id='line_1_69' title="bbox 1995 2428 3573 2499; baseline 0.003 -16"><span class='ocrx_word' id='word_1_517' title='bbox 1995 2428 2146 2483; x_wconf 88' lang='lat' dir='ltr'><strong>dicos</strong></span> <span class='ocrx_word' id='word_1_518' title='bbox 2182 2443 2340 2493; x_wconf 91' lang='lat' dir='ltr'><strong>suos,</strong></span> <span class='ocrx_word' id='word_1_519' title='bbox 2375 2444 2734 2499; x_wconf 81' lang='lat' dir='ltr'><strong>agnoscamus</strong></span> <span class='ocrx_word' id='word_1_520' title='bbox 2776 2445 2877 2485; x_wconf 91' lang='lat' dir='ltr'><strong>nos</strong></span> <span class='ocrx_word' id='word_1_521' title='bbox 2921 2439 3157 2486; x_wconf 90' lang='lat' dir='ltr'><strong>nostros.</strong></span> <span class='ocrx_word' id='word_1_522' title='bbox 3188 2432 3293 2487; x_wconf 89' lang='lat' dir='ltr'><strong>Sed</strong></span> <span class='ocrx_word' id='word_1_523' title='bbox 3326 2444 3382 2488; x_wconf 91' lang='lat' dir='ltr'><strong>et</strong></span> <span class='ocrx_word' id='word_1_524' title='bbox 3407 2435 3573 2488; x_wconf 85' lang='lat' dir='ltr'><strong>etiam</strong></span> 
     </span>
    </p>
   </div>
   <div class='ocr_carea' id='block_1_70' title="bbox 1993 2519 3574 2594">
    <p class='ocr_par' dir='ltr' id='par_1_70' title="bbox 1993 2519 3574 2594">
     <span class='ocr_line' id='line_1_70' title="bbox 1993 2519 3574 2594; baseline 0.003 -19"><span class='ocrx_word' id='word_1_525' title='bbox 1993 2519 2066 2575; x_wconf 87' lang='lat' dir='ltr'><strong>ibi</strong></span> <span class='ocrx_word' id='word_1_526' title='bbox 2094 2520 2415 2591; x_wconf 83' lang='lat' dir='ltr'><strong>cogitemus,</strong></span> <span class='ocrx_word' id='word_1_527' title='bbox 2442 2522 2659 2591; x_wconf 88' lang='lat' dir='ltr'><strong>quando</strong></span> <span class='ocrx_word' id='word_1_528' title='bbox 2682 2522 2886 2591; x_wconf 87' lang='lat' dir='ltr'><strong>petitur</strong></span> <span class='ocrx_word' id='word_1_529' title='bbox 2911 2537 2943 2575; x_wconf 86' lang='lat' dir='ltr'><strong>a</strong></span> <span class='ocrx_word' id='word_1_530' title='bbox 2970 2523 3147 2587; x_wconf 89' lang='lat' dir='ltr'><strong>nobis,</strong></span> <span class='ocrx_word' id='word_1_531' title='bbox 3178 2523 3269 2593; x_wconf 87' lang='lat' dir='ltr'><strong>qui</strong></span> <span class='ocrx_word' id='word_1_532' title='bbox 3300 2533 3508 2594; x_wconf 86' lang='lat' dir='ltr'><strong>petunt,</strong></span> <span class='ocrx_word' id='word_1_533' title='bbox 3542 2540 3574 2579; x_wconf 87' lang='lat' dir='ltr'><strong>a</strong></span> 
     </span>
    </p>
   </div>
   <div class='ocr_carea' id='block_1_71' title="bbox 1991 2610 3569 2687">
    <p class='ocr_par' dir='ltr' id='par_1_71' title="bbox 1991 2610 3569 2687">
     <span class='ocr_line' id='line_1_71' title="bbox 1991 2610 3569 2687; baseline 0.004 -24"><span class='ocrx_word' id='word_1_534' title='bbox 1991 2610 2187 2679; x_wconf 89' lang='lat' dir='ltr'><strong>quibus</strong></span> <span class='ocrx_word' id='word_1_535' title='bbox 2213 2618 2420 2680; x_wconf 85' lang='lat' dir='ltr'><strong>petunt,</strong></span> <span class='ocrx_word' id='word_1_536' title='bbox 2451 2611 2579 2681; x_wconf 89' lang='lat' dir='ltr'><strong>quid</strong></span> <span class='ocrx_word' id='word_1_537' title='bbox 2602 2619 2827 2687; x_wconf 85' lang='lat' dir='ltr'><strong>petunt:</strong></span> <span class='ocrx_word' id='word_1_538' title='bbox 2853 2611 2953 2678; x_wconf 86' lang='lat' dir='ltr'><strong>Qui</strong></span> <span class='ocrx_word' id='word_1_539' title='bbox 2981 2612 3204 2682; x_wconf 85' lang='lat' dir='ltr'><strong>petunt?</strong></span> <span class='ocrx_word' id='word_1_540' title='bbox 3231 2612 3498 2669; x_wconf 85' lang='lat' dir='ltr'><strong>homines.</strong></span> <span class='ocrx_word' id='word_1_541' title='bbox 3523 2614 3569 2669; x_wconf 80' lang='grc' dir='ltr'><strong>Δ</strong></span> 
     </span>
    </p>
   </div>
   <div class='ocr_carea' id='block_1_72' title="bbox 1991 2700 3558 2772">
    <p class='ocr_par' dir='ltr' id='par_1_72' title="bbox 1991 2700 3558 2772">
     <span class='ocr_line' id='line_1_72' title="bbox 1991 2700 3558 2772; baseline 0.004 -20"><span class='ocrx_word' id='word_1_542' title='bbox 1991 2700 2188 2770; x_wconf 89' lang='lat' dir='ltr'><strong>quibus</strong></span> <span class='ocrx_word' id='word_1_543' title='bbox 2209 2703 2434 2771; x_wconf 85' lang='lat' dir='ltr'><strong>petunt?</strong></span> <span class='ocrx_word' id='word_1_544' title='bbox 2461 2702 2530 2757; x_wconf 87' lang='lat' dir='ltr'><strong>ab</strong></span> <span class='ocrx_word' id='word_1_545' title='bbox 2553 2702 2886 2757; x_wconf 86' lang='lat' dir='ltr'><strong>hominibus.</strong></span> <span class='ocrx_word' id='word_1_546' title='bbox 2900 2702 2999 2769; x_wconf 84' lang='lat' dir='ltr'><strong>Qui</strong></span> <span class='ocrx_word' id='word_1_547' title='bbox 3032 2704 3257 2772; x_wconf 76' lang='lat' dir='ltr'><strong>petunt?</strong></span> <span class='ocrx_word' id='word_1_548' title='bbox 3282 2704 3558 2760; x_wconf 82' lang='lat' dir='ltr'><strong>mortales.</strong></span> 
     </span>
    </p>
   </div>
   <div class='ocr_carea' id='block_1_73' title="bbox 1990 2793 3570 2866">
    <p class='ocr_par' dir='ltr' id='par_1_73' title="bbox 1990 2793 3570 2866">
     <span class='ocr_line' id='line_1_73' title="bbox 1990 2793 3570 2866; baseline 0.003 -20"><span class='ocrx_word' id='word_1_549' title='bbox 1990 2793 2031 2846; x_wconf 78' lang='grc' dir='ltr'><strong>Α</strong></span> <span class='ocrx_word' id='word_1_550' title='bbox 2066 2793 2265 2862; x_wconf 89' lang='lat' dir='ltr'><strong>quibus</strong></span> <span class='ocrx_word' id='word_1_551' title='bbox 2291 2795 2515 2864; x_wconf 89' lang='lat' dir='ltr'><strong>petunt?</strong></span> <span class='ocrx_word' id='word_1_552' title='bbox 2539 2810 2567 2847; x_wconf 89' lang='lat' dir='ltr'><strong>a</strong></span> <span class='ocrx_word' id='word_1_553' title='bbox 2591 2795 2931 2849; x_wconf 84' lang='lat' dir='ltr'><strong>mortalibus.</strong></span> <span class='ocrx_word' id='word_1_554' title='bbox 2955 2795 3055 2861; x_wconf 89' lang='lat' dir='ltr'><strong>Qui</strong></span> <span class='ocrx_word' id='word_1_555' title='bbox 3079 2796 3302 2865; x_wconf 86' lang='lat' dir='ltr'><strong>petunt?</strong></span> <span class='ocrx_word' id='word_1_556' title='bbox 3330 2795 3570 2866; x_wconf 76' lang='lat' dir='ltr'><strong>fragiles.</strong></span> 
     </span>
    </p>
   </div>
   <div class='ocr_carea' id='block_1_74' title="bbox 1990 2884 3573 2956">
    <p class='ocr_par' dir='ltr' id='par_1_74' title="bbox 1990 2884 3573 2956">
     <span class='ocr_line' id='line_1_74' title="bbox 1990 2884 3573 2956; baseline 0.002 -19"><span class='ocrx_word' id='word_1_557' title='bbox 1990 2884 2034 2937; x_wconf 87' lang='lat' dir='ltr'><strong>A</strong></span> <span class='ocrx_word' id='word_1_558' title='bbox 2055 2886 2252 2953; x_wconf 88' lang='lat' dir='ltr'><strong>quibus</strong></span> <span class='ocrx_word' id='word_1_559' title='bbox 2273 2885 2499 2953; x_wconf 83' lang='lat' dir='ltr'><strong>petunt?</strong></span> <span class='ocrx_word' id='word_1_560' title='bbox 2519 2899 2546 2938; x_wconf 88' lang='lat' dir='ltr'><strong>a</strong></span> <span class='ocrx_word' id='word_1_561' title='bbox 2571 2885 2874 2956; x_wconf 85' lang='lat' dir='ltr'><strong>fragilibns.</strong></span> <span class='ocrx_word' id='word_1_562' title='bbox 2907 2886 3006 2951; x_wconf 87' lang='lat' dir='ltr'><strong>Qui</strong></span> <span class='ocrx_word' id='word_1_563' title='bbox 3039 2885 3264 2954; x_wconf 86' lang='lat' dir='ltr'><strong>petunt?</strong></span> <span class='ocrx_word' id='word_1_564' title='bbox 3292 2884 3495 2940; x_wconf 86' lang='lat' dir='ltr'><strong>miseri.</strong></span> <span class='ocrx_word' id='word_1_565' title='bbox 3528 2886 3573 2940; x_wconf 75' lang='grc' dir='ltr'>Α</span> 
     </span>
    </p>
   </div>
   <div class='ocr_carea' id='block_1_75' title="bbox 1992 2974 3575 3044">
    <p class='ocr_par' dir='ltr' id='par_1_75' title="bbox 1992 2974 3575 3044">
     <span class='ocr_line' id='line_1_75' title="bbox 1992 2974 3575 3044; baseline 0.001 -17"><span class='ocrx_word' id='word_1_566' title='bbox 1992 2974 2265 3044; x_wconf 87' lang='lat' dir='ltr'><strong>quibus?a</strong></span> <span class='ocrx_word' id='word_1_567' title='bbox 2285 2975 2515 3030; x_wconf 85' lang='lat' dir='ltr'><strong>miseris.</strong></span> <span class='ocrx_word' id='word_1_568' title='bbox 2535 2974 2769 3044; x_wconf 75' lang='lat' dir='ltr'><strong>Excepta</strong></span> <span class='ocrx_word' id='word_1_569' title='bbox 2801 2975 3102 3030; x_wconf 87' lang='lat' dir='ltr'><strong>substantia</strong></span> <span class='ocrx_word' id='word_1_570' title='bbox 3134 2974 3478 3039; x_wconf 82' lang='lat' dir='ltr'><strong>facultatum,</strong></span> <span class='ocrx_word' id='word_1_571' title='bbox 3496 2984 3575 3029; x_wconf 80' lang='lat' dir='ltr'><strong>ta-</strong></span> 
     </span>
    </p>
   </div>
   <div class='ocr_carea' id='block_1_76' title="bbox 1992 3067 3574 3140">
    <p class='ocr_par' dir='ltr' id='par_1_76' title="bbox 1992 3067 3574 3140">
     <span class='ocr_line' id='line_1_76' title="bbox 1992 3067 3574 3140; baseline 0.002 -20"><span class='ocrx_word' id='word_1_572' title='bbox 1992 3067 2070 3122; x_wconf 88' lang='lat' dir='ltr'><strong>les</strong></span> <span class='ocrx_word' id='word_1_573' title='bbox 2089 3069 2321 3137; x_wconf 86' lang='lat' dir='ltr'><strong>suntqui</strong></span> <span class='ocrx_word' id='word_1_574' title='bbox 2342 3076 2549 3138; x_wconf 88' lang='lat' dir='ltr'><strong>petunt,</strong></span> <span class='ocrx_word' id='word_1_575' title='bbox 2567 3069 2755 3138; x_wconf 87' lang='lat' dir='ltr'><strong>quales</strong></span> <span class='ocrx_word' id='word_1_576' title='bbox 2779 3079 2906 3124; x_wconf 83' lang='lat' dir='ltr'><strong>sunt</strong></span> <span class='ocrx_word' id='word_1_577' title='bbox 2924 3086 2952 3123; x_wconf 89' lang='lat' dir='ltr'><strong>a</strong></span> <span class='ocrx_word' id='word_1_578' title='bbox 2973 3070 3167 3139; x_wconf 89' lang='lat' dir='ltr'><strong>quibus</strong></span> <span class='ocrx_word' id='word_1_579' title='bbox 3177 3078 3385 3140; x_wconf 84' lang='lat' dir='ltr'><strong>petunt.</strong></span> <span class='ocrx_word' id='word_1_580' title='bbox 3400 3071 3574 3137; x_wconf 81' lang='lat' dir='ltr'><strong>Quam</strong></span> 
     </span>
    </p>
   </div>
   <div class='ocr_carea' id='block_1_77' title="bbox 1914 3137 3572 3232">
    <p class='ocr_par' dir='ltr' id='par_1_77' title="bbox 1914 3137 3572 3232">
     <span class='ocr_line' id='line_1_77' title="bbox 1914 3137 3572 3232; baseline 0.002 -20"><span class='ocrx_word' id='word_1_581' title='bbox 1914 3137 1959 3199; x_wconf 67' lang='grc' dir='ltr'><strong>(ἶ</strong></span> <span class='ocrx_word' id='word_1_582' title='bbox 1992 3158 2225 3213; x_wconf 85' lang='lat' dir='ltr'><strong>frontem</strong></span> <span class='ocrx_word' id='word_1_583' title='bbox 2254 3137 2420 3214; x_wconf 83' lang='lat' dir='ltr'><strong>habes</strong></span> <span class='ocrx_word' id='word_1_584' title='bbox 2453 3159 2685 3230; x_wconf 84' lang='lat' dir='ltr'><strong>petendo</strong></span> <span class='ocrx_word' id='word_1_585' title='bbox 2709 3162 2777 3216; x_wconf 88' lang='lat' dir='ltr'><strong>ad</strong></span> <span class='ocrx_word' id='word_1_586' title='bbox 2804 3137 3087 3215; x_wconf 73' lang='lat' dir='ltr'><strong>Dominum</strong></span> <span class='ocrx_word' id='word_1_587' title='bbox 3128 3137 3306 3225; x_wconf 76' lang='lat' dir='ltr'><strong>tuum,</strong></span> <span class='ocrx_word' id='word_1_588' title='bbox 3345 3162 3435 3232; x_wconf 89' lang='lat' dir='ltr'><strong>qui</strong></span> <span class='ocrx_word' id='word_1_589' title='bbox 3465 3176 3572 3215; x_wconf 90' lang='lat' dir='ltr'><strong>non</strong></span> 
     </span>
    </p>
   </div>
   <div class='ocr_carea' id='block_1_78' title="bbox 1992 3247 3573 3323">
    <p class='ocr_par' dir='ltr' id='par_1_78' title="bbox 1992 3247 3573 3323">
     <span class='ocr_line' id='line_1_78' title="bbox 1992 3247 3573 3323; baseline 0.003 -20"><span class='ocrx_word' id='word_1_590' title='bbox 1992 3249 2243 3320; x_wconf 85' lang='lat' dir='ltr'><strong>agnoscis</strong></span> <span class='ocrx_word' id='word_1_591' title='bbox 2263 3247 2484 3305; x_wconf 89' lang='lat' dir='ltr'><strong>fratrem</strong></span> <span class='ocrx_word' id='word_1_592' title='bbox 2508 3251 2692 3306; x_wconf 87' lang='lat' dir='ltr'><strong>tuum?</strong></span> <span class='ocrx_word' id='word_1_593' title='bbox 2712 3250 2828 3306; x_wconf 87' lang='lat' dir='ltr'><strong>Non</strong></span> <span class='ocrx_word' id='word_1_594' title='bbox 2854 3267 2994 3315; x_wconf 85' lang='lat' dir='ltr'><strong>sunt,</strong></span> <span class='ocrx_word' id='word_1_595' title='bbox 3025 3253 3220 3323; x_wconf 85' lang='lat' dir='ltr'><strong>inquit,</strong></span> <span class='ocrx_word' id='word_1_596' title='bbox 3243 3253 3363 3308; x_wconf 90' lang='lat' dir='ltr'><strong>talis</strong></span> <span class='ocrx_word' id='word_1_597' title='bbox 3388 3272 3401 3307; x_wconf 89' lang='lat'><strong>:</strong></span> <span class='ocrx_word' id='word_1_598' title='bbox 3431 3253 3573 3309; x_wconf 86' lang='lat' dir='ltr'><strong>absit</strong></span> 
     </span>
    </p>
   </div>
   <div class='ocr_carea' id='block_1_79' title="bbox 1991 3340 3571 3414">
    <p class='ocr_par' dir='ltr' id='par_1_79' title="bbox 1991 3340 3571 3414">
     <span class='ocr_line' id='line_1_79' title="bbox 1991 3340 3571 3414; baseline 0.004 -20"><span class='ocrx_word' id='word_1_599' title='bbox 1991 3357 2020 3394; x_wconf 89' lang='lat' dir='ltr'><strong>a</strong></span> <span class='ocrx_word' id='word_1_600' title='bbox 2041 3356 2125 3396; x_wconf 89' lang='lat' dir='ltr'><strong>me</strong></span> <span class='ocrx_word' id='word_1_601' title='bbox 2147 3340 2341 3395; x_wconf 88' lang='lat' dir='ltr'><strong>uttalis</strong></span> <span class='ocrx_word' id='word_1_602' title='bbox 2362 3341 2485 3396; x_wconf 89' lang='lat' dir='ltr'><strong>sim.</strong></span> <span class='ocrx_word' id='word_1_603' title='bbox 2511 3340 2748 3406; x_wconf 78' lang='lat' dir='ltr'><strong>lntlatus,</strong></span> <span class='ocrx_word' id='word_1_604' title='bbox 2766 3343 3104 3399; x_wconf 86' lang='lat' dir='ltr'><strong>obsericatus</strong></span> <span class='ocrx_word' id='word_1_605' title='bbox 3120 3344 3221 3399; x_wconf 88' lang='lat' dir='ltr'><strong>ista</strong></span> <span class='ocrx_word' id='word_1_606' title='bbox 3244 3343 3485 3414; x_wconf 83' lang='lat' dir='ltr'><strong>loquitur</strong></span> <span class='ocrx_word' id='word_1_607' title='bbox 3503 3347 3571 3401; x_wconf 87' lang='lat' dir='ltr'><strong>de</strong></span> 
     </span>
    </p>
   </div>
   <div class='ocr_carea' id='block_1_80' title="bbox 1990 3428 3633 3509">
    <p class='ocr_par' dir='ltr' id='par_1_80' title="bbox 1990 3428 3633 3509">
     <span class='ocr_line' id='line_1_80' title="bbox 1990 3428 3633 3509; baseline 0.004 -22"><span class='ocrx_word' id='word_1_608' title='bbox 1990 3448 2250 3503; x_wconf 88' lang='lat' dir='ltr'><strong>pannoso.</strong></span> <span class='ocrx_word' id='word_1_609' title='bbox 2286 3433 2394 3490; x_wconf 87' lang='lat' dir='ltr'><strong>Sed</strong></span> <span class='ocrx_word' id='word_1_610' title='bbox 2435 3448 2537 3505; x_wconf 83' lang='lat' dir='ltr'><strong>ego</strong></span> <span class='ocrx_word' id='word_1_611' title='bbox 2574 3434 2748 3491; x_wconf 87' lang='lat' dir='ltr'><strong>nudos</strong></span> <span class='ocrx_word' id='word_1_612' title='bbox 2782 3436 3098 3508; x_wconf 88' lang='lat' dir='ltr'><strong>interrogo:</strong></span> <span class='ocrx_word' id='word_1_613' title='bbox 3132 3453 3238 3493; x_wconf 91' lang='lat' dir='ltr'><strong>non</strong></span> <span class='ocrx_word' id='word_1_614' title='bbox 3288 3439 3567 3509; x_wconf 81' lang='lat' dir='ltr'><strong>interrogo</strong></span> <span class='ocrx_word' id='word_1_615' title='bbox 3630 3428 3633 3431; x_wconf 25' lang='grc' dir='ltr'>λ</span> 
     </span>
    </p>
   </div>
   <div class='ocr_carea' id='block_1_81' title="bbox 1992 3526 3568 3598">
    <p class='ocr_par' dir='ltr' id='par_1_81' title="bbox 1992 3526 3568 3598">
     <span class='ocr_line' id='line_1_81' title="bbox 1992 3526 3568 3598; baseline 0.003 -18"><span class='ocrx_word' id='word_1_616' title='bbox 1992 3528 2045 3581; x_wconf 92' lang='lat' dir='ltr'><strong>in</strong></span> <span class='ocrx_word' id='word_1_617' title='bbox 2089 3527 2333 3583; x_wconf 86' lang='lat' dir='ltr'><strong>vestibus</strong></span> <span class='ocrx_word' id='word_1_618' title='bbox 2378 3526 2568 3596; x_wconf 87' lang='lat' dir='ltr'><strong>quales</strong></span> <span class='ocrx_word' id='word_1_619' title='bbox 2612 3528 2765 3594; x_wconf 87' lang='lat' dir='ltr'><strong>sitis,</strong></span> <span class='ocrx_word' id='word_1_620' title='bbox 2810 3530 2906 3584; x_wconf 86' lang='lat' dir='ltr'><strong>sed</strong></span> <span class='ocrx_word' id='word_1_621' title='bbox 2936 3529 3123 3598; x_wconf 84' lang='lat' dir='ltr'><strong>quales</strong></span> <span class='ocrx_word' id='word_1_622' title='bbox 3173 3530 3285 3584; x_wconf 87' lang='lat' dir='ltr'><strong>nati</strong></span> <span class='ocrx_word' id='word_1_623' title='bbox 3335 3530 3568 3585; x_wconf 88' lang='lat' dir='ltr'><strong>fueritis.</strong></span> 
     </span>
    </p>
   </div>
   <div class='ocr_carea' id='block_1_82' title="bbox 1989 3615 3573 3684">
    <p class='ocr_par' dir='ltr' id='par_1_82' title="bbox 1989 3615 3573 3684">
     <span class='ocr_line' id='line_1_82' title="bbox 1989 3615 3573 3684; baseline 0.003 -14"><span class='ocrx_word' id='word_1_624' title='bbox 1989 3615 2164 3671; x_wconf 81' lang='lat' dir='ltr'><strong>Ambo</strong></span> <span class='ocrx_word' id='word_1_625' title='bbox 2190 3615 2342 3682; x_wconf 89' lang='lat' dir='ltr'><strong>nudi,</strong></span> <span class='ocrx_word' id='word_1_626' title='bbox 2371 3615 2530 3672; x_wconf 88' lang='lat' dir='ltr'><strong>ambo</strong></span> <span class='ocrx_word' id='word_1_627' title='bbox 2560 3617 2761 3671; x_wconf 85' lang='lat' dir='ltr'><strong>infirmi</strong></span> <span class='ocrx_word' id='word_1_628' title='bbox 2780 3658 2796 3684; x_wconf 88' lang='lat'><strong>,</strong></span> <span class='ocrx_word' id='word_1_629' title='bbox 2825 3618 2985 3674; x_wconf 87' lang='lat' dir='ltr'><strong>ambo</strong></span> <span class='ocrx_word' id='word_1_630' title='bbox 3009 3620 3261 3674; x_wconf 87' lang='lat' dir='ltr'><strong>miseram</strong></span> <span class='ocrx_word' id='word_1_631' title='bbox 3295 3620 3459 3674; x_wconf 88' lang='lat' dir='ltr'><strong>vitam</strong></span> <span class='ocrx_word' id='word_1_632' title='bbox 3492 3620 3573 3674; x_wconf 82' lang='lat' dir='ltr'><strong>in-</strong></span> 
     </span>
    </p>
   </div>
   <div class='ocr_carea' id='block_1_83' title="bbox 1988 3705 3573 3778">
    <p class='ocr_par' dir='ltr' id='par_1_83' title="bbox 1988 3705 3573 3778">
     <span class='ocr_line' id='line_1_83' title="bbox 1988 3705 3573 3778; baseline 0.001 -16"><span class='ocrx_word' id='word_1_633' title='bbox 1988 3706 2248 3762; x_wconf 88' lang='lat' dir='ltr'><strong>choantes</strong></span> <span class='ocrx_word' id='word_1_634' title='bbox 2273 3744 2289 3770; x_wconf 91' lang='lat'><strong>,</strong></span> <span class='ocrx_word' id='word_1_635' title='bbox 2324 3705 2447 3762; x_wconf 89' lang='lat' dir='ltr'><strong>ideo</strong></span> <span class='ocrx_word' id='word_1_636' title='bbox 2474 3708 2636 3762; x_wconf 87' lang='lat' dir='ltr'><strong>ambo</strong></span> <span class='ocrx_word' id='word_1_637' title='bbox 2676 3708 2971 3778; x_wconf 87' lang='lat' dir='ltr'><strong>plorantes.</strong></span> <span class='ocrx_word' id='word_1_638' title='bbox 3007 3709 3148 3763; x_wconf 83' lang='lat' dir='ltr'><strong>Ecce</strong></span> <span class='ocrx_word' id='word_1_639' title='bbox 3195 3708 3372 3764; x_wconf 91' lang='lat' dir='ltr'><strong>recole</strong></span> <span class='ocrx_word' id='word_1_640' title='bbox 3418 3710 3573 3764; x_wconf 84' lang='lat' dir='ltr'><strong>dives</strong></span> 
     </span>
    </p>
   </div>
   <div class='ocr_carea' id='block_1_84' title="bbox 1988 3795 3570 3868">
    <p class='ocr_par' dir='ltr' id='par_1_84' title="bbox 1988 3795 3570 3868">
     <span class='ocr_line' id='line_1_84' title="bbox 1988 3795 3570 3868; baseline 0.004 -19"><span class='ocrx_word' id='word_1_641' title='bbox 1988 3795 2287 3865; x_wconf 87' lang='lat' dir='ltr'><strong>primordia</strong></span> <span class='ocrx_word' id='word_1_642' title='bbox 2310 3804 2425 3861; x_wconf 84' lang='lat' dir='ltr'><strong>tua,</strong></span> <span class='ocrx_word' id='word_1_643' title='bbox 2451 3796 2575 3852; x_wconf 86' lang='lat' dir='ltr'><strong>vide</strong></span> <span class='ocrx_word' id='word_1_644' title='bbox 2598 3806 2782 3852; x_wconf 88' lang='lat' dir='ltr'><strong>utrum</strong></span> <span class='ocrx_word' id='word_1_645' title='bbox 2806 3798 2910 3853; x_wconf 89' lang='lat' dir='ltr'><strong>huc</strong></span> <span class='ocrx_word' id='word_1_646' title='bbox 2929 3799 3132 3868; x_wconf 87' lang='lat' dir='ltr'><strong>aliquid</strong></span> <span class='ocrx_word' id='word_1_647' title='bbox 3153 3797 3420 3854; x_wconf 86' lang='lat' dir='ltr'><strong>attuleris.</strong></span> <span class='ocrx_word' id='word_1_648' title='bbox 3449 3798 3570 3855; x_wconf 84' lang='lat' dir='ltr'><strong>.lant</strong></span> 
     </span>
    </p>
   </div>
   <div class='ocr_carea' id='block_1_85' title="bbox 1988 3887 3566 3963">
    <p class='ocr_par' dir='ltr' id='par_1_85' title="bbox 1988 3887 3566 3963">
     <span class='ocr_line' id='line_1_85' title="bbox 1988 3887 3566 3963; baseline 0.004 -22"><span class='ocrx_word' id='word_1_649' title='bbox 1988 3888 2220 3953; x_wconf 90' lang='lat' dir='ltr'><strong>venisti,</strong></span> <span class='ocrx_word' id='word_1_650' title='bbox 2262 3896 2317 3943; x_wconf 86' lang='lat' dir='ltr'><strong>et</strong></span> <span class='ocrx_word' id='word_1_651' title='bbox 2356 3896 2506 3943; x_wconf 88' lang='lat' dir='ltr'><strong>tanta</strong></span> <span class='ocrx_word' id='word_1_652' title='bbox 2554 3889 2809 3944; x_wconf 89' lang='lat' dir='ltr'><strong>invenisti</strong></span> <span class='ocrx_word' id='word_1_653' title='bbox 2838 3887 2989 3959; x_wconf 78' lang='lat' dir='ltr'><strong>(Cap.</strong></span> <span class='ocrx_word' id='word_1_654' title='bbox 3032 3890 3109 3960; x_wconf 89' lang='lat'><strong>8).</strong></span> <span class='ocrx_word' id='word_1_655' title='bbox 3142 3888 3273 3955; x_wconf 89' lang='lat' dir='ltr'><strong>Dic,</strong></span> <span class='ocrx_word' id='word_1_656' title='bbox 3318 3906 3449 3963; x_wconf 83' lang='lat' dir='ltr'><strong>rogo</strong></span> <span class='ocrx_word' id='word_1_657' title='bbox 3483 3900 3566 3957; x_wconf 91' lang='lat' dir='ltr'><strong>te,</strong></span> 
     </span>
    </p>
   </div>
   <div class='ocr_carea' id='block_1_86' title="bbox 1988 3977 3573 4047">
    <p class='ocr_par' dir='ltr' id='par_1_86' title="bbox 1988 3977 3573 4047">
     <span class='ocr_line' id='line_1_86' title="bbox 1988 3977 3573 4047; baseline 0.003 -16"><span class='ocrx_word' id='word_1_658' title='bbox 1988 3979 2119 4047; x_wconf 89' lang='lat' dir='ltr'><strong>quid</strong></span> <span class='ocrx_word' id='word_1_659' title='bbox 2148 3977 2415 4033; x_wconf 81' lang='lat' dir='ltr'><strong>attulisti?</strong></span> <span class='ocrx_word' id='word_1_660' title='bbox 2446 3977 2543 4033; x_wconf 89' lang='lat' dir='ltr'><strong>Dic</strong></span> <span class='ocrx_word' id='word_1_661' title='bbox 2571 3978 2698 4047; x_wconf 89' lang='lat' dir='ltr'><strong>quid</strong></span> <span class='ocrx_word' id='word_1_662' title='bbox 2730 3978 3135 4033; x_wconf 84' lang='lat' dir='ltr'><strong>attuleris?Aut</strong></span> <span class='ocrx_word' id='word_1_663' title='bbox 3165 3979 3211 4034; x_wconf 90' lang='lat' dir='ltr'><strong>si</strong></span> <span class='ocrx_word' id='word_1_664' title='bbox 3236 3979 3419 4035; x_wconf 87' lang='lat' dir='ltr'><strong>dicere</strong></span> <span class='ocrx_word' id='word_1_665' title='bbox 3445 3995 3573 4036; x_wconf 90' lang='lat' dir='ltr'><strong>cru-</strong></span> 
     </span>
    </p>
   </div>
   <div class='ocr_carea' id='block_1_87' title="bbox 1989 4066 3570 4137">
    <p class='ocr_par' dir='ltr' id='par_1_87' title="bbox 1989 4066 3570 4137">
     <span class='ocr_line' id='line_1_87' title="bbox 1989 4066 3570 4137; baseline 0.001 -15"><span class='ocrx_word' id='word_1_666' title='bbox 1989 4067 2192 4132; x_wconf 88' lang='lat' dir='ltr'><strong>hescis,</strong></span> <span class='ocrx_word' id='word_1_667' title='bbox 2206 4067 2526 4137; x_wconf 88' lang='lat' dir='ltr'><strong>Apostolum</strong></span> <span class='ocrx_word' id='word_1_668' title='bbox 2549 4068 2709 4120; x_wconf 89' lang='lat' dir='ltr'><strong>audi:</strong></span> <span class='ocrx_word' id='word_1_669' title='bbox 2738 4066 2887 4120; x_wconf 80' lang='lat' dir='ltr'><strong>Nihil</strong></span> <span class='ocrx_word' id='word_1_670' title='bbox 2906 4067 3177 4122; x_wconf 82' lang='lat' dir='ltr'><strong>intulimus</strong></span> <span class='ocrx_word' id='word_1_671' title='bbox 3198 4071 3251 4122; x_wconf 82' lang='lat' dir='ltr'><strong>in</strong></span> <span class='ocrx_word' id='word_1_672' title='bbox 3267 4070 3404 4123; x_wconf 82' lang='lat' dir='ltr'><strong>hunc</strong></span> <span class='ocrx_word' id='word_1_673' title='bbox 3420 4085 3570 4124; x_wconf 87' lang='lat' dir='ltr'><strong>mun-</strong></span> 
     </span>
    </p>
   </div>
   <div class='ocr_carea' id='block_1_88' title="bbox 1990 4158 3567 4232">
    <p class='ocr_par' dir='ltr' id='par_1_88' title="bbox 1990 4158 3567 4232">
     <span class='ocr_line' id='line_1_88' title="bbox 1990 4158 3567 4232; baseline 0.001 -19"><span class='ocrx_word' id='word_1_674' title='bbox 1990 4160 2115 4214; x_wconf 84' lang='lat' dir='ltr'><strong>dum</strong></span> <span class='ocrx_word' id='word_1_675' title='bbox 2140 4159 2192 4232; x_wconf 87' lang='grc' dir='ltr'><strong>(Ι</strong></span> <span class='ocrx_word' id='word_1_676' title='bbox 2218 4159 2353 4213; x_wconf 88' lang='lat' dir='ltr'><strong>Tim.</strong></span> <span class='ocrx_word' id='word_1_677' title='bbox 2382 4176 2460 4225; x_wconf 77' lang='lat' dir='ltr'><strong>v1,</strong></span> <span class='ocrx_word' id='word_1_678' title='bbox 2487 4159 2562 4230; x_wconf 75' lang='grc' dir='ltr'><strong>Ἰ).</strong></span> <span class='ocrx_word' id='word_1_679' title='bbox 2591 4158 2698 4214; x_wconf 86' lang='lat' dir='ltr'><strong>Sed</strong></span> <span class='ocrx_word' id='word_1_680' title='bbox 2728 4158 2868 4213; x_wconf 82' lang='lat' dir='ltr'><strong>forte</strong></span> <span class='ocrx_word' id='word_1_681' title='bbox 2899 4160 3026 4228; x_wconf 88' lang='lat' dir='ltr'><strong>quia</strong></span> <span class='ocrx_word' id='word_1_682' title='bbox 3051 4160 3184 4214; x_wconf 86' lang='lat' dir='ltr'><strong>nihil</strong></span> <span class='ocrx_word' id='word_1_683' title='bbox 3215 4161 3480 4226; x_wconf 86' lang='lat' dir='ltr'><strong>attulisti,</strong></span> <span class='ocrx_word' id='word_1_684' title='bbox 3511 4170 3567 4215; x_wconf 85' lang='lat' dir='ltr'><strong>et</strong></span> 
     </span>
    </p>
   </div>
   <div class='ocr_carea' id='block_1_89' title="bbox 1992 4248 3571 4316">
    <p class='ocr_par' dir='ltr' id='par_1_89' title="bbox 1992 4248 3571 4316">
     <span class='ocr_line' id='line_1_89' title="bbox 1992 4248 3571 4316; baseline 0.001 -13"><span class='ocrx_word' id='word_1_685' title='bbox 1992 4250 2079 4303; x_wconf 86' lang='lat' dir='ltr'><strong>hic</strong></span> <span class='ocrx_word' id='word_1_686' title='bbox 2104 4249 2270 4304; x_wconf 87' lang='lat' dir='ltr'><strong>multa</strong></span> <span class='ocrx_word' id='word_1_687' title='bbox 2300 4249 2575 4315; x_wconf 89' lang='lat' dir='ltr'><strong>invenisti,</strong></span> <span class='ocrx_word' id='word_1_688' title='bbox 2601 4248 2803 4316; x_wconf 85' lang='lat' dir='ltr'><strong>aliquid</strong></span> <span class='ocrx_word' id='word_1_689' title='bbox 2824 4248 2950 4303; x_wconf 88' lang='lat' dir='ltr'><strong>hinc</strong></span> <span class='ocrx_word' id='word_1_690' title='bbox 2979 4256 3153 4303; x_wconf 86' lang='lat' dir='ltr'><strong>tecum</strong></span> <span class='ocrx_word' id='word_1_691' title='bbox 3176 4249 3455 4305; x_wconf 88' lang='lat' dir='ltr'><strong>ablaturus</strong></span> <span class='ocrx_word' id='word_1_692' title='bbox 3476 4253 3571 4306; x_wconf 82' lang='lat' dir='ltr'><strong>es?</strong></span> 
     </span>
    </p>
   </div>
   <div class='ocr_carea' id='block_1_90' title="bbox 1991 4339 3567 4409">
    <p class='ocr_par' dir='ltr' id='par_1_90' title="bbox 1991 4339 3567 4409">
     <span class='ocr_line' id='line_1_90' title="bbox 1991 4339 3567 4409; baseline 0.001 -16"><span class='ocrx_word' id='word_1_693' title='bbox 1991 4340 2057 4394; x_wconf 78' lang='lat' dir='ltr'><strong>Et</strong></span> <span class='ocrx_word' id='word_1_694' title='bbox 2093 4341 2195 4395; x_wconf 91' lang='lat' dir='ltr'><strong>hoc</strong></span> <span class='ocrx_word' id='word_1_695' title='bbox 2224 4339 2453 4394; x_wconf 84' lang='lat' dir='ltr'><strong>fortasse</strong></span> <span class='ocrx_word' id='word_1_696' title='bbox 2475 4354 2663 4393; x_wconf 87' lang='lat' dir='ltr'><strong>amore</strong></span> <span class='ocrx_word' id='word_1_697' title='bbox 2688 4339 2998 4394; x_wconf 76' lang='lat' dir='ltr'><strong>divitiarum</strong></span> <span class='ocrx_word' id='word_1_698' title='bbox 3030 4339 3270 4409; x_wconf 87' lang='lat' dir='ltr'><strong>trepidas</strong></span> <span class='ocrx_word' id='word_1_699' title='bbox 3295 4340 3567 4395; x_wconf 85' lang='lat' dir='ltr'><strong>confiteri.</strong></span> 
     </span>
    </p>
   </div>
   <div class='ocr_carea' id='block_1_91' title="bbox 1991 4430 3595 4504">
    <p class='ocr_par' dir='ltr' id='par_1_91' title="bbox 1991 4430 3595 4504">
     <span class='ocr_line' id='line_1_91' title="bbox 1991 4430 3595 4504; baseline 0.003 -20"><span class='ocrx_word' id='word_1_700' title='bbox 1991 4430 2166 4496; x_wconf 82' lang='lat' dir='ltr'><strong>Audi,</strong></span> <span class='ocrx_word' id='word_1_701' title='bbox 2215 4439 2270 4486; x_wconf 90' lang='lat' dir='ltr'><strong>ct</strong></span> <span class='ocrx_word' id='word_1_702' title='bbox 2309 4431 2411 4486; x_wconf 88' lang='lat' dir='ltr'><strong>hoc</strong></span> <span class='ocrx_word' id='word_1_703' title='bbox 2453 4430 2742 4500; x_wconf 79' lang='lat' dir='ltr'><strong>Apostolus</strong></span> <span class='ocrx_word' id='word_1_704' title='bbox 2769 4431 2954 4495; x_wconf 82' lang='lat' dir='ltr'><strong>dicat,</strong></span> <span class='ocrx_word' id='word_1_705' title='bbox 2984 4431 3076 4500; x_wconf 87' lang='lat' dir='ltr'><strong>qui</strong></span> <span class='ocrx_word' id='word_1_706' title='bbox 3115 4439 3170 4487; x_wconf 90' lang='lat' dir='ltr'><strong>te</strong></span> <span class='ocrx_word' id='word_1_707' title='bbox 3214 4448 3318 4486; x_wconf 91' lang='lat' dir='ltr'><strong>non</strong></span> <span class='ocrx_word' id='word_1_708' title='bbox 3350 4433 3526 4504; x_wconf 82' lang='lat' dir='ltr'><strong>palpat</strong></span> <span class='ocrx_word' id='word_1_709' title='bbox 3553 4453 3595 4489; x_wconf 83' lang='lat'><strong>:-</strong></span> 
     </span>
    </p>
   </div>
   <div class='ocr_carea' id='block_1_92' title="bbox 300 4510 3572 4597">
    <p class='ocr_par' dir='ltr' id='par_1_92' title="bbox 300 4510 3572 4597">
     <span class='ocr_line' id='line_1_92' title="bbox 300 4510 3572 4597; baseline -0.001 -17"><span class='ocrx_word' id='word_1_710' title='bbox 300 4542 413 4582; x_wconf 78' lang='lat' dir='ltr'><strong>esse</strong></span> <span class='ocrx_word' id='word_1_711' title='bbox 444 4526 687 4597; x_wconf 86' lang='lat' dir='ltr'><strong>gaudent</strong></span> <span class='ocrx_word' id='word_1_712' title='bbox 718 4526 1042 4591; x_wconf 87' lang='lat' dir='ltr'><strong>hominibus,</strong></span> <span class='ocrx_word' id='word_1_713' title='bbox 1080 4527 1175 4581; x_wconf 78' lang='lat' dir='ltr'><strong>sed</strong></span> <span class='ocrx_word' id='word_1_714' title='bbox 1206 4527 1457 4596; x_wconf 88' lang='lat' dir='ltr'><strong>prodesse</strong></span> <span class='ocrx_word' id='word_1_715' title='bbox 1489 4545 1501 4580; x_wconf 90' lang='lat'>:</span> <span class='ocrx_word' id='word_1_716' title='bbox 1535 4527 1711 4581; x_wconf 87' lang='lat' dir='ltr'><strong>sciunt</strong></span> <span class='ocrx_word' id='word_1_717' title='bbox 1740 4528 1885 4582; x_wconf 89' lang='lat' dir='ltr'><strong>enim</strong></span> <span class='ocrx_word' id='word_1_718' title='bbox 1912 4510 1964 4568; x_wconf 83' lang='lat' dir='ltr'><strong>D</strong></span> <span class='ocrx_word' id='word_1_719' title='bbox 1994 4520 2144 4574; x_wconf 76' lang='lat' dir='ltr'><strong>Nihil</strong></span> <span class='ocrx_word' id='word_1_720' title='bbox 2194 4520 2468 4574; x_wconf 81' lang='lat' dir='ltr'><strong>intulimus</strong></span> <span class='ocrx_word' id='word_1_721' title='bbox 2514 4522 2569 4575; x_wconf 86' lang='lat' dir='ltr'><strong>in</strong></span> <span class='ocrx_word' id='word_1_722' title='bbox 2611 4521 2748 4574; x_wconf 82' lang='lat' dir='ltr'><strong>hunc</strong></span> <span class='ocrx_word' id='word_1_723' title='bbox 2794 4521 3046 4575; x_wconf 82' lang='lat' dir='ltr'><strong>mundum</strong></span> <span class='ocrx_word' id='word_1_724' title='bbox 3097 4520 3309 4593; x_wconf 84' lang='lat' dir='ltr'><strong>(Ibid.)</strong></span> <span class='ocrx_word' id='word_1_725' title='bbox 3342 4537 3355 4575; x_wconf 93' lang='lat'><strong>:</strong></span> <span class='ocrx_word' id='word_1_726' title='bbox 3385 4523 3572 4592; x_wconf 82' lang='lat' dir='ltr'><strong>utique</strong></span> 
     </span>
    </p>
   </div>
   <div class='ocr_carea' id='block_1_93' title="bbox 301 4617 1884 4689">
    <p class='ocr_par' dir='ltr' id='par_1_93' title="bbox 301 4617 1884 4689">
     <span class='ocr_line' id='line_1_93' title="bbox 301 4617 1884 4689; baseline 0.003 -22"><span class='ocrx_word' id='word_1_727' title='bbox 301 4618 439 4684; x_wconf 87' lang='lat' dir='ltr'><strong>quod</strong></span> <span class='ocrx_word' id='word_1_728' title='bbox 473 4617 687 4685; x_wconf 89' lang='lat' dir='ltr'><strong>antiqui</strong></span> <span class='ocrx_word' id='word_1_729' title='bbox 710 4624 889 4686; x_wconf 86' lang='lat' dir='ltr'><strong>patres</strong></span> <span class='ocrx_word' id='word_1_730' title='bbox 913 4617 1103 4682; x_wconf 88' lang='lat' dir='ltr'><strong>nostri,</strong></span> <span class='ocrx_word' id='word_1_731' title='bbox 1135 4633 1239 4670; x_wconf 90' lang='lat' dir='ltr'><strong>non</strong></span> <span class='ocrx_word' id='word_1_732' title='bbox 1274 4627 1380 4671; x_wconf 89' lang='lat' dir='ltr'><strong>tam</strong></span> <span class='ocrx_word' id='word_1_733' title='bbox 1403 4618 1678 4672; x_wconf 86' lang='lat' dir='ltr'><strong>hominum</strong></span> <span class='ocrx_word' id='word_1_734' title='bbox 1709 4634 1884 4689; x_wconf 82' lang='lat' dir='ltr'><strong>reges,</strong></span> 
     </span>
    </p>
   </div>
   <div class='ocr_carea' id='block_1_94' title="bbox 301 4709 1885 4780">
    <p class='ocr_par' dir='ltr' id='par_1_94' title="bbox 301 4709 1885 4780">
     <span class='ocr_line' id='line_1_94' title="bbox 301 4709 1885 4780; baseline 0.001 -17"><span class='ocrx_word' id='word_1_735' title='bbox 301 4726 460 4779; x_wconf 87' lang='lat' dir='ltr'><strong>quam</strong></span> <span class='ocrx_word' id='word_1_736' title='bbox 492 4720 739 4780; x_wconf 86' lang='lat' dir='ltr'><strong>pastores</strong></span> <span class='ocrx_word' id='word_1_737' title='bbox 763 4726 1019 4779; x_wconf 87' lang='lat' dir='ltr'><strong>pecorum</strong></span> <span class='ocrx_word' id='word_1_738' title='bbox 1050 4709 1215 4765; x_wconf 85' lang='lat' dir='ltr'><strong>fuisse</strong></span> <span class='ocrx_word' id='word_1_739' title='bbox 1251 4719 1641 4765; x_wconf 89' lang='lat' dir='ltr'><strong>memorantur.</strong></span> <span class='ocrx_word' id='word_1_740' title='bbox 1671 4712 1732 4765; x_wconf 85' lang='lat' dir='ltr'><strong>Et</strong></span> <span class='ocrx_word' id='word_1_741' title='bbox 1764 4727 1885 4766; x_wconf 87' lang='lat' dir='ltr'><strong>cum</strong></span> 
     </span>
    </p>
   </div>
   <div class='ocr_carea' id='block_1_95' title="bbox 302 4800 1889 4873">
    <p class='ocr_par' dir='ltr' id='par_1_95' title="bbox 302 4800 1889 4873">
     <span class='ocr_line' id='line_1_95' title="bbox 302 4800 1889 4873; baseline 0 -18"><span class='ocrx_word' id='word_1_742' title='bbox 302 4800 406 4857; x_wconf 69' lang='lat' dir='ltr'><strong>Noe</strong></span> <span class='ocrx_word' id='word_1_743' title='bbox 440 4802 707 4858; x_wconf 86' lang='lat' dir='ltr'><strong>Dominus</strong></span> <span class='ocrx_word' id='word_1_744' title='bbox 738 4802 969 4871; x_wconf 75' lang='lat' dir='ltr'><strong>(illisque</strong></span> <span class='ocrx_word' id='word_1_745' title='bbox 998 4803 1114 4873; x_wconf 79' lang='lat' dir='ltr'><strong>ejus</strong></span> <span class='ocrx_word' id='word_1_746' title='bbox 1145 4801 1350 4857; x_wconf 85' lang='lat' dir='ltr'><strong>diceret</strong></span> <span class='ocrx_word' id='word_1_747' title='bbox 1378 4819 1390 4855; x_wconf 86' lang='lat'><strong>:</strong></span> <span class='ocrx_word' id='word_1_748' title='bbox 1425 4801 1648 4856; x_wconf 77' lang='lat' dir='ltr'><strong>Crescite</strong></span> <span class='ocrx_word' id='word_1_749' title='bbox 1679 4813 1725 4857; x_wconf 87' lang='lat' dir='ltr'><strong>ct</strong></span> <span class='ocrx_word' id='word_1_750' title='bbox 1753 4802 1889 4856; x_wconf 88' lang='lat' dir='ltr'><strong>mul-</strong></span> 
     </span>
    </p>
   </div>
   <div class='ocr_carea' id='block_1_96' title="bbox 304 4893 1891 4964">
    <p class='ocr_par' dir='ltr' id='par_1_96' title="bbox 304 4893 1891 4964">
     <span class='ocr_line' id='line_1_96' title="bbox 304 4893 1891 4964; baseline 0.003 -19"><span class='ocrx_word' id='word_1_751' title='bbox 304 4893 633 4964; x_wconf 75' lang='lat' dir='ltr'><strong>!§plicamini,</strong></span> <span class='ocrx_word' id='word_1_752' title='bbox 681 4903 729 4947; x_wconf 82' lang='lat' dir='ltr'><strong>et</strong></span> <span class='ocrx_word' id='word_1_753' title='bbox 775 4893 964 4963; x_wconf 84' lang='lat' dir='ltr'><strong>replete</strong></span> <span class='ocrx_word' id='word_1_754' title='bbox 997 4903 1224 4958; x_wconf 86' lang='lat' dir='ltr'><strong>terram;</strong></span> <span class='ocrx_word' id='word_1_755' title='bbox 1272 4893 1510 4948; x_wconf 89' lang='lat' dir='ltr'><strong>subdidit</strong></span> <span class='ocrx_word' id='word_1_756' title='bbox 1554 4913 1569 4950; x_wconf 91' lang='lat'><strong>:</strong></span> <span class='ocrx_word' id='word_1_757' title='bbox 1619 4894 1689 4948; x_wconf 86' lang='lat' dir='ltr'><strong>Et</strong></span> <span class='ocrx_word' id='word_1_758' title='bbox 1722 4906 1891 4950; x_wconf 87' lang='lat' dir='ltr'><strong>terror</strong></span> 
     </span>
    </p>
   </div>
   <div class='ocr_carea' id='block_1_97' title="bbox 303 4989 1890 5060">
    <p class='ocr_par' dir='ltr' id='par_1_97' title="bbox 303 4989 1890 5060">
     <span class='ocr_line' id='line_1_97' title="bbox 303 4989 1890 5060; baseline 0 -15"><span class='ocrx_word' id='word_1_759' title='bbox 303 5003 463 5046; x_wconf 73' lang='lat' dir='ltr'><strong>restet</strong></span> <span class='ocrx_word' id='word_1_760' title='bbox 507 5007 574 5044; x_wconf 87' lang='lat' dir='ltr'><strong>ac</strong></span> <span class='ocrx_word' id='word_1_761' title='bbox 627 5000 821 5044; x_wconf 81' lang='lat' dir='ltr'><strong>tremor</strong></span> <span class='ocrx_word' id='word_1_762' title='bbox 872 4989 939 5043; x_wconf 85' lang='lat' dir='ltr'><strong>sit</strong></span> <span class='ocrx_word' id='word_1_763' title='bbox 993 5007 1147 5060; x_wconf 82' lang='lat' dir='ltr'><strong>super</strong></span> <span class='ocrx_word' id='word_1_764' title='bbox 1199 4998 1385 5043; x_wconf 83' lang='lat' dir='ltr'><strong>cuncta</strong></span> <span class='ocrx_word' id='word_1_765' title='bbox 1433 4990 1686 5044; x_wconf 83' lang='lat' dir='ltr'><strong>animalia</strong></span> <span class='ocrx_word' id='word_1_766' title='bbox 1737 5000 1890 5045; x_wconf 82' lang='lat' dir='ltr'><strong>terrte</strong></span> 
     </span>
    </p>
   </div>
   <div class='ocr_carea' id='block_1_98' title="bbox 304 5081 1887 5155">
    <p class='ocr_par' dir='ltr' id='par_1_98' title="bbox 304 5081 1887 5155">
     <span class='ocr_line' id='line_1_98' title="bbox 304 5081 1887 5155; baseline 0 -18"><span class='ocrx_word' id='word_1_767' title='bbox 304 5082 453 5153; x_wconf 80' lang='lat' dir='ltr'><strong>(Gen.</strong></span> <span class='ocrx_word' id='word_1_768' title='bbox 489 5100 569 5148; x_wconf 74' lang='lat' dir='ltr'><strong>ix,</strong></span> <span class='ocrx_word' id='word_1_769' title='bbox 598 5083 677 5155; x_wconf 71' lang='lat'><strong>2).</strong></span> <span class='ocrx_word' id='word_1_770' title='bbox 720 5081 836 5137; x_wconf 86' lang='lat' dir='ltr'><strong>Non</strong></span> <span class='ocrx_word' id='word_1_771' title='bbox 864 5082 1006 5137; x_wconf 86' lang='lat' dir='ltr'><strong>enim</strong></span> <span class='ocrx_word' id='word_1_772' title='bbox 1050 5082 1158 5143; x_wconf 88' lang='lat' dir='ltr'><strong>ait,</strong></span> <span class='ocrx_word' id='word_1_773' title='bbox 1202 5081 1273 5135; x_wconf 90' lang='lat' dir='ltr'><strong>sit</strong></span> <span class='ocrx_word' id='word_1_774' title='bbox 1318 5095 1482 5150; x_wconf 89' lang='lat' dir='ltr'><strong>super</strong></span> <span class='ocrx_word' id='word_1_775' title='bbox 1519 5081 1766 5136; x_wconf 88' lang='lat' dir='ltr'><strong>homines</strong></span> <span class='ocrx_word' id='word_1_776' title='bbox 1795 5082 1887 5152; x_wconf 90' lang='lat' dir='ltr'><strong>qui</strong></span> 
     </span>
    </p>
   </div>
   <div class='ocr_carea' id='block_1_99' title="bbox 302 5171 1884 5242">
    <p class='ocr_par' dir='ltr' id='par_1_99' title="bbox 302 5171 1884 5242">
     <span class='ocr_line' id='line_1_99' title="bbox 302 5171 1884 5242; baseline -0.001 -14"><span class='ocrx_word' id='word_1_777' title='bbox 302 5174 465 5230; x_wconf 85' lang='lat' dir='ltr'><strong>futuri</strong></span> <span class='ocrx_word' id='word_1_778' title='bbox 513 5184 673 5240; x_wconf 88' lang='lat' dir='ltr'><strong>sunt;</strong></span> <span class='ocrx_word' id='word_1_779' title='bbox 716 5175 845 5238; x_wconf 87' lang='lat' dir='ltr'><strong>sed,</strong></span> <span class='ocrx_word' id='word_1_780' title='bbox 883 5175 949 5227; x_wconf 86' lang='lat' dir='ltr'><strong>sit</strong></span> <span class='ocrx_word' id='word_1_781' title='bbox 986 5189 1139 5242; x_wconf 86' lang='lat' dir='ltr'><strong>super</strong></span> <span class='ocrx_word' id='word_1_782' title='bbox 1173 5181 1359 5226; x_wconf 79' lang='lat' dir='ltr'><strong>cuncta</strong></span> <span class='ocrx_word' id='word_1_783' title='bbox 1397 5171 1649 5226; x_wconf 86' lang='lat' dir='ltr'><strong>animalia</strong></span> <span class='ocrx_word' id='word_1_784' title='bbox 1683 5180 1833 5226; x_wconf 76' lang='lat' dir='ltr'><strong>terra:</strong></span> <span class='ocrx_word' id='word_1_785' title='bbox 1865 5187 1884 5225; x_wconf 90' lang='lat'><strong><em>:</em></strong></span> 
     </span>
    </p>
   </div>
   <div class='ocr_carea' id='block_1_100' title="bbox 303 5262 1884 5337">
    <p class='ocr_par' dir='ltr' id='par_1_100' title="bbox 303 5262 1884 5337">
     <span class='ocr_line' id='line_1_100' title="bbox 303 5262 1884 5337; baseline -0.001 -17"><span class='ocrx_word' id='word_1_786' title='bbox 303 5265 461 5322; x_wconf 90' lang='lat' dir='ltr'><strong>homo</strong></span> <span class='ocrx_word' id='word_1_787' title='bbox 482 5267 681 5337; x_wconf 89' lang='lat' dir='ltr'><strong>quippe</strong></span> <span class='ocrx_word' id='word_1_788' title='bbox 711 5263 1036 5318; x_wconf 86' lang='lat' dir='ltr'><strong>animalibus</strong></span> <span class='ocrx_word' id='word_1_789' title='bbox 1067 5262 1542 5326; x_wconf 87' lang='lat' dir='ltr'><strong>irrationabilibus,</strong></span> <span class='ocrx_word' id='word_1_790' title='bbox 1572 5278 1677 5317; x_wconf 90' lang='lat' dir='ltr'><strong>non</strong></span> <span class='ocrx_word' id='word_1_791' title='bbox 1705 5272 1884 5318; x_wconf 88' lang='lat' dir='ltr'><strong>autem</strong></span> 
     </span>
    </p>
   </div>
   <div class='ocr_carea' id='block_1_101' title="bbox 303 5352 1883 5423">
    <p class='ocr_par' dir='ltr' id='par_1_101' title="bbox 303 5352 1883 5423">
     <span class='ocr_line' id='line_1_101' title="bbox 303 5352 1883 5423; baseline -0.003 -12"><span class='ocrx_word' id='word_1_792' title='bbox 303 5358 507 5413; x_wconf 64' lang='lat' dir='ltr'><strong>ceteris</strong></span> <span class='ocrx_word' id='word_1_793' title='bbox 533 5355 848 5410; x_wconf 88' lang='lat' dir='ltr'><strong>hominibus</strong></span> <span class='ocrx_word' id='word_1_794' title='bbox 881 5361 1074 5407; x_wconf 88' lang='lat' dir='ltr'><strong>natura</strong></span> <span class='ocrx_word' id='word_1_795' title='bbox 1098 5352 1353 5423; x_wconf 74' lang='lat' dir='ltr'><strong>przelatus</strong></span> <span class='ocrx_word' id='word_1_796' title='bbox 1378 5361 1487 5418; x_wconf 86' lang='lat' dir='ltr'><strong>est,</strong></span> <span class='ocrx_word' id='word_1_797' title='bbox 1515 5360 1572 5407; x_wconf 91' lang='lat' dir='ltr'><strong>et</strong></span> <span class='ocrx_word' id='word_1_798' title='bbox 1599 5352 1799 5407; x_wconf 72' lang='lat' dir='ltr'><strong>idcirco</strong></span> <span class='ocrx_word' id='word_1_799' title='bbox 1833 5352 1883 5406; x_wconf 92' lang='lat' dir='ltr'><strong>ei</strong></span> 
     </span>
    </p>
   </div>
   <div class='ocr_carea' id='block_1_102' title="bbox 304 5441 1881 5511">
    <p class='ocr_par' dir='ltr' id='par_1_102' title="bbox 304 5441 1881 5511">
     <span class='ocr_line' id='line_1_102' title="bbox 304 5441 1881 5511; baseline -0.003 -13"><span class='ocrx_word' id='word_1_800' title='bbox 304 5445 519 5511; x_wconf 88' lang='lat' dir='ltr'><strong>dicitur,</strong></span> <span class='ocrx_word' id='word_1_801' title='bbox 543 5453 605 5500; x_wconf 89' lang='lat' dir='ltr'><strong>ut</strong></span> <span class='ocrx_word' id='word_1_802' title='bbox 635 5443 705 5499; x_wconf 87' lang='lat' dir='ltr'><strong>ab</strong></span> <span class='ocrx_word' id='word_1_803' title='bbox 733 5441 1078 5507; x_wconf 88' lang='lat' dir='ltr'><strong>animalibus,</strong></span> <span class='ocrx_word' id='word_1_804' title='bbox 1112 5456 1216 5495; x_wconf 90' lang='lat' dir='ltr'><strong>non</strong></span> <span class='ocrx_word' id='word_1_805' title='bbox 1243 5442 1309 5494; x_wconf 90' lang='lat' dir='ltr'><strong>ab</strong></span> <span class='ocrx_word' id='word_1_806' title='bbox 1334 5441 1552 5496; x_wconf 89' lang='lat' dir='ltr'><strong>homine</strong></span> <span class='ocrx_word' id='word_1_807' title='bbox 1583 5441 1839 5496; x_wconf 88' lang='lat' dir='ltr'><strong>timeatur</strong></span> <span class='ocrx_word' id='word_1_808' title='bbox 1867 5457 1881 5494; x_wconf 88' lang='lat'><strong>:</strong></span> 
     </span>
    </p>
   </div>
   <div class='ocr_carea' id='block_1_103' title="bbox 303 5530 1884 5602">
    <p class='ocr_par' dir='ltr' id='par_1_103' title="bbox 303 5530 1884 5602">
     <span class='ocr_line' id='line_1_103' title="bbox 303 5530 1884 5602; baseline 0.001 -19"><span class='ocrx_word' id='word_1_809' title='bbox 303 5534 425 5602; x_wconf 87' lang='lat' dir='ltr'><strong>quia</strong></span> <span class='ocrx_word' id='word_1_810' title='bbox 455 5545 644 5589; x_wconf 80' lang='lat' dir='ltr'><strong>contra</strong></span> <span class='ocrx_word' id='word_1_811' title='bbox 675 5541 929 5588; x_wconf 88' lang='lat' dir='ltr'><strong>naturam</strong></span> <span class='ocrx_word' id='word_1_812' title='bbox 969 5530 1248 5601; x_wconf 89' lang='lat' dir='ltr'><strong>superbire</strong></span> <span class='ocrx_word' id='word_1_813' title='bbox 1280 5538 1363 5585; x_wconf 89' lang='lat' dir='ltr'><strong>est</strong></span> <span class='ocrx_word' id='word_1_814' title='bbox 1382 5570 1397 5597; x_wconf 93' lang='lat'><strong>,</strong></span> <span class='ocrx_word' id='word_1_815' title='bbox 1428 5530 1495 5585; x_wconf 87' lang='lat' dir='ltr'><strong>ab</strong></span> <span class='ocrx_word' id='word_1_816' title='bbox 1525 5530 1716 5599; x_wconf 69' lang='lat' dir='ltr'><strong>aequali</strong></span> <span class='ocrx_word' id='word_1_817' title='bbox 1751 5530 1884 5586; x_wconf 88' lang='lat' dir='ltr'><strong>velle</strong></span> 
     </span>
    </p>
   </div>
   <div class='ocr_carea' id='block_1_104' title="bbox 305 5624 1425 5678">
    <p class='ocr_par' dir='ltr' id='par_1_104' title="bbox 305 5624 1425 5678">
     <span class='ocr_line' id='line_1_104' title="bbox 305 5624 1425 5678; baseline 0.01 -2"><span class='ocrx_word' id='word_1_818' title='bbox 305 5624 495 5678; x_wconf 84' lang='lat' dir='ltr'><strong>timeri.</strong></span> <span class='ocrx_word' id='word_1_819' title='bbox 526 5645 547 5678; x_wconf 76' lang='grc' dir='ltr'><strong><em>ι</em></strong></span> <span class='ocrx_word' id='word_1_820' title='bbox 1420 5638 1425 5645; x_wconf 84' lang='grc'><em>’</em></span> 
     </span>
    </p>
   </div>
   <div class='ocr_carea' id='block_1_105' title="bbox 373 5732 1419 5811">
    <p class='ocr_par' dir='ltr' id='par_1_105' title="bbox 373 5732 1419 5811">
     <span class='ocr_line' id='line_1_105' title="bbox 373 5732 1419 5811; baseline -0.007 -19"><span class='ocrx_word' id='word_1_821' title='bbox 373 5749 398 5775; x_wconf 72' lang='grc'>⁸</span> <span class='ocrx_word' id='word_1_822' title='bbox 438 5736 620 5794; x_wconf 77' lang='lat' dir='ltr'><strong>Mora].</strong></span> <span class='ocrx_word' id='word_1_823' title='bbox 654 5738 709 5791; x_wconf 91' lang='lat' dir='ltr'><strong>in</strong></span> <span class='ocrx_word' id='word_1_824' title='bbox 743 5734 845 5791; x_wconf 86' lang='lat' dir='ltr'><strong>Job</strong></span> <span class='ocrx_word' id='word_1_825' title='bbox 872 5735 964 5790; x_wconf 87' lang='lat' dir='ltr'><strong>lib.</strong></span> <span class='ocrx_word' id='word_1_826' title='bbox 992 5750 1105 5801; x_wconf 64' lang='grc' dir='ltr'>χχι,</span> <span class='ocrx_word' id='word_1_827' title='bbox 1134 5748 1251 5803; x_wconf 85' lang='lat' dir='ltr'><strong>cap.</strong></span> <span class='ocrx_word' id='word_1_828' title='bbox 1284 5732 1368 5786; x_wconf 78' lang='grc'><strong>10.</strong></span> <span class='ocrx_word' id='word_1_829' title='bbox 1402 5800 1419 5811; x_wconf 22' lang='grc' dir='ltr'><strong>ἦ</strong></span> 
     </span>
    </p>
   </div>
   <div class='ocr_carea' id='block_1_106' title="bbox 1988 4610 3570 4682">
    <p class='ocr_par' dir='ltr' id='par_1_106' title="bbox 1988 4610 3570 4682">
     <span class='ocr_line' id='line_1_106' title="bbox 1988 4610 3570 4682; baseline 0 -18"><span class='ocrx_word' id='word_1_830' title='bbox 1988 4610 2205 4680; x_wconf 87' lang='lat' dir='ltr'><strong>quando</strong></span> <span class='ocrx_word' id='word_1_831' title='bbox 2230 4611 2344 4665; x_wconf 88' lang='lat' dir='ltr'><strong>nati</strong></span> <span class='ocrx_word' id='word_1_832' title='bbox 2373 4626 2591 4677; x_wconf 89' lang='lat' dir='ltr'><strong>sumus,</strong></span> <span class='ocrx_word' id='word_1_833' title='bbox 2630 4610 2725 4666; x_wconf 88' lang='lat' dir='ltr'><strong>sed</strong></span> <span class='ocrx_word' id='word_1_834' title='bbox 2758 4626 2858 4665; x_wconf 89' lang='lat' dir='ltr'><strong>nec</strong></span> <span class='ocrx_word' id='word_1_835' title='bbox 2894 4611 3109 4666; x_wconf 88' lang='lat' dir='ltr'><strong>auferre</strong></span> <span class='ocrx_word' id='word_1_836' title='bbox 3147 4612 3349 4682; x_wconf 89' lang='lat' dir='ltr'><strong>aliquid</strong></span> <span class='ocrx_word' id='word_1_837' title='bbox 3379 4628 3570 4682; x_wconf 85' lang='lat' dir='ltr'><strong>pussu-</strong></span> 
     </span>
    </p>
   </div>
   <div class='ocr_carea' id='block_1_107' title="bbox 1987 4701 3573 4771">
    <p class='ocr_par' dir='ltr' id='par_1_107' title="bbox 1987 4701 3573 4771">
     <span class='ocr_line' id='line_1_107' title="bbox 1987 4701 3573 4771; baseline -0.001 -15"><span class='ocrx_word' id='word_1_838' title='bbox 1987 4718 2141 4767; x_wconf 87' lang='lat' dir='ltr'><strong>mus,</strong></span> <span class='ocrx_word' id='word_1_839' title='bbox 2169 4702 2356 4771; x_wconf 88' lang='lat' dir='ltr'><strong>utique</strong></span> <span class='ocrx_word' id='word_1_840' title='bbox 2383 4702 2601 4771; x_wconf 87' lang='lat' dir='ltr'><strong>quando</strong></span> <span class='ocrx_word' id='word_1_841' title='bbox 2638 4702 2706 4759; x_wconf 89' lang='lat' dir='ltr'><strong>de</strong></span> <span class='ocrx_word' id='word_1_842' title='bbox 2742 4716 2968 4771; x_wconf 90' lang='lat' dir='ltr'><strong>corpore</strong></span> <span class='ocrx_word' id='word_1_843' title='bbox 2996 4703 3228 4757; x_wconf 72' lang='lat' dir='ltr'><strong>eximus.</strong></span> <span class='ocrx_word' id='word_1_844' title='bbox 3257 4701 3399 4757; x_wconf 80' lang='lat' dir='ltr'><strong>Nihil</strong></span> <span class='ocrx_word' id='word_1_845' title='bbox 3425 4710 3573 4756; x_wconf 91' lang='lat' dir='ltr'><strong>attu-</strong></span> 
     </span>
    </p>
   </div>
   <div class='ocr_carea' id='block_1_108' title="bbox 2000 4792 3569 4863">
    <p class='ocr_par' dir='ltr' id='par_1_108' title="bbox 2000 4792 3569 4863">
     <span class='ocr_line' id='line_1_108' title="bbox 2000 4792 3569 4863; baseline 0 -17"><span class='ocrx_word' id='word_1_846' title='bbox 2000 4794 2134 4856; x_wconf 81' lang='lat' dir='ltr'><strong>listi,</strong></span> <span class='ocrx_word' id='word_1_847' title='bbox 2167 4793 2300 4848; x_wconf 90' lang='lat' dir='ltr'><strong>nihil</strong></span> <span class='ocrx_word' id='word_1_848' title='bbox 2329 4793 2455 4847; x_wconf 88' lang='lat' dir='ltr'><strong>hinc</strong></span> <span class='ocrx_word' id='word_1_849' title='bbox 2479 4792 2693 4848; x_wconf 89' lang='lat' dir='ltr'><strong>auferes</strong></span> <span class='ocrx_word' id='word_1_850' title='bbox 2720 4811 2732 4846; x_wconf 90' lang='lat'><strong>:</strong></span> <span class='ocrx_word' id='word_1_851' title='bbox 2762 4793 2888 4863; x_wconf 90' lang='lat' dir='ltr'><strong>quid</strong></span> <span class='ocrx_word' id='word_1_852' title='bbox 2938 4804 2987 4848; x_wconf 85' lang='lat' dir='ltr'><strong>te</strong></span> <span class='ocrx_word' id='word_1_853' title='bbox 3027 4792 3182 4848; x_wconf 85' lang='lat' dir='ltr'><strong>inllas</strong></span> <span class='ocrx_word' id='word_1_854' title='bbox 3212 4802 3402 4848; x_wconf 87' lang='lat' dir='ltr'><strong>contra</strong></span> <span class='ocrx_word' id='word_1_855' title='bbox 3435 4806 3569 4861; x_wconf 81' lang='lat' dir='ltr'><strong>pau—</strong></span> 
     </span>
    </p>
   </div>
   <div class='ocr_carea' id='block_1_109' title="bbox 1989 4885 3568 4955">
    <p class='ocr_par' dir='ltr' id='par_1_109' title="bbox 1989 4885 3568 4955">
     <span class='ocr_line' id='line_1_109' title="bbox 1989 4885 3568 4955; baseline 0 -16"><span class='ocrx_word' id='word_1_856' title='bbox 1989 4886 2211 4955; x_wconf 86' lang='lat' dir='ltr'><strong>perem?</strong></span> <span class='ocrx_word' id='word_1_857' title='bbox 2258 4885 2486 4952; x_wconf 84' lang='lat' dir='ltr'><strong>Quando</strong></span> <span class='ocrx_word' id='word_1_858' title='bbox 2533 4894 2836 4939; x_wconf 89' lang='lat' dir='ltr'><strong>nascuntur</strong></span> <span class='ocrx_word' id='word_1_859' title='bbox 2886 4886 2994 4940; x_wconf 72' lang='lat' dir='ltr'><strong>infa</strong></span> <span class='ocrx_word' id='word_1_860' title='bbox 3040 4897 3145 4944; x_wconf 70' lang='lat' dir='ltr'><strong>tes.</strong></span> <span class='ocrx_word' id='word_1_861' title='bbox 3202 4886 3458 4940; x_wconf 80' lang='lat' dir='ltr'><strong>recedant</strong></span> <span class='ocrx_word' id='word_1_862' title='bbox 3500 4885 3568 4939; x_wconf 81' lang='lat' dir='ltr'><strong>de</strong></span> 
     </span>
    </p>
   </div>
   <div class='ocr_carea' id='block_1_110' title="bbox 1996 4973 3567 5048">
    <p class='ocr_par' dir='ltr' id='par_1_110' title="bbox 1996 4973 3567 5048">
     <span class='ocr_line' id='line_1_110' title="bbox 1996 4973 3567 5048; baseline -0.003 -16"><span class='ocrx_word' id='word_1_863' title='bbox 1996 4979 2172 5033; x_wconf 78' lang='lat' dir='ltr'><strong>medio</strong></span> <span class='ocrx_word' id='word_1_864' title='bbox 2202 4985 2485 5048; x_wconf 87' lang='lat' dir='ltr'><strong>parentes,</strong></span> <span class='ocrx_word' id='word_1_865' title='bbox 2529 4976 2690 5041; x_wconf 89' lang='lat' dir='ltr'><strong>servi,</strong></span> <span class='ocrx_word' id='word_1_866' title='bbox 2732 4976 2988 5039; x_wconf 86' lang='lat' dir='ltr'><strong>clientes,</strong></span> <span class='ocrx_word' id='word_1_867' title='bbox 3024 4975 3361 5031; x_wconf 80' lang='lat' dir='ltr'><strong>recedantde</strong></span> <span class='ocrx_word' id='word_1_868' title='bbox 3389 4973 3567 5028; x_wconf 80' lang='lat' dir='ltr'><strong>medio</strong></span> 
     </span>
    </p>
   </div>
   <div class='ocr_carea' id='block_1_111' title="bbox 1994 5065 3566 5140">
    <p class='ocr_par' dir='ltr' id='par_1_111' title="bbox 1994 5065 3566 5140">
     <span class='ocr_line' id='line_1_111' title="bbox 1994 5065 3566 5140; baseline -0.003 -15"><span class='ocrx_word' id='word_1_869' title='bbox 1994 5072 2166 5125; x_wconf 78' lang='lat' dir='ltr'><strong>turbae</strong></span> <span class='ocrx_word' id='word_1_870' title='bbox 2214 5072 2609 5140; x_wconf 74' lang='lat' dir='ltr'><strong>obsequentes,</strong></span> <span class='ocrx_word' id='word_1_871' title='bbox 2651 5076 2707 5123; x_wconf 90' lang='lat' dir='ltr'><strong>et</strong></span> <span class='ocrx_word' id='word_1_872' title='bbox 2762 5077 3130 5138; x_wconf 88' lang='lat' dir='ltr'><strong>agnoscantur</strong></span> <span class='ocrx_word' id='word_1_873' title='bbox 3174 5066 3325 5137; x_wconf 87' lang='lat' dir='ltr'><strong>pueri</strong></span> <span class='ocrx_word' id='word_1_874' title='bbox 3372 5065 3566 5120; x_wconf 85' lang='lat' dir='ltr'><strong>divites</strong></span> 
     </span>
    </p>
   </div>
   <div class='ocr_carea' id='block_1_112' title="bbox 1991 5157 3564 5228">
    <p class='ocr_par' dir='ltr' id='par_1_112' title="bbox 1991 5157 3564 5228">
     <span class='ocr_line' id='line_1_112' title="bbox 1991 5157 3564 5228; baseline -0.004 -11"><span class='ocrx_word' id='word_1_875' title='bbox 1991 5163 2197 5218; x_wconf 83' lang='lat' dir='ltr'><strong>flentes.</strong></span> <span class='ocrx_word' id='word_1_876' title='bbox 2220 5162 2441 5216; x_wconf 78' lang='lat' dir='ltr'><strong>Pariunt</strong></span> <span class='ocrx_word' id='word_1_877' title='bbox 2463 5160 2622 5215; x_wconf 88' lang='lat' dir='ltr'><strong>simul</strong></span> <span class='ocrx_word' id='word_1_878' title='bbox 2658 5160 2809 5215; x_wconf 89' lang='lat' dir='ltr'><strong>dives</strong></span> <span class='ocrx_word' id='word_1_879' title='bbox 2843 5169 2897 5213; x_wconf 86' lang='lat' dir='ltr'><strong>et</strong></span> <span class='ocrx_word' id='word_1_880' title='bbox 2920 5174 3147 5228; x_wconf 88' lang='lat' dir='ltr'><strong>pauper;</strong></span> <span class='ocrx_word' id='word_1_881' title='bbox 3173 5157 3387 5227; x_wconf 87' lang='lat' dir='ltr'><strong>pariant</strong></span> <span class='ocrx_word' id='word_1_882' title='bbox 3407 5157 3564 5211; x_wconf 86' lang='lat' dir='ltr'><strong>simul</strong></span> 
     </span>
    </p>
   </div>
   <div class='ocr_carea' id='block_1_113' title="bbox 1992 5246 3563 5319">
    <p class='ocr_par' dir='ltr' id='par_1_113' title="bbox 1992 5246 3563 5319">
     <span class='ocr_line' id='line_1_113' title="bbox 1992 5246 3563 5319; baseline -0.004 -11"><span class='ocrx_word' id='word_1_883' title='bbox 1992 5254 2186 5308; x_wconf 82' lang='lat' dir='ltr'><strong>mulier</strong></span> <span class='ocrx_word' id='word_1_884' title='bbox 2212 5253 2361 5306; x_wconf 86' lang='lat' dir='ltr'><strong>dives</strong></span> <span class='ocrx_word' id='word_1_885' title='bbox 2393 5261 2450 5305; x_wconf 92' lang='lat' dir='ltr'><strong>et</strong></span> <span class='ocrx_word' id='word_1_886' title='bbox 2485 5250 2679 5306; x_wconf 89' lang='lat' dir='ltr'><strong>mulier</strong></span> <span class='ocrx_word' id='word_1_887' title='bbox 2702 5264 2942 5319; x_wconf 85' lang='lat' dir='ltr'><strong>pauper;</strong></span> <span class='ocrx_word' id='word_1_888' title='bbox 2971 5263 3077 5302; x_wconf 90' lang='lat' dir='ltr'><strong>non</strong></span> <span class='ocrx_word' id='word_1_889' title='bbox 3115 5246 3397 5302; x_wconf 86' lang='lat' dir='ltr'><strong>attendant</strong></span> <span class='ocrx_word' id='word_1_890' title='bbox 3420 5248 3563 5314; x_wconf 88' lang='lat' dir='ltr'><strong>quod</strong></span> 
     </span>
    </p>
   </div>
   <div class='ocr_carea' id='block_1_114' title="bbox 1988 5338 3561 5414">
    <p class='ocr_par' dir='ltr' id='par_1_114' title="bbox 1988 5338 3561 5414">
     <span class='ocr_line' id='line_1_114' title="bbox 1988 5338 3561 5414; baseline -0.006 -17"><span class='ocrx_word' id='word_1_891' title='bbox 1988 5344 2206 5414; x_wconf 86' lang='lat' dir='ltr'><strong>pariunt</strong></span> <span class='ocrx_word' id='word_1_892' title='bbox 2232 5362 2244 5396; x_wconf 90' lang='lat'><strong>:</strong></span> <span class='ocrx_word' id='word_1_893' title='bbox 2269 5341 2547 5396; x_wconf 85' lang='lat' dir='ltr'><strong>discedant</strong></span> <span class='ocrx_word' id='word_1_894' title='bbox 2572 5339 2868 5410; x_wconf 88' lang='lat' dir='ltr'><strong>paululum,</strong></span> <span class='ocrx_word' id='word_1_895' title='bbox 2896 5338 3119 5392; x_wconf 85' lang='lat' dir='ltr'><strong>redeant</strong></span> <span class='ocrx_word' id='word_1_896' title='bbox 3139 5343 3195 5390; x_wconf 91' lang='lat' dir='ltr'><strong>et</strong></span> <span class='ocrx_word' id='word_1_897' title='bbox 3213 5345 3561 5404; x_wconf 86' lang='lat' dir='ltr'><strong>cognoscant.</strong></span> 
     </span>
    </p>
   </div>
   <div class='ocr_carea' id='block_1_115' title="bbox 1990 5426 3563 5498">
    <p class='ocr_par' dir='ltr' id='par_1_115' title="bbox 1990 5426 3563 5498">
     <span class='ocr_line' id='line_1_115' title="bbox 1990 5426 3563 5498; baseline -0.008 -10"><span class='ocrx_word' id='word_1_898' title='bbox 1990 5435 2129 5488; x_wconf 84' lang='lat' dir='ltr'><strong>Ecce</strong></span> <span class='ocrx_word' id='word_1_899' title='bbox 2155 5433 2326 5498; x_wconf 89' lang='lat' dir='ltr'><strong>dives,</strong></span> <span class='ocrx_word' id='word_1_900' title='bbox 2350 5433 2483 5489; x_wconf 88' lang='lat' dir='ltr'><strong>nihil</strong></span> <span class='ocrx_word' id='word_1_901' title='bbox 2506 5430 2736 5487; x_wconf 89' lang='lat' dir='ltr'><strong>attulisti</strong></span> <span class='ocrx_word' id='word_1_902' title='bbox 2765 5429 2817 5483; x_wconf 91' lang='lat' dir='ltr'><strong>in</strong></span> <span class='ocrx_word' id='word_1_903' title='bbox 2850 5430 2993 5481; x_wconf 88' lang='lat' dir='ltr'><strong>hunc</strong></span> <span class='ocrx_word' id='word_1_904' title='bbox 3028 5426 3315 5491; x_wconf 88' lang='lat' dir='ltr'><strong>mundum;</strong></span> <span class='ocrx_word' id='word_1_905' title='bbox 3341 5426 3433 5480; x_wconf 77' lang='lat' dir='ltr'><strong>sed</strong></span> <span class='ocrx_word' id='word_1_906' title='bbox 3464 5441 3563 5478; x_wconf 75' lang='lat' dir='ltr'><strong>nec.</strong></span> 
     </span>
    </p>
   </div>
   <div class='ocr_carea' id='block_1_116' title="bbox 1991 5513 3562 5592">
    <p class='ocr_par' dir='ltr' id='par_1_116' title="bbox 1991 5513 3562 5592">
     <span class='ocr_line' id='line_1_116' title="bbox 1991 5513 3562 5592; baseline -0.009 -15"><span class='ocrx_word' id='word_1_907' title='bbox 1991 5523 2206 5579; x_wconf 87' lang='lat' dir='ltr'><strong>auferre</strong></span> <span class='ocrx_word' id='word_1_908' title='bbox 2232 5524 2356 5579; x_wconf 89' lang='lat' dir='ltr'><strong>hinc</strong></span> <span class='ocrx_word' id='word_1_909' title='bbox 2381 5523 2582 5592; x_wconf 88' lang='lat' dir='ltr'><strong>aliquid</strong></span> <span class='ocrx_word' id='word_1_910' title='bbox 2612 5529 2783 5592; x_wconf 89' lang='lat' dir='ltr'><strong>potes.</strong></span> <span class='ocrx_word' id='word_1_911' title='bbox 2816 5537 2835 5569; x_wconf 74' lang='grc' dir='ltr'><strong>ι</strong></span> <span class='ocrx_word' id='word_1_912' title='bbox 2864 5517 2997 5571; x_wconf 86' lang='lat' dir='ltr'><strong>Item</strong></span> <span class='ocrx_word' id='word_1_913' title='bbox 3020 5516 3075 5570; x_wconf 91' lang='lat' dir='ltr'><strong>in</strong></span> <span class='ocrx_word' id='word_1_914' title='bbox 3099 5529 3348 5571; x_wconf 81' lang='lat' dir='ltr'><strong>sermone</strong></span> <span class='ocrx_word' id='word_1_915' title='bbox 3377 5513 3444 5567; x_wconf 88' lang='lat' dir='ltr'><strong>ad</strong></span> <span class='ocrx_word' id='word_1_916' title='bbox 3472 5532 3562 5581; x_wconf 74' lang='lat' dir='ltr'><strong>[m-</strong></span> 
     </span>
    </p>
   </div>
   <div class='ocr_carea' id='block_1_117' title="bbox 1989 5608 3559 5697">
    <p class='ocr_par' dir='ltr' id='par_1_117' title="bbox 1989 5608 3559 5697">
     <span class='ocr_line' id='line_1_117' title="bbox 1989 5608 3559 5697; baseline -0.005 -30"><span class='ocrx_word' id='word_1_917' title='bbox 1989 5613 2201 5686; x_wconf 88' lang='lat' dir='ltr'><strong>pulum:</strong></span> <span class='ocrx_word' id='word_1_918' title='bbox 2224 5633 2242 5664; x_wconf 85' lang='grc'><strong>‹</strong></span> <span class='ocrx_word' id='word_1_919' title='bbox 2263 5613 2440 5681; x_wconf 82' lang='lat' dir='ltr'><strong>Quare</strong></span> <span class='ocrx_word' id='word_1_920' title='bbox 2469 5630 2672 5697; x_wconf 79' lang='lat' dir='ltr'><strong>pauper</strong></span> <span class='ocrx_word' id='word_1_921' title='bbox 2699 5622 2876 5667; x_wconf 90' lang='lat' dir='ltr'><strong>tecum</strong></span> <span class='ocrx_word' id='word_1_922' title='bbox 2903 5627 3008 5667; x_wconf 89' lang='lat' dir='ltr'><strong>non</strong></span> <span class='ocrx_word' id='word_1_923' title='bbox 3037 5611 3235 5682; x_wconf 70' lang='lat' dir='ltr'><strong>accipit</strong></span> <span class='ocrx_word' id='word_1_924' title='bbox 3253 5609 3454 5679; x_wconf 73' lang='lat' dir='ltr'><strong>cibum,</strong></span> <span class='ocrx_word' id='word_1_925' title='bbox 3472 5608 3559 5677; x_wconf 80' lang='lat' dir='ltr'><strong>qui</strong></span> 
     </span>
    </p>
   </div>
   <div class='ocr_carea' id='block_1_118' title="bbox 2059 5721 3148 5801">
    <p class='ocr_par' dir='ltr' id='par_1_118' title="bbox 2059 5721 3148 5801">
     <span class='ocr_line' id='line_1_118' title="bbox 2059 5721 3148 5801; baseline -0.001 -21"><span class='ocrx_word' id='word_1_926' title='bbox 2059 5726 2086 5765; x_wconf 66' lang='grc' dir='ltr'><strong>ιλ</strong></span> <span class='ocrx_word' id='word_1_927' title='bbox 2125 5726 2199 5780; x_wconf 81' lang='lat' dir='ltr'><strong>De</strong></span> <span class='ocrx_word' id='word_1_928' title='bbox 2232 5726 2410 5780; x_wconf 85' lang='lat' dir='ltr'><strong>verbis</strong></span> <span class='ocrx_word' id='word_1_929' title='bbox 2437 5724 2646 5779; x_wconf 76' lang='lat' dir='ltr'><strong>Domini</strong></span> <span class='ocrx_word' id='word_1_930' title='bbox 2679 5738 2841 5778; x_wconf 77' lang='lat' dir='ltr'><strong>scrin.</strong></span> <span class='ocrx_word' id='word_1_931' title='bbox 2873 5724 2925 5790; x_wconf 80' lang='grc'><strong>5,</strong></span> <span class='ocrx_word' id='word_1_932' title='bbox 2950 5738 3066 5794; x_wconf 80' lang='lat' dir='ltr'><strong>cap.</strong></span> <span class='ocrx_word' id='word_1_933' title='bbox 3094 5721 3148 5801; x_wconf 73' lang='grc'><strong>7.⁴</strong></span> 
     </span>
    </p>
   </div>
  </div>
