4030 6190
414 301 521 374 iis

1468 295 1662 368 ΙοΜ]
1697 298 2249 368 AUDELIANENSIS
2286 309 2593 369 EPlSCOPl

3548 312 3659 371 2ιῦ

417 434 596 492 tecum
642 445 958 506 accepturus
1000 443 1086 491 est
1123 436 1371 506 regnum.
1398 424 1577 501 Quare
1623 440 1827 503 pauper
1876 447 1981 487 non
2009 435 2058 494 Α
2087 431 2257 512 legem
2307 428 2513 484 Christi
2561 435 2833 485 sectantes
2882 429 3180 495 mercedis,
3221 430 3417 499 quidve
3463 446 3493 484 a
3544 431 3663 502 lege

384 520 612 598 ’aeeipit
639 532 883 583 veterem
918 512 1152 580 tunicam
1185 532 1332 580 tuam
1353 564 1369 589 ,
1395 525 1487 593 qui
1523 530 1700 581 tecum
1731 530 1979 592 acceptu-

409 633 504 674 rus
541 626 627 673 est
664 616 1086 673 immortalitatis
1129 614 1358 670 stolam?
1397 614 1577 682 Quare
1621 629 1829 685 pauper
1869 630 1979 668 non

407 709 651 764 meretur
687 707 934 776 accipere
974 712 1168 777 panem
1205 714 1387 770 tuum,
1435 704 1525 775 qui
1565 713 1742 759 tecum
1782 702 1980 758 meruit

406 798 654 868 accipere
682 795 936 866 baptismi
973 796 1411 851 sacramentum?
1442 794 1556 849 Cur
1595 793 1844 863 indignus
1894 802 1981 848 est

404 887 650 958 accipere
674 886 759 941 vel
789 886 1049 955 reliquias
1087 885 1331 941 ciborum
1380 895 1613 950 tuorum,
1656 885 1750 954 qui
1798 894 1976 940 tecum

403 980 664 1033 venturus
690 984 778 1032 est
802 976 871 1031 ad
891 976 1134 1031 convivia
1159 974 1509 1047 angelorum?
1538 993 1557 1027 ι

472 1066 569 1123 His
593 1076 649 1122 e‘t
673 1071 992 1122 cancrorum
1031 1065 1336 1120 divinorum
1380 1064 1717 1135 eloquiorum
1758 1071 1978 1120 senten-

399 1156 493 1212 tiis
510 1199 526 1224 ,
553 1166 802 1227 potentes
827 1164 884 1211 et
907 1156 1105 1212 divites
1139 1154 1316 1211 edocti
1334 1195 1348 1218 ,
1378 1163 1676 1225 agnoscant
1703 1161 1760 1210 et
1786 1170 1973 1210 servos

398 1262 549 1312 suos,
574 1255 631 1303 et
650 1253 916 1317 pauperes
940 1246 1044 1302 sibi
1067 1253 1262 1300 natura
1280 1245 1535 1314 mquales.
1559 1232 1618 1300 Si
1645 1245 1811 1316 igitur
1829 1244 1975 1300 servi

2085 520 2289 575 Christi
2324 527 2544 590 propter
2591 518 2760 590 legem
2798 521 2980 574 mundi
3020 519 3392 575 exorbitantes
3431 523 3663 577 damna-

2084 609 2243 664 tionis
2279 608 2582 679 percepturi
2613 609 2738 663 sint.
2778 602 2910 663 Nam
2942 610 3128 664 ethoc
3167 626 3393 666 summa:
3440 614 3526 667 est
3565 614 3659 667 de—

2080 698 2327 762 mentize,
2355 714 2477 779 cum
2522 693 2754 779 propter.
2780 692 3106 779 venationes
3123 699 3243 767 quis
3280 701 3570 756 dominicis
3606 701 3664 757 et

2079 789 2198 843 aliis
2227 787 2379 856 festis
2408 774 2596 844 diebus
2625 804 2655 842 a
2678 774 3010 844 solemnibus
3034 774 3322 845 missarum
3342 792 3664 848 celebratio-

2078 879 2236 933 nilms
2268 888 2323 933 et
2353 879 2546 934 divinis
2574 878 2821 934 laudibus
2847 888 3004 934 vacat
3039 894 3053 933 :
3090 887 3145 935 et
3167 889 3389 951 propter
3410 884 3661 953 hujusce-

2076 968 2221 1021 modi
2268 968 2581 1023 venationes
2631 968 2854 1024 salutem
2906 971 3099 1025 animze
3158 986 3304 1037 suae,
3358 989 3657 1045 eorumque

2075 1058 2270 1127 quibus
2326 1069 2554 1128 praeest,
2604 1068 2660 1115 et
2706 1061 2969 1130 prodesse
3025 1049 3254 1128 debuit,
3302 1065 3562 1135 negligit:
3603 1069 3657 1122 hi

2075 1162 2306 1217 namque
2318 1148 2439 1217 plus
2457 1150 2797 1205 delectantur
2816 1151 3101 1206 latratibus
3122 1167 3340 1221 canum,
3362 1161 3522 1224 quam
3544 1160 3658 1211 die:-

2074 1232 2232 1291 lodiis
2261 1237 2523 1292 interesse
2559 1239 2882 1310 hymnorum
2914 1239 3239 1296 caelestium.

399 1337 644 1392 Dominis
666 1344 858 1392 natura
887 1334 1123 1407 aequales
1147 1342 1305 1401 sunt,-
1329 1336 1515 1404 utique
1539 1336 1664 1406 quia
1695 1343 1842 1399 sunt,
1864 1349 1972 1389 non
2141 1328 2338 1384 Beatus
2364 1330 2544 1398 itaque
2568 1329 2900 1401 Augustinus
2926 1332 2980 1387 in
3012 1333 3252 1389 homiliis
3273 1335 3340 1390 ad
3363 1337 3616 1405 pupulum
3641 1377 3656 1401 ,

398 1446 461 1486 se
498 1437 690 1502 putem
714 1430 936 1501 impune
961 1428 1159 1485 domini
1187 1428 1412 1494 laturos5
1439 1428 1566 1484 dum
1596 1427 1805 1483 turbida
1838 1426 1977 1481 indi-
2072 1419 2341 1496 venationi
2384 1419 2753 1474 immoderata:
2799 1420 3174 1477 incumbentes
3209 1423 3282 1477 ita
3320 1423 3610 1494 alloquitur
3639 1443 3654 1479 :

399 1522 671 1593 gnatione,
704 1529 758 1577 et
786 1518 1077 1576 eoneitanti
1105 1518 1271 1573 animi
1296 1516 1478 1573 furore
1508 1517 1766 1573 adversus
1792 1524 1969 1571 errata

2078 1524 2097 1556 ι
2133 1506 2214 1591 {Au
2242 1509 2441 1576 putatis
2469 1509 2617 1564 illum
2639 1506 2912 1579 jejunare,
2942 1509 3161 1577 fratres,
3190 1513 3283 1581 qui
3317 1514 3493 1583 primo
3513 1515 3654 1569 dilu-

396 1626 676 1667 servorum
703 1608 1203 1673 inﬂammati,circa
1229 1622 1327 1663 eos
1338 1614 1431 1661 aut
1453 1606 1509 1661 in
1535 1606 1847 1662 saevissimis
1859 1620 1975 1659 νει-ο
2070 1595 2192 1651 culo
2219 1598 2326 1680 iiou
2355 1597 2423 1651 ad
2450 1598 2734 1653 ecclesiam
2760 1598 2965 1667 vigilat,
2992 1616 3098 1655 non
3129 1602 3410 1657 beatorum
3441 1615 3648 1675 marty-

395 1702 616 1758 beribus
628 1700 902 1766 eatdendo,
926 1706 1019 1754 aut
1036 1699 1090 1753 in
1105 1698 1471 1753 membrorum
1495 1697 1865 1764 amputatione
1880 1696 1972 1755 de-
2072 1704 2191 1743 rum
2229 1687 2346 1745 loca
2374 1689 2660 1760 perquirit,
2688 1690 2782 1745 sed
2810 1706 3037 1762 surgens
3066 1702 3357 1766 congregat
3382 1697 3648 1762 servulos,

394 1792 683 1857 hilitando,
713 1790 865 1846 nimii
894 1790 1153 1854 existunt,
1189 1789 1447 1860 quoniam
1471 1803 1637 1843 unum
1666 1787 1832 1842 Deum
1874 1787 1971 1841 ha-
1998 1794 2045 1855 Β
2074 1778 2309 1848 disponit
2333 1781 2485 1842 retia,
2515 1795 2677 1836 canes
2709 1781 2988 1851 producit,
3024 1783 3294 1853 sleasque
3332 1785 3644 1854 perlustrat;

394 1883 525 1938 bent
551 1882 604 1937 in
629 1880 801 1937 caelis.
830 1880 937 1935 Eos
963 1893 1094 1934 vero
1121 1892 1257 1949 quos
1286 1877 1341 1933 in
1369 1877 1474 1933 hoc
1506 1875 1703 1932 saeculo
1729 1876 1976 1932 infirmos
2078 1866 2336 1925 Servulos
2355 1910 2372 1935 ,
2401 1870 2652 1940 inquam,
2688 1876 2872 1926 secum
2898 1875 3163 1942 pertrahit
3189 1874 3444 1946 (fortasse
3477 1878 3648 1947 magis

394 1973 745 2044 abiectosque
768 1971 938 2038 cultu,
969 1979 1026 2027 et
1051 1978 1197 2035 cute,
1224 1977 1282 2026 et
1301 1968 1493 2040 opibus
1510 1982 1569 2023 se
1596 1968 1833 2037 impares
1845 1982 1975 2022 con-
2072 1960 2139 2014 ad
2166 1959 2447 2016 ecclesiam
2470 1959 2810 2033 festinantes)
2833 1970 2889 2018 ct
2910 1963 3271 2034 voluptatibus
3292 1966 3403 2022 suis
3424 1976 3646 2036 peccata

397 2064 668 2135 spiciam,
692 2070 888 2118 natura
923 2075 1085 2132 pares
1101 2099 1118 2127 ,
1139 2069 1197 2117 et
1215 2058 1451 2129 aequales
1473 2057 1584 2114 sibi
1605 2071 1727 2113 esse
1749 2070 1975 2128 prorsus

398 2159 717 2225 agnoscant;

973 2242 1201 2301 CAPUT
1235 2239 1418 2298 XXIII.

390 2336 472 2392 De
497 2335 580 2392 his
606 2336 701 2406 qui
736 2344 947 2407 propter
968 2335 1270 2390 venationes
1293 2343 1339 2387 et
1366 2347 1594 2407 amorem
1614 2346 1824 2397 certain,
1847 2345 1971 2386 cau-

811 2402 926 2460 sam
950 2419 1238 2475 pauperum
1265 2402 1549 2472 negligant.

462 2498 596 2569 Cum
620 2519 842 2570 causam
870 2516 1165 2584 pauperum
1196 2511 1427 2580 Christi,
1459 2508 1679 2581 quidam
1709 2514 1848 2568 fastu
1880 2521 1973 2583 poa

390 2598 576 2658 tentia;
603 2602 904 2669 tumefacti,
933 2603 1155 2674 quidam
1185 2603 1437 2658 diuturna
1468 2604 1655 2672 requie
1680 2603 1931 2659 delectati
1949 2643 1964 2666 ,

390 2693 607 2765 quidam
637 2693 802 2749 etiam
830 2692 1140 2764 corporales
1167 2690 1421 2760 delicias,-
1445 2693 1499 2748 in
1527 2694 1723 2765 quibus
1743 2693 1966 2749 nimium

392 2791 571 2838 metas
592 2782 936 2838 discretionis
962 2782 1291 2838 excedentes
1312 2782 1673 2848 resoquntur,
1696 2780 1970 2852 amplexa-

391 2870 467 2935 ti,
499 2887 606 2927 non
633 2886 962 2943 magnopere
991 2872 1192 2927 ducere
1230 2871 1471 2939 soleant,
1502 2873 1741 2928 existunt
1778 2871 1971 2927 nihilo-

389 2960 570 3015 minus
597 2961 945 3031 quamplures
974 2960 1067 3030 qui
1094 2959 1163 3015 ob
1188 2975 1428 3016 amorem
1463 2974 1660 3017 canum
1706 2970 1763 3018 et
1788 2962 1969 3018 diver-

393 3048 641 3105 sissimas
664 3051 983 3106 venationes
1002 3088 1017 3116 ,
1047 3047 1244 3119 quibus
1266 3047 1649 3105 miserabiliter
1676 3050 1959 3116 insistunt,

2071 2051 2378 2105 accumulat
2403 2049 2598 2115 aliena,
2629 2052 2880 2108 nesciens
2905 2068 3054 2107 reum
3085 2068 3146 2108 se
3176 2052 3413 2109 futurum
3442 2064 3549 2109 tam
3577 2054 3647 2110 de

2069 2155 2170 2195 suo
2197 2139 2408 2203 delicto.
2435 2155 2594 2210 quam
2623 2141 2689 2197 de
2732 2143 3038 2212 perditione
3067 2158 3367 2198 servorum.
3391 2144 3523 2200 Tota
3546 2145 3646 2216 igi-

2074 2238 2159 2283 tur
2186 2227 2274 2284 die
2302 2230 2584 2286 venatibus
2616 2230 2958 2296 immoratur,
2990 2241 3115 2287 tunc
3134 2233 3426 2289 clamorem
3453 2235 3646 2289 immo-

2070 2320 2314 2376 deratum
2341 2319 2597 2387 otl'erens,
2626 2328 2754 2377 tunc
2792 2322 3063 2377 silentium
3104 2324 3335 2379 latenter
3364 2324 3640 2392 indicens;

2069 2400 2224 2466 latus
2247 2411 2293 2466 si
2322 2411 2523 2481 aliquid
2551 2414 2775 2483 ceperit,
2814 2414 2986 2469 iratus
3014 2416 3057 2470 si
3093 2415 3145 2471 id
3167 2417 3311 2486 quod
3339 2432 3445 2471 non
3479 2417 3645 2473 habe-

2069 2502 2181 2567 bat,
2207 2490 2429 2582 dimisit,
2456 2510 2511 2559 et
2541 2510 2692 2559 tanto
2716 2505 2895 2560 studio
2921 2507 3076 2577 gerit,
3106 2516 3164 2561 ut
3196 2515 3443 2563 venetur.
3469 2508 3528 2563 lu
3554 2508 3643 2566 his

2067 2605 2197 2663 ergo
2228 2592 2488 2677 lusoriis,
2534 2581 2766 2660 fratres,
2808 2595 3005 2663 dicite,
3034 2597 3157 2665 quis
3181 2597 3357 2653 Cultus
3392 2599 3464 2653 sit
3507 2598 3636 2667 Dei,

2068 2696 2190 2752 qua)
2215 2683 2411 2738 mentis
2446 2684 2616 2754 possit
2643 2698 2763 2740 esse
2785 2686 3020 2742 devotio.
3057 2686 3160 2754 Qui
3188 2696 3470 2758 propterea
3501 2689 3643 2760 jeju-

2067 2785 2179 2841 nat,
2210 2792 2317 2832 non
2365 2788 2425 2832 ut
2470 2764 2580 2833 Deo
2608 2784 2702 2833 aut
2722 2780 3055 2835 orationibus
3088 2789 3271 2845 vacet,
3312 2781 3406 2836 sed
3441 2782 3499 2836 ιιι
3530 2790 3642 2835 tota

2068 2868 2154 2924 die
2180 2855 2389 2925 otiosus
2415 2878 2473 2925 et
2513 2868 2650 2925 liber
2683 2871 2955 2940 propriam
2996 2881 3251 2927 exerceat
3284 2871 3637 2927 voluntatem.

2065 2959 2323 3029 Quamvis
2352 2960 2516 3031 igitur
2543 2960 2634 3030 qui
2662 2960 2966 3030 huiusmodi
3000 2976 3078 3024 es,
3110 2959 3297 3027 frater,
3327 2976 3551 3031 vespere
3570 2961 3640 3015 ad

2065 3052 2286 3107 domum
2314 3052 2537 3117 redeas;
2565 3051 2812 3120 quamvis
2838 3050 3136 3106 declinante
3174 3050 3288 3120 jam
3331 3051 3445 3106 sole
3482 3066 3637 3105 man-

387 3148 443 3193 et
470 3154 559 3200 se.
586 3148 640 3195 et
669 3156 967 3210 pauperum
1003 3151 1164 3196 curas
1212 3137 1610 3206 quodammodo
1656 3141 1951 3211 negligunt.
1981 3153 2026 3216 ς
2057 3142 2245 3208 duces,
2268 3150 2420 3211 potes
2441 3142 2607 3196 videri
2624 3141 2948 3210 voluptatem
2971 3152 3117 3195 tuam
3140 3155 3422 3205 exercens,
3440 3139 3636 3196 fecisse

390 3227 717 3285 Miserabilis
749 3230 908 3301 plane
936 3239 992 3286 et
1019 3229 1177 3287 valde
1211 3228 1451 3286 deﬂenda
1486 3244 1575 3285 res
1605 3237 1720 3295 est,
1749 3233 1966 3300 quando
2066 3231 2280 3287 Domini
2301 3231 2669 3287 voluntatem?
2697 3230 2823 3285 limc
2844 3231 2987 3284 enim
3015 3229 3270 3317 voluntas.
3290 3238 3373 3284 est
3396 3230 3631 3294 Domini,

389 3332 490 3386 pro
514 3316 667 3383 feris,
698 3333 834 3389 quas
859 3334 988 3375 cura
1019 3319 1296 3376 hominum
1318 3334 1425 3374 non
1445 3318 1594 3383 aluit,
1620 3320 1714 3375 sed
1748 3321 1887 3376 Deus
1911 3322 1964 3376 in
2066 3331 2127 3377 ut
2152 3322 2461 3394 jejunemus
2490 3338 2520 3377 a
2550 3322 2686 3378 cibis
2706 3322 2909 3393 pariter
2934 3329 2989 3376 et
3012 3336 3043 3375 a
3072 3322 3306 3391 peccatis
3330 3340 3344 3376 l
3369 3322 3640 3377 abstinen-

389 3426 677 3468 commune
711 3413 1028 3471 mortalibus
1057 3414 1124 3469 ad
1148 3414 1405 3470 utendum
1435 3412 1740 3478 concessit,
1767 3412 1979 3483 paupe;

391 3515 479 3556 res
504 3517 536 3555 a
569 3503 961 3571 potentioribus
989 3502 1310 3573 spoliantur,
1343 3501 1696 3573 ﬂagellantur,
1721 3511 1965 3571 ergastu-

392 3590 463 3647 lis
488 3593 865 3657 detruduntur,
890 3600 947 3648 et
972 3592 1141 3649 multa
1180 3592 1284 3647 alia
1324 3592 1623 3662 patiuntur.
1672 3591 1783 3647 lloc
1818 3591 1963 3647 enim

392 3682 487 3753 qui
509 3682 736 3749 faciunt,
764 3681 881 3754 lege
908 3683 1091 3739 mundi
1115 3699 1175 3739 se
1213 3684 1265 3738 id
1288 3682 1466 3738 facere
1491 3679 1637 3751 juste
1663 3697 1823 3752 posse
1843 3698 1967 3739 cou-

397 3773 629 3827 tend'tnt
654 3790 668 3826 :
694 3788 827 3843 quos
860 3774 1122 3829 convenio
1162 3783 1221 3829 ut
1253 3773 1403 3841 justo
1450 3774 1735 3829 libramine
1780 3773 1967 3828 decer-

391 3872 557 3930 nant,
584 3871 764 3918 utrum
790 3863 874 3918 lex
905 3865 1091 3919 mundi
1129 3864 1300 3934 legem
1338 3879 1605 3921 evacuare
1641 3862 1843 3919 Christi
1874 3863 1967 3917 de-

391 3952 547 4016 beat,
573 3968 674 4007 nec
703 3967 799 4018 ne;
829 3953 919 4023 qui
964 3953 1238 4025 profecto,
1266 3954 1409 4009 sicut
1434 3953 1620 4009 fideles
1643 3953 1967 4023 respondere

392 4052 624 4113 oportet,
638 4043 741 4113 legi
755 4046 952 4100 Christi
967 4045 1138 4117 legem
1160 4046 1344 4101 mundi
1360 4046 1595 4116 praeponi
1624 4058 1965 4114 nequaquam

394 4135 592 4189 debere
618 4137 1036 4206 respondebunt.
1061 4135 1310 4192 Christus
1332 4137 1477 4207 enim
1517 4137 1676 4191 docet
1712 4136 1764 4189 in
1792 4136 1967 4189 Evan—

394 4226 551 4295 gelio,
579 4236 639 4282 ut
662 4228 707 4282 si
730 4230 853 4298 quis
872 4238 1060 4284 nostra
1083 4229 1387 4293 abstulerit,
1413 4243 1519 4282 non
1543 4236 1849 4297 repetamus
1877 4242 1961 4281 ea.

392 4316 461 4370 Et
478 4316 766 4386 Apostolus
795 4332 810 4371 :
839 4316 1196 4388 Jamquidem
1224 4317 1435 4372 omnino
1456 4316 1700 4371 delictum
1741 4328 1814 4371 est
1844 4318 1966 4386 quia

355 4448 363 4456 .
385 4405 594 4475 judicia
621 4406 817 4460 habetis
842 4406 1135 4472 vobiscum;
1175 4423 1338 4478 quare
1377 4421 1478 4459 non
1508 4405 1673 4475 magis
1717 4406 1966 4476 iniquita-

2067 3416 2197 3469 tiam
2226 3416 2529 3471 indicamus
2553 3416 2785 3484 corpori,
2813 3424 2922 3469 uta
2950 3416 3098 3470 vi.iis
3127 3415 3297 3483 magis
3323 3416 3516 3470 anima:
3543 3415 3636 3470 ab-

2064 3507 2269 3561 stinere
2297 3506 2566 3576 possimus
2598 3520 2612 3559 :
2641 3504 2848 3559 frenum
2880 3506 3022 3562 enim
3057 3506 3324 3575 quoddam
3353 3514 3437 3560 est
3477 3505 3636 3560 luxu-‘-

2065 3597 2256 3654 riantis
2296 3598 2515 3663 animae,
2548 3613 2743 3667 corpus
2781 3599 3134 3664 exhaustum;
3169 3601 3412 3671 quisquis
3454 3610 3636 3654 autem

2059 3688 2269 3757 jejuuat
2295 3696 2349 3743 et
2389 3699 2615 3759 peccat,
2652 3688 2859 3743 lucrum
2897 3703 3142 3744 escarum
3173 3690 3364 3745 fecisse
3399 3690 3631 3754 videtur,

2064 3794 2172 3834 non
2200 3778 2426 3844 salutis;
2453 3786 2507 3833 et
2549 3780 2819 3849 parcendo
2853 3779 3021 3847 copiis
3043 3780 3276 3848 replesse
3313 3779 3593 3834 cellarium
3621 3820 3639 3846 ,

2066 3886 2170 3925 non
2198 3879 2436 3924 mentem
2471 3870 2745 3941 saginasse
2773 3871 3081 3924 virtutibus.
3119 3859 3255 3925 Sunt
3290 3872 3433 3926 enim
3471 3873 3637 3941 pleri-

2064 3973 2168 4027 que
2196 3958 2285 4027 qui
2312 3958 2378 4013 de
2403 3958 2685 4012 venatibus
2716 3958 3020 4023 redeuntes,
3053 3958 3225 4027 magis
3255 3973 3450 4013 canum
3474 3975 3636 4029 quam

2065 4062 2345 4103 servorum
2378 4050 2562 4102 euram
2590 4056 2816 4118 gerunt,
2845 4057 2900 4103 et
2935 4046 3144 4102 faeiunt
3170 4062 3263 4103 eos
3282 4036 3433 4117 iuxta
3467 4056 3524 4104 se
3554 4038 3636 4103 vel

2066 4139 2302 4195 dormire
2341 4139 2420 4194 vel
2453 4140 2796 4204 recumbere,
2832 4140 3202 4208 quotidianum
3233 4129 3338 4194 illis
3373 4141 3551 4195 cibum
3583 4141 3637 4194 in

2065 4231 2145 4286 sui
2178 4231 2461 4301 prtesentia
2501 4231 2911 4285 ministrantes:
2940 4231 3032 4300 qui
3070 4240 3251 4285 utrum
3295 4246 3483 4285 servus
3523 4230 3636 4299 ejus

2067 4321 2208 4375 fame
2251 4321 2534 4385 moriatur,
2581 4321 2864 4391 ignorant;
2914 4328 2968 4375 et
2993 4321 3139 4390 quod
3183 4321 3402 4390 gravius
3431 4330 3549 4386 est,
3591 4322 3635 4375 si

2066 4412 2348 4481 diligenter
2354 4412 2447 4483 his
2467 4421 2842 4494 purpuratum.
2857 4426 2960 4465 non
2991 4410 3174 4475 fuerit,
3188 4425 3285 4478 pro
3303 4425 3436 4465 cane
3452 4426 3640 4465 servus

393 4507 498 4548 tem
522 4495 801 4563 patimini?
827 4495 1004 4562 Quare
1033 4512 1137 4551 non
1171 4498 1343 4567 potius
1370 4496 1731 4567 fraudamini?
1756 4496 1804 4567 (ι
1842 4501 1962 4550 Cor.
1992 4496 2042 4554 D
2068 4500 2349 4556 occiditur.
2375 4501 2537 4556 Vides
2566 4500 2709 4554 enim
2754 4499 2806 4554 in
2833 4499 3208 4555 nonnullorum
3235 4500 3484 4555 domibus
3514 4501 3643 4553 niti-

395 4602 473 4651 γι,
507 4586 586 4658 7.)
627 4585 685 4642 Si
727 4590 870 4643 enim
898 4587 987 4643 ille
1027 4589 1119 4658 qui
1147 4604 1244 4643 sua
1282 4588 1460 4644 ablata
1508 4589 1733 4657 repetit,
1776 4599 1966 4644 contra

395 4678 742 4749 Evangelium
790 4679 961 4747 facit,
1011 4680 1182 4736 multo
1228 4681 1403 4752 magis
1451 4680 1541 4736 ille
1590 4680 1646 4734 in
1690 4690 1966 4737 auctorem

367 4770 670 4842 Evangelii
713 4771 1008 4843 delinquit,
1040 4771 1130 4842 qui
1162 4786 1227 4826 ea
1255 4787 1375 4841 quae
1417 4787 1514 4829 sua
1560 4786 1668 4826 non
1712 4770 1963 4837 fuerunt,

397 4861 665 4917 violenter
694 4861 882 4933 exigit.
912 4860 1047 4928 Quis
1090 4861 1255 4931 igitur
1300 4869 1455 4931 neget
1498 4870 1685 4916 contra
1726 4860 1965 4931 regulam

395 4951 824 5007 Christianitatis
852 4950 990 5017 ﬁeri,
1015 4967 1137 5006 cum
1169 4959 1389 5021 propter
1422 4950 1581 5005 unius
1606 4950 1840 5004 hominis
1866 4950 1953 5004 de-

400 5042 583 5108 licias,
634 5050 717 5097 tot
765 5056 1030 5113 pauperes
1068 5040 1269 5095 Christi
1325 5040 1707 5095 diversissimis
1755 5038 1967 5107 injuriis

395 5133 735 5199 adiciuntur;
770 5131 914 5201 quod
944 5131 1018 5186 ita
1062 5115 1351 5185 multifarie
1384 5130 1478 5195 fit,
1503 5139 1561 5184 ut
1587 5128 1672 5183 vix
1708 5130 1966 5198 explicari

396 5232 578 5291 queat.
626 5223 849 5293 Palpeut
893 5238 1022 5278 vero
1047 5231 1103 5278 et
1132 5220 1456 5292 promittant
1494 5205 1620 5275 talia
1647 5219 1969 5275 facientibus

397 5312 793 5382 impunitatem,
821 5314 912 5383 qui
940 5314 1127 5370 volunt
1161 5320 1217 5365 et
1236 5311 1434 5366 audent
1470 5329 1483 5363 :
1517 5326 1618 5381 ego
1647 5326 1776 5366 vero
1798 5310 1967 5364 nemi-

393 5408 518 5458 nem
562 5406 813 5474 palpare.
853 5406 963 5461 imo
993 5419 1245 5462 securum
1295 5418 1458 5472 super
1498 5404 1599 5458 hac
1647 5418 1706 5457 re
1747 5403 1969 5457 reJdcre

395 5494 603 5557 audeo,
636 5496 782 5563 quod
813 5497 929 5550 lucc
966 5496 1184 5566 impune
1211 5494 1323 5548 ullo
1351 5501 1510 5563 pacto
1548 5493 1729 5547 facere
1776 5493 1964 5563 possit.

389 5572 652 5652 Quisquis
677 5600 802 5638 vero
832 5585 887 5639 in
916 5586 1019 5645 hoc
1043 5586 1186 5640 facto
1208 5585 1309 5639 sibi
1345 5584 1714 5653 impunitatem
1743 5584 1971 5652 promit-
2010 5581 2014 5585 ⁴

392 5668 487 5739 lit,
524 5677 821 5747 perpendat
858 5691 1050 5732 moneo
1072 5718 1085 5742 ,
1110 5676 1237 5747 quid
1279 5677 1334 5732 iu
1370 5677 1632 5731 tremendi
1659 5676 1846 5746 judicii
1886 5676 1972 5732 die

2068 4592 2187 4656 dos,
2217 4600 2274 4647 et
2306 4606 2522 4647 crassos
2569 4606 2731 4645 canes
2771 4590 3101 4656 discurrere;
3152 4590 3399 4646 homines
3457 4599 3640 4645 autem

2066 4683 2348 4753 pallentes,
2374 4691 2431 4737 et
2458 4683 2748 4737 titubantes
2775 4680 3042 4737 incedere.
3071 4673 3162 4737 Isti
3194 4698 3322 4752 ergo
3342 4697 3447 4737 non
3475 4683 3641 4736 mise-

2068 4773 2330 4827 rebuntur
2353 4772 2641 4840 aliquando
2669 4770 3023 4841 pauperibus,
3045 4772 3137 4840 qui
3168 4760 3389 4826 minime
3417 4759 3529 4825 suis
3556 4773 3639 4823 fa-

2066 4867 2233 4921 mulis
2271 4866 2617 4920 miserentur.
2653 4885 2672 4917 ι

2142 4957 2271 5012 Item
2304 4957 2446 5011 idem
2475 4956 2530 5010 in
2556 4946 2891 5025 expositione
2910 4945 3110 5009 Psaimi
3134 4950 3416 5008 eentesimi
3447 4965 3643 5005 secun~

2073 5047 2165 5100 di:
2201 5064 2221 5096 ι
2262 5033 2577 5109 Paululum,
2618 5045 2822 5113 inquit,
2866 5037 3110 5099 attendat
3151 5040 3391 5098 eharitas
3429 5050 3646 5109 vestra,

2074 5138 2247 5191 donec
2285 5128 2561 5191 evolvatur
2586 5152 2675 5191 res
2701 5136 2863 5190 etiam
2900 5135 3191 5205 exemplis,
3228 5133 3454 5189 multum
3496 5127 3648 5190 utilis

2076 5228 2143 5282 ad
2164 5214 2589 5297 intelligendum.
2609 5223 2721 5281 lloc
2740 5227 2874 5281 dixit
2888 5241 3009 5281 cum
3031 5225 3280 5280 esurierit
3299 5226 3482 5280 nescio
3503 5215 3645 5294 quis,

2074 5319 2119 5373 si
2149 5318 2325 5383 habes
2342 5318 2485 5372 unde
2516 5317 2631 5381 des,
2662 5317 2764 5381 da;
2795 5317 2838 5370 si
2860 5317 3011 5371 vides
3031 5314 3267 5369 dandum
3296 5329 3417 5370 esse.
3438 5316 3503 5369 ad
3525 5316 3652 5371 sub-

2075 5405 2396 5459 veniendum
2416 5445 2431 5468 ,
2453 5404 2541 5458 da.
2578 5403 2656 5459 Ne
2681 5404 2989 5475 pigrescant
3026 5404 3079 5458 in
3112 5412 3164 5459 te
3188 5404 3400 5460 viscera
3441 5404 3653 5458 miseri-

2076 5494 2272 5550 cordiae
2293 5536 2307 5558 ,
2333 5495 2458 5565 quia
2505 5495 2598 5549 tibi
2640 5504 2894 5565 peccator
2922 5496 3181 5549 occurrit.
3210 5493 3465 5550 Occurrit
3503 5494 3648 5548 enim

2077 5585 2174 5639 tibi
2208 5589 2462 5653 peccator
2494 5584 2687 5639 hoino:
2720 5602 2840 5640 eum
2863 5586 2984 5641 dico
3005 5588 3247 5640 occurrit
3277 5586 3372 5640 tibi
3399 5589 3654 5656 peccator

2078 5675 2263 5741 homo,
2292 5674 2395 5728 duo
2425 5674 2643 5729 nomina
2665 5674 2774 5729 dixi
2805 5693 2816 5727 :
2843 5674 2958 5730 haec
2995 5676 3213 5731 nomina
3235 5691 3340 5731 non
3378 5670 3649 5747 superflua
