4030 6190
313 377 430 445 21‘!

1299 374 1388 442 ne
1422 378 1902 442 INSTITUTIONE
1936 371 2228 439 micam.
2263 348 2336 425 ἐ-
2371 372 2499 439 us.
2531 374 2572 440 ιι

3459 332 3566 451 ω

316 513 468 564 sunt.
518 493 635 556 Duo
681 500 931 565 nomina,
964 498 1109 554 aliud
1151 497 1296 568 quod
1326 498 1517 561 homo,
1566 497 1711 552 aliud
1749 494 1894 567 quod
1920 493 1972 557 Α
1997 496 2225 553 facimus
2249 498 2447 569 quidve
2478 496 2856 567 clinquimus,
2880 496 2927 552 si
2971 496 3103 553 aleis
3142 486 3568 571 ludimusiQui-

313 602 613 667 peccator:
637 591 781 660 quod
802 592 985 655 homo,
1019 603 1155 658 opus
1179 598 1266 643 est
1293 587 1421 653 Dei;
1446 588 1589 658 quod
1619 595 1895 658 peccator,

315 700 456 756 opus
479 683 714 738 hominis
739 693 843 738 est.
876 681 953 735 Da
976 680 1125 749 operi
1153 680 1282 745 Dei;
1315 678 1428 735 noli
1456 679 1606 748 operi
1638 678 1894 733 hominis.

317 778 388 832 Et
414 775 707 845 quomodo,
736 773 938 843 inquis,
965 786 1052 826 me
1087 771 1343 840 prohibes
1375 770 1507 824 dare
1542 768 1693 839 operi
1721 767 1896 823 homi-

318 868 440 922 nis?
480 865 623 932 Quid
650 874 736 919 est
771 863 904 918 dare
934 862 1084 931 operi
1131 860 1404 915 hominis?
1446 859 1722 915 Peccatori
1768 860 1899 914 dare

320 967 543 1026 propter
587 964 901 1025 peccatum,
939 952 1171 1021 placenti
1219 951 1314 1005 tibi
1344 960 1563 1020 propter
1593 958 1894 1019 peccatum.

317 1047 387 1101 Et
411 1046 539 1116 quis
570 1046 673 1098 hoc
705 1042 898 1109 faciet,
930 1040 1143 1110 inquis?
1164 1040 1296 1106 Quis
1323 1041 1427 1095 hoc
1455 1039 1650 1095 faciet?
1681 1038 1897 1095 Utinam

318 1150 499 1199 inemo,
535 1133 741 1188 utinam
764 1131 945 1201 pauci,
975 1130 1178 1184 utinam
1207 1144 1314 1184 non
1342 1129 1574 1199 publice.
1600 1128 1704 1193 Qui
1728 1143 1898 1183 vena-

318 1228 532 1282 toribus
576 1227 811 1288 donant,
843 1236 1012 1292 quare
1047 1221 1284 1277 donant?
1309 1220 1498 1275 Dicant
1527 1219 1659 1274 mihi
1683 1259 1699 1285 ,
1728 1234 1897 1289 quare

314 1317 521 1373 donant
542 1296 924 1371 venatoribus?
941 1313 1053 1368 Hoc
1078 1313 1131 1367 in
1160 1312 1252 1367 illo
1270 1321 1445 1376 amat;
1472 1312 1525 1365 in
1550 1325 1657 1380 quo
1680 1309 1898 1379 nequis-

315 1409 490 1463 simus
519 1414 635 1471 est;
660 1407 764 1460 hoc
785 1405 838 1458 in
867 1404 958 1458 illo
986 1403 1178 1472 parcit,
1204 1401 1381 1457 hocin
1410 1401 1501 1455 illo
1522 1401 1701 1464 vestit,
1726 1401 1895 1469 ipsam

316 1496 620 1565 nequitiam
651 1495 919 1564 publicam
952 1492 1275 1563 spectaculis
1308 1491 1571 1548 omnium.
1604 1489 1706 1557 Qui
1733 1492 1897 1545 donat

315 1587 702 1650 histrionibus,
730 1585 823 1654 qui
855 1585 1019 1639 donat
1042 1582 1368 1653 auguribus,
1393 1582 1485 1651 qui
1514 1583 1679 1636 donat
1717 1595 1897 1636 mere-

317 1675 579 1740 tricibus;
608 1689 776 1744 quare
804 1673 1003 1728 donat?
1026 1671 1143 1727 Non
1175 1680 1356 1727 tamen
1382 1671 1455 1727 ibi
1484 1671 1710 1727 attendit
1738 1677 1898 1724 natu-

315 1779 435 1818 ram
466 1764 648 1833 operis
676 1763 803 1828 Dei,
843 1763 938 1817 sed
968 1761 1266 1831 nequitiam
1313 1761 1494 1831 operis
1526 1759 1769 1814 humani.
1802 1761 1895 1815 Vis

1996 592 2099 648 bus
2119 591 2543 660 respondendum
2571 599 2682 653 est,
2712 591 2856 661 quod
2884 590 3068 646 multis
3091 592 3265 648 modis
3291 593 3347 648 in
3376 593 3568 650 eodem

1996 682 2115 738 lusu
2139 682 2483 752 delinquitur.
2517 680 2698 737 Primo
2723 682 2849 751 quia
2871 682 2959 737 vix
2986 683 3103 739 sine
3135 683 3444 749 mendacio,
3475 692 3570 739 aut

1995 772 2262 843 perjurio,
2304 781 2396 826 aut
2423 772 2531 838 ira,
2571 780 2664 827 aut
2701 772 2969 828 discordia
3010 774 3317 843 peragitur:
3340 773 3483 843 quod
3521 774 3568 830 si

1996 862 2135 917 forte
2163 862 2218 915 in
2248 862 2397 916 nullo
2422 862 2617 916 horum
2651 862 3014 933 delinquatur,
3040 862 3095 916 in
3125 876 3191 917 eo
3231 861 3346 918 solo
3381 862 3568 932 procul

1997 952 2158 1007 dubio
2180 959 2455 1021 peccatur,
2482 952 2608 1021 quia
2643 944 2926 1019 otiositati,
2956 969 3077 1023 qua:
3097 944 3318 1010 inimica
3346 965 3429 1011 est
3450 956 3569 1011 ani-

1996 1055 2115 1105 mae,
2140 1042 2450 1096 inservitur.
2468 1041 2693 1098 Noveris
2715 1058 2846 1112 ergo
2866 1043 3171 1114 quicunque
3191 1060 3319 1111 es,o
3341 1045 3565 1113 aleator,

1996 1131 2120 1200 quia
2150 1130 2215 1185 de
2243 1132 2468 1202 singulis
2499 1133 2688 1189 diebus
2731 1141 2785 1189 et
2822 1135 3004 1201 horis,
3047 1150 3185 1206 quas
3225 1128 3358 1193 aleis
3396 1139 3571 1193 inser-

1996 1222 2190 1276 viendo
2223 1222 2471 1287 insumis,
2503 1223 2610 1277 Deo
2633 1239 2692 1279 es
2716 1225 2981 1279 rationem
3003 1225 3329 1282 redditurus.
3354 1220 3436 1282 Ad
3465 1228 3568 1283 hoc

1995 1313 2159 1367 etiam
2195 1314 2308 1368 scio
2333 1302 2530 1370 multos
2556 1315 2768 1370 turbida
2794 1316 3161 1387 indignatione
3190 1322 3563 1388 respdns‘uros.

1997 1400 2168 1468 Quid,
2200 1403 2473 1472 inquient,
2520 1404 2764 1459 smeulari
2811 1405 3015 1460 homini
3063 1405 3284 1476 prodest
3334 1406 3565 1461 mundus

1997 1493 2120 1557 iste,
2141 1494 2184 1548 si
2215 1494 2300 1549 his
2320 1502 2377 1549 et
2402 1494 2524 1549 aliis
2547 1494 2930 1550 diversissimis
2953 1485 3092 1566 jocis
3115 1492 3182 1549 ad
3205 1504 3385 1551 votum
3410 1510 3566 1551 suum

1996 1585 2227 1654 repertis
2261 1602 2364 1640 non
2387 1580 2717 1656 perfruitur?
2739 1586 2837 1641 Cui
2878 1588 3059 1644 verbis
3095 1581 3309 1643 Domini
3343 1603 3569 1659 respon-

1996 1676 2097 1731 deo
2127 1694 2138 1733 :
2177 1675 2318 1740 Quid
2341 1674 2550 1745 prodest
2588 1676 2784 1729 homini
2819 1676 2865 1729 si
2909 1684 3072 1729 totum
3105 1676 3357 1729 mundum
3393 1674 3558 1730 lucre-

1997 1774 2119 1831 tur;
2143 1767 2334 1819 animo:
2368 1772 2484 1820 vero
2527 1770 2637 1819 sine
2667 1755 3033 1822 detrimentum
3068 1765 3303 1834 patiatur
3347 1761 3563 1835 (Matth.

315 1857 503 1911 videre
518 1856 650 1925 quid
675 1856 910 1910 honoras
931 1855 986 1909 in
1005 1854 1509 1923 venatore,quando
1526 1851 1673 1907 illum
1694 1852 1893 1906 vestis?
1919 1851 1967 1911 B
1994 1872 2106 1919 xw,
2135 1855 2264 1926 26)?
2292 1854 2631 1909 Manifestum
2660 1855 2740 1909 est
2780 1862 2961 1908 autem
2998 1853 3124 1921 qhia
3163 1852 3288 1907 dum
3325 1852 3454 1907 aleis
3483 1852 3566 1907 in-

314 1949 545 2002 Dicatur
571 1947 687 2011 tibi,
717 1947 796 2002 sis
826 1946 977 2012 talis;
1009 1960 1157 2000 amas
1185 1944 1330 1998 illum
1350 1984 1365 2007 ,
1390 1945 1592 2014 gaudes
1620 1943 1689 1997 ad
1719 1942 1892 2008 illum,

313 2038 401 2091 vis
442 2035 837 2105 quodammodo
866 2035 1102 2104 spoliare
1149 2042 1201 2088 te
1238 2042 1295 2089 et
1327 2033 1480 2087 illum
1519 2031 1738 2087 vestire.
1778 2030 1895 2086 Noli

310 2143 444 2183 cum
460 2129 659 2198 injuria
679 2129 945 2199 accipere,
971 2129 1015 2184 si
1042 2129 1135 2184 tibi
1161 2128 1375 2183 dicatur
1395 2128 1463 2183 de
1485 2126 1892 2182 meretricibus:

315 2219 459 2274 tales
479 2229 606 2274 sunt
626 2218 748 2273 lilia:
771 2228 894 2274 tum.
921 2218 1116 2288 lnjuria
1138 2228 1244 2285 est,
1269 2218 1443 2288 inquit
1465 2237 1480 2272 :
1507 2231 1677 2286 quare
1701 2214 1895 2285 injuria

313 2317 419 2372 est,
436 2308 540 2362 nisi
559 2309 684 2378 quia
706 2309 793 2363 illa
816 2309 1291 2379 iuiquitas?Quare
1312 2306 1507 2376 injuria
1523 2315 1626 2372 est,
1647 2306 1753 2361 nisi
1768 2306 1894 2375 quia

313 2392 405 2452 illa
430 2399 743 2467 turpitudo?
756 2399 872 2455 Non
901 2416 1032 2469 ergo
1045 2401 1215 2455 donas
1236 2415 1361 2455 cum
1383 2400 1551 2454 donas
1565 2397 1892 2463 fortitudini,

310 2492 411 2546 sed
439 2489 777 2561 turpitudini.
802 2491 1081 2559 Quomodo
1107 2506 1234 2562 ergo
1265 2490 1355 2560 qui
1395 2488 1640 2545 venatori
1686 2489 1894 2554 donat,

311 2586 427 2634 non
457 2579 660 2634 homini
691 2581 890 2647 donat,
920 2581 1014 2637 sed
1041 2582 1145 2635 arti
1174 2580 1533 2650 nequissimae.
1561 2577 1698 2634 Nam
1722 2578 1766 2633 si
1792 2578 1893 2632 ho-

314 2684 408 2724 mo
439 2677 649 2724 tantum
679 2679 858 2737 esset,
885 2684 940 2726 et
969 2679 1192 2727 venator
1235 2685 1341 2725 non
1386 2675 1566 2735 esset,
1598 2683 1706 2723 non
1735 2669 1899 2722 dona-

316 2778 427 2815 res.
456 2760 702 2816 llonoras
727 2763 780 2816 in
807 2778 873 2817 eo
893 2762 1105 2827 vitium,
1132 2776 1239 2816 non
1261 2768 1532 2815 naturam.
1564 2758 1655 2815 Sic
1681 2769 1891 2827 contra,

310 2854 357 2906 si
382 2852 483 2915 des
505 2852 671 2921 justo,
704 2853 749 2908 si
777 2853 872 2907 des
896 2852 1189 2922 prophetae,
1218 2852 1264 2905 si
1290 2852 1386 2906 des
1408 2849 1669 2919 discipulo
1692 2848 1893 2905 Christi

306 2941 520 3010 aliquid
551 2942 707 3012 cujus
733 2943 965 3012 indiget,
998 2949 1053 2995 et
1085 2957 1191 2996 non
1227 2940 1300 2997 ibi
1341 2940 1546 3010 cogites
1573 2940 1697 3009 quia
1733 2939 1896 2995 disci-

308 3032 479 3100 pulus
504 3031 706 3087 Christi
738 3040 853 3096 est,
882 3033 1008 3102 quia
1057 3032 1305 3087 minister
1351 3040 1438 3087 est
1472 3032 1589 3086 Dei.
1620 3051 1638 3084 ι
1666 3030 1896 3101 Perpen-

310 3124 449 3177 dant
477 3123 663 3191 itaque
703 3124 794 3191 qui
818 3122 1192 3179 venationibus
1230 3123 1517 3187 insistunt,
1543 3121 1683 3191 quod
1718 3122 1890 3194 magis

1997 1946 2253 2009 servitur,
2295 1943 2498 1998 nullum
2542 1942 2735 1997 exinde
2764 1940 2957 1996 animae
2991 1930 3202 1996 lucrum
3243 1931 3559 2010 acquiritur.

1995 2032 2412 2088 Audiantetiam
2440 2029 2807 2098 hujuscemodi
2830 2028 3088 2085 Joannem
3115 2020 3416 2100 apostolum
3446 2044 3558 2083 mo-

1996 2132 2210 2180 neutem
2257 2132 2418 2192 atque
2465 2121 2773 2176 dicentem:
2807 2118 2985 2174 Nolite
3022 2117 3237 2188 diligere
3278 2111 3561 2183 mundum,

1996 2227 2157 2283 neque
2186 2228 2249 2266 ea
2275 2225 2391 2281 qua:
2416 2209 2471 2263 in
2496 2207 2690 2262 mundo
2724 2214 2844 2261 sunt
2869 2218 2887 2257 :
2919 2205 2964 2261 si
2993 2205 3109 2276 quis
3144 2203 3383 2258 dilexerit
3411 2220 3565 2258 mun-

1995 2301 2155 2365 dum,
2187 2317 2290 2353 non
2333 2307 2408 2353 est
2448 2296 2677 2352 charitas
2709 2294 2889 2350 Patris
2920 2296 2975 2349 in
3011 2311 3070 2349 eo
3090 2308 3109 2346 :
3130 2295 3377 2366 quoniam
3416 2309 3565 2349 omne

1993 2389 2132 2460 quod
2165 2399 2239 2443 est
2270 2388 2324 2442 in
2354 2388 2578 2452 mundo,
2612 2386 3026 2457 concupiscentia
3064 2385 3262 2448 carnis,
3291 2392 3337 2438 et
3369 2399 3564 2438 concu-

1992 2479 2244 2551 piscenda
2272 2477 2543 2533 acutarum
2569 2487 2666 2544 est,
2702 2487 2749 2531 et
2784 2476 3026 2548 superbia
3053 2479 3169 2530 vitae
3186 2515 3202 2541 ,
3226 2490 3343 2547 quae
3373 2484 3475 2529 non
3501 2484 3567 2529 ea:

1994 2567 2157 2624 Patre
2184 2569 2275 2623 sed
2298 2585 2362 2623 ea:
2387 2566 2582 2623 mundo
2604 2577 2679 2623 est
2703 2582 2721 2620 :
2742 2571 2789 2622 et
2821 2561 3050 2621 mundus
3073 2558 3265 2621 transit
3291 2575 3338 2621 et
3373 2577 3566 2621 concu-

1992 2661 2246 2731 piscentia
2270 2660 2384 2731 ejus
2408 2679 2427 2717 :
2453 2651 2544 2731 qui
2562 2667 2737 2713 autem
2764 2650 2942 2729 fecerit
2965 2657 3283 2712 voluntatem
3309 2652 3428 2722 Dei,
3451 2667 3566 2711 ma-

1994 2761 2079 2807 net
2100 2754 2156 2806 in
2183 2759 2433 2807 aeternum
2462 2749 2514 2823 (I
2539 2749 2699 2805 Joan.
2723 2766 2784 2814 tt,
2812 2748 3015 2820 15-18).
3044 2750 3280 2804 Audiant
3316 2756 3372 2805 et
3402 2746 3563 2804 Jaco—

1993 2843 2122 2897 bum
2151 2860 2164 2894 :
2198 2836 2520 2911 Quicunque,
2552 2832 2746 2909 inquit,
2776 2837 2992 2893 voluerit
3024 2828 3225 2893 amicus
3250 2854 3360 2892 esse
3386 2833 3569 2893 swculi

1992 2931 2171 3001 hujus,
2196 2930 2437 2984 inimicus
2452 2927 2550 2982 Dei
2570 2929 2913 2982 constituetur
2935 2925 3075 2999 (Jac.
3095 2943 3166 2992 tv,
3187 2926 3263 3000 4).
3287 2926 3420 2983 Cum
3438 2941 3569 2998 ergo

1994 3014 2211 3078 dilectio
2244 3021 2429 3075 mundi
2460 3020 2534 3074 ita
2561 3018 2630 3075 ab
2670 3019 2927 3091 apostolis
2967 3019 3297 3084 inhibeatur,
3345 3028 3406 3074 ιιι
3439 3017 3568 3088 quid

1992 3111 2197 3168 caduca
2243 3120 2299 3167 et
2350 3105 2529 3165 fumea
2579 3117 2688 3164 tam
2734 3124 2888 3165 casso
2916 3125 3100 3165 amore
3140 3109 3472 3181 diliguntur?
3500 3107 3572 3165 Ut

311 3212 424 3266 sibi
456 3211 690 3266 debeant
719 3212 1019 3276 consulere,
1053 3227 1214 3280 quam
1259 3212 1346 3267 bis
1382 3212 1670 3277 inservire;
1699 3212 1896 3282 magis-
1922 3199 1966 3261 C
1996 3203 2123 3273 quid
2152 3202 2382 3256 mundus
2413 3204 2622 3257 tantum
2653 3195 2914 3271 diligitur,
2950 3201 3042 3271 qui
3090 3201 3180 3256 diu
3224 3217 3332 3258 non
3364 3202 3571 3257 tenebi-

310 3315 425 3369 que
450 3300 684 3355 debeant
702 3316 1019 3371 pauperum,
1044 3316 1371 3371 suorumque
1392 3316 1668 3356 servorum
1688 3316 1892 3366 curam,

309 3405 483 3459 quam
504 3403 698 3444 canum
719 3404 931 3467 gerere.
943 3388 1290 3459 Nequaquam
1306 3390 1470 3461 igitur
1488 3389 1733 3445 fidelibus
1744 3388 1899 3443 Chri-

311 3480 390 3534 sti
435 3494 568 3534 cura
613 3495 810 3534 canum
862 3495 1009 3535 cum
1057 3480 1292 3536 hominis
1337 3480 1406 3535 ad
1458 3480 1747 3551 imaginem
1801 3480 1898 3536 Dei

312 3569 523 3624 conditi
550 3568 659 3622 ullo
683 3577 842 3638 pacto
877 3570 1252 3645 anteponenda
1273 3579 1377 3626 est.

393 3657 489 3712 llis
512 3659 584 3712 ita
611 3658 768 3713 dictis
786 3699 803 3722 ,
829 3668 999 3713 restat
1023 3659 1090 3714 de
1120 3658 1449 3714 aleatoribus
1485 3659 1792 3715 necessario
1817 3659 1899 3715 di-

316 3750 580 3804 cendum.
607 3747 797 3804 Sciant
832 3757 1088 3818 prmterea
1115 3750 1402 3817 aleatores,
1432 3751 1578 3820 quia,
1609 3760 1670 3806 ut
1708 3751 1900 3807 beatus

316 3839 627 3910 Cyprianus
653 3839 885 3894 eximius
929 3847 1138 3911 martyr
1180 3839 1406 3905 scribit,
1430 3841 1556 3895 dum
1581 3841 1702 3896 aliis
1725 3840 1900 3896 inser-

317 3934 491 3994 riunt,
524 3931 874 4001 delinquunt;
900 3931 990 4000 qui
1015 3932 1150 3986 adeo
1181 3932 1311 3986 illud
1338 3946 1475 4002 opus
1508 3940 1815 3997 execratur,
1841 3938 1897 3986 et

316 4022 656 4086 detestatur,
706 4028 766 4075 ut
818 4020 1068 4090 laqueum
1123 4021 1321 4076 diaboli
1367 4036 1487 4077 esse
1536 4030 1894 4092 protestetur;

317 4111 462 4178 quod
513 4111 677 4164 etiam
720 4110 790 4165 ab
830 4111 1078 4165 omnibus
1121 4109 1397 4177 ﬁdelibus,
1430 4112 1604 4166 modis
1650 4112 1901 4166 omnibus

318 4198 607 4252 vitandum
631 4214 751 4253 esse
779 4199 1057 4254 denuntiat
1083 4216 1096 4252 :
1128 4215 1251 4255 cum
1285 4200 1432 4254 enim
1460 4198 1628 4252 multa
1657 4200 1723 4253 de
1748 4198 1897 4253 alea-

321 4294 536 4347 toribus
558 4292 838 4362 granditer
863 4292 1163 4356 scriberet,
1196 4292 1263 4346 ad
1288 4299 1590 4345 extremum
1626 4292 1729 4345 hoc
1757 4290 1901 4345 intu-

319 4383 424 4436 lit:
463 4400 482 4433 ι
519 4381 773 4438 Aleane
818 4381 1043 4447 luseris;
1081 4381 1173 4436 ubi
1223 4381 1375 4435 lusus
1426 4380 1650 4435 nocivus
1697 4388 1799 4444 est,
1846 4388 1901 4435 et

321 4474 532 4526 trimen
565 4472 831 4538 mortale;
859 4473 951 4526 ubi
988 4471 1259 4528 dementia
1295 4470 1411 4525 sine
1437 4469 1896 4535 consideratione;

1999 3292 2122 3347 tur?
2147 3292 2218 3348 Ut
2247 3292 2376 3363 quid
2401 3282 2518 3363 ejus
2551 3286 2863 3346 transitoria
2917 3283 3136 3348 dilectio
3176 3293 3366 3347 aeterni
3420 3291 3571 3362 regni

1996 3386 2269 3443 dilectioni
2318 3383 2685 3457 prmponitur?
2718 3377 2809 3439 Sic
2853 3377 3020 3455 igitur
3070 3399 3101 3438 a
3151 3375 3456 3439 Christiano
3484 3382 3570 3437 di-

1995 3477 2243 3548 ligendus
2294 3484 2379 3533 est
2432 3477 2707 3539 mundus.
2766 3485 2826 3532 ut
2880 3492 2947 3535 eo
2995 3478 3220 3534 cadente
3266 3493 3375 3534 non
3411 3477 3573 3534 cadat

1996 3568 2362 3625 Christianus.

2560 3650 2785 3718 CAPUT
2810 3651 2992 3721 XXIV.

2031 3741 2187 3807 Iuste
2229 3742 2582 3821 judicandum
2620 3761 2669 3807 et
2724 3768 2996 3823 munerum
3045 3746 3393 3823 acceptionem
3457 3748 3535 3807 υἰέ

2670 3821 2909 3876 tandum.

2069 3928 2209 3987 Sunt
2229 3931 2320 4002 qui
2342 3932 2499 3987 bonis
2524 3933 2680 3998 bene,
2707 3939 2763 3985 et
2790 3940 2915 3985 sunt
2936 3945 2966 3984 e
2996 3931 3269 3986 contrario
3298 3924 3389 4001 qui
3411 3928 3571 3990 bonis

1999 4022 2140 4078 male
2169 4032 2414 4077 utuntur.
2440 4023 2695 4094 Quisquis
2726 4022 2820 4076 Dei
2854 4022 3008 4078 donis
3047 4039 3153 4079 non
3179 4024 3245 4078 ad
3272 4025 3365 4079 Dei
3389 4026 3575 4081 volun~

2000 4120 2187 4177 tatem,
2218 4112 2310 4167 sed
2332 4113 2401 4166 ad
2428 4128 2578 4167 suam
2608 4113 2953 4181 cupiditatem
2978 4114 3170 4179 utitur,
3197 4114 3307 4169 Deo
3334 4114 3577 4187 ingratus

2000 4203 2242 4257 existens
2269 4202 2427 4256 bonis
2464 4202 2601 4276 male
2629 4204 2706 4256 uti
2755 4205 3036 4272 probatur.
3072 4203 3364 4259 Scientiam
3414 4222 3577 4276 porro

2001 4298 2148 4347 recte
2177 4291 2454 4360 judicandi
2488 4306 2518 4345 a
2560 4270 2669 4346 Deo
2719 4292 3037 4347 mortalibus
3067 4292 3301 4349 conferri
3355 4293 3578 4350 dubium

2002 4396 2107 4436 non
2137 4389 2241 4445 est,
2275 4380 2517 4451 apostolo
2544 4379 2743 4437 Jacobo
2771 4390 3001 4437 testante
3036 4389 3089 4436 et
3132 4383 3342 4437 dicente
3369 4400 3382 4437 :
3411 4383 3577 4439 Omne

2004 4472 2184 4525 datum
2207 4473 2478 4543 optimum,
2505 4481 2551 4525 et
2583 4488 2731 4526 omne
2772 4472 2965 4526 donum
2998 4473 3278 4543 perfectum
3303 4473 3578 4530 desursum

322 4565 416 4617 ubi
440 4563 592 4616 nulla
618 4563 839 4628 veritas,
861 4562 954 4617 sed
982 4562 1385 4617 mendaciorum
1409 4562 1652 4615 mandra.
1677 4559 1905 4615 Abscin-
1930 4540 1981 4599 D
2006 4571 2102 4627 est,
2128 4553 2441 4615 descendens
2464 4579 2495 4615 a
2521 4558 2679 4615 Patre
2700 4561 2955 4615 luminum
2997 4540 3137 4632 (Jac.
3181 4578 3220 4625 ι,
3246 4558 3355 4634 i7).
3385 4561 3462 4619 Ac
3486 4579 3582 4634 per

326 4654 398 4709 de
426 4656 572 4709 inde
625 4670 843 4708 manum
892 4664 1068 4718 tuam,
1114 4663 1169 4707 et
1190 4662 1389 4721 ,averte
1421 4652 1544 4706 inde
1590 4667 1685 4707 cor
1732 4661 1900 4706 tuum.

320 4746 599 4798 Abstrabe
641 4744 872 4813 caligine
892 4762 925 4796 ιι
960 4743 1166 4798 inimici
1199 4744 1267 4796 ab
1303 4743 1475 4797 oculis
1505 4741 1630 4796 tuis.
1669 4760 1686 4792 ι
1716 4741 1780 4794 Et
1824 4741 1905 4795 in-

323 4836 409 4886 fra
435 4850 449 4884 :
483 4850 506 4882 v
538 4832 669 4885 Esto
700 4832 815 4894 tibi,
845 4842 900 4886 et
929 4833 1049 4886 vitae
1083 4841 1186 4886 tua:
1210 4832 1262 4885 in
1294 4831 1696 4901 Operationibus
1726 4830 1905 4898 justus

322 4932 384 4978 et
424 4923 705 4993 providus.
756 4923 901 4993 Fuge
945 4923 1214 4977 diabolum
1258 4930 1668 4993 persequentem
1719 4932 1798 4985 te,
1850 4930 1904 4976 et

325 5015 453 5085 fuge
473 5014 649 5067 aleam
680 5013 951 5068 inimicam
984 5029 1162 5068 rerum
1193 5022 1436 5079 tuarum;
1460 5014 1695 5068 studium
1719 5013 1790 5066 sit
1812 5013 1905 5066 tibi

323 5110 639 5178 supientize;
672 5107 996 5178 evangelicis
1032 5107 1250 5162 monitis
1291 5107 1539 5171 erudire;
1585 5120 1747 5175 puras
1788 5121 1937 5159 man

324 5217 431 5255 nus
462 5200 533 5253 ad
575 5200 844 5253 Christum
883 5198 1143 5263 extende,
1180 5206 1241 5252 ut
1281 5198 1577 5267 promereri
1621 5197 1904 5251 Dominum

323 5289 545 5361 possis,
577 5288 749 5343 aleam
786 5287 894 5342 noli
939 5288 1197 5356 aspicere.
1238 5306 1257 5339 ι
1289 5286 1365 5340 De
1413 5286 1515 5339 bac
1557 5300 1616 5339 re
1656 5286 1746 5354 qui
1792 5284 1906 5353 plc-

326 5382 457 5437 nius
494 5393 658 5434 nosse
684 5379 827 5443 vult,
853 5379 996 5448 legat
1026 5378 1266 5448 ejusdem
1315 5376 1487 5432 sancti
1528 5376 1628 5429 viri
1675 5390 1742 5430 ex
1788 5391 1908 5430 asse

326 5471 723 5527 allocutionem
746 5510 762 5535 ,
802 5486 963 5539 quam
992 5471 1116 5525 inde
1152 5468 1281 5523 fecit
1309 5482 1323 5521 :
1356 5468 1446 5523 ubi
1476 5468 1718 5537 profecto
1761 5468 1909 5521 inve-

331 5568 483 5630 niet,
514 5574 776 5634 quantum
810 5565 939 5619 illud
976 5579 1112 5635 opus
1145 5562 1437 5630 unicuique
1477 5560 1784 5617 Christiano
1818 5556 1907 5617 re:

326 5654 639 5725 spucndum
669 5654 758 5709 sit.

400 5746 535 5801 Seio
559 5760 790 5815 namque
810 5745 940 5815 quid
957 5752 1229 5800 amatores
1248 5743 1378 5800 aleae
1395 5742 1592 5799 dicant.
1613 5740 1749 5814 Quid
1776 5740 1905 5798 mali

2006 4654 2110 4707 hoc
2157 4650 2248 4721 qui
2276 4667 2307 4705 a
2337 4653 2552 4706 tramite
2592 4652 2840 4722 justitiac,
2887 4669 3006 4722 quae
3036 4668 3131 4708 sua
3161 4653 3451 4724 unicuique
3477 4656 3578 4709 tri-

2005 4744 2145 4810 buit,
2170 4752 2263 4798 aut
2288 4740 2501 4807 timore,
2527 4751 2622 4797 aut
2648 4744 2962 4813 cupiditate,
2993 4751 3087 4797 aut
3108 4744 3247 4808 odio,
3279 4750 3371 4799 aut
3397 4760 3580 4800 amore

2006 4833 2321 4898 reﬂectitur,
2342 4826 2615 4887 Christum
2654 4833 2856 4901 utique,
2908 4833 3000 4902 qui
3024 4830 3235 4900 justitia
3278 4840 3381 4901 est,
3415 4834 3581 4890 debo-

2006 4938 2200 4978 norare
2246 4921 2599 4976 convincitur.
2653 4921 2805 4976 Sicut
2846 4923 2988 4976 enim
3030 4938 3241 4992 aequum
3275 4932 3359 4978 εει
3385 4934 3445 4978 ιιι
3485 4924 3575 4992 qui

2009 5020 2155 5067 recte
2182 5013 2343 5082 sapit,
2368 5020 2511 5066 recte
2552 5020 2695 5080 agat,
2731 5012 2806 5066 ita
2837 5012 3081 5082 iniquum
3109 5022 3193 5069 est
3221 5022 3364 5069 recte
3392 5027 3578 5082 sapere

2007 5112 2061 5157 et
2092 5117 2198 5156 non
2228 5110 2376 5157 recte
2406 5117 2586 5171 agere.
2622 5101 2728 5156 Per
2765 5100 3031 5170 justitiam
3078 5105 3273 5173 quippe
3310 5102 3580 5159 stabilitur

2007 5208 2253 5262 regnum,
2281 5200 2334 5246 et
2358 5207 2455 5262 per
2486 5190 2798 5260 injustitiam
2842 5194 3104 5247 evertitur
3130 5211 3142 5247 :
3171 5194 3312 5247 unde
3334 5201 3388 5246 et
3413 5190 3577 5245 multa

2012 5280 2301 5352 rcgnajam
2333 5296 2427 5349 per
2448 5280 2763 5347 injustitiam
2786 5296 2994 5346 eversa,
3026 5282 3078 5335 in
3107 5281 3408 5351 exemplum
3431 5288 3575 5333 sunt.

2012 5374 2144 5426 Cum
2178 5372 2338 5442 igitur
2381 5379 2435 5422 et
2463 5370 2649 5439 lcgalia
2700 5380 2762 5438 et
2796 5371 3102 5443 evangelica
3148 5371 3375 5424 doceant
3417 5370 3579 5423 docu-

2014 5473 2195 5518 menta
2228 5464 2392 5517 Deum
2425 5463 2566 5516 inter
2592 5462 2712 5516 illos
2754 5462 3021 5527 habitare,
3071 5462 3161 5533 qui
3222 5461 3338 5531 ejus
3364 5459 3580 5515 monitis

2013 5562 2265 5625 parentes
2288 5568 2319 5607 a
2339 5552 2717 5622 callejustitite
2742 5561 2847 5608 nOn
2873 5553 3120 5617 deviant;
3177 5567 3273 5607 cur
3312 5551 3577 5615 homines,

2016 5662 2151 5715 quos
2181 5646 2292 5715 ipsc
2337 5644 2403 5699 ad
2454 5660 2607 5698 suam
2632 5645 2917 5715 imaginem
2969 5643 3193 5706 creavit,
3224 5651 3278 5696 et
3304 5642 3581 5696 nobilitate

2017 5730 2224 5809 ditavit,
2253 5748 2302 5795 et
2327 5738 2550 5794 scicntia
2572 5747 2715 5792 recte
2735 5735 3012 5805 judicandi
3034 5736 3362 5803 sublimavit,
3390 5735 3441 5789 in
3473 5748 3578 5788 non
