4008 6192
478 344 585 404 ξω

1536 334 1728 397 «ΜΝ-Ε
1766 338 2313 399 AURELIANENSIS
2350 338 2653 399 EPISCOI’I

3633 351 3739 410 ἓέθ

483 468 628 515 recte
660 412 947 530 iudicando
969 469 999 508 a
1028 453 1205 510 medio
1234 455 1316 509 sui
1369 469 1491 511 eum
1537 455 1838 524 repellunt?
1876 455 2045 521 Quem
2075 460 2120 518 Α
2149 457 2398 527 acceptio,
2429 472 2522 510 nec
2551 455 2739 525 cupido
2775 470 3051 511 munerum
3084 455 3169 530 (11
3229 456 3422 517 Paral.
3475 478 3591 530 nx,
3633 474 3669 529 5
3687 472 3732 540 ).

483 552 667 624 procul
697 551 859 605 dubio
886 549 977 618 qui
1005 564 1035 601 a
1058 559 1116 603 se
1135 563 1303 618 prave
1322 546 1615 616 iudicando
1644 547 1926 625 repellunt,
1953 548 2054 602 ini-

483 644 679 696 micum
711 656 820 695 suae
842 638 1035 693 salutis
1061 639 1118 693 in
1161 638 1338 693 medio
1377 638 1460 693 sui
1502 638 1869 701 constituunt;
1921 652 2055 707 quo-

481 733 624 786 niam
646 730 786 785 sicut
807 729 883 784 illi
911 731 1001 799 qui
1017 730 1245 804 iustitia:
1265 738 1321 786 et
1334 729 1550 786 veritati
1576 731 1814 795 student,
1835 726 2055 785 Christo

485 823 784 886 adhaerent,
816 823 889 876 ita
923 822 995 877 illi
1020 822 1110 892 qui
1151 838 1250 895 pro
1271 822 1418 893 justo
1456 820 1671 891 injuste,
1704 830 1759 878 et
1795 839 1895 894 pro
1924 838 2053 880 vero

482 910 619 966 falso
637 909 906 979 judicant,
936 911 1009 964 illi
1046 911 1251 980 absque
1279 911 1442 965 dubio
1484 912 1575 980 qui
1611 912 1839 967 mendax
1863 922 1969 978 est,
1998 921 2055 967 et

480 1008 636 1071 pater
682 1001 821 1070 ejus,
871 1014 930 1055 se
973 1000 1369 1070 quodammodo
1417 1001 1746 1070 mancipant.
1785 1000 1946 1069 Quid,
1972 1002 2053 1056 in-

475 1108 660 1162 quam,
686 1091 948 1161 iniquius,
972 1091 1191 1162 Deoque
1212 1091 1464 1146 odibilius
1490 1100 1820 1161 potestesse,
1839 1092 2052 1161 quando

481 1186 531 1237 in
564 1183 680 1239 foro
709 1183 829 1252 plus
852 1190 1093 1238 sectatur
1130 1197 1282 1236 amor
1326 1182 1555 1247 nummi,
1605 1196 1767 1252 quam
1812 1180 2053 1235 Christi?

481 1272 581 1339 Qui
628 1272 775 1326 enim
806 1286 905 1341 pro
948 1281 1095 1325 recte
1132 1270 1422 1341 judicando
1470 1284 1718 1324 nummos
1758 1268 2049 1339 accipiunt,

481 1375 632 1414 more
657 1358 810 1414 Iuda:
840 1359 1136 1423 Christum,
1158 1359 1249 1428 qui
1271 1359 1455 1428 utique
1472 1357 1684 1429 justitia
1705 1367 1806 1423 est,
1831 1368 2049 1430 accepta

476 1440 704 1520 pecunia
732 1451 990 1505 vendunt.
1037 1449 1169 1503 Nam
1202 1458 1251 1505 et
1280 1449 1369 1504 ille
1397 1449 1489 1519 qui
1520 1448 1747 1518 alicujus
1773 1448 1850 1502 rei
1878 1448 2051 1519 gratia

479 1542 616 1596 falso
645 1541 876 1612 judicat,
907 1550 960 1597 et
988 1543 1080 1611 qui
1112 1542 1393 1597 veritatem
1426 1541 1676 1603 occultat,
1701 1540 1888 1610 utique
1916 1538 2050 1594 aboo

477 1635 748 1691 minabilis
767 1643 851 1691 est
878 1636 1017 1705 apud
1058 1636 1251 1700 Deum,
1298 1643 1354 1690 et
1399 1649 1535 1706 pene
1579 1633 1769 1704 aequali
1823 1634 2050 1690 crimine

473 1723 615 1791 apud
633 1738 756 1777 eum
787 1724 1073 1779 detinetur.
1106 1724 1447 1795 Quapropter
1491 1725 1577 1780 his
1620 1726 1712 1795 qui
1755 1723 2047 1793 judiciaria

2153 546 2210 600 In
2239 545 2451 601 Pssimo
2480 563 2493 600 :
2520 545 2581 601 Si
2616 562 2731 600 vere
2755 547 2934 617 utique
2974 547 3246 617 justitiam
3272 549 3566 621 loquimini,
3604 570 3740 618 recte

2144 636 2405 706 judicate,
2427 635 2526 705 ﬁlii
2553 636 2821 690 hominum
2847 634 3020 707 (Psal.
3048 655 3179 705 Lvn,
3197 640 3270 710 I).
3290 641 3424 697 Item
3453 661 3467 697 :
3492 645 3743 705 ludicate

2152 748 2310 801 egeno
2349 741 2398 786 et
2440 731 2636 802 pupillo
2668 745 2688 784 .'
2722 733 2973 787 humilem
3030 747 3078 789 et
3122 754 3403 807 pauperem
3446 742 3743 812 justiﬁcate

2154 820 2340 890 (lbid.,
2373 838 2560 888 LXXXI,
2588 821 2662 893 3).
2692 823 2750 878 In
2774 823 3118 881 Proverbiis:
3158 825 3525 887 Misericordia
3563 849 3612 888 ct
3655 855 3743 892 ve-

2154 913 2281 967 ritas
2323 930 2426 967 non
2471 923 2521 967 te
2547 913 2788 968 deserant
2828 911 3011 985 (Prov.
3045 934 3129 982 ιιι,
3177 920 3210 974 5
3241 930 3290 973 et
3331 923 3486 993 scq.).
3526 925 3657 981 Item
3685 930 3738 983 in

2152 1001 2339 1056 eodem
2374 1020 2386 1055 :
2413 1001 2635 1056 Munera
2670 1004 2734 1056 de
2758 1004 2878 1059 sinu
2933 1006 3127 1076 impius
3149 1012 3361 1080 accipit,
3389 1024 3445 1067 ut
3473 1030 3736 1085 pervertat

2152 1087 2361 1146 semitas
2404 1092 2616 1163 judicii.
2668 1094 2799 1148 item
2846 1095 2919 1149 ibi
2954 1095 3105 1162 :Qui
3128 1103 3391 1170 cognoscit
3439 1105 3493 1158 in
3525 1107 3739 1176 judicio

2152 1180 2357 1253 faciem,
2395 1200 2498 1237 non
2524 1184 2649 1252 facit
2684 1184 2827 1239 bene.
2867 1185 3001 1241 Item
3054 1188 3126 1243 ibi
3171 1209 3184 1243 :
3216 1190 3418 1248 Facere
3442 1196 3740 1252 misericor-

2151 1271 2291 1326 diam
2311 1282 2359 1326 et
2376 1272 2662 1342 judicium,
2686 1276 2854 1345 magis
2898 1277 3106 1346 placent
3134 1276 3357 1335 Domino
3386 1300 3544 1353 quam
3587 1289 3741 1341 victi-

2152 1376 2270 1414 ma'.
2307 1361 2439 1415 Item
2470 1361 2542 1415 ibi
2572 1379 2584 1416 :
2616 1363 2861 1433 Accipere
2885 1382 3163 1432 personam
3199 1369 3370 1439 intpii,
3415 1389 3519 1426 non
3540 1385 3614 1428 est
3646 1377 3740 1430 bo-

2152 1465 2275 1504 num
2298 1451 2352 1505 in
2368 1448 2596 1521 judicio.
2622 1451 2755 1506 Item
2796 1472 2811 1507 :
2864 1453 2973 1520 Qui
3004 1454 3268 1525 justiﬁcat
3296 1459 3533 1530 impium,
3564 1474 3614 1518 et
3643 1468 3738 1532 qui

2150 1540 2458 1595 condemnat
2498 1536 2731 1611 justum,
2784 1544 3154 1603 abominabilis
3207 1559 3285 1605 est
3334 1561 3550 1624 uterque
3590 1558 3737 1626 apud

2149 1628 2338 1683 Deum.
2382 1629 2547 1685 Item:
2574 1631 2734 1686 Novit
2769 1633 2953 1703 justus
2990 1652 3205 1693 causam
3226 1645 3474 1712 pauperis
3496 1660 3515 1698 :
3538 1646 3737 1717 impius

2149 1720 2353 1789 ignorat
2372 1721 2663 1777 scientiam.
2686 1722 2744 1778 In
2765 1721 2900 1779 Isaia
2921 1743 2933 1780 :
2958 1724 3052 1781 I’te
3074 1729 3166 1798 qui
3178 1730 3487 1801 justiﬁcatis
3512 1736 3737 1807 impium

472 1821 737 1882 potestate
765 1813 977 1883 prasditi
1001 1822 1146 1880 sunt,
1177 1829 1373 1885 magna
1419 1814 1856 1885 circumspectio,
1886 1823 1942 1870 et
1967 1815 2047 1870 vi-
2072 1799 2121 1859 Β
2146 1826 2241 1880 pro
2263 1811 2585 1875 muneribus,
2614 1823 2661 1867 et
2694 1814 2963 1884 justitiam
3003 1817 3143 1888 justi
3172 1799 3399 1891 aufer-tis
3423 1826 3487 1879 ab
3516 1799 3622 1880 eo':
3653 1845 3740 1883 va:

470 1905 692 1975 gilantia
718 1905 1026 1961 necessaria
1057 1913 1171 1971 est;
1196 1921 1263 1962 ne
1284 1906 1351 1960 ab
1377 1905 1480 1972 eis,
1530 1907 1613 1960 vel
1642 1922 1825 1962 coram
1854 1906 1934 1962 eis
1956 1905 2047 1976 ju-

473 1996 675 2051 dicium
720 2002 928 2051 rectum
979 1995 1032 2050 in
1083 1997 1264 2068 aliquo
1301 2006 1663 2067 pervertatur.
1705 1998 1969 2065 Quoniam
1999 1998 2047 2053 si

470 2096 694 2157 propter
715 2102 868 2141 suam
888 2086 1174 2152 incuriam,
1195 2097 1248 2142 et
1268 2088 1576 2142 diuturnam
1597 2089 1854 2159 quietem,
1873 2089 2049 2143 diver-

474 2191 669 2246 sasque
700 2175 940 2240 delicias,
995 2176 1190 2248 quibus
1230 2178 1355 2233 dum
1386 2178 1504 2248 plus
1534 2177 1681 2247 justo
1710 2178 2047 2243 incumbunt,

472 2284 772 2338 pauperum
789 2283 954 2324 causa
975 2269 1354 2334 contemnitur,
1383 2279 1437 2324 et
1461 2284 1601 2340 smpe
1617 2269 1843 2339 aequitas
1857 2268 2050 2339 jutlicii

471 2360 727 2426 violatur,
755 2375 1002 2429 pravum,
1041 2360 1393 2431 iniquumque
1441 2361 1571 2431 quid
1613 2368 1822 2430 gestum
1864 2359 2046 2426 fuerit,

471 2454 526 2509 in
548 2470 644 2510 eos
671 2453 859 2524 procul
878 2452 1041 2508 dubio
1063 2453 1116 2507 id
1138 2452 1556 2523 retorquebitur.

544 2541 701 2611 Quod
746 2552 927 2597 autem
980 2551 1183 2597 remota
1248 2557 1605 2611 personarum
1654 2550 1709 2597 et
1759 2553 2045 2596 munerum

470 2634 787 2705 acceptione
817 2632 1330 2702 rcctejudicaudum
1356 2633 1448 2699 sit,
1480 2634 1759 2704 sequentia
1784 2634 2044 2688 iudicant.

470 2726 688 2797 Legitur
726 2727 779 2781 in
830 2727 1012 2782 Exodo
1046 2745 1059 2781 :
1095 2726 1216 2782 Non
1257 2727 1541 2782 declinabis
1579 2729 1634 2781 in
1670 2728 1878 2798 judicio
1923 2740 2052 2799 pau-

466 2820 624 2873 peris.
655 2817 991 2873 Mendacium
1022 2818 1210 2889 fugies.
1245 2818 1512 2874 Insontem
1535 2830 1583 2874 et
1601 2817 1808 2890 justum
1835 2834 1937 2873 non
1957 2832 2048 2872 oc-

466 2909 641 2963 sides:
666 2910 791 2980 quia
808 2925 1016 2963 aversor
1043 2908 1294 2979 impium;
1324 2922 1415 2964 nec
1445 2910 1665 2981 accipies
1687 2922 1903 2963 munera
1932 2923 2049 2979 qua:

466 3009 727 3056 exctecant
758 3001 915 3055 etiam
960 2999 1265 3071 prudentes,
1296 3010 1345 3056 et
1373 2998 1671 3055 subvertant
1701 2999 1854 3054 verba
1871 3000 2049 3070 justo-

468 3100 586 3138 rum
607 3082 804 3155 (Exod.
830 3080 1077 3153 xxm,6).
1101 3080 1233 3136 Item
1262 3082 1400 3137 idem
1426 3082 1480 3136 in
1500 3082 1689 3137 eodem
1721 3098 1735 3136 :
1765 3081 1888 3136 Non
1919 3098 2044 3136 con-

468 3185 668 3230 temnas
693 3189 972 3246 pauperem
1006 3172 1063 3226 in
1079 3171 1305 3243 judicio.
1329 3172 1383 3227 In
1416 3170 1655 3227 Levitico
1683 3189 1696 3226 :
1736 3171 1856 3227 Non
1881 3172 2044 3241 facies

465 3268 604 3340 quod
631 3267 867 3336 iniquum
896 3271 972 3318 est
998 3280 1018 3320 :
1045 3280 1138 3317 nec
1189 3258 1381 3334 injuste
1426 3260 1727 3333 judicabis;
1758 3279 1850 3316 nec
1878 3261 2050 3316 consi-

467 3360 615 3415 deres
630 3372 905 3429 personam
926 3355 1192 3427 pauperis,
1215 3371 1307 3408 nec
1324 3352 1543 3408 honores
1568 3353 1765 3408 vultum
1785 3351 2007 3424 patentis
2026 3367 2045 3406 :

462 3454 606 3525 iuste
621 3450 812 3521 judico
854 3447 1092 3519 proximo
1122 3453 1215 3499 tuo
1243 3443 1426 3515 (Leuit.
1460 3457 1574 3507 xix,
1609 3438 1714 3515 Ili).
1761 3440 1892 3498 Item
1921 3440 1995 3499 ibi
2029 3459 2042 3499 :

474 3542 655 3598 Nolite
682 3540 857 3611 facere
884 3538 1121 3608 iniquum
1165 3534 1364 3607 aliquid
1396 3535 1449 3589 in
1501 3530 1718 3611 iudicio,
1752 3534 1805 3588 in
1841 3534 2043 3605 regula,

464 3629 526 3690 in
551 3633 799 3706 pondere,
827 3632 882 3685 in
931 3643 1213 3683 mensura:
1243 3638 1436 3683 s:atera
1477 3627 1625 3697 justa
1665 3610 1715 3680 ei
1756 3642 1904 3697 requa
1942 3624 2047 3681 sint

464 3725 698 3799 pondera
746 3740 765 3778 :
808 3722 985 3793 justus
1038 3720 1267 3788 modius,
1304 3734 1583 3792 (equusque
1605 3721 1904 3785 sextarius;
1934 3719 2046 3791 Ego

467 3817 726 3872 Dominus
748 3815 890 3870 Deus
924 3823 1065 3867 tuus.
1094 3812 1151 3867 In
1181 3809 1602 3867 Deuteronomio
1649 3828 1661 3864 :
1703 3809 1847 3865 Dixit
1873 3809 2048 3881 itaque

468 3908 678 3980 Moyses
700 3920 719 3959 :
753 3906 987 3976 Prtecipe
1025 3906 1099 3960 eis
1128 3904 1292 3977 (haud
1340 3904 1559 3959 dubium
1581 3902 1710 3974 quin
1753 3897 2045 3971 judicibus)

467 3998 644 4053 dicens
677 4010 697 4051 :
726 3995 919 4049 Audite
948 3994 1156 4059 illos,et
1183 3993 1322 4065 quod
1337 3992 1544 4063 justum
1570 4000 1643 4046 est
1656 3987 1914 4062 judicate,
1944 3991 2048 4044 sive

467 4091 592 4144 civis
622 4088 689 4143 sit
721 4087 835 4160 ille,
859 4088 963 4142 sive
989 4086 1314 4157 peregrinus,
1353 4082 1498 4138 nulla
1522 4080 1619 4137 erit
1648 4081 1899 4137 distantia
1932 4097 2050 4152 per-

465 4190 717 4233 sonarum
746 4194 765 4232 :
792 4178 866 4230 ita
896 4192 1114 4247 parvum
1144 4175 1392 4239 audietis,
1422 4184 1478 4228 ut
1527 4189 1811 4244 magnum;
1844 4188 1933 4227 nec
1959 4189 2049 4226 ac-

466 4268 667 4338 cipietis
706 4267 1017 4335 cuiusquam
1069 4280 1366 4333 personam,
1392 4262 1516 4333 quia
1542 4262 1807 4332 judicium
1846 4263 1941 4315 Dei
1970 4271 2046 4316 est

468 4357 649 4430 (Deut.
681 4373 721 4421 ι,
767 4358 861 4427 6).
894 4356 1025 4409 Item
1055 4373 1068 4407 :
1093 4354 1308 4407 Iudices
1334 4364 1382 4408 et
1414 4355 1691 4424 magistros
1719 4354 1971 4409 constitue
1993 4356 2046 4410 in

466 4445 707 4500 erunibus
729 4444 893 4515 portis
918 4444 1046 4507 tuis,
1069 4459 1199 4512 quas
1229 4441 1484 4495 Dominus
1526 4440 1669 4495 Deus
1700 4452 1820 4495 tuus
1844 4441 2046 4495 dederit

468 4538 579 4602 tibi,
600 4554 692 4609 per
712 4536 947 4608 singulas
976 4536 1142 4590 tribus
1173 4544 1290 4589 tuas
1334 4552 1352 4588 :
1405 4546 1460 4588 ut
1494 4534 1733 4605 judicent
1790 4534 2040 4606 populum

459 4633 607 4705 justo
626 4631 856 4703 judicio,
885 4648 976 4686 nec
1012 4632 1067 4684 in
1095 4631 1316 4685 alterunt
1355 4641 1556 4702 partem
1599 4630 1877 4685 declinent.
1919 4631 2041 4687 Non

467 4724 721 4793 accipient
769 4738 1067 4792 personam,
1125 4739 1216 4776 nec
1242 4737 1458 4775 ntunera
1488 4737 1506 4775 :
1540 4721 1665 4792 quia
1700 4738 1917 4776 munera
1947 4722 2038 4775 ob-

466 4812 664 4870 cazcant
690 4812 869 4867 oculos
903 4813 1216 4883 sapientum,
1242 4823 1291 4866 et
1335 4822 1537 4865 mutant
1565 4811 1714 4865 verba
1744 4812 2034 4882 justorum.

464 4905 613 4961 Iuste
636 4904 774 4975 quod
808 4904 1017 4974 justum
1049 4914 1122 4958 est
1151 4905 1489 4973 persequeris.
1524 4903 1654 4958 Item
1695 4904 1832 4959 idem
1863 4904 1913 4958 in
1947 4919 2037 4959 eo-

466 4999 586 5053 dem
630 5015 643 5051 :
697 4996 1012 5051 Maledictus
1081 4997 1171 5064 qui
1220 4998 1459 5067 pervertit
1513 4996 1775 5066 judicium
1830 4996 2040 5049 adreme

466 5087 652 5157 (lbid.,
676 5102 848 5150 χχιιι,
882 5086 990 5157 I9).
1021 5085 1077 5139 Iu
1101 5086 1547 5156 Paralipomenon
1584 5085 1722 5139 libro
1747 5086 1980 5140 secundo
2022 5105 2036 5141 :

466 5175 846 5247 Constituitque
865 5176 1074 5246 judices
1104 5176 1356 5244 Josaphat
1377 5187 1530 5230 terra!
1554 5176 1608 5228 in
1635 5177 1832 5228 cunctis
1859 5176 2038 5229 civita-

465 5267 600 5321 tibus
632 5268 866 5331 muuitis,
888 5283 980 5337 per
1001 5266 1117 5319 loca
1153 5265 1382 5335 singula,
1430 5276 1477 5319 et
1510 5266 1817 5336 prtecipiens
1837 5266 2036 5335 judici—

465 5354 561 5408 bus
585 5372 603 5409 :
638 5356 840 5421 Videte,
873 5358 971 5420 ait,
993 5355 1120 5427 quid
1144 5354 1505 5424 faciatis.Non
1531 5356 1667 5410 enim
1697 5356 1920 5410 hominis
1941 5357 2036 5427 ju-

465 5443 658 5496 dicium
687 5448 957 5512 exercetis,
973 5446 1063 5501 sed
1091 5445 1343 5500 Domini:
1367 5458 1414 5500 et
1444 5447 1787 5518 quodcunque
1817 5446 2037 5516 judica-

465 5533 660 5597 veritis,
684 5534 739 5589 in
760 5552 853 5591 vos
877 5535 1208 5590 redundabit.
1232 5534 1309 5590 Sit
1330 5537 1488 5591 timor
1507 5537 1720 5591 Domini
1742 5538 2035 5603 vobiscum;

467 5629 658 5672 etcum
688 5624 958 5692 diligentia
987 5636 1175 5680 cuncta
1212 5626 1385 5694 facite.
1419 5626 1542 5681 Non
1593 5638 1667 5682 est
1718 5629 1855 5682 enim
1897 5626 2037 5698 apud

471 5705 754 5763 Dominum
780 5711 946 5766 Deum
976 5728 1207 5771 nos:rum
1247 5715 1514 5788 iniquitas,
1573 5733 1665 5771 nec
1691 5735 2035 5789 personarum

2073 4501 2123 4559 D

2146 1898 2236 1969 qui
2279 1901 2509 1956 condunt
2554 1902 2692 1973 leges
2745 1905 2978 1977 iniquas,
3019 1918 3068 1963 et
3111 1911 3397 1967 scribentes
3436 1915 3737 1985 tnjustitias

2147 1990 2485 2061 scripserunt,
2529 2003 2586 2046 ut
2617 1994 2964 2063 apprimerent
3015 1999 3072 2053 in
3112 2000 3322 2071 judicia
3372 2021 3646 2075 pauperes,
3683 2020 3738 2061 et

2149 2082 2251 2136 vim
2274 2082 2506 2151 facerent
2555 2100 2732 2140 cauete
2773 2086 3053 2143 humilium
3098 2091 3281 2159 populi
3310 2094 3452 2149 mei:
3478 2104 3534 2148 ut
3561 2109 3741 2153 essent

2152 2173 2324 2228 vidum
2346 2175 2529 2243 praeda
2559 2193 2760 2243 eorum,
2793 2189 2840 2234 et
2882 2181 3109 2251 pupillos
3133 2183 3441 2245 diriperent.
3476 2186 3618 2254 Quid
3648 2189 3748 2258 fa-

2148 2262 2292 2318 cietis
2321 2262 2481 2319 indie
2507 2264 2814 2323 risitationis
2847 2277 2896 2324 et
2920 2269 3278 2328 calamitatis?
3298 2274 3432 2344 (Isa.
3456 2292 3517 2342 ν,
3555 2277 3648 2343 25,
3678 2292 3733 2335 et

2148 2352 2280 2424 seq.)
2312 2349 2443 2409 Item
2474 2373 2488 2409 :
2520 2354 2646 2410 Hcce
2670 2357 2797 2411 dicit
2824 2359 3115 2416 Dominus:
3142 2360 3416 2420 Custodite
3437 2366 3729 2439 judicium.

2149 2452 2199 2497 et
2223 2443 2380 2513 facite
2419 2446 2683 2516 justitiam
2733 2463 2752 2504 :
2790 2466 2914 2521 quia
2941 2450 3102 2521 juxta
3129 2465 3205 2508 est
3235 2454 3383 2509 salus
3407 2472 3543 2522 mea,
3567 2468 3623 2510 ut
3654 2471 3750 2510 ue-

2151 2533 2295 2600 niat;
2323 2544 2373 2589 et
2387 2534 2603 2606 justitia
2630 2554 2766 2602 utea,
2794 2551 2851 2594 ut
2875 2541 3148 2597 reveletur.
3174 2543 3369 2599 Beatus
3397 2548 3475 2601 vir
3490 2549 3584 2618 qui
3602 2549 3742 2617 facit

2155 2622 2274 2689 hoc,
2305 2633 2352 2678 et
2377 2625 2523 2695 ﬁlius
2551 2627 2776 2684 hominis
2810 2632 2902 2701 qui
2945 2634 3293 2703 apprehendet
3320 2636 3462 2691 istud
3499 2653 3519 2693 :
3557 2628 3745 2693 custo-

2148 2712 2298 2768 diens
2321 2715 2614 2782 sabbatum,
2647 2735 2711 2773 ne
2753 2721 2957 2791 polluat
3005 2722 3142 2778 illud
3166 2741 3185 2779 :
3214 2726 3511 2783 custodiens
3541 2747 3740 2785 manus

2148 2816 2275 2856 suas
2324 2819 2389 2858 ne
2441 2804 2607 2874 faciat
2660 2824 2812 2864 omne
2864 2812 3085 2867 malum.
3144 2814 3201 2870 In
3251 2816 3559 2874 Zacharia:
3600 2819 3739 2877 Ηωσ

2148 2900 2292 2957 sunt,
2323 2891 2516 2963 inquit,
2559 2896 2713 2951 verba
2750 2915 2867 2970 mite
2893 2900 3120 2970 facietis,
3147 2903 3422 2975 loquimini
3462 2910 3735 2965 veritatem

2149 2979 2504 3055 unusquisque
2525 3002 2643 3042 cum
2668 2991 2908 3058 proximo
2936 3008 3053 3058 suo,
3085 2996 3355 3051 veritatem
3401 3008 3449 3052 et
3465 2998 3734 3069 judicium

2149 3074 2295 3144 pacis
2324 3075 2557 3144 iudicate
2576 3078 2630 3132 in
2652 3081 2816 3149 portis
2837 3085 3037 3138 vestris.
3054 3084 3125 3139 Et
3152 3090 3507 3160 unusquisque
3530 3091 3735 3146 malum

2145 3174 2328 3218 contra
2359 3168 2585 3221 amicum
2614 3187 2769 3224 suum
2791 3189 2854 3227 ne
2877 3176 3110 3244 cogitetis
3150 3178 3206 3232 in
3228 3180 3476 3234 cordibus
3507 3183 3734 3249 vestris;

2145 3264 2194 3309 et
2215 3255 2576 3324 juramentum
2598 3260 2827 3315 mendas:
2846 3276 2908 3317 ne
2929 3260 3164 3329 diligatis
3195 3279 3216 3319 :
3242 3268 3419 3322 omnia
3448 3271 3585 3323 enim
3612 3270 3736 3326 haec

2145 3356 2266 3401 sunt
2293 3364 2410 3416 qum
2432 3345 2543 3415 odi,
2575 3347 2703 3405 dicit
2756 3350 3014 3411 Dominus
3057 3357 3208 3426 (Zac.
3232 3375 3352 3424 vm,
3385 3359 3496 3427 16).
3529 3360 3741 3417 Scribit

2148 3435 2330 3507 itaque
2359 3438 2412 3492 iu
2437 3438 2541 3495 Iob
2564 3457 2579 3494 :
2607 3441 2951 3514 Congregatio
2976 3447 3261 3517 hypocrita
3286 3450 3499 3515 sterilis,
3523 3461 3572 3505 et
3590 3452 3741 3522 ignis

2145 3530 2411 3586 devorabit
2436 3533 2771 3588 tabernacula
2798 3552 2975 3590 eorum
3000 3539 3091 3609 qui
3115 3556 3332 3598 munera
3352 3541 3571 3597 libenter
3590 3544 3745 3597 acci-

2144 3619 2293 3693 piunt
2314 3621 2465 3697 (Job.
2494 3623 2723 3695 “,34).
2758 3626 2817 3680 In
2867 3624 3161 3699 Evangelia
3189 3648 3202 3683 :
3235 3630 3416 3686 Nolite
3455 3633 3740 3703 judicare,

2145 3722 2193 3766 ct
2228 3730 2333 3767 non
2353 3713 2731 3783 judicabimini
2759 3731 2778 3771 :
2806 3717 2967 3773 nolite
3002 3720 3369 3786 condemnare,
3393 3731 3441 3776 et
3472 3739 3575 3776 non
3601 3740 3743 3779 con-

2145 3802 2539 3858 demnabimini.
2563 3803 2631 3858 In
2655 3822 2756 3878 quo
2779 3806 2915 3861 enim
2937 3806 3147 3878 judicio
3174 3808 3566 3880 judicaveritis,
3581 3812 3741 3883 judi-

2146 3892 2394 3946 cabimini
2436 3893 2652 3967 (Matth.
2684 3910 2781 3961 vn,
2809 3896 2887 3970 2).
2917 3894 3156 3956 Joannes
3209 3902 3261 3956 in
3306 3901 3545 3973 Epistula
3585 3920 3688 3960 sua
3714 3925 3737 3962 :

2150 3979 2352 4045 Nolite,
2379 3982 2577 4055 inquit,
2596 3984 2843 4054 judicare
2868 3988 3153 4043 secundant
3172 3988 3386 4058 faciem,
3407 3991 3497 4045 sed
3517 3992 3743 4061 justum

2136 4071 2403 4142 judicium
2417 4072 2661 4145 judicate
2727 4076 2922 4145 (Jama.
2955 4094 3051 4145 vlt,
3071 4077 3186 4149 24).

2216 4162 2508 4236 Gregorius
2555 4166 2609 4221 in
2642 4166 2933 4223 Moralibus
2968 4185 2982 4223 :
3017 4188 3035 4221 ι
3063 4168 3283 4224 Iudices
3332 4169 3512 4225 sazculi
3563 4171 3747 4242 hujus

2145 4270 2245 4325 pro
2271 4258 2498 4313 terrenis
2525 4257 2694 4314 lucris
2722 4258 2920 4315 multas
2949 4260 3174 4329 injurias
3210 4260 3469 4326 tolerant,
3517 4269 3573 4316 et
3623 4279 3747 4332 pro

2146 4348 2352 4404 caelesti
2382 4350 2629 4407 mercede
2657 4351 2742 4406 vel
2768 4351 3067 4407 tenuissimi
3090 4351 3236 4406 verbi
3268 4351 3411 4407 ferre
3437 4365 3744 4407 contume—

2149 4438 2251 4493 lias
2278 4450 2550 4495 recusant.
2611 4438 2850 4496 Terrena
2892 4440 3097 4511 judicio
3129 4449 3241 4496 tota
3288 4442 3450 4495 etiam
3498 4442 3588 4495 die
3644 4444 3749 4498 in-

2147 4528 2566 4601 sisterejndices
2587 4531 2753 4587 fortes
2797 4542 2942 4598 sunt,
2987 4533 3041 4587 in
3071 4534 3318 4588 oratione
3367 4548 3496 4588 vero
3532 4549 3745 4592 coram

2143 4620 2372 4677 Domino
2399 4623 2465 4677 ad
2494 4623 2654 4677 unius
2685 4623 2830 4677 horae
2879 4631 3210 4677 momentum
3257 4623 3541 4677 lassantur.
3597 4624 3746 4679 Ple-

2142 4727 2369 4781 rumque
2407 4712 2648 4766 nonnulli
2688 4711 2898 4781 judices
2937 4721 3148 4767 terrena
3171 4713 3392 4782 praemia
3425 4721 3739 4782 appetunt,

2140 4799 2474 4868 etjustitiam
2507 4800 2823 4864 defendunt,
2856 4816 3023 4872 seque
3053 4803 3368 4857 innocentes
3422 4803 3744 4871 :estimant,

2142 4900 2196 4946 et
2223 4907 2344 4946 esse
2372 4891 2683 4947 defensores
2734 4892 3070 4947 rectitudinis
3120 4892 3416 4956 exsultant;
3448 4894 3653 4961 quinis
3682 4899 3743 4952 si

2144 4998 2266 5051 Spes
2294 4984 2497 5037 nummi
2527 4983 2881 5047 subtrahitur,
2907 4999 2937 5038 a
2967 4985 3277 5040 defensioue
3296 4986 3540 5053 protinus
3563 4986 3748 5055 justi—

2143 5078 2229 5131 tim
2255 5087 2528 5137 cessatur;
2557 5085 2610 5131 et
2640 5087 2819 5131 tamen
2864 5075 3171 5133 defensores
3220 5094 3279 5133 se
3317 5078 3544 5147 justitire
3570 5082 3742 5150 engi-

2141 5176 2276 5230 tant,
2292 5168 2500 5238 sibique
2521 5179 2758 5223 rectores
2778 5175 3047 5232 asserunt,
3069 5168 3159 5237 qui
3189 5183 3527 5236 nequaquam
3551 5171 3697 5223 recti
3722 5203 3734 5210 -

2141 5258 2400 5323 tudinem,
2431 5259 2523 5312 sed
2557 5272 2806 5313 nummos
2849 5268 3116 5326 qmerunt.
3139 5257 3407 5314 sisidorus
3464 5256 3518 5309 in
3576 5257 3745 5313 libro

2140 5348 2545 5403 Sententiarum
2571 5348 2706 5422 (Lib.
2738 5364 2821 5414 ιιι,
2849 5365 2964 5419 cap.
3001 5347 3129 5418 54):
3164 5367 3183 5399 ι
3218 5348 3298 5401 Ad
3331 5347 3609 5410 delictum,
3640 5349 3747 5403 in—

2137 5443 2272 5513 quit,
2305 5442 2541 5511 pertinet
2589 5441 2914 5511 principum,
2944 5440 3035 5510 qui
3077 5437 3499 5511 pravosjudices
3524 5450 3741 5497 contra

2136 5532 2467 5587 voluntatem
2519 5531 2612 5587 Dei
2672 5531 2883 5601 populis
2925 5530 3168 5585 fidelibus
3208 5529 3524 5600 pneferunt.
3580 5530 3742 5587 Nam

2137 5622 2277 5679 sicut
2296 5624 2474 5693 populi
2500 5623 2751 5677 delictum
2774 5630 2875 5679 est.
2890 5623 3104 5692 quando
3125 5622 3395 5693 principes
3416 5622 3541 5675 mali
3563 5638 3670 5676 sun
3684 5633 3736 5685 ι,

2140 5717 2217 5773 sic
2264 5714 2524 5785 principis
2571 5722 2652 5773 est
2696 5722 3000 5787 peccatum,
3053 5714 3265 5789 quando
3301 5712 3513 5784 judices
3541 5713 3736 5783 iniqn'.
