4030 6190
258 393 359 447 29.!

1262 383 1347 447 DE
1383 378 1864 446 lNSTl’TUTlONE
1901 383 2191 448 ιΑιϐΑιι.
2215 418 2288 433 —-
2310 385 2437 448 ιω.
2477 384 2540 448 il.

3401 394 3508 459 222

256 506 523 560 existunt.
556 521 575 553 δ
601 499 734 556 Item
759 500 902 555 idem
931 499 1082 573 (Cap.
1112 490 1203 571 55)
1233 515 1248 555 :
1286 520 1305 551 ι
1331 499 1565 555 Gravius
1589 498 1832 555 laceran-
1858 503 1908 562 Α
1933 501 2229 572 iniquitate,
2252 512 2299 556 et
2325 519 2430 556 non
2453 502 2678 558 discedet
2699 502 2763 556 de
2787 502 2942 557 domo
2970 502 3111 558 illius
3133 504 3288 575 plaga
3316 506 3506 580 (Ibid,

260 606 352 649 tur
374 607 641 664 pauperes
665 608 697 646 a
719 591 1208 661 pravisjudicibus,
1254 605 1418 661 quam
1459 604 1490 643 a
1526 588 1839 644 cruentissi-

260 685 369 739 mis
398 682 668 738 hostibus.
698 681 888 736 Nullus
913 682 1055 736 enim
1086 680 1268 752 praedo
1294 689 1403 734 tam
1433 679 1658 750 cupidus
1683 689 1766 735 est
1784 679 1839 734 in

260 772 479 835 alienis,
506 784 671 839 quam
688 768 852 838 judex
875 770 1090 838 iniquus
1115 770 1168 823 in
1198 768 1331 824 suis.
1360 788 1378 821 ι
1406 768 1473 823 Et
1498 767 1656 838 paulo
1680 779 1799 837 post
1823 784 1838 821 :

266 881 288 913 ι
330 862 489 932 Saepe
534 849 748 931 judices
801 861 969 931 ipsam
994 860 1286 931 justitiam,
1327 865 1488 930 quam
1511 860 1577 913 ad
1599 860 1845 914 obtinen-

262 954 389 1007 dam
412 951 645 1007 salutem
662 960 921 1006 aeternam
945 951 1264 1020 suscipiunt,
1280 950 1594 1004 muneribus
1610 948 1844 1018 acceptis

262 1043 588 1108 destruunt;
617 1050 819 1097 etcum
847 1042 914 1097 de
955 1041 1104 1112 justo
1126 1042 1331 1113 judicio
1356 1042 1668 1112 temporalia
1697 1043 1843 1098 lucra

261 1136 615 1207 conquian
643 1137 870 1207 praemio
893 1144 1096 1192 eterna
1126 1139 1429 1207 privantur.
1466 1158 1484 1190 ι
1517 1138 1648 1194 Item
1702 1140 1842 1194 idem

262 1224 417 1297 (Cap.
469 1225 562 1296 58)
592 1244 607 1280 :
644 1246 665 1278 ε
695 1225 797 1293 Qui
853 1234 1001 1282 recte
1042 1223 1271 1296 judicat,
1305 1237 1361 1283 et
1410 1228 1688 1297 prmmiutn
1720 1228 1845 1284 inde

261 1319 717 1373 remunerationis
730 1326 1027 1387 exspectat,
1054 1317 1298 1373 fraudein
1321 1318 1373 1372 in
1399 1318 1509 1373 Deo
1528 1328 1803 1390 perpetrat
1826 1330 1842 1374 :

258 1407 389 1477 quia
412 1406 711 1474 justitiam,
740 1422 904 1475 quam
959 1408 1128 1475 gratis
1173 1408 1453 1477 impertire
1502 1408 1709 1473 debuit,
1748 1425 1843 1465 ac-

258 1500 515 1568 ceptione
558 1499 800 1568 pecunia:
840 1491 1044 1554 vendit,
1080 1517 1099 1549 ι
1134 1498 1200 1552 Et
1225 1498 1386 1568 paulo
1431 1509 1555 1569 post
1601 1517 1614 1553 t
1657 1518 1677 1550 ι
1712 1500 1846 1555 Tres

258 1596 409 1652 sunt,
458 1588 649 1658 inquit.
699 1603 981 1643 munerum
1021 1590 1380 1658 acceptiones,
1427 1591 1621 1659 quibus
1657 1601 1845 1646 contra

254 1673 528 1744 justitiam
562 1677 799 1733 humana
826 1677 1041 1733 vanitas
1086 1678 1302 1743 militat,
1332 1679 1387 1733 id
1412 1690 1518 1745 est,
1541 1678 1690 1735 t‘avor
1713 1682 1846 1736 ami-

260 1768 549 1834 citiarum,
610 1764 850 1824 adulatio
900 1768 1098 1835 laudis,
1153 1778 1210 1825 et
1255 1770 1553 1840 corporalis
1601 1762 1844 1841 acceptio

258 1860 528 1915 muneris.
564 1879 583 1912 ι
612 1858 745 1933 Item
772 1860 913 1916 idem
939 1868 1059 1931 post
1097 1876 1271 1931 pauca
1305 1880 1319 1916 :
1352 1880 1371 1914 ι
1404 1856 1647 1930 Quatuor
1668 1863 1843 1919 modis

255 1951 527 2022 judicium
571 1950 865 2007 humanum
894 1952 1255 2021 pervertitur;
1289 1953 1500 2017 timore,
1528 1953 1842 2023 cupiditate,

258 2041 411 2103 odio,
436 2055 645 2096 amore.
674 2040 913 2105 Timore,
939 2041 1066 2097 dum
1110 2050 1258 2097 metu
1302 2043 1589 2112 potestatis
1614 2040 1844 2110 alicujus

260 2130 557 2185 veritatem
573 2129 718 2200 loqui
739 2131 1116 2201 pavescimus;
1142 2128 1459 2201 cupiditate,
1477 2132 1602 2186 dum
1624 2132 1847 2202 prtemio

261 2219 510 2275 muneris
554 2209 783 2290 alicujus
817 2220 1244 2291 currumplmur;
1294 2220 1441 2285 odio,
1487 2219 1614 2275 dum
1656 2230 1846 2276 contra

259 2308 564 2378 quemlibet
600 2310 824 2365 adversa
868 2299 1151 2376 molimur;
1182 2321 1387 2374 amore,
1416 2309 1544 2364 dum
1580 2309 1758 2364 amico
1787 2317 1846 2364 et

260 2400 584 2470 propinquis
615 2410 877 2470 perstare
915 2399 1312 2456 contendimus.
1371 2397 1468 2453 llis
1511 2397 1662 2453 enim
1706 2412 1846 2467 quaa-

262 2499 394 2545 tuor
430 2489 607 2545 modis
645 2503 786 2560 saepe
825 2490 1052 2560 aequitas
1076 2488 1328 2555 violatur,
1357 2501 1498 2558 saepe
1539 2487 1846 2544 innocentia

260 2580 497 2635 heditur.
529 2598 548 2632 ι

336 2669 500 2722 Plura
535 2669 749 2738 quidem
778 2679 830 2725 et
860 2669 964 2725 alia
993 2676 1207 2726 exstant
1259 2668 1453 2724 divinae
1497 2668 1837 2724 auctoritatis

259 2770 538 2829 pneccpIa
552 2762 617 2815 de
637 2761 890 2815 sectanda
908 2760 1137 2829 justitia,
1156 2768 1210 2816 et
1231 2774 1512 2815 munerum
1527 2761 1839 2830 acceptione

258 2854 531 2919 cavenda,
576 2869 697 2923 quae
742 2869 964 2909 necesse
991 2862 1078 2910 est
1102 2861 1163 2909 ut
1200 2853 1588 2922 unusquisque,
1612 2852 1702 2922 qui
1727 2845 1846 2905 om.

257 2945 412 2999 cium
443 2942 879 3012 nectejudirandi
919 2943 1175 3013 suscepit,
1214 2943 1498 3011 diligenter
1546 2942 1847 3013 perpendat

257 3044 321 3091 et
351 3041 553 3088 tractet
579 3053 592 3086 :
622 3042 676 3087 et
708 3034 1003 3089 secundum
1029 3048 1092 3088 ea
1120 3040 1177 3088 et
1219 3041 1367 3088 recte
1391 3032 1594 3098 vivere,
1617 3040 1673 3087 et
1700 3040 1848 3087 recte

252 3114 508 3194 judicare
535 3128 765 3192 satagat.
798 3122 1001 3178 Caveat
1052 3136 1181 3193 ergo
1229 3137 1299 3177 ne
1348 3128 1569 3191 accepta
1615 3119 1843 3191 pecunia

258 3215 549 3270 Christum
565 3214 793 3279 vendat;
819 3227 887 3269 ne
908 3220 1006 3284 pro
1027 3211 1180 3269 lucro
1198 3220 1416 3267 terreno
1433 3220 1637 3267 eterna
1665 3226 1845 3266 remu-

262 3307 557 3363 neratione
578 3320 636 3361 se
652 3307 828 3376 privet
855 3314 871 3360 ξ
902 3304 1105 3376 Deique
1126 3304 1329 3377 judicia
1351 3311 1477 3358 ante
1499 3303 1683 3359 oculos
1704 3318 1844 3357 sem-

262 3414 367 3470 per
414 3405 715 3467 prmponat,
772 3395 966 3453 timens
1013 3404 1352 3464 tremensque
1405 3408 1474 3448 ne
1513 3394 1581 3449 de
1618 3392 1843 3462 justitim

258 3486 487 3541 tramite
514 3485 739 3543 devians
757 3486 937 3551 cadat,
950 3494 1005 3540 et
1024 3484 1165 3540 unde
1179 3482 1470 3555 justilicat‘l
1493 3482 1697 3549 debuit,
1717 3483 1843 3539 inde

258 3579 680 3634 eondemhetu‘rt

841 3656 1072 3724 CAPUT
1104 3655 1272 3723 XXV,

723 3756 804 3812 De
839 3756 1054 3813 uitanda
1093 3756 1384 3828 juratione.

334 3841 473 3904 Odm
496 3846 553 3902 in
575 3846 760 3903 multis
779 3858 987 3912 omnes,
1002 3845 1244 3916 apostolo
1262 3843 1464 3900 Iacobo
1484 3851 1646 3911 teste,
1674 3838 1848 3901 oliua-

262 3936 481 4003 ὁδους,
512 3936 652 4007 apud
675 3941 964 4004 utrumque
1006 3935 1278 4000 ordinem,
1316 3934 1621 3995 clericalem
1651 3936 1841 3991 videli-

262 4035 349 4083 cet
399 4037 457 4081 et
505 4025 791 4092 laie‘alem,
849 4024 958 4079 imo
1005 4025 1146 4095 apud
1190 4033 1478 4094 utrumque
1520 4039 1732 4090 sexum,
1788 4026 1843 4080 in

268 4118 485 4172 incauta
506 4115 780 4184 iuratione
800 4115 958 4170 valde
984 4122 1041 4170 et
1087 4115 1469 4171 miserabiliter
1489 4115 1838 4186 delinquitur.

267 4204 494 4260 Putatur
513 4207 658 4259 enim
682 4220 714 4259 a
737 4204 1059 4276 quibusdam
1081 4205 1223 4274 quod
1262 4204 1597 4261 solummodo
1634 4205 1721 4260 ille
1747 4207 1841 4275 qui

267 4294 565 4349 falsitatem
593 4309 756 4363 super
776 4309 896 4349 ossa
922 4294 1148 4365 alicujus
1172 4296 1347 4350 sancti
1395 4294 1518 4361 viri,
1561 4306 1655 4349 aut
1683 4311 1844 4366 super

267 4384 541 4454 reliquias,
573 4392 668 4437 aut
687 4399 850 4455 super
865 4385 1057 4450 altare,
1085 4395 1176 4440 aut
1205 4386 1494 4457 Evangelia
1516 4385 1684 4454 jnrat,
1714 4403 1841 4457 per-

1942 589 2051 662 12).
2084 584 2150 644 Ει
2180 590 2235 644 in
2259 591 2548 662 Evangelia
2579 606 2594 646 :
2625 591 2855 646 Audistis
2882 593 3005 663 quia
3033 594 3232 648 dictum
3260 606 3332 649 est
3372 600 3511 651 auti-

1938 681 2076 752 quis,
2102 680 2260 735 redde
2298 680 2520 735 Domino
2553 681 2858 751 jutamenta
2884 693 2996 736 tua.
3038 682 3151 752 Ego
3189 693 3363 738 autem
3391 686 3508 741 diro

1940 772 2105 837 vobis,
2131 788 2235 826 non
2248 772 2437 842 jurare
2456 772 2686 837 omnino,
2710 788 2873 843 neque
2892 781 2985 842 per
3004 772 3343 843 coelum,quia
3363 776 3509 831 sedes

1941 862 2042 917 Dei
2066 872 2142 917 est
2166 876 2185 914 :
2216 872 2379 934 neque
2397 870 2489 933 per
2507 872 2720 929 terram,
2752 864 2876 934 quia
2917 863 3197 918 scabellum
3224 875 3297 920 est
3319 868 3509 937 pedum

1941 953 2057 1024 ejus
2088 969 2106 1009 :
2138 969 2302 1024 neque
2340 969 2432 1023 per
2467 962 2622 1023 caput
2654 963 2822 1017 tuum,
2854 955 2977 1024 quia
3019 970 3121 1008 non
3165 966 3307 1027 potes
3338 958 3511 1027 facere

1943 1062 2104 1100 unum
2127 1044 2372 1116 capillum
2397 1043 2593 1110 album,
2622 1054 2712 1099 aut
2754 1044 2980 1115 nigrum.
3029 1044 3113 1101 Sit
3146 1056 3319 1102 autent
3341 1066 3509 1103 sermo

1941 1147 2124 1201 vester,
2144 1146 2242 1201 est,
2268 1146 2377 1202 est;
2402 1153 2526 1202 non,
2549 1152 2651 1190 non
2680 1152 2698 1190 :
2720 1134 2859 1206 quod
2897 1146 3072 1192 autem
3107 1137 3330 1208 amplius
3353 1149 3451 1207 est,
3478 1152 3510 1195 a

1942 1226 2083 1280 malo
2108 1235 2185 1281 est
2213 1225 2428 1297 (Matth.
2458 1241 2511 1291 v,
2544 1227 2632 1292 55,
2664 1225 2775 1297 54).

2011 1315 2344 1385 Augustinus
2384 1315 2451 1371 de
2477 1330 2728 1371 sermone
2767 1316 2979 1371 Domini
3018 1317 3072 1372 in
3100 1327 3280 1374 monte
3310 1317 3447 1392 (Lib.
3471 1335 3508 1383 ι,

1943 1422 2058 1480 cap.
2092 1407 2178 1481 l7)
2213 1426 2228 1462 :
2263 1427 2281 1460 t
2321 1408 2419 1474 lta,
2451 1407 2645 1478 inquit,
2691 1406 3008 1479 intelligitur
3043 1409 3365 1479 praecepisse
3410 1412 3515 1464 Do-

1942 1499 2147 1553 minum
2166 1512 2235 1552 ne
2250 1495 2483 1566 juretur,
2513 1511 2579 1551 ne
2600 1498 2883 1568 quisquam
2911 1497 3050 1553 sicut
3072 1497 3272 1552 bonum
3299 1506 3515 1568 appetat

1935 1585 2309 1658 jusjurandum
2330 1603 2345 1654 ε
2371 1598 2425 1640 et
2446 1585 2762 1642 assiduitate
2775 1584 2993 1655 jurandi
3014 1586 3081 1641 ad
3105 1584 3399 1656 periurium
3419 1596 3516 1656 per

1944 1678 2389 1734 consuetudinem
2417 1677 2707 1733 dilabatur.
2754 1676 3093 1748 Quapropter
3124 1676 3216 1747 qui
3244 1677 3511 1749 intelligit,

1944 1781 2051 1821 non
2083 1766 2137 1821 in
2163 1765 2337 1831 bonis,
2367 1765 2462 1821 sed
2491 1764 2544 1818 in
2574 1764 2895 1820 necessariis
2929 1762 3258 1833 iurationem
3309 1766 3518 1821 habens

1868 1841 1917 1901 Β
1943 1858 2086 1923 dam,
2119 1857 2355 1912 refrenet
2381 1872 2439 1913 se
2466 1856 2722 1927 quantum
2750 1865 2949 1928 potest,
2984 1866 3046 1914 ut
3080 1873 3187 1914 non
3216 1874 3281 1914 ea
3308 1866 3514 1927 utatur,

1943 1949 2047 2005 nisi
2080 1948 2419 2012 necessitate,
2447 1963 2569 2004 cum
2598 1948 2744 2003 videt
2786 1948 2970 2019 pigros
3011 1963 3130 2005 esse
3178 1949 3423 2005 homines
3449 1952 3515 2007 ad

1942 2040 2291 2099 credendum.
2318 2039 2459 2108 quod
2481 2038 2561 2095 eis
2586 2031 2715 2094 utile
2744 2049 2827 2094 est
2851 2040 3093 2107 credere,
3121 2040 3226 2095 nisi
3246 2039 3516 2111 jurationo

1944 2129 2208 2186 ﬁrmetur.
2233 2130 2313 2184 Ad
2340 2130 2444 2186 hoc
2470 2130 2653 2201 itaque
2698 2131 2934 2201 pertinet
2975 2131 3119 2201 quod
3165 2132 3245 2188 sic
3273 2133 3471 2188 dicitur
3500 2148 3513 2188 :

1944 2212 2024 2276 Sit
2053 2231 2227 2275 autem
2248 2236 2417 2275 sermo
2439 2229 2624 2286 vester,
2652 2230 2752 2287 est,
2772 2231 2882 2287 est;
2905 2236 3028 2287 non,
3053 2236 3177 2288 non,
3198 2221 3295 2276 hoc
3324 2221 3516 2278 bonum

1943 2320 2019 2368 est
2049 2322 2099 2368 et
2137 2311 2478 2383 appetendum
2505 2324 2524 2363 :
2552 2310 2705 2377 Quod
2735 2322 2911 2367 autem
2948 2311 3171 2383 amplius
3191 2322 3288 2378 est,
3317 2330 3350 2367 a
3376 2313 3516 2367 malo

1946 2412 2019 2457 est
2039 2400 2253 2469 (Matth.
2281 2417 2334 2466 v,
2359 2401 2449 2472 57,)
2483 2416 2498 2454 :
2531 2401 2587 2456 Id
2610 2410 2714 2464 est,
2740 2402 2788 2456 si
2816 2399 3002 2469 jurare
3027 2403 3254 2474 cogeris,
3286 2403 3426 2459 scias
3451 2405 3514 2460 de

1945 2492 2270 2547 necessitate
2293 2491 2477 2546 venire
2519 2491 2849 2547 infirmitatis
2877 2507 3064 2547 eorum
3092 2493 3288 2563 quibus
3315 2495 3515 2565 aliquid

1944 2582 2163 2637 suades:
2191 2580 2323 2648 Qum
2379 2578 2668 2638 inﬁrmitas
2719 2581 2906 2651 utique
2950 2581 3151 2636 malum
3180 2590 3264 2638 est
3315 2601 3329 2638 :
3376 2584 3516 2640 unde

1940 2683 2047 2727 nos
2096 2671 2336 2742 quntidic
2385 2665 2605 2727 liberari
2652 2671 3020 2740 deprecamur,
3072 2687 3193 2726 cum
3230 2673 3458 2728 dicimus
3499 2692 3516 2728 :

1942 2747 2131 2802 Libera
2185 2765 2277 2803 nos
2329 2766 2361 2801 a
2419 2749 2581 2800 malo.
2647 2748 2832 2818 Itaque
2880 2750 3018 2804 dixit
3063 2768 3077 2804 :
3136 2752 3287 2815 Quod
3337 2764 3516 2807 autent

1936 2838 2170 2907 atnplius
2207 2848 2326 2903 est,
2378 2857 2409 2892 a
2455 2839 2595 2891 malo
2640 2850 2735 2892 est.
2773 2839 2852 2893 Tu
2911 2848 3092 2895 autem
3142 2858 3250 2896 non
3309 2844 3509 2896 malum

1937 2930 2092 2996 lacis,
2131 2931 2224 2998 qui
2285 2930 2426 2984 bene
2477 2930 2651 2984 uteris
2705 2930 2986 2999 juratioue
3026 2950 3040 2987 :
3078 2948 3200 3002 quae
3242 2935 3344 2989 etsi
3403 2951 3512 2993 non

1938 3023 2105 3088 bona,
2142 3032 2320 3075 tamen
2358 3026 2667 3076 necessaria
2705 3033 2810 3087 est,
2847 3033 2906 3075 ut
2954 3023 3110 3079 alteri
3159 3029 3510 3095 persuadeas,

1946 3112 2095 3185 quod
2157 3113 2365 3168 utiliter
2420 3116 2653 3170 suadeas
2710 3134 2724 3170 :
2781 3116 2875 3171 sed
2931 3132 2961 3172 a
3018 3118 3159 3170 malo
3198 3130 3281 3173 est
3337 3120 3511 3187 illius,

1946 3207 2100 3279 cujus
2150 3207 2463 3264 inﬁrmitate
2515 3200 2701 3281 jurare
2744 3198 2977 3279 cogeris.
3027 3206 3135 3261 Sed
3161 3223 3318 3262 nemo
3346 3208 3514 3273 novit,

1943 3301 2047 3356 nisi
2075 3300 2167 3371 qui
2190 3309 2442 3372 expertus
2463 3306 2568 3365 est,
2592 3314 2755 3369 quam
2784 3300 2857 3355 sit
2900 3295 3114 3354 dillicile
3139 3306 3193 3351 et
3224 3307 3514 3354 consuetu-

1942 3391 2123 3447 dinem
2171 3388 2390 3459 jurandi
2416 3390 2781 3462 exstinguere,
2811 3397 2867 3445 et
2905 3403 3178 3459 nunquam
3211 3398 3414 3444 temere
3439 3389 3515 3443 fat-

1943 3495 2086 3548 cere,
2140 3480 2283 3551 quod
2333 3495 2720 3551 nonnunquam
2771 3479 2952 3538 facere
3003 3483 3300 3540 neceSsitas
3350 3483 3513 3554 cogit.

1942 3573 2120 3641 (lateri
2148 3580 2328 3628 autem
2355 3581 2530 3643 potest
2548 3590 2670 3629 cum
2716 3574 2988 3630 diceretur
3019 3590 3035 3630 :
3070 3575 3180 3647 Ego
3203 3585 3378 3630 autem
3396 3576 3513 3630 dico

1942 3664 2084 3720 vobis
2108 3681 2211 3720 non
2247 3665 2435 3736 jurare
2472 3667 2679 3720 omnino
2705 3679 2725 3717 :
2754 3682 2852 3721 cur
2897 3668 3135 3723 additum
3184 3668 3253 3722 sit
3285 3686 3296 3722 :
3334 3666 3517 3738 Neque

1941 3775 2035 3830 per
2059 3757 2266 3823 coelum,
2286 3753 2411 3830 quia
2436 3758 2655 3813 thronus
2687 3758 2784 3812 Dei
2804 3768 2900 3824 est,
2923 3766 2979 3813 et
3022 3766 3217 3813 uetera
3247 3774 3416 3828 usque
3446 3752 3515 3812 ad

1944 3850 1997 3905 id
2025 3852 2166 3920 quod
2192 3851 2393 3906 dictum
2419 3858 2525 3915 est,
2559 3862 2719 3921 neque
2741 3859 2836 3921 per
2858 3853 3014 3921 caput
3042 3856 3191 3902 tuum
3218 3840 3433 3916 (Matth.
3457 3861 3510 3911 v,

1940 3932 2054 4010 3-5).
2083 3940 2254 3995 Credo
2298 3947 2602 4010 propterea,
2635 3938 2759 4009 quia
2815 3954 2923 3993 non
2965 3938 3230 4008 putabant
3257 3948 3317 3991 se
3340 3926 3511 3990 Judtci

1944 4029 2113 4083 teucri
2128 4023 2503 4099 jurejurando,
2533 4026 2579 4082 si
2610 4044 2708 4097 per
2734 4026 2837 4082 ista
2871 4020 3205 4095 iuravissem
3238 4037 3252 4080 :
3285 4033 3340 4081 et
3372 4041 3510 4097 quoe

1941 4119 2085 4174 niam
2112 4109 2396 4173 audierant
2425 4136 2438 4171 :
2468 4116 2666 4171 Reddes
2694 4126 2867 4170 autent
2908 4116 3131 4169 Domino
3151 4133 3314 4188 usque
3331 4114 3516 4187 jusju-

1944 4209 2165 4262 randum
2193 4217 2338 4261 tuum
2363 4206 2551 4278 (lbid.,
2567 4204 2679 4277 55),
2696 4218 2801 4261 non
2820 4220 2877 4261 se
2898 4206 3161 4277 putabant
3181 4198 3409 4260 Domino
3421 4207 3513 4261 des

1940 4300 2069 4354 bere
2096 4290 2497 4369 jusjurandum,
2542 4297 2587 4352 si
2628 4305 2728 4367 per
2775 4296 2995 4362 emtum,
3054 4304 3132 4350 .ut
3163 4305 3386 4363 terram,
3419 4297 3513 4350 aut

1940 4384 2352 4459 Jerosolymam,
2385 4394 2477 4441 aut
2518 4401 2617 4456 per
2655 4394 2817 4455 capitt
2860 4402 3015 4441 suum
3040 4382 3288 4455 iurarent
3324 4394 3340 4439 ξ
3370 4382 3513 4457 quod

263 4473 391 4542 jurii
421 4470 655 4528 crimine
705 4481 955 4528 teneatur
1001 4473 1266 4529 obnoxius
1297 4492 1310 4528 :
1339 4473 1427 4530 ille
1455 4482 1584 4530 vero
1624 4477 1716 4545 qui
1743 4492 1842 4546 pro
1864 4515 1918 4575 Β
1943 4491 2049 4530 ηοη
2084 4475 2214 4529 vitio
2262 4472 2645 4543 prmcipientis,
2695 4474 2786 4528 sed
2841 4473 2981 4529 male
3037 4474 3383 4544 intelligentia
3430 4480 3514 4530 est

265 4567 509 4635 qualibet
532 4581 593 4621 re
621 4580 834 4636 magna,
858 4576 951 4621 aut
977 4576 1140 4636 parva
1167 4567 1335 4622 Deum
1379 4576 1575 4624 testem
1602 4570 1838 4635 invocat,

263 4670 317 4714 et
341 4675 439 4729 per
458 4669 704 4715 sanctam
726 4659 1066 4724 Trinitatem,
1098 4675 1464 4731 supernosque
1490 4661 1636 4717 cives
1652 4660 1841 4730 jurare

269 4766 373 4802 non
402 4748 659 4818 trepidat,
690 4749 945 4804 immunis
971 4750 1234 4804 habeatur
1255 4765 1285 4803 a
1307 4748 1574 4821 perjurio;
1607 4760 1837 4820 prteser-

266 4842 358 4894 tim
414 4853 541 4895 cum
571 4840 750 4895 omnis
785 4840 878 4909 qui
925 4849 1112 4896 testem
1165 4841 1383 4896 adhibet
1431 4842 1618 4904 Deum,
1655 4842 1840 4912 jurare

265 4931 673 5000 wmprobetur,
700 4929 840 4984 sicut
866 4932 1054 4985 beatus
1085 4930 1417 5000 Augustinus
1461 4931 1515 4984 in
1559 4930 1694 4984 l'.bro
1721 4947 1835 4986 ser-

266 5036 484 5076 nonum
512 5021 590 5075 ait
616 5032 665 5073 ιι.
724 5021 981 5076 Duminus
1021 5036 1235 5091 quoque
1280 5022 1357 5075 ait
1407 5022 1461 5075 in
1508 5021 1623 5091 lege
1659 5040 1672 5075 :
1713 5021 1835 5075 Non

263 5126 509 5166 assumas
529 5128 715 5166 nomen
744 5111 955 5165 Domini
1004 5111 1097 5165 Dei
1127 5113 1205 5165 tui
1229 5112 1284 5165 in
1318 5127 1506 5164 canum
1535 5124 1552 5161 :
1583 5126 1673 5164 nec
1698 5110 1834 5163 enim

261 5201 524 5254 Dominus
538 5215 656 5253 eum
671 5199 873 5253 habebit
891 5200 1165 5264 insontem,
1182 5200 1271 5270 qui
1293 5200 1629 5268 assumpserit
1653 5212 1836 5252 nomen
1902 5207 1914 5217 '

262 5290 358 5344 Dei
384 5291 474 5344 sui
503 5289 702 5359 [rustra
734 5290 930 5361 (Exod.
981 5306 1073 5348 xx.
1125 5291 1202 5360 7).
1254 5290 1323 5344 Et
1369 5290 1663 5345 Zacharias
1712 5300 1837 5360 pro-

257 5384 425 5453 pheta
454 5400 469 5436 :
501 5381 869 5436 Iuramentuttt
903 5382 1128 5436 mendax
1166 5397 1229 5436 ne
1275 5380 1506 5451 diligatis
1525 5379 1675 5451 (Zac.
1716 5395 1837 5446 vttt,

264 5475 373 5545 l7).
406 5475 480 5528 Et
509 5467 764 5528 Salonion
795 5490 808 5526 :
839 5473 1109 5527 Juratiom'
1154 5489 1257 5526 non
1297 5486 1562 5526 assuescas
1584 5487 1642 5524 os
1689 5481 1837 5525 tuum

259 5563 455 5633 (Eedi.
483 5578 645 5629 mu,
671 5562 748 5633 9).
777 5562 909 5620 ltem
938 5580 952 5617 :
981 5562 1086 5629 Qui
1127 5561 1348 5617 multum
1373 5560 1550 5630 jurat,
1578 5577 1681 5615 non
1701 5563 1837 5631 επα-

255 5657 361 5725 p’et
384 5663 682 5725 peccatum.
723 5653 852 5711 Item
879 5669 896 5709 :
933 5652 1027 5707 Vir
1058 5654 1279 5708 multum
1314 5651 1530 5722 jurans,
1561 5651 1838 5723 replebitur

328 5781 357 5809 ⁸
387 5768 587 5825 Sermo
611 5768 676 5825 de
698 5767 952 5824 Decutiat.
981 5768 1154 5824 sancti
1184 5767 1337 5823 Joan.
1367 5781 1487 5837 cap.
1511 5766 1568 5823 5.

1945 4560 2164 4621 factum.
2190 4564 2374 4635 Itaque
2397 4563 2655 4619 Dominus
2684 4564 2861 4630 docet,
2883 4564 3017 4618 nihil
3042 4579 3162 4620 esse
3192 4572 3300 4619 tam
3327 4566 3431 4621 vile
3456 4566 3509 4621 in

1944 4655 2210 4713 creaturis
2240 4654 2355 4720 Dei,
2377 4661 2437 4707 ut
2455 4665 2556 4724 per
2581 4653 2683 4709 hoc
2703 4654 2929 4725 quisque
2960 4654 3339 4724 perjurandum
3367 4658 3513 4712 arbi-

1943 4755 2118 4801 tretur
2165 4764 2178 4800 :
2211 4748 2425 4815 quando
2455 4760 2484 4799 a
2515 4745 2738 4799 sunuuis
2794 4745 2860 4798 ad
2906 4743 3089 4798 inlima
3116 4744 3294 4798 divina
3324 4741 3507 4815 provln

1941 4835 2122 4890 deutia
2166 4844 2350 4889 creata
2397 4842 2734 4904 regerentur,
2781 4833 3042 4903 incipiens
3094 4848 3124 4888 a
3172 4835 3364 4889 throno
3412 4828 3508 4889 Del

1944 4941 2115 4995 usque
2143 4926 2211 4981 ad
2261 4925 2515 4994 capillum
2549 4925 2727 4979 album
2773 4933 2865 4978 aut
2911 4925 3141 4996 nigrum.
3199 4921 3379 4996 Neque
3417 4943 3510 4995 per
3552 4993 3560 5004 ι

1934 5015 2140 5078 coelum,
2166 5014 2361 5083 inquit,
2384 5015 2509 5084 quia
2532 5013 2749 5067 thronus
2765 5012 2860 5066 Dei
2874 5023 2950 5067 est
2969 5029 2987 5067 :
3004 5028 3165 5084 neque
3186 5025 3505 5084 perterram,
3548 5016 3555 5054 ξ

1934 5121 2051 5174 qute
2073 5102 2356 5157 scabellum
2378 5113 2453 5157 est
2478 5102 2667 5172 pedum
2692 5103 2807 5173 ejus
2836 5103 2885 5173 (1
2892 5104 3023 5170 bid.,
3053 5103 3165 5176 56).
3546 5100 3552 5105 ’

2006 5204 2137 5257 item
2184 5202 2326 5255 idem
2373 5200 2427 5254 in
2466 5199 2602 5253 libro
2645 5198 2965 5262 Sermonum
2996 5201 3025 5240 ιι
3056 5214 3068 5254 :
3114 5220 3133 5251 ι
3165 5197 3326 5255 Plura
3355 5211 3503 5268 sunt,

1936 5293 2132 5362 inquit,
2160 5291 2474 5360 plerumque
2493 5288 2819 5357 juramenta,
2847 5304 3006 5360 quam
3034 5291 3214 5343 verba.
3242 5290 3296 5343 Si
3325 5290 3499 5344 discu-

1939 5386 2036 5439 tiat
2060 5384 2221 5436 homo
2251 5381 2464 5449 quoties
2502 5377 2648 5445 jurct
2686 5396 2782 5450 per
2808 5388 2979 5432 totum
3019 5379 3181 5444 diem,
3209 5379 3420 5449 quoties
3447 5395 3539 5468 se.

1936 5467 2433 5535 vulneret,quotics
2457 5466 2637 5535 gladio
2660 5467 2891 5537 linguam
2920 5467 3098 5529 feriat,
3116 5477 3171 5522 et
3201 5470 3500 5539 transiigat,

1935 5561 2058 5631 quis
2077 5560 2132 5613 in
2166 5557 2256 5611 illo
2280 5556 2429 5611 locus
2457 5558 2729 5611 invenitur
2757 5557 2954 5610 sanus?
2981 5556 3117 5622 Quia
3168 5573 3298 5627 ergo
3343 5573 3505 5630 grave

1935 5659 2216 5723 peccatum
2268 5656 2352 5703 est
2402 5649 2711 5719 perjurarc,
2767 5648 3142 5719 compendium
3202 5650 3299 5706 tibi
3357 5649 3505 5706 dedit

2012 5762 2039 5805 δ
2069 5760 2146 5822 De
2174 5759 2355 5815 verbis
2386 5758 2570 5828 Apost.
2609 5774 2774 5814 serm.
2800 5757 2890 5825 9.8,
2911 5773 3027 5830 cap.
3051 5759 3104 5815 2.
