4030 6190
550 367 657 430 223

1613 362 1800 423 JONAS
1839 358 2385 424 AURELIANENSIS
2422 361 2726 424 EPISCOPI

3684 368 3785 424 93$

556 478 834 553 Scriptura
859 454 1034 533 ε’Νοιὶ
1069 474 1254 547 jurare
1304 474 1444 548 (Jac.
1468 491 1519 541 v,
1556 475 1666 548 l2).
1708 496 1725 527 ι
1756 475 1887 531 Item
1916 495 1928 530 :
1970 495 1988 528 c
2023 476 2121 531 Vis
2144 478 2193 539 Α
2219 475 2311 531 ille
2339 477 2481 530 enim
2508 475 2745 547 periurio
2785 492 2884 533 suo
2920 493 2977 534 se
3018 478 3273 548 perimit:
3298 466 3390 534 Sed
3421 478 3523 535 iste
3567 495 3781 536 manum

552 586 681 641 ergo
709 571 862 639 longe
912 582 1028 622 esse
1053 581 1085 621 a
1115 560 1387 637 periurio?
1414 566 1605 621 Jurare
1643 567 1752 622 noli
1792 585 1804 620 :
1835 566 1926 636 qui
1974 567 2118 622 enim

544 659 713 727 iurat,
757 651 1048 726 aliquando
1094 671 1282 710 verum
1328 656 1514 726 iurare
1569 664 1745 727 potest
1775 673 1789 709 :
1821 656 1912 726 qui
1941 663 2120 711 autem

552 765 659 803 non
679 746 849 815 iurat,
878 744 1418 816 mendaciumiurare
1446 762 1720 816 nunquam
1747 754 1945 816 potest.
1966 746 2121 802 Juret

549 852 679 907 ergo
731 836 893 899 Deus,
950 836 1041 905 qui
1092 830 1240 906 iurat
1289 851 1532 901 securus,
1588 851 1745 905 quem
1786 832 1919 891 nihil
1960 836 2117 903 fallit,

548 943 712 998 quem
739 925 874 981 nihil
921 925 1072 991 latet,
1101 926 1192 994 qui
1220 926 1439 981 omnino
1482 924 1667 981 fallere
1716 926 1959 997 ignorat;
1992 928 2117 996 quia

549 1032 652 1072 nec
713 1016 822 1071 falli
878 1018 1076 1087 poteSt.
1139 1015 1273 1071 Cum
1323 1015 1467 1071 enim
1531 1014 1713 1083 iurat,
1776 1029 1837 1071 se
1899 1017 2119 1072 adhibet

550 1113 762 1161 testem.
818 1104 1094 1172 Quomodo
1158 1111 1215 1159 tu
1267 1120 1407 1174 (cum
1453 1104 1606 1176 iuras
1674 1105 1844 1159 Deum
1894 1104 2120 1161 adhibes

553 1205 746 1252 testem
799 1214 812 1249 :
869 1196 949 1251 sic
995 1197 1110 1265 ipse
1154 1212 1277 1251 eum
1314 1196 1480 1266 iurat,
1529 1212 1588 1252 se
1641 1205 1833 1253 testem
1875 1198 2115 1253 adhibet.

551 1286 632 1341 Tu
679 1288 895 1357 quando
922 1286 1071 1342 illum
1098 1287 1323 1343 adhibes
1345 1295 1560 1353 testem,
1587 1286 1726 1343 forte
1769 1303 1927 1360 supra
1968 1305 2120 1344 men-

550 1368 763 1431 dacium
828 1385 979 1430 tuum
1030 1377 1229 1445 accipis
1287 1376 1342 1431 in
1399 1391 1597 1431 vanum
1658 1389 1850 1432 nomen
1903 1377 2117 1432 Domini

549 1467 648 1523 Dei
672 1469 768 1523 tui.
808 1467 886 1523 Ne
911 1469 1246 1524 mendacium
1288 1466 1459 1536 iures,
1488 1483 1616 1539 ergo
1633 1467 1818 1539 iurare
1844 1468 1972 1524 noli.
1999 1469 2117 1538 ipsa

549 1569 633 1613 est
652 1560 936 1630 angustia:
965 1558 1263 1630 periurium
1285 1559 1638 1629 prmcipitium
1685 1569 1803 1615 est:
1836 1561 1926 1631 qui
1947 1560 2114 1632 iurat,

538 1649 697 1718 iuxta
723 1660 835 1717 est;
861 1651 954 1721 qui
983 1666 1090 1706 non
1117 1651 1287 1722 iurat,
1317 1650 1474 1722 longe
1511 1660 1613 1706 est.
1660 1651 1857 1707 Peccat
1898 1661 1954 1708 et
1997 1668 2118 1724 gra-

544 1741 705 1807 viter,
747 1742 840 1811 qui
878 1739 1072 1796 falsum
1114 1741 1263 1813 iurat
1312 1759 1325 1796 :
1364 1756 1471 1795 non
1524 1752 1733 1811 peccat,
1787 1742 1878 1812 qui
1928 1757 2115 1798 verum

538 1829 719 1901 iurat;
770 1830 864 1886 sed
892 1845 993 1886 nec
1012 1824 1099 1887 ille
1145 1839 1336 1901 peccat
1376 1830 1469 1900 qui
1514 1831 1734 1886 omnino
1781 1847 1889 1887 non
1929 1830 2111 1901 iurat;

545 1920 643 1975 sed
667 1919 759 1990 qui
783 1936 890 1976 non
915 1918 1084 1989 iurat,
1107 1929 1164 1977 et
1190 1936 1297 1977 non
1325 1928 1534 1991 peccat,
1565 1928 1622 1976 et
1640 1921 1796 1991 longe
1816 1931 1901 1977 est
1935 1937 1968 1978 a
1990 1938 2118 1995 pec-

546 2016 696 2075 cato;
749 2010 841 2080 qui
890 2019 1071 2067 autem
1124 2025 1311 2065 verum
1350 2011 1532 2081 iurat,
1592 2027 1698 2066 non
1744 2021 1966 2082 peccat;
2020 2013 2115 2069 sed

545 2113 715 2168 prope
734 2109 819 2155 est
848 2115 878 2154 a
912 2108 1134 2170 peccato
1167 2101 1233 2155 ad
1268 2110 1567 2170 peccatum.
1598 2120 1618 2152 ι
1646 2098 1779 2157 item
1810 2102 1961 2175 (Cap.
1999 2101 2055 2177 6)
2096 2118 2111 2160 ε

544 2188 831 2256 lutcndite,
856 2206 1055 2260 quaeso,
1086 2199 1141 2247 et
1169 2191 1434 2247 advertite
1473 2209 1487 2245 :
1520 2190 1637 2246 Non
1664 2207 1760 2247 vos
1789 2192 1979 2248 fallant
2022 2193 2115 2265 qui

547 2279 732 2336 nescio
759 2282 1027 2350 quomodo
1076 2278 1318 2336 volentes
1370 2280 1516 2351 ipsas
1558 2279 1860 2351 iurationes
1912 2283 2116 2339 discer-

546 2385 698 2436 nere,
720 2370 805 2426 vel
829 2372 1008 2443 potius
1031 2384 1135 2427 non
1162 2369 1477 2442 intelligere,
1503 2371 1691 2427 dicunt
1707 2387 1814 2427 non
1837 2369 2116 2442 esseiura-

547 2458 770 2525 tionem,
824 2459 1041 2531 quando
1082 2460 1213 2517 dicit
1257 2462 1419 2517 homo
1469 2478 1483 2515 :
1525 2459 1634 2516 Scit
1661 2461 1827 2530 Deus,
1869 2464 2011 2518 testis
2036 2472 2115 2518 est

545 2548 709 2615 Deus,
751 2550 928 2604 invoco
958 2548 1126 2604 Deum
1161 2562 1320 2620 supra
1343 2551 1576 2604 animam
1615 2565 1783 2605 meam
1810 2566 1998 2607 verum
2025 2565 2114 2608 me

544 2637 743 2693 dicere.
776 2637 1066 2706 Invocavit,
1092 2634 1285 2708 inquit,
1316 2638 1507 2706 Deum,
1538 2646 1733 2694 testem
1758 2638 1888 2696 fecit
1917 2640 2110 2706 Deum;

547 2729 787 2798 nunquid
811 2727 1049 2798 iuravit?
1073 2728 1174 2797 Qui
1197 2731 1311 2785 hazc
1335 2729 1541 2796 dicunt,
1569 2728 1703 2784 nihil
1730 2729 1876 2786 aliud
1904 2731 2108 2798 volunt,

544 2819 648 2874 nisi
686 2820 935 2875 invocato
978 2821 1087 2877 Deo
1122 2828 1315 2876 testem
1363 2821 1601 2877 mentiri.
1632 2816 1784 2877 Itane
1826 2838 1959 2879 vero
1988 2824 2111 2895 quis

542 2929 603 2968 cs
630 2913 782 2983 pravi
822 2921 878 2969 et
903 2914 1145 2984 perversi
1168 2914 1367 2980 cordis,
1397 2912 1443 2969 si
1464 2907 1631 2980 dicas,
1673 2911 1777 2968 Per
1811 2913 2005 2982 Deum,
2021 2915 2113 2988 iu-

547 3018 673 3067 ras;
700 3002 744 3056 si
772 3002 941 3067 dicas,
990 3001 1153 3057 Testis
1198 3013 1273 3057 est
1312 3000 1478 3068 Deus,
1509 3018 1616 3057 non
1640 3000 1832 3073 iuras?
1859 3003 1998 3071 Quid
2028 3014 2113 3061 est

540 3092 686 3145 enim
727 3090 828 3145 Per
854 3092 1040 3158 Deum,
1070 3092 1195 3147 nisi.
1222 3090 1386 3147 Testis
1410 3102 1483 3147 est
1511 3090 1696 3147 Deus?
1720 3093 1830 3149 Aut
1849 3095 1978 3164 quid
2001 3102 2107 3161 est,

2219 566 2593 622 interﬁcientis
2611 575 2665 621 et
2687 568 2952 636 expressit
2974 577 3028 624 et
3046 570 3261 639 pressit.
3294 589 3311 622 ι
3334 570 3463 624 item
3488 570 3639 642 (Cap.
3671 572 3782 640 xr):

2224 673 2245 706 ς
2276 653 2412 708 Nam
2443 663 2649 710 tantum
2676 656 2801 710 mali
2829 656 2991 713 habet
3011 657 3233 729 iuratio,
3264 667 3322 712 ut
3347 660 3438 728 qui
3466 660 3671 730 lapides
3695 678 3778 718 eo-

2219 743 2357 809 lunt,
2408 743 2635 799 timeant
2682 745 2877 801 falsum
2922 747 3106 817 iurare
3144 763 3241 818 per
3282 748 3520 818 lapides;
3566 758 3623 804 tu
3679 767 3783 807 non

2221 835 2377 889 times
2421 836 2588 890 Deum
2645 845 2985 906 praesentem,
3040 837 3208 892 Deum
3272 839 3558 906 viventem,
3614 841 3784 896 Deum

2219 924 2496 987 scientem,
2546 924 2716 979 Deum
2743 934 3070 991 manentem,
3106 926 3271 982 Deum
3314 928 3368 981 in
3415 936 3789 999 contemptere

2220 1016 2617 1070 vindicantem?
2653 1015 2867 1071 Claudit
2914 1016 3003 1071 ille
3038 1017 3295 1086 templum
3322 1034 3485 1088 super
3527 1019 3783 1089 lapidem,

2217 1114 2268 1160 et
2303 1106 2453 1161 vadit
2478 1106 2547 1159 ad
2578 1107 2795 1161 domum
2824 1123 2979 1163 suam
3010 1109 3123 1178 ipse
3148 1125 3163 1174 ;
3194 1123 3355 1178 super
3392 1110 3612 1165 domum
3628 1126 3787 1166 suam

2219 1196 2446 1260 claudit,
2488 1203 2543 1251 et
2595 1203 2774 1252 tamen
2810 1197 3023 1267 quando
3056 1198 3129 1252 illi
3165 1198 3383 1265 dicitur,
3415 1198 3536 1268 iura
3569 1214 3668 1269 per
3692 1200 3785 1255 Jo-

2216 1299 2359 1350 vem,
2408 1287 2689 1359 praesentis
2727 1286 2913 1342 oculos
2969 1287 3141 1342 timet.
3197 1287 3349 1359 (Cap.
3386 1288 3510 1360 xu.)
3542 1290 3608 1343 Et
3654 1305 3783 1346 ecce

2217 1376 2340 1431 dico
2373 1376 2622 1431 charitati
2672 1388 2881 1441 vestrae,
2934 1385 2988 1431 et
3035 1377 3123 1446 qui
3159 1392 3257 1446 per
3300 1377 3531 1447 lapidem
3588 1377 3784 1432 falsum

2211 1464 2381 1535 iurat,
2411 1466 2659 1537 periurus
2688 1474 2788 1522 est.
2824 1466 2975 1523 Unde
3000 1468 3100 1522 hoc
3122 1469 3279 1523 dico?
3307 1470 3431 1537 quia
3454 1468 3609 1523 multi
3639 1478 3695 1523 et
3722 1471 3782 1524 in

2216 1555 2321 1611 hoc
2346 1555 2622 1622 falluntur,
2667 1565 2723 1612 et
2764 1564 2952 1625 putant
2983 1557 3107 1625 quia
3128 1557 3261 1611 nihil
3288 1565 3372 1612 est
3403 1572 3499 1627 per
3526 1559 3670 1627 quod
3691 1558 3781 1628 in-

2220 1653 2363 1711 rant,
2400 1660 2508 1700 non
2536 1660 2595 1701 se
2622 1646 2849 1700 crimine
2896 1647 3067 1701 teneri
3116 1645 3357 1716 periurii.
3386 1647 3615 1702 Prorsus
3653 1663 3777 1718 per-

2211 1732 2367 1805 iurus
2394 1748 2475 1800 es,
2505 1734 2597 1805 qui
2623 1749 2722 1805 per
2778 1734 2832 1789 id
2878 1735 3021 1804 quod
3067 1744 3312 1790 sanctum
3352 1743 3528 1806 putas,
3586 1736 3777 1791 falsum

2211 1822 2386 1893 iuras.
2412 1822 2520 1878 Sed
2545 1837 2645 1894 ego
2664 1821 2791 1877 illud
2815 1830 3058 1877 sanetum
3080 1838 3186 1878 non
3211 1832 3360 1892 puto.
3384 1821 3642 1878 Sanctum
3676 1840 3778 1894 pu-

2216 1922 2303 1970 tas
2331 1913 2415 1969 cui
2432 1913 2603 1985 iuras,
2634 1927 2742 1967 non
2767 1912 2909 1967 enim
2935 1913 3151 1982 quando
3169 1911 3342 1980 iuras,
3372 1915 3473 1970 tibi
3483 1913 3659 1983 iuras,
3685 1925 3779 1971 aut

2215 2006 2375 2077 lapidi
2401 2005 2574 2075 iuras,
2621 2020 2753 2070 non,
2780 2005 2874 2060 sed
2899 2006 3149 2075 proximo
3174 2003 3348 2073 iuras.
3393 2006 3779 2076 liominiiuras

2215 2107 2340 2154 ante
2363 2096 2629 2166 lapidem;
2659 2095 2755 2149 sed
2796 2095 3034 2165 nunquid
3056 2103 3181 2149 ante
3215 2095 3420 2150 Deum?
3450 2096 3565 2151 Non
3594 2106 3647 2152 te
3681 2114 3777 2154 auo

2213 2188 2294 2244 dit
2315 2186 2450 2257 lapis
2476 2186 2813 2255 loquentem,
2837 2187 2929 2240 sed
2958 2186 3111 2256 punit
3140 2194 3192 2239 te
3226 2186 3364 2241 Deus
3388 2184 3716 2243 fauentem.»

2282 2276 2425 2330 Beda
2456 2275 2509 2329 in
2544 2273 2881 2343 expositione
2914 2272 3270 2343 Epistolarum
3291 2276 3674 2330 eauonicarum
3696 2288 3725 2318 ι
3750 2292 3768 2330 :

2217 2385 2237 2419 ι
2256 2366 2356 2434 Qui
2369 2365 2673 2432 detrahere,
2695 2366 2890 2435 inquit,
2904 2365 2972 2420 ad
2983 2366 3231 2432 alterum,
3247 2367 3340 2436 qui
3343 2366 3587 2435 imlieare
3598 2369 3776 2437 prosi.

2211 2472 2358 2511 mum
2386 2456 2685 2522 interdixit,
2711 2457 2802 2526 qui
2833 2457 2887 2511 in
2912 2458 3326 2514 adversitatibus
3353 2459 3421 2513 ad
3449 2459 3772 2516 alterutrum

2211 2546 2562 2618 ingemiscere
2588 2545 2883 2616 prohibuit,
2914 2561 3035 2616 qua:
3055 2556 3181 2601 sunt
3207 2555 3391 2617 aperta
3415 2557 3656 2619 peccata,
3686 2551 3776 2604 ad.

2211 2634 2348 2689 didit
2375 2635 2540 2690 etiam
2584 2635 2708 2700 hoc,
2732 2634 2875 2703 quod
2917 2634 3240 2704 quibusdam
3287 2636 3406 2691 leve
3438 2638 3672 2701 videtur,
3715 2647 3775 2692 ut

2203 2725 2347 2799 iuris
2366 2739 2577 2795 quoque
2590 2723 2808 2794 iurandi
2836 2724 3277 2781 consuetudinem
3305 2727 3475 2781 tollat.
3504 2726 3638 2781 Nam
3670 2728 3773 2783 hoc

2209 2830 2426 2886 quoque
2455 2815 2562 2871 illis
2602 2814 3097 2887 parvipendendum
3136 2831 3475 2886 nequaquam
3527 2827 3774 2887 patenter

2208 2914 2455 2978 apparet,
2476 2907 2568 2978 qui
2590 2907 2734 2962 illam
2764 2908 2975 2963 Domini
2998 2909 3322 2964 sententiam
3347 2909 3577 2965 sollicite
3597 2912 3774 2965 cousi-

2210 3000 2420 3065 derant,
2444 3015 2550 3071 qua
2602 2999 2840 3055 dicitur:
2897 2999 3062 3054 Omne
3092 3001 3297 3055 verbum
3342 3003 3582 3065 otiosum,
3635 3005 3773 3074 quod

2211 3091 2372 3146 locuti
2408 3091 2603 3161 fuerint
2650 3092 2903 3156 homines,
2943 3092 3153 3146 reddent
3193 3093 3258 3147 de
3308 3109 3368 3148 eo
3410 3095 3679 3148 rationem-
3716 3097 3772 3149 in

528 3141 687 3237 1...};
727 3141 813 3237 a1
854 3141 1040 3248 ne};
1070 3141 2107 3254 1.};ge';s.;.;;.3';"i..;;.:2ista;
2133 3141 2179 3205 ο
2209 3141 2923 3252 ;.'."',-'.a;-;.‘.-'"antiis;
2944 3141 3177 3251 ἑεξῖξὶἰι
3196 3141 3664 3251 saluium};
3693 3141 3775 3237 si;

543 3267 743 3343 aliquid
771 3280 909 3328 teste
940 3272 1048 3327 lilio
1080 3281 1170 3327 tuo
1195 3271 1426 3340 faceres,
1448 3280 1505 3328 et
1539 3274 1715 3330 amico
1748 3274 1835 3329 vel
1860 3276 2111 3345 proximo

544 3373 657 3429 tuo,
690 3363 771 3418 vel
816 3363 1035 3419 cuilibet
1072 3364 1274 3418 homini
1305 3363 1552 3419 diceres:
1584 3363 1701 3419 Non
1739 3365 1861 3432 feci,
1901 3373 1957 3423 et
1985 3374 2105 3423 tan-

543 3464 699 3523 get-es
740 3451 849 3506 lilio
878 3460 968 3507 tuo
1001 3460 1182 3522 caput,
1223 3467 1329 3522 quo
1376 3460 1511 3508 teste
1541 3450 1735 3518 fecisti,
1774 3464 1828 3510 et
1857 3454 2105 3513 diceres:

541 3541 645 3597 Per
679 3542 837 3613 huius
880 3541 1106 3597 salutem
1149 3542 1272 3612 quia
1303 3558 1408 3597 non
1439 3542 1571 3609 feci;
1611 3543 1940 3600 exclamaret
1971 3544 2110 3601 forte

542 3634 686 3687 titius
716 3638 840 3687 t‘uus
876 3633 977 3689 sub
1024 3641 1248 3704 paterna
1278 3646 1441 3688 manu
1483 3639 1739 3701 tremens,
1776 3650 1877 3691 nec
1930 3646 2109 3693 tamen

543 3731 827 3791 paternam
868 3731 1108 3785 manum.
1157 3724 1251 3778 sed
1284 3721 1520 3778 divinam
1555 3732 1790 3781 tremens
1822 3745 1834 3781 :
1864 3724 1982 3782 Noli
2012 3742 2111 3798 pa-

541 3823 645 3877 ter,
678 3826 783 3866 non
809 3813 906 3866 tibi
938 3810 1008 3867 sit
1033 3811 1153 3868 vilis
1179 3812 1324 3869 salus
1351 3827 1501 3880 mea;
1533 3813 1700 3870 Deum
1730 3830 1891 3886 super
1917 3833 2005 3874 me
2029 3819 2110 3874 in-

539 3902 764 3968 vocasti,
813 3918 912 3975 ego
945 3911 996 3958 te
1039 3903 1169 3969 vidi,
1204 3904 1401 3969 fecisti,
1431 3905 1536 3960 noli
1560 3903 1872 3974 periurare;
1909 3916 1960 3963 te
1990 3909 2109 3978 qui-

539 3996 661 4049 dem
690 3994 863 4049 habeo
909 3994 1226 4065 genitorem,
1270 3996 1362 4050 sed
1408 3995 1528 4065 plus
1565 4003 1619 4050 et
1654 4012 1832 4050 meum
1864 4007 1919 4052 et
1957 4007 2105 4053 tuum

539 4092 702 4146 timeo
729 4099 1028 4146 creatorem
1052 4088 1205 4163 (Cap.
1229 4091 1346 4166 vn).
1387 4091 1493 4147 Sed
1542 4092 1668 4162 quia
1698 4092 1861 4159 Deus,
1892 4095 2107 4163 quando

538 4199 634 4251 per
667 4198 790 4236 eum
824 4181 998 4251 iuras,
1028 4198 1135 4236 non
1168 4183 1262 4237 tibi
1301 4183 1432 4238 dicit
1462 4201 1475 4237 :
1504 4184 1617 4253 Ego
1648 4193 1697 4239 te
1729 4184 1861 4250 vidi,
1905 4183 2131 4251 fecisti,,

540 4271 644 4325 noli
656 4271 839 4339 iurare
854 4286 868 4325 :
883 4274 976 4327 sed
993 4273 1147 4327 times
1169 4287 1237 4327 ne
1262 4281 1313 4327 te
1330 4274 1428 4328 iste
1443 4275 1676 4341 occidat,
1692 4282 1749 4329 tu
1764 4283 1816 4329 te
1830 4285 1954 4330 ante
1966 4276 2107 4333 occi-

540 4360 622 4412 dis
656 4376 669 4411 :
701 4360 828 4427 quia
852 4374 981 4428 ergo
1004 4375 1112 4427 non
1139 4360 1287 4425 dicit,
1313 4376 1411 4439 ego
1440 4370 1493 4417 te
1513 4363 1640 4427 vidi,
1666 4373 1824 4434 putas
1850 4366 1973 4435 quia
1996 4382 2101 4420 non

541 4448 689 4501 vidit.
719 4447 784 4501 Et
806 4448 893 4501 ulti
929 4457 1010 4502 est
1030 4449 1245 4517 quando
1272 4449 1402 4502 dicit
1432 4467 1444 4502 :
1477 4448 1654 4513 Tacui,
1681 4451 1840 4516 tacui,
1868 4454 2102 4524 nunquid
2129 4481 2180 4542 D

539 4554 737 4609 semper
756 4539 932 4592 tacebo
958 4536 982 4591 .9
1010 4558 1028 4589 ›
1050 4538 1179 4592 item
1203 4536 1354 4611 (Cap.
1380 4540 1493 4611 vm)
1525 4558 1537 4593 :
1576 4559 1593 4592 ι
1626 4542 1871 4596 Breviter
1895 4544 2099 4610 audite,

542 4624 735 4680 fratres
764 4626 890 4693 mei,
918 4628 1234 4683 concludam
1278 4644 1600 4696 sermonem,
1643 4630 1811 4702 ﬁgens
1843 4631 1897 4687 in
1924 4634 2103 4688 cordi-

540 4716 640 4770 hus
680 4716 873 4772 vestris
921 4733 1105 4773 curam
1133 4718 1421 4783 salubrem,
1455 4728 1579 4775 ante
1613 4722 1791 4775 omnia
1818 4723 1981 4777 nolite
2006 4721 2099 4791 iu-

542 4820 680 4861 rare.
741 4826 759 4858 ι
808 4803 941 4863 Item
977 4806 1129 4880 (Cap.
1186 4809 1241 4880 κ)
1293 4828 1307 4864 :
1365 4829 1384 4862 ‹
1440 4808 1584 4866 Tene
1615 4826 1744 4883 ergo
1772 4812 2007 4884 linguam
2047 4822 2102 4869 et

538 4904 998 4965 consuetudinem,
1034 4915 1290 4976 quantum
1315 4915 1471 4977 potes
1503 4920 1518 4961 :
1549 4924 1654 4962 non
1683 4910 1951 4978 quomodo
1980 4912 2101 4981 qui-

536 4991 681 5057 dam,
711 4994 924 5060 quando
958 4990 1061 5048 illis
1107 4995 1320 5061 dicitur,
1359 5012 1540 5050 verum
1575 4996 1729 5062 dicis,
1762 5013 1869 5051 non
1915 5000 2098 5065 credo,

537 5097 642 5137 non
673 5080 873 5147 fecisti,
904 5098 1009 5138 non
1048 5085 1228 5148 credo,
1267 5082 1408 5140 Deus
1437 5081 1664 5156 iudicet,
1688 5084 1813 5155 iura
1849 5088 2002 5141 mihi.
2034 5088 2109 5161 Et

535 5172 649 5242 ipse
699 5173 792 5242 qui
841 5173 1008 5245 exigit
1059 5172 1410 5242 iurationem,
1466 5175 1693 5230 multum
1758 5176 2004 5242 interest,
2054 5177 2099 5231 si

534 5263 706 5317 nescit
756 5263 903 5318 illum
942 5264 1136 5318 falsum
1184 5264 1507 5331 iuraturum,
1552 5282 1620 5319 an
1668 5267 1800 5331 scit;
1855 5266 1901 5321 si
1956 5267 2099 5320 enim

474 5376 485 5387 -
536 5354 725 5415 nescit,
750 5363 804 5407 et
828 5354 947 5409 ideo
983 5352 1275 5422 dicit,iura
1305 5356 1457 5421 mihi,
1483 5365 1542 5410 ut
1570 5357 1702 5412 iides
1730 5359 1779 5412 ei
1826 5357 1939 5423 ﬁat,
1989 5375 2095 5412 non

534 5443 706 5497 audeo
740 5443 919 5499 dicere
964 5462 1068 5500 non
1119 5461 1237 5500 esse
1295 5456 1596 5516 peccatum,
1639 5456 1818 5503 tamen
1866 5449 2097 5503 humana

536 5531 761 5587 tcutatio
798 5543 900 5589 est.
940 5535 996 5590 Si
1029 5545 1206 5590 autem
1238 5537 1340 5591 scit
1369 5551 1492 5591 eum
1546 5537 1762 5602 fecisse,
1816 5539 1967 5591 novit
2019 5537 2098 5593 fe-

533 5622 697 5686 cisse,
740 5624 874 5678 vidit
916 5623 1124 5692 fecisse,
1166 5635 1222 5682 et
1258 5626 1403 5695 cogit
1433 5625 1642 5696 iurare,
1677 5628 1946 5683 homicida
1986 5635 2089 5684 est.
2114 5613 2129 5629 ’

606 5742 633 5771 ι
654 5732 712 5788 ln
736 5747 917 5802 expos.
949 5734 1116 5806 Epist.
1149 5735 1262 5794 Jac.
1288 5752 1406 5807 cap.
1446 5736 1499 5803 5,
1527 5752 1581 5791 ν.
1610 5737 1695 5791 12.

2210 3275 2420 3330 cidatis.
2442 3273 2589 3340 ideo,
2615 3274 2811 3343 inquit,
2838 3288 2933 3329 vos
2947 3290 2975 3326 a
2994 3273 3281 3344 iurationis
3297 3273 3450 3343 culpa
3466 3289 3769 3344 compesco,

2207 3383 2277 3424 ne
2301 3369 2610 3438 frequenter
2632 3381 2757 3422 vera
2780 3364 3011 3433 iurando
3044 3365 3205 3419 etiam
3229 3364 3284 3418 in
3311 3362 3604 3434 periurium
3631 3365 3777 3419 deei-

2210 3457 2367 3523 datis,
2413 3457 2510 3512 sed
2536 3472 2601 3512 eo
2647 3454 2860 3526 longius
2901 3469 2931 3507 a
2966 3453 3276 3524 periurandi
3302 3453 3434 3508 vitio
3463 3454 3637 3518 stetis,
3666 3467 3775 3523 quo

2209 3563 2310 3606 nec
2331 3564 2518 3604 verum
2533 3547 2721 3617 iurare
2745 3549 2847 3603 nisi
2876 3549 3115 3618 proxima
3145 3548 3471 3603 necessitate
3505 3547 3704 3601 velitis.
3746 3566 3765 3598 ι

2206 3640 2445 3697 Isidorus
2481 3641 2535 3694 in
2576 3641 2712 3695 libro
2733 3640 3134 3695 Sententiarum
3187 3639 3327 3712 (Lib.
3368 3655 3430 3704 η,
3467 3656 3515 3693 c.
3572 3641 3773 3710 xxxr):

2213 3748 2233 3782 ι
2268 3729 2573 3785 Cavendum
2605 3731 2767 3799 igitur
2791 3729 3253 3797 esseiurationem
3280 3730 3533 3794 dicimus,
3571 3744 3672 3783 nec
3707 3745 3772 3783 ea

2207 3821 2488 3885 utendum,
2519 3820 2620 3875 nisi
2659 3821 2713 3874 in
2742 3821 2855 3874 sola
2910 3820 3229 3875 necessitate
3261 3838 3275 3874 :
3308 3835 3413 3874 non
3458 3828 3542 3875 est
3581 3829 3772 3874 contra

2205 3911 2301 3966 Dei
2332 3920 2657 3982 praeceptum
2691 3910 2902 3975 facere;
2935 3912 3026 3965 sed
3056 3910 3180 3963 dum
3209 3925 3363 3964 usum
3388 3909 3607 3979 iurandi
3635 3908 3772 3963 faci-

2207 4018 2351 4070 mus,
2394 4002 2616 4073 periurii
2657 4004 2861 4058 crimen
2910 4003 3250 4057 incurrimus.
3310 4001 3593 4069 Nunquam
3638 4016 3772 4071 ergo

2201 4095 2366 4166 iuret,
2410 4095 2503 4164 qui
2528 4093 2808 4164 periurare
2854 4093 3022 4147 timet.
3075 4092 3224 4145 Multi
3273 4092 3398 4145 dum
3452 4092 3770 4161 loquuntur,

2201 4182 2387 4252 iurare
2409 4197 2623 4253 semper
2645 4182 2996 4246 delectantur,
3021 4180 3145 4235 dum
3170 4189 3412 4250 Opurteat
3435 4181 3535 4234 hoc
3557 4188 3769 4235 tantum

2206 4288 2325 4329 esse
2377 4273 2432 4327 in
2472 4286 2613 4328 ore:
2654 4271 2770 4338 Est,
2833 4281 2949 4336 est;
2996 4269 3142 4335 Non,
3192 4286 3294 4323 non
3318 4282 3337 4320 :
3369 4269 3600 4331 Amplius
3628 4272 3771 4323 enim

2204 4342 2486 4434 quantist
2528 4371 2577 4416 et
2610 4360 2755 4426 Non,
2799 4377 2831 4414 (ι
2872 4358 3012 4414 malo
3035 4369 3108 4414 est
3147 4357 3362 4430 (Matth.
3399 4372 3443 4422 ν,
3475 4359 3586 4429 57).
3618 4357 3774 4413 Multi

2207 4454 2349 4508 enim
2373 4460 2432 4507 ut
2452 4450 2660 4515 fallant,
2684 4449 2965 4521 periurant
2981 4466 2997 4515 ;
3016 4456 3076 4502 ut
3097 4463 3194 4518 per
3234 4446 3393 4502 ﬁdem
3420 4448 3771 4512 sacramenti,

2209 4546 2365 4601 ﬁdem
2395 4543 2596 4599 faciant
2615 4543 2765 4598 verbi
2796 4561 2808 4595 :
2842 4544 3027 4611 sicque
3051 4539 3282 4595 fallendo
3316 4540 3439 4593 dum
3467 4539 3770 4609 pet-iurant,

2206 4645 2261 4692 et
2288 4635 2638 4699 mentiuntur,
2666 4633 2936 4688 hominem
2969 4632 3241 4686 incautum
3269 4630 3562 4699 decipiunt.
3596 4629 3775 4683 luter-

2206 4729 2332 4784 dum
2365 4735 2420 4781 et
2463 4725 2614 4781 falsis
2660 4724 2912 4795 lacrymis
2936 4722 3255 4792 decipimur,
3285 4729 3337 4775 et
3376 4721 3615 4775 creditur
3641 4721 3769 4773 dum

2204 4819 2439 4891 plorant,
2485 4817 2680 4887 quibus
2717 4815 3039 4870 credendum
3092 4827 3199 4867 non
3251 4824 3386 4867 erat.
3446 4811 3773 4880 Plerumqm

2206 4911 2322 4964 sine
2340 4909 2650 4978 iuramento
2679 4903 2824 4972 loqui
2858 4902 3218 4972 disponimus;
3255 4902 3346 4955 sed
3392 4901 3772 4954 incredulitate

2202 5015 2387 5055 eorum
2416 4998 2507 5066 qui
2540 5012 2646 5050 non
2671 4995 2897 5049 credunt
2928 4994 3069 5062 quod
3105 4992 3355 5057 dicimus,
3389 4989 3575 5058 iurare
3615 5006 3770 5044 com-

2202 5091 2471 5163 pellimur,
2499 5088 2699 5155 talique
2714 5083 2933 5153 iurandi
2961 5083 3301 5143 necessitate,
3324 5081 3770 5135 consuetudinem

2202 5182 2451 5236 facimus.
2498 5178 2634 5233 Sunt
2674 5175 2831 5230 multi
2870 5175 2937 5229 ad
2966 5172 3288 5229 credendum
3332 5170 3604 5241 pigri,qui
3659 5187 3767 5223 mut

2204 5281 2489 5328 moventur
2522 5270 2588 5323 ad
2639 5268 2794 5322 ﬁdem
2850 5265 3018 5320 verbi.
3069 5262 3319 5317 Graviter
3370 5269 3547 5314 autem
3597 5259 3771 5313 deliu-

2204 5370 2394 5432 quunt,
2421 5361 2511 5429 qui
2552 5359 2653 5414 sibi
2680 5357 2961 5425 loquentes
2976 5353 3162 5421 iurare
3186 5359 3405 5422 cogunt.
3435 5350 3769 5417 Quacuuque

2204 5462 2320 5505 arte
2344 5451 2631 5503 vertorum
2662 5448 2890 5515 quisque
2911 5442 3079 5512 iuret,
3117 5442 3260 5496 Deus
3291 5449 3490 5501 tamen,
3514 5439 3606 5507 qui
3636 5452 3766 5491 cou-

2201 5540 2439 5599 scientize
2487 5538 2639 5593 testis
2660 5545 2763 5601 est,
2795 5535 2869 5589 ita
2914 5533 3016 5587 hoc
3037 5532 3254 5600 accipit,
3287 5530 3428 5585 sicut
3455 5527 3543 5582 ille
3566 5524 3768 5593 cuiiu-

2199 5640 2372 5695 ratur,
2413 5625 2679 5697 intelligit.
2730 5623 3025 5693 Dupliciter
3070 5631 3252 5675 autem
3300 5634 3423 5674 reus
3461 5616 3544 5672 ﬁt.
3584 5615 3766 5685 quiet
