4030 6190
295 254 411 312 295

1312 254 1399 313 DE
1434 254 1914 314 INSTITUTIONE
1949 257 2237 316 LAICAIJ.
2258 289 2321 302 -—
2352 260 2477 318 LIB.
2509 261 2575 318 ΙΙ.

3438 281 3544 339 226

293 375 399 429 Dei
453 386 649 428 nomen
686 371 741 426 in
784 384 980 426 vanum
1025 372 1270 436 assumit,
1306 380 1362 426 et
1400 372 1704 441 proximum
1750 372 1878 428 dolo
1903 376 1951 437 Α
1979 374 2137 429 sicuti
2160 374 2274 431 ﬁeri
2301 377 2520 441 assolet,
2559 378 2611 434 in
2641 379 2935 450 perjurium
2966 384 3205 455 impellit,
3240 390 3545 455 nullatenus

294 465 472 533 capit.
524 462 641 518 Non
688 470 774 518 est
808 462 1246 518 conservandum
1290 470 1689 516 sacramentum
1734 461 1876 530 quod

296 554 510 608 malum
544 554 757 608 incaute
796 552 1089 621 promittit,
1142 551 1309 605 veluti
1338 552 1384 606 si
1432 552 1701 620 quispiam
1730 551 1881 605 adul-

299 654 438 699 terae
468 651 785 713 perpetuam
820 656 944 696 cum
962 657 1026 698 ea
1054 641 1407 711 permanendi
1435 640 1597 694 fidem
1623 641 1877 711 pollicea-

298 743 415 789 tur.
441 732 798 788 Tolerabilius
818 739 900 786 est
919 732 1064 786 enim
1082 746 1189 786 non
1219 730 1441 801 implere
1460 738 1877 797 sacramentum,

301 841 468 895 quam
492 837 812 895 permanere
841 822 896 876 in
923 822 1094 892 stupri
1116 821 1338 893 flagitio.
1372 840 1391 874 ι

374 913 688 983 PerSpicuis
712 912 894 981 itaque
918 911 1241 967 testimoniis
1260 912 1523 967 astruitur
1537 927 1878 981 nequaquam

296 1007 534 1075 passim,
571 1012 632 1058 ut
678 1019 710 1058 a
747 1003 932 1060 multis
971 1003 1090 1058 fieri
1127 1002 1283 1067 solet,
1315 1003 1656 1072 acquiescere
1680 1003 1878 1058 debere

294 1094 565 1165 jurationi
598 1112 612 1147 :
646 1108 748 1148 nec
786 1108 850 1148 ea
898 1093 1082 1157 etiam,
1110 1108 1230 1161 quae
1262 1101 1488 1163 peccato
1524 1101 1695 1158 caret,
1722 1101 1878 1148 uten-

300 1186 429 1239 dum
456 1185 562 1238 nisi
592 1185 646 1238 in
688 1182 804 1238 sola
858 1183 1214 1249 necessitate;
1269 1196 1338 1236 ue
1376 1182 1583 1237 scilicet
1632 1183 1758 1238 dum
1791 1184 1877 1238 ni-

288 1277 470 1330 mium
498 1277 554 1330 in
583 1290 682 1330 usu
708 1275 957 1339 habetur,
986 1275 1039 1328 in
1066 1273 1287 1344 periurii
1308 1273 1516 1330 crimen
1547 1274 1777 1329 labatur.

848 1365 1076 1422 CAPUT
1113 1366 1305 1421 XXVI.

786 1455 866 1511 De
908 1455 1044 1525 falso
1069 1456 1385 1512 testimonio.

364 1544 516 1599 Inter
539 1547 723 1601 decem
752 1554 1020 1616 prmcepta
1046 1562 1166 1615 qua:
1185 1549 1443 1603 Dominus
1464 1549 1516 1604 in
1539 1556 1721 1604 monte
1744 1547 1875 1603 Sina

293 1649 395 1704 per
423 1633 681 1689 famulum
713 1652 869 1692 suum
893 1636 1130 1706 Moysem
1160 1637 1454 1694 Israelitico
1480 1640 1678 1710 populo
1703 1640 1871 1706 dedit,

293 1725 493 1783 falsum
560 1728 928 1784 testimonium
976 1729 1285 1798 specialiter
1346 1732 1619 1801 prohibuit
1672 1750 1686 1787 :

292 1815 515 1884 falsum,
545 1816 811 1887 inquiens,
856 1816 1204 1871 testimonium
1228 1818 1369 1872 dices
1427 1820 1622 1888 (Exod.
1642 1837 1735 1891 xx,
1753 1820 1867 1892 l6).

291 1900 482 1958 Justus
501 1905 682 1974 itaque
711 1904 972 1960 Dominus
998 1904 1263 1974 justitiam
1291 1905 1616 1978 diligendum
1639 1908 1868 1977 monuit,

292 2005 351 2049 et
405 1994 699 2050 falsitatem
750 1996 1102 2066 premendam
1147 1997 1400 2053 inhibuit.
1443 1998 1674 2055 Attende
1722 2000 1868 2071 quis,

294 2087 462 2158 quale
513 2088 749 2144 edictum
786 2089 1104 2145 mortalibus
1140 2093 1465 2148 servandum
1502 2096 1867 2164 proposuerit,

290 2194 390 2234 rex
416 2178 625 2233 scilicet
654 2194 863 2250 regum,
910 2188 965 2235 et
989 2180 1250 2237 Dominus
1284 2181 1707 2251 Dominautium,
1752 2201 1871 2244 om-

290 2269 555 2339 niumque
584 2279 815 2335 creator,
864 2271 1010 2329 inter
1055 2270 1301 2329 ﬂammas
1335 2274 1558 2344 ignium,
1580 2283 1634 2330 et
1656 2274 1867 2348 fulgura

292 2360 570 2425 micantia,
610 2359 881 2432 fragorem
907 2377 1124 2435 quoque
1172 2365 1629 2433 tonitruorum,et
1652 2368 1871 2440 clango-

292 2465 413 2506 rem
464 2450 733 2518 buccinae,
761 2452 903 2508 hanc
928 2452 1102 2525 legem
1131 2456 1446 2514 terribiliter
1483 2458 1866 2531 promulgavit,

286 2556 395 2610 qua
422 2539 624 2595 malum
646 2549 883 2603 vetetur,
904 2552 958 2597 et
977 2543 1176 2599 bonum
1189 2543 1428 2613 iubetur,
1459 2562 1565 2618 qua
1585 2549 1750 2604 etiam
1774 2565 1869 2606 ve—

282 2629 425 2684 ritas
444 2629 725 2693 sectanda,
753 2638 806 2685 et
826 2629 1034 2688 falsitas
1058 2635 1299 2688 cavenda
1323 2644 1609 2703 censetur;
1648 2646 1704 2695 et
1722 2640 1867 2709 quod

283 2717 445 2773 valde
468 2719 830 2786 tremendum,
852 2728 906 2775 et
929 2724 1396 2792 expavescendum
1431 2733 1538 2792 est,
1561 2728 1867 2785 contemni-

285 2814 419 2861 tur:
448 2809 705 2877 quouiam
749 2809 804 2863 in
840 2816 1047 2865 tantum
1089 2813 1448 2883 transgressio
1488 2814 1649 2885 hujus
1675 2815 1863 2873 Domi-

284 2899 399 2954 uici
442 2900 697 2970 praecepti
741 2901 797 2955 in
826 2917 984 2956 usum
1013 2903 1334 2973 quibusdam
1357 2904 1593 2973 devenit,
1625 2915 1684 2961 ut
1724 2923 1866 2978 pene

283 2989 443 3054 illud,
477 2998 684 3060 utpote
713 2989 885 3062 legem
928 2990 1293 3062 frequentant,
1321 3001 1377 3049 et
1427 3010 1550 3051 cum
1590 2997 1720 3052 illud
1744 3013 1869 3069 pro-

1979 466 2046 522 de
2082 483 2268 523 eorum
2296 469 2599 543 perditione
2624 487 2846 529 securus
2876 475 3098 545 existat,
3149 481 3243 535 sed
3266 498 3367 554 pro
3394 497 3544 544 certo

1979 555 2116 611 sciat
2165 558 2308 626 quod
2347 560 2589 614 omnium
2616 562 2937 630 animarum,
2967 581 3103 635 quos
3134 580 3227 625 aut
3263 573 3318 627 iu
3340 576 3544 632 falsita-

1979 654 2106 709 tem,
2155 654 2248 701 aut
2276 646 2568 717 perjurium
2616 653 2882 719 perduxit,
2921 670 3047 711 reus
3088 661 3228 729 apud
3257 662 3542 722 Dominum

1979 738 2272 793 tenebitur.
2327 738 2561 796 Proinde
2596 745 2914 801 censoribus
2950 747 3179 817 diligens
3208 767 3273 807 ac
3302 756 3544 813 subtilis-

1979 827 2112 883 sima
2137 829 2409 899 indagatio
2433 833 2740 888 necessaria
2781 844 2882 901 est,
2908 847 2969 892 ut
2990 838 3151 912 falsos
3181 850 3362 910 testes,
3392 863 3543 903 more

1978 919 2216 975 Danielis
2263 923 2558 992 prophetae,
2602 927 2893 995 separatim
2937 931 3266 998 examinem,
3297 944 3357 989 ut
3412 940 3543 1009 quid

1969 1004 2083 1075 jus,
2109 1009 2238 1077 quid
2277 1024 2483 1076 rerum,
2512 1012 2641 1081 quid
2677 1013 2870 1068 falsum
2900 1016 2969 1070 sit
2992 1032 3285 1087 agnoscere
3306 1004 3537 1082 valeant.

2045 1099 2189 1154 Falsi
2238 1116 2452 1172 quoque
2494 1112 2658 1159 testes
2689 1105 3097 1177 diligentissime
3135 1119 3460 1182 perscrutari
3487 1120 3541 1174 in

1977 1186 2116 1243 libro
2160 1190 2559 1247 Deuteronomii
2582 1193 2839 1262 jubentur
2870 1217 2882 1252 :
2918 1200 2979 1254 Si
3002 1206 3197 1257 steterit
3229 1211 3372 1261 testis
3403 1226 3545 1265 uten-

1976 1278 2085 1333 dax
2110 1290 2292 1335 contra
2320 1282 2604 1350 hominem,
2634 1302 2886 1342 accusans
2914 1306 3030 1344 eum
3056 1296 3497 1361 prtevaricatioms
3523 1312 3542 1350 :

1976 1369 2187 1424 stabunt
2229 1370 2402 1437 ambo,
2447 1388 2668 1442 quorum
2711 1392 2870 1430 causa
2897 1387 2991 1444 est,
3025 1391 3144 1435 ante
3174 1382 3452 1439 Dominum
3488 1389 3545 1441 in

1976 1469 2252 1529 conspectu
2282 1462 2631 1529 sacerdotum,
2669 1476 2716 1518 et
2735 1466 2979 1534 judicum
3007 1472 3094 1540 qui
3123 1471 3319 1540 fuerint
3349 1475 3401 1529 in
3436 1477 3536 1531 dic-

1977 1547 2073 1602 bus
2100 1549 2230 1604 illis.
2277 1550 2506 1624 Cumque
2532 1554 2925 1625 diiigentissime
2975 1571 3356 1627 perscrutantes
3399 1566 3543 1621 inve-

1975 1640 2144 1693 nerint
2184 1639 2379 1709 falsum
2434 1651 2610 1697 testem
2660 1645 2855 1700 dixisse
2895 1658 3074 1702 contra
3132 1651 3344 1719 fratrem
3388 1672 3543 1710 suum

1745 1732 1869 1788 Non
1899 1721 1947 1780 B
1974 1730 2322 1796 mendacium,
2374 1733 2596 1788 reddant
2639 1737 2688 1789 ei
2724 1739 2858 1791 sicut
2882 1739 3037 1808 fratri
3070 1758 3165 1796 suo
3195 1744 3368 1815 facere
3402 1750 3544 1818 cogi-

1972 1819 2123 1885 tavit,
2150 1829 2202 1874 et
2236 1821 2441 1891 auferes
2483 1824 2679 1878 malum
2714 1827 2777 1881 de
2806 1830 2977 1884 medio
3003 1833 3113 1897 tui;
3164 1845 3218 1887 ut
3272 1837 3541 1892 audientes

1972 1908 2146 1961 ctrteri
2165 1908 2403 1964 timorem
2431 1911 2678 1979 habeant,
2716 1923 2767 1969 et
2794 1933 3119 1989 nequaquam
3148 1921 3274 1975 talia
3312 1926 3542 1981 audeant

1972 1993 2164 2064 facere,
2186 2006 2233 2051 et
2258 2014 2362 2053 non
2384 2001 2707 2058 misereberis
2731 2004 3259 2082 ejus(Deut.xix,18).
3290 2013 3364 2069 De
3393 2014 3545 2072 falsis

1971 2099 2189 2155 quoque
2220 2089 2448 2145 testibus
2474 2089 2729 2148 Salomon
2758 2095 2836 2149 ait
2867 2112 2883 2147 :
2917 2095 3083 2152 Testis
3112 2099 3279 2168 falsus
3306 2119 3407 2157 non
3445 2106 3541 2160 erit

1968 2173 2254 2244 impunitus
2282 2175 2480 2250 ’(Prov.
2523 2196 2640 2249 xix,
2668 2180 2721 2249 5,
2750 2182 2826 2256 9).
2855 2185 2922 2240 Et
2949 2186 3076 2242 alibi
3107 2203 3166 2243 se
3194 2190 3335 2247 Deus
3354 2194 3536 2250 odisse

1969 2262 2102 2318 dicit
2152 2273 2345 2321 testem
2397 2267 2680 2338 fallacem,
2714 2280 2769 2328 et
2800 2274 3162 2344 proferentem
3201 2283 3540 2339 mendacium

1969 2351 2286 2444 ad‘muuera
2309 2355 2498 2428 (Ibid.,
2526 2375 2601 2426 vi,
2624 2361 2737 2433 l9).
2768 2382 2788 2415 ›
2820 2376 2847 2404 ιι
2877 2364 3022 2420 Beda
3051 2383 3264 2439 quoque
3297 2371 3351 2425 in
3376 2387 3543 2444 expo—

1968 2442 2164 2500 sitione
2183 2444 2342 2501 Lucae
2366 2444 2519 2519 (Cap.
2549 2466 2686 2517 xxn,
2710 2468 2758 2507 υ.
2777 2452 2833 2525 5)
2867 2472 2881 2509 :
2911 2473 2931 2507 ι
2969 2455 3138 2524 Multi,
3165 2458 3358 2531 inquit,
3383 2442 3543 2520 hodie

1966 2533 2118 2594 Iuda:
2166 2540 2362 2607 scelus,
2391 2544 2537 2614 quod
2584 2545 2868 2603 Dominum
2898 2565 2963 2606 ac
3002 2553 3319 2624 magistrum
3347 2558 3542 2613 Demn-

1971 2644 2078 2699 que
2104 2646 2257 2686 suum
2304 2635 2628 2704 vendiderit,
2682 2639 2846 2694 veluti
2894 2641 3131 2699 immane
3159 2652 3215 2699 et
3270 2645 3541 2702 nefarium

1969 2721 2283 2786 exhorrent,
2310 2739 2412 2781 nec
2447 2735 2626 2783 tamen
2647 2739 2870 2797 cavent;
2901 2749 3025 2788 nam
3070 2750 3195 2790 cum
3223 2752 3322 2807 pro
3344 2753 3539 2794 unme-

1971 2810 2120 2868 ribus
2166 2811 2361 2869 falsum
2390 2828 2576 2872 contra
2602 2821 2896 2889 quemlibet
2938 2826 3306 2881 testimonium
3333 2829 3538 2896 dicunt,

1966 2901 2211 2970 profecto
2250 2905 2376 2974 quia
2418 2907 2703 2964 veritatem
2729 2926 2827 2980 pro
2870 2910 3082 2982 justitia
3120 2924 3339 2989 negant,
3369 2917 3539 2974 Deum

1964 2992 2193 3059 pecunia
2220 2995 2477 3052 vendunt.
2521 2996 2640 3069 Ipse
2682 3001 2826 3056 enim
2851 3003 3025 3058 dixit:
3053 3004 3164 3076 Ego
3203 3024 3320 3061 sum
3351 3009 3538 3064 veritas

282 3076 495 3143 ferunt,
523 3087 618 3133 aut
642 3080 795 3144 nihil,
837 3089 931 3135 aut
962 3096 1100 3153 pene
1125 3083 1260 3138 nihil
1300 3099 1359 3140 se
1401 3085 1714 3157 delinquere
1746 3103 1864 3145 cre-
1889 3073 1935 3136 C
1965 3078 2149 3169 (Joan.
2198 3098 2311 3151 xiv,
2352 3084 2430 3157 6).
2474 3085 2575 3154 Qui
2619 3090 2783 3145 etiam
2811 3091 2857 3146 si
2886 3093 3067 3149 nullus
3093 3073 3376 3169 pecuniam
3423 3100 3536 3165 det,

276 3169 442 3234 dant,
466 3168 570 3225 nisi
596 3170 650 3224 id
670 3172 813 3244 quod
834 3171 973 3227 falso
995 3173 1340 3243 protulerint,
1359 3190 1548 3231 verum
1572 3191 1692 3233 esse
1708 3175 1865 3246 jure-

268 3258 522 3329 jurando
572 3259 912 3318 confirment.
943 3260 1009 3317 lli
1043 3271 1192 3319 certe
1228 3279 1368 3320 vana
1409 3280 1507 3337 spe
1540 3269 1863 3340 semetipsos

279 3351 579 3420 decipiunt.
620 3349 851 3413 Videant
904 3367 1032 3424 ergo
1079 3355 1223 3426 quod
1270 3356 1531 3414 Dominus
1575 3358 1635 3415 in
1672 3368 1862 3417 sancta

276 3456 380 3497 sua
420 3441 539 3512 lege
564 3441 872 3515 specialiter
896 3442 1092 3503 falsum
1135 3432 1525 3513 testimonium,
1552 3449 1864 3519 specialiter

1962 3167 2247 3227 Dominum
2290 3177 2563 3247 argenteis
2589 3180 2826 3235 vendunt
2858 3200 2871 3236 :
2898 3183 3024 3252 quia
3060 3186 3321 3257 principis
3352 3189 3534 3244 smeuli

1962 3259 2277 3334 imaginem,
2311 3266 2367 3350 id
2407 3277 2510 3334 est,
2540 3271 2785 3341 exempla
2831 3274 3004 3330 hostis
3027 3278 3254 3347 antiqui,
3287 3279 3532 3350 neglecta

1962 3354 2277 3423 conditoris,
2311 3344 2378 3414 ad
2412 3375 2576 3431 quam
2618 3364 2789 3419 creati
2824 3372 2969 3433 sunt,
3026 3344 3262 3441 imagine
3290 3344 3531 3426 sumunt.

1959 3440 2097 3499 Nam
2139 3447 2280 3502 sicut
2320 3447 2557 3507 Joannes
2606 3452 2870 3523 Baptista,
2909 3457 3001 3528 qui
3037 3440 3155 3514 non
3184 3475 3284 3529 pro
3331 3462 3532 3518 Christi

269 3533 605 3608 periurium,
638 3535 947 3605 specialiter
965 3550 1180 3608 quoque
1207 3538 1549 3594 mendacium
1568 3542 1867 3611 prohibue.
1959 3535 2317 3605 confessione,
2372 3541 2467 3597 sed
2492 3558 2593 3612 pro
2619 3544 2934 3605 defensione
2981 3553 3230 3608 veritatis
3256 3556 3530 3623 occubuit,

278 3626 396 3681 rit:
429 3625 742 3695 quicunque
787 3625 955 3694 igitur
999 3641 1169 3681 unum
1229 3642 1297 3683 ex
1348 3628 1435 3684 his
1490 3636 1862 3703 transgressus
1959 3626 2082 3686 ideo
2110 3637 2291 3686 tamen
2334 3647 2434 3702 pro
2466 3634 2698 3702 Christo,
2750 3638 2877 3710 quia
2916 3654 3016 3710 pro
3041 3643 3291 3710 veritate,
3330 3654 3551 3719 marty-‘

277 3716 466 3782 fuerit,
521 3717 736 3772 Domini
778 3718 1037 3788 praecepti
1093 3719 1481 3788 praevaricator
1523 3722 1638 3781 sine
1696 3724 1860 3786 dubio
1958 3715 2100 3775 rium
2131 3721 2395 3790 suscepit;
2420 3722 2497 3777 ita
2520 3727 2849 3782 econtrario
2871 3728 2962 3798 qui
2999 3730 3282 3787 charitatis
3307 3743 3362 3789 et
3385 3715 3531 3790 veri-

277 3812 487 3873 εςίειίι,
519 3810 588 3867 Hi
625 3825 858 3885 namque
904 3811 998 3881 qui
1023 3818 1212 3868 contra
1247 3809 1518 3879 justitiam
1567 3814 1857 3877 falsitatem
1958 3806 2087 3861 tatis
2129 3805 2252 3875 jura
2284 3812 2509 3880 spernit,
2538 3812 2811 3870 Christum
2839 3818 3045 3888 utique,
3085 3821 3177 3890 qui
3210 3831 3293 3877 est
3324 3826 3528 3881 veritas

277 3905 592 3972 mnum,
638 3898 842 3957 similes
890 3906 1015 3953 sum
1056 3897 1211 3956 falsis
1256 3900 1482 3958 testibus
1516 3904 1610 3973 qui
1640 3904 1693 3961 in
1734 3919 1859 3975 pag.
1957 3901 2013 3949 et
2036 3896 2294 3965 charitas,
2337 3901 2567 3969 prodit:
2613 3906 2847 3960 maxime
2889 3922 3013 3962 cum
3036 3924 3142 3963 non
3194 3911 3528 3972 infirmitatis

277 3989 432 4043 sione
458 3986 662 4047 Christi
690 3986 883 4047 falsum
914 3996 1106 4043 contra
1148 4003 1274 4047 eum
1319 3990 1573 4053 dixerunt
1619 3994 1865 4050 resumo.
1957 4000 2144 4052 causa,
2186 3988 2275 4045 vel
2328 3990 2631 4060 ignorantia
2687 3994 3020 4065 subripiente
3068 4008 3279 4069 peccat,
3335 4005 3428 4059 sed
3470 4006 3527 4063 in

276 4079 450 4137 nium.
714 4138 715 4141 η
1957 4078 2362 4142 similitudinem
2382 4080 2532 4137 Judze
2555 4085 2751 4152 qumrit
2768 4090 3221 4157 opportunitatem
3252 4109 3271 4149 :
3299 4102 3357 4148 ut
3382 4096 3528 4151 arbi-

343 4169 620 4229 Luctuosa
647 4187 842 4243 nempe
872 4174 1099 4229 nimium
1152 4188 1242 4229 res
1290 4180 1395 4239 est,
1429 4187 1496 4227 eo
1540 4174 1683 4244 quod
1720 4189 1855 4233 non-
1956 4172 2057 4227 tris
2089 4172 2400 4230 absentibus
2443 4177 2728 4232 veritatem
2777 4181 3082 4249 mendacio,
3129 4184 3385 4242 virtutem
3417 4191 3528 4244 cri-

276 4262 407 4317 nulli
452 4262 593 4318 nihil
637 4263 821 4331 vilius,
862 4265 971 4320 imo
1003 4264 1139 4320 nihil
1176 4262 1420 4319 venalius
1448 4263 1502 4317 in
1527 4264 1628 4318 hac
1656 4275 1856 4320 morta-
1954 4260 2102 4316 mine
2128 4269 2320 4317 mutet.
2372 4280 2391 4314 ι
2432 4262 2671 4320 Isidorus
2700 4266 2754 4321 in
2781 4267 2921 4324 libro
2950 4269 3353 4329 Sententiarum
3385 4275 3522 4348 (Lib.

275 4353 427 4407 litate
458 4352 683 4419 ducunt,
708 4368 871 4424 quam
902 4354 1110 4409 animas
1138 4368 1267 4409 suas
1300 4370 1314 4407 :
1344 4368 1465 4408 cum
1500 4354 1642 4408 enim
1670 4354 1849 4411 diver-
1874 4403 1929 4462 Β
1954 4364 2036 4462 Ῐῗν
2060 4366 2109 4403 σο
2134 4349 2237 4454 .59)
2274 4368 2361 4462 ι.
2384 4350 2582 4462 Testis;
2597 4352 2872 4411 falsidicus
2919 4358 3092 4462 tribus
3141 4368 3225 4462 est
3275 4366 3525 4433 personis

272 4457 365 4498 sas
415 4443 677 4511 pecunias
730 4444 1020 4513 accipiunt,
1080 4454 1137 4499 et
1193 4443 1437 4515 crapula,
1484 4450 1538 4499 et
1589 4445 1850 4503 ebrietate
1875 4442 1927 4462 ³¹
1952 4442 2237 4498 obnoxius.
2274 4442 2515 4499 Primum
2540 4444 2671 4512 Deo,
2718 4464 2878 4518 quem
2908 4449 3233 4519 perjuraudo
3284 4466 3524 4511 contem-

272 4551 447 4605 usque
476 4537 545 4591 ad
571 4537 828 4592 vomitum
872 4551 932 4594 se
958 4539 1296 4613 ingurgitent
1316 4547 1373 4595 ut
1396 4539 1686 4597 falsitatem
1717 4556 1850 4611 pro,
1952 4530 2067 4595 ηίιὶ
2095 4539 2384 4603 εθίιιιοιιιεν
2398 4532 2587 4603 indidi
2612 4548 2774 4603 quem
2798 4540 3104 4595 ηιθηιίεηάο
3122 4540 3287 4596 faui“
3310 4552 3521 4613 Ροεῑτθ·

271 4623 475 4689 ferant,
497 4625 626 4695 quid
654 4626 798 4680 aliud
826 4624 927 4683 nisi
954 4629 1166 4685 animas
1202 4643 1330 4683 suas
1370 4628 1586 4689 venales
1606 4627 1847 4687 faciunt?

268 4714 337 4768 lli
367 4729 605 4783 namque
628 4714 719 4771 vili
763 4717 939 4786 pretio
971 4733 1220 4787 magnam
1262 4734 1377 4773 rem
1404 4720 1676 4787 vendunt;
1698 4720 1844 4789 quod

266 4800 568 4874 accipiunt,
618 4804 857 4859 fumcum
903 4814 959 4860 et
991 4794 1456 4874 memeutaneum;
1499 4809 1644 4878 quod
1686 4809 1845 4864 amity

266 4903 408 4960 tunt,
442 4903 729 4960 aeternum,
762 4903 816 4949 et
860 4896 978 4950 sine
1007 4896 1113 4952 ﬁne
1139 4913 1454 4954 mansurum
1487 4907 1591 4954 est.
1618 4898 1844 4955 Misera-

266 4986 388 5040 bilis
407 4984 569 5055 plane
599 4987 890 5052 mercatio;
919 4989 1131 5056 quando
1157 4990 1281 5059 quis
1306 5004 1406 5063 pro
1430 4990 1654 5046 alterius
1683 5006 1845 5046 num—

264 5076 388 5142 mis,
417 5084 475 5131 et
494 5077 637 5141 cibo,
663 5084 717 5131 et
737 5086 886 5146 potu,
913 5078 1147 5133 animam
1175 5094 1327 5135 suam
1356 5081 1576 5136 tradidit
1594 5080 1837 5147 diabolo;

263 5168 360 5223 sed
383 5175 442 5222 et
468 5167 578 5230 ille,
607 5167 697 5236 qui
725 5166 951 5235 nejuste
977 5178 1285 5240 superetur,
1309 5180 1366 5226 et
1389 5172 1443 5226 id
1470 5172 1615 5241 quod
1640 5172 1840 5242 injuste

262 5258 465 5313 retinet
532 5258 764 5323 amittat,
809 5267 865 5313 et
930 5261 1189 5328 pudorem
1242 5261 1516 5330 publicum
1575 5264 1836 5328 incurrat,

262 5362 600 5418 parvamque
622 5347 1036 5418 legisjacturam
1063 5352 1270 5417 subeat,
1299 5352 1529 5407 diversis
1555 5369 1842 5410 munuscu-

262 5442 326 5495 lis
376 5441 753 5510 hujuscemodi
809 5451 975 5497 testes
1026 5446 1341 5514 corrumpit,
1393 5446 1613 5515 insuper
1650 5450 1836 5513 etiam,

1950 4638 2039 4676 mo
2066 4623 2359 4688 innocenti,
2391 4640 2552 4695 quem
2573 4625 2712 4681 falso
2738 4629 3047 4685 testimonio
3071 4631 3234 4687 laedit.
3269 4634 3545 4691 Testibus‘

1946 4710 2097 4768 falsis
2127 4714 2406 4780 convictis,
2457 4717 2610 4772 tarde
2648 4718 2914 4773 mendacii
2954 4719 3163 4777 falsitas
3202 4725 3469 4793 reperitur
3500 4744 3512 4780 :

1944 4805 2088 4873 quod
2115 4805 2161 4860 si
2181 4808 2419 4876 separati
2447 4806 2669 4875 fuerint,
2697 4812 2944 4868 examine
2958 4811 3375 4882 judicantiscito
3405 4833 3518 4873 ma-

1947 4894 2257 4969 nifestatur.
2292 4916 2316 4950 ι

2016 4991 2160 5047 Ecce
2189 5008 2350 5062 quam
2389 4995 2768 5062 abominabile,
2806 4996 3024 5067 Deoque
3076 5000 3273 5056 orlibile
3319 5001 3511 5057 falsum

1944 5081 2017 5137 sit
2055 5083 2441 5148 testimonium,
2494 5084 2732 5140 breviter
2778 5086 3061 5142 collectum
3116 5097 3217 5144 est.
3275 5088 3512 5144 Sollicite

1943 5172 2124 5242 itaque
2145 5173 2539 5244 vigilanterque
2565 5176 2885 5232 studendum
2911 5186 2994 5234 cst
3013 5179 3307 5247 judicibus,
3338 5188 3397 5234 ut
3417 5182 3508 5260 ju-

1940 5262 2067 5319 dicii
2086 5258 2294 5320 causas
2315 5266 2587 5334 patienter
2610 5268 2850 5334 audiant,
2884 5269 3276 5340 diligenterque
3301 5258 3507 5325 exami-

1941 5362 2094 5420 nent,
2150 5362 2206 5408 et
2244 5354 2393 5424 justo
2423 5355 2708 5412 libramine
2747 5360 3067 5423 decemant;
3107 5375 3175 5421 ne
3198 5360 3263 5413 ab
3297 5360 3395 5425 eis,
3424 5361 3509 5416 vel

1941 5461 2124 5501 coram
2148 5447 2228 5500 eis
2254 5446 2521 5515 quispiam
2544 5454 2635 5500 aut
2657 5447 2926 5511 libertate,
2954 5454 3047 5501 aut
3071 5447 3400 5516 quibuslibet
3425 5464 3509 5503 re-

329 5565 356 5592 ι
386 5549 730 5604 Mendacium
780 5552 847 5606 ad
898 5569 1134 5608 munera.
1186 5554 1276 5610 Sic
1322 5558 1608 5612 emendare
1648 5558 1829 5626 libuit;
1872 5574 1996 5614 nam
2059 5561 2201 5630 quod
2239 5569 2394 5615 antea
2438 5558 2714 5631 legebatur
2751 5561 3061 5617 admunerat
3111 5560 3332 5618 omnino
3388 5571 3507 5626 erat

261 5622 529 5692 ineptum.
