4030 6190
454 226 556 282 2-27
1535 207 1718 266 BONA!)
1751 197 2305 264 AURELIANENSIS
2341 193 2640 252 EPISCOPI
3602 185 3712 242 238

456 339 558 392 hiis
589 330 784 400 injuste
808 327 1071 398 privetur.
1097 323 1163 379 Ili
1189 331 1370 378 autem
1399 319 1492 391 qui
1521 331 1810 374 munerum
1841 329 2031 382 accep-
2061 317 2111 376 Α
2137 312 2286 375 dam,
2333 323 2434 364 nec
2467 306 2699 363 mentiar
2738 321 2753 356 :
2792 302 2921 400 fecit
2956 301 3060 356 hoc
3102 299 3402 400 cpiscopus
3441 298 3712 400 quondam

461 386 748 488 tione,'ant
772 386 1059 489 ciijnslibet
1085 415 1310 472 alterius
1332 386 1632 482 rei'gratia,
1665 410 1862 479 injuste
1883 405 2032 474 judi-
2135 399 2482 471 Tagastensis
2515 395 2777 457 ecclesias,
2827 392 3042 446 Firmus
3092 389 3332 451 nomine,
3371 386 3580 442 firmior
3625 405 3719 444 vo-

463 477 659 577 cando,
681 519 736 566 et
772 477 962 563 falsum
991 505 1362 561 testimonium
1391 477 1734 577 proferendo,
1761 497 2036 567 quoslibet
2135 492 2363 548 luntatc.
2393 489 2528 544 Nam
2555 504 2678 543 cum
2710 487 2778 542 ab
2803 499 2867 539 eo
2891 489 3225 552 quiereretur
3245 481 3410 534 homo
3433 477 3586 546 jussu
3617 481 3719 534 im-

465 604 530 659 ad
557 603 869 659 servitutem
901 597 1178 660 addicunt,
1218 601 1312 649 aut
1338 595 1500 648 rebus
1523 591 1718 662 injuste
1741 602 1930 644 carere
1957 585 2036 640 fa-

465 694 633 756 ciunt,
685 704 939 758 magnum
985 687 1084 741 sibi
1135 683 1497 740 damnationis
1539 679 1810 735 cumulum
1859 677 2039 746 acqui-

465 793 594 839 runt
621 799 634 834 :
664 781 916 850 quoniam
963 793 1070 831 non
1099 775 1274 830 solum
1306 771 1662 842 prresentibus
1696 769 1914 831 obsunt,
1943 765 2038 820 sed

468 873 630 927 etiam
664 869 715 923 in
746 868 977 921 futuram
1006 878 1192 919 eorum
1215 866 1590 931 posteritatem
1616 855 1864 911 eamdem
1895 853 2038 922 inju-

469 962 607 1016 riam
633 957 1025 1014 transmittunt.

960 1039 1229 1098 CAPUT
1275 1035 1514 1093 XXVII

1052 1131 1131 1186 De
1159 1129 1452 1183 mendacio.

543 1229 713 1284 Omne
761 1223 1099 1280 mendacium
1153 1219 1368 1275 Veteris
1410 1217 1655 1288 Novique
1711 1214 2045 1279 Testamenti

477 1321 645 1376 series
707 1318 1042 1372 demonstrat
1109 1325 1229 1366 esse
1271 1309 1571 1363 vitandum.
1644 1307 1741 1362 Cui
1803 1306 2048 1376 plerique

478 1419 683 1474 coactc,
732 1407 884 1462 multi
921 1419 1047 1458 vero
1077 1410 1266 1472 sponte
1305 1399 1554 1454 ﬂebiliter
1597 1397 1972 1466 implicantur,
1995 1403 2050 1449 et

480 1518 540 1556 se
570 1499 880 1566 delinquere
911 1510 1018 1548 non
1049 1492 1412 1560 suspicantur,
1461 1503 1585 1542 cum
1637 1487 1922 1556 Scriptura
1971 1485 2054 1542 di-

481 1589 683 1646 cat:0s
699 1590 836 1658 quod
855 1585 1120 1646 mentitur,
1154 1581 1341 1636 occidit
1383 1581 1615 1632 animam
1652 1576 1802 1648 (Sap.
1855 1592 1895 1648 ι,
1939 1573 2046 1646 ll).

2136 583 2408 655 peratoris
2437 595 2532 652 per
2573 576 2910 648 apparitores
2953 573 3021 627 ab
3049 586 3114 626 co
3134 571 3348 634 missos,
3373 585 3535 639 quem
3563 570 3628 625 ad
3658 585 3722 626 se

2139 677 2536 752 confugientcm
2574 671 2852 743 diligentia
2881 675 3085 744 quanta
3107 672 3340 735 poterat,
3381 663 3715 727 occultabat,

2141 767 2417 837 respondit
2454 763 2842 834 qumrentibus,
2879 773 2980 812 nec
3029 755 3252 812 mentiri
3297 769 3356 808 se
3400 767 3580 822 posse,
3623 768 3724 807 nec

2141 857 2414 913 hominem
2470 852 2732 922 prodere,
2786 861 3088 918 passusque
3129 853 3347 900 esttam
3390 842 3556 896 multa
3609 851 3725 897 tor-

2143 954 2324 1005 menta
2367 943 2611 1014 corporis
2658 940 2915 1012 (nondum
2962 938 3106 991 enim
3160 943 3318 991 erant
3367 935 3725 1004 imperatores

2145 1038 2482 1110 Christiani),
2509 1034 2809 1106 permansit
2840 1033 2894 1086 in
2919 1030 3206 1086 sententia.
3231 1027 3435 1082 Deinde
3457 1027 3522 1080 ad
3555 1027 3727 1095 impe-

2147 1142 2382 1193 ratorem
2419 1129 2634 1190 ductus,
2673 1139 2846 1193 usque
2887 1122 3021 1176 adeo
3049 1118 3314 1180 mirabilis
3361 1117 3629 1198 apparuit,
3665 1126 3727 1180 ut

2148 1224 2263 1301 ipse
2303 1217 2507 1273 homini
2537 1229 2694 1285 quem
2745 1213 2998 1276 servabat
3043 1209 3428 1280 indulgentiam
3475 1209 3592 1262 sine
3619 1207 3726 1267 ulla

2149 1297 2462 1367 difﬁcultate
2505 1308 2839 1376 impetraret.
2879 1302 3019 1378 Quid
3050 1301 3156 1361 hoc
3193 1299 3307 1353 ﬁeri
3333 1307 3508 1368 potest
3530 1297 3728 1361 fortius

2152 1413 2310 1470 atque
2350 1397 2723 1458 constantius?
2769 1394 2925 1466 (Cap.
2979 1391 3090 1465 14.)
3113 1391 3372 1446 Octavum
3419 1397 3504 1444 est
3556 1404 3731 1468 genus

2151 1491 2441 1556 mendacii,
2468 1490 2612 1560 quod
2637 1497 2692 1544 et
2716 1488 2848 1548 nulli
2875 1488 3050 1550 obest,
3096 1491 3148 1539 et
3178 1484 3247 1537 ad
3287 1484 3389 1537 hoc
3418 1483 3639 1552 prodest
3666 1490 3728 1536 ut

2155 1583 2220 1645 ab
2268 1579 2604 1635 immunditia
2655 1576 2922 1648 corporali
2971 1587 3298 1646 quemquam
3343 1579 3579 1635 tueatur.
3612 1570 3731 1626 Non

481 1683 550 1737 Et
572 1679 744 1735 alibi:
802 1675 1001 1731 Perdes
1053 1691 1227 1729 omnes
1256 1671 1346 1743 qui
1395 1671 1682 1741 loquuntur
1724 1667 2054 1722 mendacium

2169 1675 2324 1745 igitur
2344 1681 2428 1728 est
2464 1670 2833 1731 mentiendum
2862 1669 2917 1732 in
2939 1666 3185 1730 doctrina
3207 1663 3448 1737 pietatis.
3478 1662 3732 1737 Magnum

483 1767 655 1843 (Psal.
690 1783 738 1830 v,
763 1764 838 1836 7).
891 1765 958 1819 Et
992 1765 1047 1818 in
1091 1764 1207 1832 lege
1256 1760 1516 1815 Dominus
1537 1765 1683 1814 vetat
1715 1775 1728 1811 ε
1760 1755 1883 1811 Non
1917 1771 2057 1810 men.-

485 1859 704 1922 tiemini,
755 1855 950 1924 inquit,
999 1870 1088 1908 nec
1117 1850 1332 1920 decipiet
1369 1848 1723 1918 unusquisque
1761 1846 2056 1917 proximum

483 1968 636 2006 suum
667 1949 848 2022 (Levit.
880 1963 995 2009 nx,
1031 1943 1138 2016 il).
1164 1943 1232 1998 Et
1259 1941 1514 2001 Salomon
1544 1958 1557 1992 :
1585 1938 1688 2004 Qui
1713 1949 1887 1999 autem
1914 1953 2060 1991 men-

486 2043 637 2104 titur,
674 2039 816 2093 testis
864 2046 938 2090 est
989 2033 1356 2105 fraudulentus
1392 2045 1410 2085 :
1454 2033 1542 2103 qui
1577 2041 1752 2084 autem
1799 2029 1940 2090 testis
1985 2035 2060 2082 est

490 2127 808 2198 repentinus,
862 2127 1137 2180 concinnat
1180 2123 1413 2193 linguam
1456 2121 1715 2174 mendacii
1746 2119 1930 2190 (Prov,
1959 2132 2059 2185 xit,

492 2218 601 2288 l7).
619 2216 946 2270 Abominatio
960 2223 1035 2268 est
1056 2213 1234 2283 lingua
1253 2212 1511 2266 mendacii
1525 2211 1573 2282 (I
1582 2211 1667 2265 bid
1674 2248 1710 2274 .,
1731 2209 1840 2281 l9).
1857 2208 2063 2262 Liberet

491 2311 696 2364 animus
727 2307 869 2361 testis
915 2303 1083 2374 ﬁdelis
1110 2317 1128 2355 :
1155 2303 1353 2373 profert
1401 2303 1732 2357 mendacium
1779 2298 2063 2370 versipellis

493 2399 677 2472 (Prov.
703 2414 818 2462 xw,
839 2395 952 2468 25).
989 2394 1152 2448 Testis
1180 2392 1352 2462 ﬁdelis
1379 2409 1483 2446 non
1513 2393 1793 2446 mentietur
1827 2404 1846 2442 :
1870 2390 2066 2460 profert

494 2490 824 2547 mendacium
851 2488 997 2541 testis
1027 2483 1240 2538 dolosus
1283 2483 1475 2555 (Ibid.,
1513 2483 1590 2552 5).
1621 2482 1780 2539 Jcsus
1809 2481 1954 2537 filius
1981 2481 2066 2535 Si-

495 2581 627 2640 racb
655 2596 680 2633 :-
702 2578 879 2632 Nolite
921 2574 1128 2629 mentiri
1167 2589 1318 2627 omne
1356 2573 1686 2632 mendacium
1726 2612 1740 2626 .
1782 2571 2067 2631 assiduitas

497 2685 633 2729 enim
676 2668 818 2722 illius
867 2682 970 2720 non
1001 2664 1133 2718 bona
1165 2661 1335 2735 (Eccl.
1363 2676 1460 2726 vu,
1491 2661 1598 2732 14).
1643 2660 1702 2716 In
1736 2661 2024 2731 Evangelia
2050 2679 2064 2714 ι

499 2760 666 2816 Omne
694 2757 1021 2812 mendacium
1067 2773 1098 2808 a
1130 2752 1337 2808 diabolo
1365 2763 1460 2808 est.
1500 2753 1567 2808 Et
1598 2753 1886 2824 Apostolus
1921 2772 1933 2807 :
1966 2752 2070 2806 De-

495 2859 762 2922 ponentes,
815 2847 1010 2916 inquit,
1064 2845 1414 2912 mendacium,
1471 2843 1743 2915 loquimini
1801 2844 2070 2898 veritatem

497 2941 850 3009 unusquisque
879 2951 995 2989 cum
1018 2934 1253 3004 proximo
1283 2950 1377 2989 suo
1406 2932 1619 3005 (Ephes.
1649 2950 1722 3000 tv,
1751 2932 1865 3006 25).
1890 2932 2021 2986 [tem
2052 2948 2065 2987 :

502 3033 680 3088 Nolite
705 3031 912 3086 mentiri
946 3030 1159 3084 invicem
1191 3028 1414 3102 (Coloss.
1447 3045 1532 3093 ιιι,
1564 3027 1642 3100 9).

568 3123 900 3192 Augustinus
924 3121 976 3173 in
1005 3119 1140 3174 libro
1171 3129 1359 3174 contra
1388 3120 1723 3174 mendacium
1751 3118 1901 3192 (Cap.
1933 3119 2021 3191 14)
2055 3136 2068 3182 :

507 3233 527 3266 ι
566 3213 803 3267 Primum
827 3218 910 3264 est
937 3210 1167 3279 capitale
1198 3211 1534 3266 mendacium
1566 3211 1829 3280 longeque
1863 3209 2073 3280 fugien-

502 3303 652 3366 dum,
684 3301 827 3370 quod
853 3300 912 3353 fit
948 3299 1003 3354 in
1033 3299 1277 3354 doctrina
1303 3300 1607 3370 religionis;
1647 3284 1713 3354 ad
1749 3300 1891 3370 quod
1923 3314 2075 3354 men-

505 3395 714 3449 daeium
762 3390 908 3445 nulla
959 3390 1267 3445 conditione
1307 3391 1592 3460 quisquam
1637 3389 1798 3444 debet
1857 3388 2070 3443 adduci.

507 3486 836 3549 Secundum,
862 3493 922 3538 ut
946 3485 1178 3554 aliquem
1219 3484 1380 3539 lzedat
1405 3483 1620 3551 injuste,
1649 3483 1794 3553 quod
1834 3483 1940 3546 tale
1968 3490 2072 3548 est,

505 3589 566 3640 ιιι
600 3587 654 3633 ει
677 3577 806 3632 nulli
849 3577 1041 3646 prosit,
1063 3584 1119 3632 et
1156 3577 1298 3632 obsit
1320 3576 1499 3631 alicui.
1540 3575 1804 3638 Tertium,
1832 3575 1975 3644 quod
2001 3575 2075 3628 ita

505 3670 726 3748 prodest
754 3667 932 3732 alteri,
981 3675 1040 3720 ut
1067 3667 1209 3721 obsit
1243 3665 1398 3720 alteri
1443 3664 1688 3734 quamvis
1730 3680 1835 3718 non
1863 3664 1932 3717 ad
1977 3663 2079 3718 im-

509 3758 831 3823 munditiam
879 3758 1025 3814 obsit
1073 3757 1429 3832 corporalem.
1457 3755 1740 3822 Quartum,
1773 3755 1888 3810 sola
1926 3768 2080 3810 men-

510 3853 677 3910 tiendi
706 3851 1047 3920 faciendique
1071 3849 1326 3913 libidine;
1357 3847 1499 3917 quod
1520 3860 1706 3900 verum
1735 3845 2076 3906 mendacium

507 3953 611 4004 est.
649 3943 926 4010 Quintum,
957 3939 1101 4010 quod
1133 3939 1193 3993 fit
1217 3937 1458 4008 placendi
1485 3936 1798 4007 cupiditate,
1828 3937 1894 3990 de
1924 3935 2075 3990 suavi

506 4037 742 4106 eloquio.
768 4033 863 4089 llis
884 4033 1134 4089 omnibus
1157 4032 1372 4102 penitus
1394 4030 1630 4095 evitatis,
1654 4038 1817 4098 atque
1836 4025 2073 4096 rejectis,

507 4127 754 4197 sequitur
775 4135 984 4180 sextum
1023 4138 1212 4193 genus,
1243 4123 1387 4191 quod
1417 4129 1472 4174 et
1495 4119 1627 4179 nulli
1658 4120 1833 4183 obest,
1858 4127 1915 4173 et
1947 4133 2078 4188 pro-

508 4219 630 4280 dest
659 4216 814 4270 alicui
836 4255 850 4279 ,
881 4213 1029 4268 velut
1063 4213 1106 4267 si
1137 4210 1403 4280 quispiam
1426 4209 1710 4280 pecuniam
1734 4205 1962 4276 alicujus
1992 4207 2078 4261 in-

506 4306 652 4381 juste
695 4303 1005 4364 tollendam,
1037 4301 1214 4355 sciens
1238 4299 1329 4361 ubi
1385 4300 1476 4363 sit,
1507 4298 1716 4353 nescire
1755 4314 1814 4353 se
1843 4297 2078 4352 mentia-

513 4405 621 4449 tur.
664 4393 982 4462 Septlmum,
1009 4390 1152 4459 quod
1189 4396 1245 4442 et
1273 4387 1403 4445 nulli
1440 4390 1613 4451 obest,
1644 4396 1701 4441 et
1745 4388 1966 4458 prodest
1991 4386 2085 4441 ali-

515 4482 626 4546 cui,
656 4480 801 4534 velut
827 4479 870 4532 si
894 4478 1084 4540 nolens
1117 4476 1391 4530 hominem
1433 4475 1502 4530 ad
1531 4483 1760 4541 mortem
1795 4477 2080 4546 quazsitum

513 4570 765 4650 prodere,
812 4568 1123 4632 mentiatur,
1155 4581 1261 4620 non
1288 4565 1463 4630 solum
1492 4564 1698 4640 justum
1723 4571 1885 4634 atque
1929 4566 2082 4621 inno—

515 4669 750 4724 eenlcm,
801 4659 895 4712 sed
934 4669 989 4712 ct
1013 4671 1183 4720 reum,
1229 4657 1356 4725 quia
1392 4655 1715 4715 Christiana:
1764 4655 2078 4725 disciplinae,

514 4761 620 4812 est,
667 4759 726 4802 ut
754 4764 925 4816 neque
953 4748 1018 4802 de
1050 4748 1324 4817 cujusdam
1369 4746 1705 4809 correptione
1743 4746 2079 4816 desperetnr,

515 4855 693 4910 neque
729 4841 979 4908 cuiquam
1017 4839 1311 4908 paenitendi
1341 4839 1519 4894 aditus
1568 4838 1980 4893 intercludatur.
2011 4838 2086 4902 De

515 4933 713 5002 quibus
744 4931 950 4984 duobus
981 4929 1288 4999 generibus,
1336 4945 1454 4999 qua:
1505 4929 1682 4984 solent
1730 4929 1933 4984 habere
1973 4943 2088 4982 ma-

517 5038 678 5095 gnam
732 5020 1178 5082 controversiam,
1243 5019 1376 5073 satis
1423 5019 1796 5084 tractavimus,
1851 5026 1907 5073 et
1958 5019 2088 5088 quid

520 5112 674 5166 nobis
716 5113 954 5180 placeret
997 5110 1350 5173 ostendimus,
1396 5107 1462 5161 ut"
1496 5109 1852 5178 suscipiendis
1881 5109 2089 5173 incomv

521 5203 886 5264 moditatibus,
917 5216 1035 5270 quae
1063 5202 1286 5255 honeste
1308 5213 1370 5254 ac
1400 5198 1608 5252 fortiter
1635 5200 1947 5264 tolerentur,
1975 5201 2088 5254 hazc

523 5307 735 5361 quoque
758 5306 952 5362 genera
981 5291 1286 5345 devitentnr
1311 5305 1340 5342 a
1369 5288 1620 5350 fortibus,
1659 5300 1714 5344 et
1747 5290 2010 5353 ﬁdelibus,
2036 5297 2092 5344 et

523 5383 802 5436 verticibus
840 5382 972 5438 viris
1007 5390 1061 5436 et
1087 5381 1318 5435 feminis.
1358 5399 1375 5431 ι
1422 5378 1536 5434 Νοιι
1558 5394 1686 5450 ergo
1720 5381 2089 5435 mentiendum

525 5475 784 5538 quaerenti
807 5475 894 5528 ubi
925 5475 1014 5539 sit,
1045 5474 1135 5542 qui
1163 5487 1220 5528 se
1249 5472 1368 5526 lidei
1398 5470 1693 5540 cujuspiam
1717 5471 2047 5526 commiserit
2071 5489 2084 5524 :

525 5561 618 5614 sed
649 5565 825 5631 potius
870 5565 1302 5634 respondendum
1352 5580 1419 5619 ς(
1466 5561 1618 5634 (ϐαρ.
1675 5559 1760 5631 15)
1807 5559 1915 5616 Nec
1966 5577 2091 5635 ι)ῐο-

2158 1765 2305 1820 enim
2334 1763 2512 1819 scelus
2538 1770 2644 1826 est,
2667 1768 2722 1819 ot
2755 1759 2990 1832 primum
3025 1772 3194 1828 genus
3222 1753 3558 1812 detestabilis
3575 1768 3733 1808 men-

2159 1854 2318 1918 dacii,
2353 1851 2504 1924 (Cap.
2546 1852 2662 1923 2|.)
2690 1851 2806 1906 Non
2849 1834 3216 1904 mentiendum
3239 1845 3478 1902 secundo
3503 1857 3730 1916 genere,

2161 1947 2288 2016 quia
2328 1944 2460 2008 nulli
2517 1952 2601 2003 est
2645 1941 2887 1997 facienda
2924 1939 3141 2009 injuria.
3189 1935 3306 1992 Non
3349 1943 3433 2009 est
3467 1935 3742 1990 mentien-

2162 2039 2288 2095 dum
2328 2038 2490 2092 tertio
2537 2051 2756 2107 genere,
2800 2032 2927 2104 quia
2976 2030 3105 2086 nulli
3133 2045 3256 2085 cum
3279 2027 3504 2083 alterius
3539 2024 3740 2096 injuria

2163 2126 2548 2184 consulendum
2581 2133 2683 2181 est.
2712 2123 2826 2180 Non
2873 2131 2958 2178 est
3001 2120 3369 2177 mentiendum
3410 2127 3604 2189 quarto
3650 2132 3745 2192 go-

2163 2235 2315 2285 ncre,
2367 2226 2586 2288 propter
2615 2215 2880 2271 mendacii
2919 2212 3220 2276 libidinem,
3252 2226 3371 2280 qua:
3393 2225 3490 2281 per
3535 2214 3744 2270 semet-

2166 2312 2337 2383 ipsum
2378 2309 2570 2364 vitiosa
2604 2317 2706 2363 est.
2740 2305 2856 2361 Non
2904 2312 2988 2359 est
3035 2301 3401 2359 mentiendum
3435 2301 3624 2370 quinto
3649 2313 3746 2370 ge-

2166 2421 2318 2471 nere,
2349 2403 2474 2475 quia
2514 2417 2616 2456 nec
2643 2400 2759 2471 ipsa
2786 2399 2990 2454 veritas
3015 2395 3121 2450 fine
3145 2392 3391 2465 placendi
3432 2391 3746 2447 hominibus

2166 2493 2497 2550 enuntianda
2521 2499 2635 2557 est;
2665 2497 2866 2562 quanto
2889 2487 3060 2559 magis
3088 2483 3450 2550 mendacium,
3474 2482 3617 2552 quod
3645 2495 3748 2550 per

2167 2586 2514 2655 semetipsum
2543 2583 2672 2653 quia
2721 2581 3058 2637 mendacium
3084 2585 3186 2643 est,
3224 2577 3408 2646 utique
3441 2584 3596 2645 turpe
3626 2573 3742 2630 est!

2167 2673 2285 2730 Non
2327 2681 2409 2729 est
2454 2672 2820 2728 mentiendum
2868 2658 3024 2726 sexto
3067 2682 3263 2739 genere
3297 2684 3324 2720 .:
3373 2679 3550 2734 neque
3597 2663 3745 2719 enim

2168 2777 2315 2823 recte
2352 2768 2515 2823 etiam
2549 2764 2842 2822 testimonii
2879 2763 3100 2826 veritas,
3146 2775 3246 2830 pro
3275 2758 3591 2828 cujusquam
3614 2765 3748 2811 teme

2170 2858 2344 2930 porali
2371 2858 2654 2912 commodo
2681 2870 2745 2909 ac
2785 2853 2958 2909 salute
3002 2850 3384 2926 corrumpitur.
3421 2848 3506 2902 Ad
3555 2845 3752 2916 sempit-

2177 2960 2388 3007 ternutn
2416 2964 2545 3008 vero
2571 2946 2797 3002 salutem
2827 2943 3004 3000 nullus
3027 2943 3299 2997 ducendus
3323 2951 3423 3006 est,
3452 2938 3751 3009 opitulante

2098 3002 2144 3066 Ο
2174 3041 2455 3105 mendacio
2487 3054 2501 3094 :
2533 3053 2692 3100 nemo
2737 3037 2880 3092 enim
2927 3033 3083 3089 malis
3123 3031 3553 3087 convcrtentium
3583 3027 3748 3089 moris

2168 3137 2272 3199 bus
2302 3131 2366 3185 ad
2396 3131 2567 3194 bonos
2603 3142 2781 3185 mores
2829 3115 3229 3181 convertemus
3281 3130 3398 3188 est;
3445 3121 3573 3190 quia
3605 3119 3752 3190 quod

2169 3239 2296 3295 erga
2335 3222 2485 3276 illum
2531 3218 2836 3274 faciendum
2853 3224 2957 3282 est,
2986 3215 3144 3269 debet
3188 3214 3348 3268 etiam
3380 3213 3494 3282 ipse
3523 3225 3753 3265 convert-

2171 3331 2264 3372 sus
2291 3314 2472 3369 facere
2515 3325 2642 3382 erga
2677 3309 2832 3363 alios.
2883 3308 3060 3378 Atque
3089 3306 3162 3360 ita
3191 3321 3298 3359 non
3330 3304 3397 3358 ad
3426 3305 3618 3367 bonos,
3651 3302 3747 3369 sed

2172 3405 2346 3462 malos
2367 3417 2545 3457 mores
2572 3406 2949 3463 convertetnr;
2977 3412 3100 3452 cum
3122 3397 3226 3451 hoc
3255 3394 3306 3450 ei
3323 3394 3598 3465 praebetur
3628 3392 3751 3447 imi-r

2173 3495 2394 3551 tandum
2440 3505 2720 3556 converso,
2750 3487 2892 3559 quod
2921 3487 2970 3542 ei
2989 3486 3289 3557 praestitum
3319 3492 3404 3539 est
3427 3491 3754 3538 converten-

2172 3587 2263 3643 do.
2310 3585 2495 3655 Neque
2523 3583 2752 3652 septimo
2798 3593 2996 3651 genere
3041 3577 3410 3642 mentiendum
3444 3583 3529 3630 est
3574 3590 3588 3627 :
3643 3589 3755 3640 non

2174 3678 2317 3732 enim
2348 3673 2665 3743 cujusquam
2713 3669 3085 3732 commoditas,
3121 3675 3214 3721 aut
3256 3665 3402 3720 salus
3439 3663 3755 3735 temporalis

2173 3766 2516 3840 perﬁcienda:
2546 3761 2668 3817 fidei
2724 3758 3056 3830 praeferenda
3095 3766 3196 3813 est.
3227 3756 3339 3810 Nec
3379 3754 3425 3809 si
3467 3753 3755 3824 quisquam

2174 3873 2274 3942 pro
2323 3863 2472 3922 recte
2521 3851 2682 3917 factis
2726 3851 2929 3910 nostris
2953 3861 3062 3903 tam
3091 3847 3230 3902 male
3275 3853 3540 3909 movetur,
3575 3852 3637 3898 ut
3663 3843 3757 3898 liat

2178 3937 2342 4009 etiam
2368 3947 2550 4013 animo
2591 3943 2847 4006 deterior,
2876 3941 3143 4012 longeque
3170 3955 3200 3994 a
3241 3939 3444 4009 pietate
3470 3937 3755 4003 remotior,

2178 4047 2464 4110 propterea
2487 4043 2636 4090 recta
2672 4031 2813 4088 facta
2839 4031 3140 4098 deserenda
3183 4037 3340 4095 sunt;
3370 4045 3493 4084 cum
3521 4027 3574 4082 id
3601 4027 3759 4082 nobis

2181 4129 2450 4201 praecipue
2478 4125 2819 4181 referendum
2842 4123 2932 4189 sit,
2965 4137 3074 4191 quo
3108 4136 3305 4176 vocare
3332 4127 3495 4190 atque
3517 4118 3756 4196 invitare

2181 4219 2462 4281 debemus,
2491 4230 2626 4285 quos
2667 4214 2808 4274 sicut
2829 4212 3188 4281 nosmetipsos
3213 4209 3532 4281 diligamus;
3575 4205 3761 4268 fortis-

2186 4309 2431 4376 simeque
2453 4305 2633 4359 animo
2659 4303 2884 4358 bibenda
2907 4309 2992 4357 est
3011 4301 3101 4355 illa
3119 4300 3386 4354 sententia
3409 4297 3717 4368 Apostoiica
3742 4313 3755 4348 ε

2187 4397 2320 4463 Aliis
2349 4394 2557 4467 quidem
2601 4409 2782 4447 sumus
2813 4392 2945 4446 odor
2990 4393 3108 4446 uiue
3138 4392 3193 4444 in
3233 4391 3416 4455 vitam,
3448 4388 3567 4443 aliis
3629 4387 3762 4441 odor

2188 4485 2370 4542 mortis
2413 4485 2468 4546 in
2523 4492 2744 4540 mortem
2781 4481 2868 4553 (II
2903 4479 3027 4546 Cor.
3054 4496 3116 4547 ιι,
3165 4479 3243 4551 2).
3282 4480 3351 4534 Ει
3384 4480 3450 4534 ad
3496 4481 3612 4534 htec
3636 4478 3763 4550 quis

2190 4575 2446 4636 idoneus?
2473 4572 2582 4628 Nec
2609 4581 2800 4627 octavo
2839 4586 3038 4642 genere
3066 4570 3434 4625 mentiendum
3485 4577 3600 4632 est;
3632 4569 3762 4638 quia

2185 4667 2323 4724 etin
2355 4666 2509 4720 bonis
2543 4663 2766 4718 castitas
2792 4660 2959 4720 animi
2991 4660 3250 4728 pudicitia
3291 4657 3564 4727 corporis;
3609 4665 3664 4712 et
3706 4657 3762 4723 in

2189 4754 2345 4810 malis
2375 4751 2428 4806 id
2469 4751 2615 4821 quod
2659 4751 2759 4820 ipsi
2806 4748 3054 4813 facimus,
3086 4763 3150 4802 eo
3183 4748 3326 4826 quod
3352 4745 3470 4800 ﬁeri
3511 4746 3760 4812 sinimus,

2190 4842 2365 4912 majus
2385 4852 2484 4896 est.
2508 4843 2566 4897 In
2581 4843 2665 4897 his
2681 4849 2862 4906 autem
2881 4849 3003 4896 octo
3026 4839 3336 4910 generibus,
3361 4845 3516 4901 tanto
3535 4836 3765 4906 quisque

2192 4935 2371 4989 minus
2417 4941 2609 5003 peccat
2659 4949 2784 4989 cum
2843 4932 3122 4998 mentitur,
3170 4937 3374 5000 quanto
3425 4927 3654 4998 emergit
3693 4927 3764 4982 ad

2192 5033 2441 5080 octavum
2475 5031 2666 5079 :tanto
2710 5025 2960 5093 amplius,
3010 5030 3213 5094 quanto
3260 5019 3489 5089 emergit
3539 5017 3606 5072 ad
3655 5016 3767 5087 pri:-

2193 5132 2361 5179 mum.
2409 5114 2666 5184 Quisquis
2703 5125 2882 5170 autem
2929 5129 3050 5170 esse
3087 5111 3290 5182 aliquid
3326 5125 3494 5180 genus
3537 5095 3762 5163 menda-

2191 5206 2283 5269 cii,
2329 5206 2473 5274 quod
2525 5213 2803 5273 peccaturo
2860 5220 2965 5258 non
3024 5204 3114 5268 sit,
3173 5199 3462 5271 putaverit,
3533 5197 3766 5267 decipiet

2192 5295 2428 5365 seipsum
2459 5293 2711 5364 turpiter,
2735 5309 2857 5348 cum
2887 5293 3173 5348 honestum
3201 5305 3260 5346 se
3295 5290 3640 5358 deceptorem
3675 5299 3766 5338 ar-

2191 5384 2425 5439 bitratur
2451 5383 2701 5438 aliorum.
2751 5403 2768 5436 ι

2260 5473 2497 5529 lsidorus
2543 5475 2600 5528 in
2651 5474 2787 5528 libro
2836 5472 3234 5528 Sententiarum
3285 5471 3423 5543 (Lib.
3475 5486 3536 5535 ιι,
3567 5484 3614 5522 c.
3663 5465 3800 5538 5):.

2196 5582 2217 5617 ι
2248 5565 2532 5622 Mendaces
2557 5565 2780 5632 faciunt,
2795 5574 2975 5624 utnec
2994 5581 3120 5621 vera
3144 5566 3449 5622 dicentibus
3473 5563 3765 5624 credatur:
