4030 6190
292 262 402 325 229

1288 250 1380 308 DE
1412 243 1898 306 INSTITUTIONE
1937 240 2230 299 LAICALI.
2261 270 2330 282 --
2359 238 2486 296 LIB.
2537 236 2593 294 .ll

3444 237 3551 294 950

292 379 483 438 reddit
521 375 664 433 enim
697 388 840 445 saepe
884 370 1156 428 hominem
1183 366 1350 422 multa
1376 364 1610 429 falsitas,
1636 361 1802 416 etiam
1824 358 1877 413 in
1908 368 1958 428 Α
1981 370 2089 426 que
2115 362 2270 410 extra
2301 352 2543 409 ordinem
2566 350 2844 445 proprium
2862 355 3108 421 vagatur.
3134 349 3307 417 Quam
3337 348 3556 408 Sichent

294 456 536 530 verit'ate
568 476 897 537 suspectum.
929 463 1086 534 Stepe
1125 474 1252 515 vera
1285 456 1587 527 praemittit,
1611 467 1702 522 qut
1748 448 1881 504 falsa

299 566 549 621 dicturus
569 569 682 625 est;
727 567 789 612 ut
810 571 933 612 cum
963 554 1199 624 primum
1226 545 1544 618 acquisierit
1589 544 1746 598 (idem
1764 581 1781 604 ,
1815 540 1883 595 ad

298 658 513 726 reliqua
543 651 821 709 mendacia
859 647 1143 703 audientes
1183 639 1431 698 credulos
1478 636 1660 692 faciat.
1703 631 1884 687 Multis

301 725 558 802 videntur
597 755 723 797 vera
755 753 893 801 esse,
927 751 1046 806 qua:
1075 733 1210 788 falsa
1255 736 1410 794 sunt;
1438 735 1493 783 et
1521 725 1642 781 ideo
1669 738 1774 778 non
1815 736 1881 776 ex

306 838 440 901 Deo,
466 834 562 889 sed
591 848 656 887 ex
701 845 801 886 suo
829 826 1111 884 mendacio
1146 824 1457 892 loquuntur.
1485 816 1883 882 Nonnunquam

304 924 520 980 falsitas
544 918 844 989 veriloqnio
890 914 1219 986 adiungitur,
1242 920 1298 966 et
1337 908 1657 980 plerumque
1682 920 1713 957 a
1739 902 1885 958 veri-

303 1026 418 1072 tate
442 1014 650 1084 incipit,
697 1011 791 1081 qui
816 1008 950 1063 falsa
979 1003 1258 1074 conﬁngit.
1292 1021 1311 1053 ι
1343 1000 1484 1055 Idem
1520 1002 1641 1066 post
1665 1006 1835 1084 pauca
1868 1008 1883 1045 :

311 1127 330 1158 ι
387 1083 748 1173 SummOpere
823 1098 1121 1153 cavendum
1175 1101 1261 1148 est
1307 1104 1466 1145 omne
1510 1083 1884 1144 mendacium;

304 1198 557 1269 quamvis
584 1207 860 1262 nunquam
889 1190 962 1244 sit
989 1186 1193 1256 aliquid
1238 1180 1505 1238 mendacii
1530 1192 1697 1250 genus
1718 1175 1889 1245 culpae

305 1268 553 1347 lenioris.
583 1287 629 1341 si
674 1285 960 1354 quisquam
1005 1294 1105 1349 pro
1135 1277 1311 1332 salute
1338 1272 1618 1329 hominum
1662 1268 1887 1324 mentia-

308 1389 431 1443 tur;
457 1377 554 1432 sed
590 1375 715 1444 quia
742 1372 1002 1440 scriptum
1028 1376 1138 1424 est:
1155 1367 1225 1426 08
1239 1364 1380 1437 quod
1401 1361 1669 1423 mentitur,
1701 1356 1889 1412 occidit

306 1467 540 1521 animum
569 1461 720 1535 (Sap.
751 1477 793 1525 ι,
819 1460 929 1527 il).
955 1456 1040 1521 Et,
1074 1454 1270 1509 Perdes
1294 1468 1471 1507 omnes
1490 1449 1580 1520 qui
1606 1447 1892 1518 loquuntur

304 1556 643 1611 mendacium
672 1550 845 1623 (Psal.
882 1565 936 1615 v,
966 1547 1021 1618 7)
1055 1564 1070 1601 :
1102 1547 1204 1601 hoc
1229 1558 1443 1615 quoque
1485 1538 1748 1595 mendacii
1793 1550 1891 1607 ge-

307 1662 416 1702 nus
436 1644 668 1716 perfecti
694 1642 797 1696 viri
824 1649 1166 1707 summopere
1190 1634 1420 1705 fugiunt,
1448 1639 1509 1686 ut
1535 1644 1635 1685 nec
1662 1628 1773 1682 vita
1802 1641 1893 1682 cu-

1985 447 2245 515 Princeps
2269 455 2429 499 terra:
2455 442 2743 513 opprimit;
2773 441 2900 511 quia
2922 440 3173 499 videlicet
3197 441 3471 498 inventam
3502 445 3558 499 in

1983 537 2130 592 curis
2154 533 2517 590 exterioribus
2544 530 2793 586 diabolus
2819 528 3138 600 corrumpit.
3156 547 3179 584 ι

2056 644 2217 699 Plura
2246 640 2510 710 siquidem
2538 644 2594 694 et
2630 638 2734 693 alia
2769 644 2986 693 exstant
3008 637 3309 692 divinarum
3332 638 3562 710 scriptu-

1985 748 2169 791 rarum
2196 733 2540 794 documcnta,
2562 744 2683 799 quae
2711 728 2903 782 vitium
2928 728 3256 783 curiositatis
3283 728 3560 783 vitandum

1985 839 2104 880 esse
2130 825 2521 883 demonstrant,
2553 833 2584 873 e
2610 818 2809 887 quibus
2837 818 3081 886 quaedam
3110 816 3350 872 breviter
3368 817 3563 872 subnev

1986 922 2224 970 ctuntur.
2257 911 2348 966 Ait
2376 911 2518 964 enim
2565 907 2723 963 Jesus
2753 907 2898 962 filius
2945 905 3136 961 Siraeh
3170 925 3182 960 :
3214 906 3565 978 In.superm-

1986 1007 2098 1060 cuis
2135 1005 2284 1058 rebus
2320 1001 2426 1056 noli
2454 999 2703 1065 scrutari,
2737 1014 2800 1052 ne
2835 996 3249 1066 multiplicemur
3272 996 3439 1068 (Eccl.
3477 1013 3561 1061 ut,

1987 1094 2098 1166 2i).
2129 1093 2252 1148 Non
2281 1102 2355 1147 est
2386 1092 2478 1145 tibi
2507 1089 2857 1144 necessarium
2878 1105 2941 1142 ea
2977 1103 3093 1159 qua:
3116 1087 3415 1142 abscondita
3443 1098 3564 1147 sunt

1989 1187 2158 1243 uidere
2187 1184 2352 1239 oculis
2374 1183 2478 1237 tuis
2506 1180 2695 1253 (Eccli.
2727 1196 2812 1242 ιιι,
2832 1177 2945 1251 25).
2978 1178 3055 1232 De
3091 1193 3145 1231 re
3177 1187 3348 1231 autem
3372 1194 3491 1248 qua:
3516 1188 3566 1232 te

1990 1293 2092 1332 non
2139 1274 2399 1339 molestat,
2434 1289 2496 1327 ne
2524 1280 2686 1325 certes
2730 1268 2894 1340 (Ibid.
2926 1284 3005 1333 ιιι,
3027 1267 3103 1339 9).
3134 1268 3190 1321 In
3222 1267 3359 1321 libro
3386 1276 3565 1323 autem

1990 1364 2134 1420 Eccl.
2166 1364 2272 1419 Sed
2304 1373 2351 1418 et
2384 1363 2604 1425 cunctis,
2632 1359 2828 1429 inquit,
2858 1359 3183 1413 sermonibus
3205 1358 3295 1428 qui
3322 1357 3569 1411 dicuntur

1992 1472 2057 1511 ne
2092 1455 2449 1509 accommodes
2492 1469 2585 1507 cor
2632 1463 2803 1516 tuum,
2855 1468 2919 1505 ne
2966 1451 3100 1520 forte
3146 1450 3334 1503 audias
3364 1465 3566 1504 servum

1991 1558 2141 1603 tuum
2188 1544 2582 1599 maledicentem
2628 1542 2721 1596 tibi
2751 1542 2885 1596 :scit
2930 1542 3067 1595 enim
3119 1551 3209 1593 tua
3255 1539 3568 1595 conscientia

1992 1640 2117 1711 quia
2152 1637 2330 1692 crebro
2362 1635 2680 1689 maledixisti
2706 1634 2826 1688 aliis
2854 1632 3023 1705 (Eccl.
3055 1648 3151 1697 vit,
3176 1630 3287 1703 22).
3322 1631 3388 1685 Et
3412 1630 3570 1685 Pros-

300 1735 531 1806 jnslihet
572 1749 673 1804 per
715 1745 904 1786 eorum
952 1727 1220 1782 fallaciam
1265 1721 1615 1786 defendatur;
1646 1733 1747 1773 nec
1774 1730 1887 1772 sua:
1915 1722 1961 1781 Β
1985 1742 2121 1799 ρει-ς
2153 1727 2183 1768 b
2217 1744 2236 1779 ς
2271 1724 2477 1780 Tanai“
2505 1725 2648 1779 enim
2689 1723 2810 1793 quis
2849 1729 3071 1791 peccata
3113 1736 3233 1786 sua,
3265 1736 3385 1790 quae
3412 1734 3571 1775 ηοεεθ

306 1826 506 1879 anima:
533 1830 781 1885 noceant,
807 1819 933 1873 dum
949 1823 1209 1887 pnestare
1230 1812 1419 1867 alienat
1437 1809 1587 1866 carni
1612 1809 1887 1863 nituntur:

308 1927 622 1987 quanquam
654 1911 759 1966 hoc
785 1910 961 1980 ipsum
994 1905 1205 1977 peccati
1238 1919 1409 1974 genus
1430 1900 1685 1957 facillime
1706 1897 1896 1954 creda-

307 2020 435 2062 mus
465 2002 722 2059 relaxari.
770 1999 905 2055 Nam
933 1998 980 2054 si
1002 1996 1256 2068 qualibet
1290 1993 1445 2063 culpa
1489 1989 1732 2061 sequenti
1754 2002 1897 2043 mer-

308 2095 446 2151 cede
469 2100 756 2164 purgatur,
780 2096 986 2160 quanto
1020 2086 1193 2156 magis
1214 2086 1331 2140 haec
1365 2081 1520 2138 facile
1545 2078 1889 2150 abstergitur,

309 2199 476 2255 quam
502 2197 712 2237 merces
736 2180 852 2251 ipsa
872 2175 1188 2235 comitatur!
1221 2194 1241 2229 ι

385 2272 543 2340 Quod
566 2287 699 2342 ergo
719 2267 1061 2325 mendacium
1088 2264 1311 2321 omnino
1338 2259 1636 2317 cavendum
1668 2257 1763 2323 sit,
1791 2257 1898 2313 late

314 2370 471 2433 patet
489 2379 503 2414 :
521 2360 749 2431 proinde
770 2371 996 2413 necesse
1015 2361 1178 2411 estut
1198 2351 1567 2424 unusquisque
1587 2350 1690 2404 hoc
1706 2347 1898 2402 vitium

310 2465 513 2507 cavere
539 2449 757 2505 studeat
786 2465 800 2501 :
832 2445 1076 2517 quisquis
1098 2444 1223 2499 huic
1242 2441 1602 2510 mancipatur,
1622 2439 1727 2493 hoc
1745 2435 1900 2507 peni-

312 2552 406 2599 tus
425 2541 758 2611 relinquens,
783 2538 851 2592 ad
893 2534 1228 2607 poenitentia:
1268 2532 1503 2587 lamenta
1538 2536 1801 2594 recurrat,
1842 2535 1902 2584 et

312 2635 385 2689 de
410 2647 477 2687 eo
498 2632 644 2685 inter
668 2638 862 2686 cartera
888 2627 995 2681 alia
1020 2632 1243 2697 peccata
1281 2637 1402 2694 qua:
1439 2619 1677 2688 admisit,
1699 2620 1810 2675 Dee
1842 2624 1901 2674 et

314 2724 590 2782 sacerdoti
611 2721 1004 2778 confessionem
1028 2717 1208 2774 facere
1229 2732 1334 2773 non
1357 2715 1608 2787 negligat.
1662 2724 1671 2735 ‘

865 2848 1094 2908 CAPUT
1129 2846 1362 2905 XXVIII.

901 2960 983 3016 De
1005 2960 1327 3015 curiositate.

398 3075 550 3133 llnltl
577 3074 829 3139 scienter,
854 3070 1006 3127 multi
1034 3069 1339 3125 nescienter
1378 3065 1433 3121 in
1462 3064 1795 3122 curiositatis
1821 3063 1902 3121 ls-
1925 3062 1972 3126 Ο

318 3167 532 3222 buntur
554 3164 744 3219 vitium
778 3180 791 3215 :
820 3160 907 3216 cui
956 3159 1081 3214 dum
1109 3157 1232 3228 quis
1260 3155 1505 3220 inservit,
1554 3156 1899 3225 semetipsum

320 3255 581 3315 ﬂebiliter
600 3250 841 3322 negligit.
869 3246 1065 3303 Nostra
1087 3246 1285 3317 quippe
1304 3259 1424 3314 quae
1450 3243 1593 3298 mala
1616 3242 1902 3314 gessimus,

322 3355 458 3404 sunt
498 3342 763 3407 deflenda,
808 3355 917 3395 non
957 3338 1187 3393 aliorum
1212 3344 1391 3392 errata
1422 3335 1565 3406 (quas
1587 3348 1688 3389 nec
1723 3348 1909 3391 emen-

322 3437 463 3492 dare
508 3433 779 3493 nolumus,
829 3444 931 3485 nec
971 3425 1279 3498 possumus)
1306 3425 1521 3482 curiose
1563 3422 1905 3494 inquirenda,

325 3539 626 3595 morsuque
652 3519 1003 3578 detractionis
1047 3517 1339 3588 carpenda.
1390 3514 1530 3572 Sunt
1555 3516 1739 3585 itaque
1775 3530 1910 3586 quo-

328 3617 583 3672 rumdam
623 3614 711 3683 pia
756 3610 918 3675 facta,
945 3623 1067 3679 qua:
1095 3606 1252 3661 nobis
1278 3604 1566 3677 diligenter
1590 3611 1719 3659 sunt
1757 3617 1912 3658 scru-

334 3706 524 3772 tanda,
550 3714 607 3761 et
629 3705 697 3759 ad
714 3701 1018 3773 exemplum
1046 3701 1201 3755 beate
1217 3697 1444 3753 actionis
1464 3695 1745 3751 sumenda.
1772 3694 1910 3751 Sunt

334 3802 468 3855 item
489 3796 846 3868 quorumdam
870 3792 1117 3863 quaedam
1146 3789 1309 3861 facta,
1335 3803 1456 3858 quae
1490 3787 1642 3843 nobis
1661 3786 1911 3861 nescien-

335 3894 483 3951 tibus
511 3888 645 3945 nihil
691 3885 936 3958 periculi,
979 3882 1274 3938 scientibus
1316 3879 1448 3935 nihil
1475 3878 1735 3935 momenti
1779 3875 1913 3932 all'e-

333 3992 467 4040 runt
491 4001 507 4037 :
532 3981 629 4037 sed
652 3980 780 4035 dum
801 3977 1016 4034 curiose
1037 3976 1091 4031 in
1116 3974 1201 4030 his
1225 3971 1533 4028 scrutandis
1557 3971 1674 4026 dies
1696 3967 1917 4025 insumi-

337 4089 482 4139 mas,
505 4068 869 4144 proculdubio
887 4065 1283 4135 delinquimus;
1306 4076 1413 4134 quo
1434 4060 1566 4116 vitio
1579 4058 1732 4116 multi
1756 4072 1918 4115 cane-

339 4166 594 4225 uicorum
612 4170 668 4218 et
688 4159 1077 4216 monachorum
1108 4171 1266 4211 suum
1303 4153 1633 4226 negligentes
1667 4148 1916 4221 proposi-

341 4269 481 4324 tum,
511 4256 779 4311 laborant.
807 4250 943 4308 Nam
986 4258 1043 4305 et
1084 4255 1212 4305 sunt
1254 4246 1501 4319 plerique
1543 4243 1688 4309 laici,
1719 4242 1813 4313 qui
1861 4241 1918 4297 in

342 4345 715 4418 hujuscemodi
735 4342 1049 4399 curiositate
1067 4353 1248 4412 pcnea
1278 4352 1435 4395 mane
1459 4349 1626 4405 usque
1639 4334 1709 4390 ad
1734 4347 1921 4403 vespe-

344 4408 464 4495 ram
494 4434 885 4494 delectabiliter
915 4408 1223 4496 versantur,
1265 4436 1320 4483 et
1361 4441 1420 4482 se
1463 4425 1793 4496 delinquere,
1829 4430 1922 4477 aut
1944 4408 1998 4471 Ι)

344 4542 457 4582 non
486 4524 814 4592 intelligunt,
847 4530 941 4576 aut
966 4519 1266 4590 intelligere
1306 4525 1558 4573 recusant
1581 4533 1595 4546 ·
1617 4516 1674 4572 bi
1700 4529 1922 4570 necesse

347 4624 434 4672 est
450 4623 513 4669 ut
533 4612 872 4684 perpendant
891 4609 1090 4664 factum
1120 4608 1269 4663 Dinte
1290 4607 1415 4662 lilia;
1434 4604 1623 4670 Iacob,
1649 4619 1769 4675 qua:
1794 4605 1919 4660 dum

351 4704 667 4759 curiositate
687 4701 846 4759 ducta
869 4698 1161 4772 egreditur,
1188 4704 1246 4751 ut
1274 4696 1528 4752 mulieres
1547 4703 1815 4750 extraneae
1838 4708 1925 4749 reo

352 4796 529 4868 gionis
555 4795 754 4859 videat,
787 4808 818 4847 a
861 4791 1078 4847 Sichem
1128 4791 1238 4846 ﬁlio
1281 4790 1501 4845 Emmer
1537 4789 1840 4852 adamatur,
1870 4795 1926 4842 et

357 4889 593 4959 rapitur,
611 4896 667 4941 et
687 4885 740 4940 vi
754 4900 1014 4956 oppressa
1040 4883 1294 4949 violatur,
1321 4881 1543 4952 ejusque
1569 4879 1871 4937 detestabili
1895 4891 1922 4921 ι

356 4983 603 5038 sociatur
643 4980 662 5051 (
694 4976 824 5033 Cen.
870 4992 1054 5043 xxxiv,
1088 4977 1113 5031 l
1147 4976 1188 5049 ).
1218 4995 1237 5027 ι
1266 4976 1400 5031 Dina
1435 4976 1652 5046 quippe,
1695 4982 1757 5029 ut
1794 4974 1923 5030 bea-

356 5083 446 5129 tus
494 5070 790 5141 Gregorius
836 5069 893 5123 in
922 5068 1061 5123 libre
1107 5067 1370 5125 Pastorali
1418 5067 1610 5122 scribit
1632 5064 1806 5137 (Part.
1842 5080 1926 5130 tn,

357 5180 476 5234 cap.
525 5161 663 5232 50),
715 5169 775 5215 ut
824 5159 1079 5214 mulieres
1122 5160 1304 5214 videat
1351 5168 1625 5214 extranea:
1671 5156 1928 5226 regionis,

359 5252 654 5325 egreditur,
686 5251 902 5320 quando
930 5265 1260 5320 unaqumque
1304 5263 1457 5304 mens
1502 5264 1597 5303 sua
1636 5249 1815 5303 studia
1838 5260 1933 5302 ne-

359 5345 593 5416 gligens,
616 5342 852 5397 actiones
884 5341 1088 5397 alienas
1114 5356 1330 5407 curans,
1374 5348 1531 5396 extra
1555 5339 1834 5405 ambitum,
1859 5348 1936 5395 at-

434 5508 463 5535 ι
500 5490 637 5564 Ejus
662 5494 972 5548 detestabili.
1001 5494 1179 5556 Deest,
1205 5493 1281 5549 ait
1300 5493 1585 5561 Achcrius,
1612 5501 1706 5548 aut
1725 5495 1933 5564 copula,

364 5572 461 5619 aut
484 5565 793 5634 continercio
815 5578 833 5615 :
861 5565 1011 5634 prius
1038 5564 1285 5634 praefero.

440 5636 470 5675 δ
503 5631 612 5687 Seu
650 5630 846 5688 Julian.
863 5630 1087 5689 'Pemer.
1115 5635 1181 5689 de
1205 5633 1325 5689 Vita
1350 5631 1696 5702 contemplat,
1724 5647 1773 5688 c.
1799 5633 1852 5688 6.

1992 1827 2049 1875 et
2088 1816 2285 1873 deflere
2335 1817 2516 1880 debet,
2567 1815 2799 1886 ignorat,
2848 1813 3085 1882 quandiu
3133 1812 3345 1868 curiose
3396 1811 3570 1867 aliena

1993 1910 2322 1965 considerat.
2372 1908 2525 1977 Quod
2556 1908 2601 1963 si
2633 1922 2812 1962 mores
2858 1920 2985 1961 suos
3025 1905 3093 1960 ad
3125 1907 3360 1974 seipsum
3396 1919 3573 1959 rever—

1995 2016 2089 2057 sus
2119 2000 2366 2072 aspiciat,
2414 2016 2521 2055 non
2568 1998 2812 2069 requirat
2841 1996 2969 2069 quid
3016 1996 3233 2067 maliis
3266 1994 3575 2065 specialiter

1994 2092 2373 2165 reprehendat,
2395 2093 2490 2149 sed
2514 2093 2567 2148 in
2597 2093 2774 2162 seipse
2803 2091 2944 2161 quod
2967 2089 3164 2161 lugeat.
3200 2088 3432 2145 Proinde
3458 2087 3572 2143 fra-

1998 2193 2139 2241 trum
2169 2193 2477 2242 nostrorum
2508 2182 2637 2238 vitia
2669 2199 2778 2237 non
2808 2180 2965 2239 facile
2993 2182 3250 2236 debemus
3293 2194 3573 2247 accusare,

1996 2275 2089 2332 sed
2117 2291 2333 2348 gemere
2360 2294 2373 2330 :
2403 2284 2464 2331 ut
2506 2275 2738 2331 invicem
2767 2289 2930 2330 onera
2961 2257 3145 2330 nostra
3179 2281 3478 2344 portantes,
3500 2273 3578 2328 le—

1996 2378 2117 2436 gem
2162 2362 2364 2419 Christi
2389 2363 2658 2434 possimus
2692 2362 2935 2432 implcre.
2972 2383 2990 2416 ι
3019 2360 3312 2432 Gregorius
3339 2374 3361 2401 ο
3394 2363 3445 2415 in
3490 2377 3579 2417 ex.

1994 2453 2262 2524 positione
2292 2453 2564 2525 Evangelii
2597 2472 2609 2507 :
2641 2471 2660 2504 ι
2693 2452 2839 2508 Alter
2875 2454 3009 2507 dixit
3047 2469 3065 2508 :
3098 2454 3238 2525 luga
3282 2453 3438 2508 boum
3477 2452 3580 2508 emi

1995 2545 2244 2616 quinque,
2273 2552 2321 2599 et
2346 2560 2405 2599 eo
2431 2543 2650 2616 probare
2674 2542 2790 2607 illa,
2836 2560 2959 2614 rogo
2986 2553 3055 2609 te,
3084 2544 3216 2598 habe
3240 2561 3322 2598 me
3361 2561 3580 2598 excusa-

1997 2640 2110 2686 tum
2142 2630 2293 2703 (Luc.
2316 2647 2429 2699 nv,
2449 2630 2560 2703 l9).
2586 2632 2724 2700 Quid
2752 2630 2805 2685 in
2836 2632 3072 2703 quinque
3093 2630 3238 2703 jugis
3266 2634 3450 2699 boum,
3475 2633 3579 2693 nisi

1998 2723 2238 2794 quinque
2271 2738 2464 2781 sensus
2504 2723 2750 2793 corporis
2796 2724 3127 2795 accipimus?
3154 2723 3243 2793 qui
3273 2732 3419 2779 recte
3448 2739 3582 2793 qne-

1999 2831 2106 2887 que
2126 2815 2256 2887 jnga
2297 2816 2471 2872 vocati
2503 2824 2658 2882 sunt;
2689 2814 2815 2884 quia
2858 2815 2913 2869 in
2956 2825 3187 2889 utroque
3237 2832 3368 2870 sexu
3414 2817 3583 2886 gemio

2000 2916 2204 2963 nuntur
2226 2925 2240 2962 :
2264 2909 2355 2979 qui
2378 2907 2626 2963 videlicet
2649 2907 2957 2977 corporales
2985 2922 3195 2971 sensus,
3216 2907 3342 2976 quia
3368 2906 3581 2962 interna

2001 2996 2459 3068 comprehendere
2494 2998 2760 3062 nesciunt,
2792 2996 2887 3052 sed
2927 2996 3040 3051 sola
3083 2996 3354 3052 exteriora
3386 3013 3585 3068 cogno-

2002 3094 2179 3152 scunt,
2217 3095 2273 3141 et
2298 3087 2609 3144 deserentes
2632 3088 2844 3153 intima,
2873 3103 2937 3145 ea
2971 3103 3090 3157 qum
3119 3094 3273 3143 extra
3298 3098 3441 3154 sunt,
3469 3097 3588 3143 tan-

2002 3185 2155 3250 gunt,
2191 3186 2340 3233 recte
2359 3192 2455 3248 per
2487 3191 2581 3233 eos
2610 3178 2897 3234 curiositas
2936 3178 3266 3249 designatur,
3299 3193 3419 3248 qum
3455 3180 3584 3234 dum

2002 3266 2233 3322 alienam
2256 3267 2452 3338 quaerit
2474 3267 2641 3323 vitam
2690 3267 2979 3334 discutere,
3023 3284 3239 3339 semper
3263 3284 3358 3325 sua
3395 3269 3584 3324 intima

2006 3357 2273 3423 nesciens,
2311 3356 2490 3412 studet
2533 3358 2805 3413 exteriora
2857 3342 3114 3428 cogitare.
3149 3357 3325 3414 Grave
3351 3374 3586 3429 namque

2007 3445 2336 3502 curiositatis
2363 3456 2448 3503 est
2480 3446 2698 3515 vitium,
2720 3463 2840 3520 qua:
2870 3449 2995 3503 dum
3035 3447 3320 3518 cujuslibet
3348 3458 3587 3507 mentem

2008 3539 2079 3594 ad
2105 3538 2530 3611 investigandum
2551 3541 2717 3595 vitam
2738 3542 2968 3611 proximi
2995 3543 3236 3599 exterius
3258 3544 3424 3609 ducit,
3448 3559 3590 3602 sem-

2006 3641 2106 3701 per
2141 3627 2193 3683 ei
2218 3643 2316 3682 sua
2345 3628 2535 3683 intima
2564 3629 2865 3696 abscondit,
2902 3641 2963 3686 ut
2989 3632 3161 3689 aliena
3187 3633 3386 3698 sciens,
3411 3647 3470 3687 se
3501 3648 3593 3688 ne-

2011 3718 2167 3776 sciat.
2197 3717 2264 3773 Et
2286 3718 2485 3775 curiosi
2508 3719 2721 3775 animus
2748 3730 2948 3790 quanto
2986 3722 3193 3792 peritus
3236 3721 3398 3777 fuerit
3422 3721 3588 3777 alieni

2011 3811 2212 3877 meriti,
2261 3818 2414 3865 tanto
2442 3808 2502 3865 ﬁt
2549 3810 2772 3882 ignarus
2812 3811 2914 3866 sui.
2949 3811 3175 3880 Propter
3210 3811 3313 3866 hoc
3354 3827 3590 3881 namque

2014 3899 2082 3955 de
2123 3898 2327 3954 eisdem
2365 3898 2605 3969 quinque
2639 3897 2785 3968 jugis
2836 3899 2999 3954 boum
3031 3899 3255 3963 dicitur;
3285 3915 3345 3954 eo
3370 3899 3592 3969 probare

2013 3990 2130 4058 illa,
2157 4008 2282 4061 rogo
2311 4000 2362 4047 te
2388 3990 2521 4046 [tabe
2547 4005 2629 4043 me
2670 3997 2995 4043 excusatum.
3020 3988 3140 4058 Ipsa
3165 3988 3308 4043 enim
3331 4003 3595 4047 excusem

2017 4083 2088 4138 tis
2112 4082 2278 4137 verba
2332 4096 2363 4136 a
2410 4080 2530 4135 vitii
2578 4079 2660 4134 sui
2693 4077 3086 4149 significatione
3128 4093 3237 4133 non
3265 4079 3592 4148 discrepant,

2017 4173 2145 4228 dum
2174 4172 2391 4237 dicitur,
2414 4188 2473 4226 eo
2493 4170 2712 4241 probare
2731 4168 2862 4235 illa;
2887 4171 3014 4240 quia
3038 4170 3286 4226 videlicet
3307 4170 3595 4243 aliquando

2017 4263 2289 4334 pertinere
2317 4262 2564 4332 probatio
2592 4261 2659 4317 ad
2696 4261 3065 4317 curiositatem
3094 4261 3246 4317 solet.
3279 4282 3298 4314 ι
3329 4261 3506 4317 Habes
3542 4270 3598 4323 et

2021 4354 2077 4408 in
2102 4352 2280 4409 libelle
2308 4352 2400 4422 qui
2422 4352 2619 4408 dicitur
2638 4349 2946 4422 Synonyma
2967 4349 2994 4391 ἀ
3026 4368 3040 4405 :
3066 4368 3085 4402 ι
3113 4349 3265 4417 Quod
3294 4351 3359 4405 ad
3389 4359 3443 4411 te
3467 4366 3596 4420 quo.

2022 4458 2129 4515 que
2167 4457 2273 4497 non
2320 4441 2575 4512 pertinet,
2601 4439 2710 4495 noli
2736 4439 3016 4509 quzerere':
3041 4440 3183 4509 quod
3219 4439 3365 4493 inter
3410 4453 3467 4493 se
3514 4437 3597 4493 lo-

2023 4542 2263 4605 quuntur
2304 4531 2572 4598 homines,
2614 4544 2940 4601 cognoscere
2986 4544 3260 4599 nunquam
3302 4528 3596 4589 desideres.

2023 4623 2143 4679 Noli
2174 4635 2419 4693 quaarere
2461 4621 2605 4691 quod
2649 4619 2879 4690 quisque
2907 4619 3069 4684 dicat,
3106 4618 3189 4673 vel
3222 4616 3383 4674 faciat
3412 4636 3424 4672 :
3455 4618 3597 4677 evita

2025 4712 2396 4769 curiositatem
2427 4727 2441 4764 :
2473 4709 2663 4764 omitte
2705 4724 2892 4763 curam
2922 4722 3041 4777 qua:
3091 4706 3157 4761 ad
3203 4722 3418 4761 causam
3452 4716 3597 4762 tuam

2027 4816 2132 4856 non
2158 4800 2411 4871 pertinet.
2461 4797 2759 4853 Curiositas
2794 4795 3097 4866 periculosa
3126 4796 3470 4865 praesumptio
3494 4804 3595 4854 est.
3636 4839 3641 4845 .

2028 4889 2177 4945 Multi
2212 4889 2440 4945 alierum
2468 4887 2599 4942 vitia
2627 4887 2962 4951 discernunt,
2998 4898 3095 4941 sua
3117 4900 3222 4939 non
3251 4885 3532 4954 aspiciunt.
3574 4903 3593 4936 ι

2100 4980 2255 5036 Patet
2274 4981 2440 5052 igitur
2455 4977 2596 5050 quod
2617 4978 2947 5033 curiositatis
2967 4977 3155 5032 vitium
3178 4978 3425 5032 omnibus
3447 4974 3602 5029 Chri-

2031 5073 2222 5128 stianis
2237 5086 2578 5142 summopere
2591 5070 2986 5126 sitcavendum.
3014 5070 3149 5146 Quia
3172 5085 3300 5141 ergo
3325 5068 3392 5123 de
3418 5067 3600 5137 singn.

2034 5163 2100 5218 lis
2124 5163 2474 5232 temporibus,
2502 5177 2620 5230 quae
2636 5161 2778 5231 loqui
2801 5170 2853 5216 et
2871 5175 3030 5232 agere
3048 5161 3348 5223 debuimus,
3371 5158 3599 5211 fructum

2035 5254 2190 5309 home
2219 5252 2547 5325 operationis
2594 5251 2853 5306 Dominus
2902 5267 2933 5306 a
2962 5251 3115 5305 nobis
3165 5257 3250 5303 est
3289 5256 3599 5312 exacturus,

2037 5350 2249 5413 oportet
2281 5350 2339 5396 ut
2362 5340 2727 5411 unusquisque
2757 5339 2927 5396 ﬁdelis
2952 5338 3019 5393 ab
3043 5336 3409 5407 hujuscemodi
3434 5334 3605 5392 curio-

2112 5510 2135 5539 ε
2163 5497 2361 5552 Homil.
2386 5496 2474 5553 36.

2043 5567 2291 5693 discat.
2314 5583 2354 5623 ιι
2385 5566 2612 5639 Synen.,
2633 5578 2750 5637 cap.
2773 5564 2844 5621 l5
2868 5564 2934 5622 de
2957 5560 3293 5632 curiositate,
3315 5561 3410 5619 sed
3427 5561 3608 5618 verbis
