4030 6190
458 265 555 326 251

458 382 705 440 sitatibus
747 385 802 434 et
844 374 1196 448 supervacuis
1233 375 1396 430 rebus
1433 373 1755 436 scrutandis,
1804 387 2025 442 prorsus
2053 376 2100 436 Α
2127 373 2254 427 visci

458 489 516 529 se
540 473 772 528 alienum
794 466 1009 523 elﬁciat.

1009 554 1235 612 CAPUT
1276 553 1467 608 XXIX.

870 646 948 702 De
967 647 1215 701 sectanda
1242 645 1615 715 hospitalitate.

526 741 836 809 Quanquam
904 737 1239 807 hoSpitalitas
1290 737 1430 790 intra
1476 750 1566 790 sex
1607 751 1767 804 opera
1817 734 2028 792 miseri-

457 833 652 888 cordia:
692 832 925 884 breviter
953 829 1004 882 in
1035 827 1326 898 Evangelio
1367 836 1786 881 commemorata
1813 827 1902 888 sil,
1935 841 2028 882 ne-

456 921 689 980 cessario
720 929 896 972 tamen
932 919 984 971 in
1009 919 1110 971 hoc
1143 917 1377 986 capitulo
1405 927 1623 986 propter
1651 918 1908 984 quosdam
1935 915 2028 985 qui

457 1027 572 1064 eam
612 1010 906 1080 ncgligunt,
941 1008 1232 1077 prolixiora
1283 1008 1584 1062 testimonia
1617 1007 1913 1076 colligenda
1946 1023 2030 1061 re-

456 1111 619 1158 stant.
653 1101 796 1154 Inter
821 1109 1015 1154 caetera
1043 1099 1236 1166 quippe
1263 1098 1583 1158 Christiana:
1618 1096 1859 1166 religioni
1902 1111 2029 1150 con.

458 1193 642 1253 traria,
673 1188 1026 1258 quorumdam
1057 1187 1206 1244 libitu
1244 1187 1296 1244 in
1322 1186 1761 1244 cottSucludinem
1793 1199 2029 1253 eousque

459 1281 703 1341 deducta,
734 1286 794 1330 ut
821 1277 904 1329 his
934 1291 1028 1344 pro
1064 1275 1177 1344 lege
1221 1274 1500 1330 vidcantur
1526 1274 1772 1328 insistere
1801 1291 1812 1325 :
1844 1273 2028 1341 hospi.-

458 1369 636 1424 talitas
660 1382 891 1436 quoque,
922 1381 1040 1434 quae
1060 1374 1142 1418 est
1177 1365 1315 1434 apud
1341 1363 1678 1418 Christianos
1709 1363 1916 1433 insigne
1943 1372 2029 1416 αις

457 1474 560 1528 que
604 1456 1112 1513 excellentissimum
1140 1471 1273 1524 opus
1307 1455 1714 1520 misericordiae,
1739 1454 1813 1508 ita
1841 1470 1871 1507 a
1907 1453 2034 1523 plu~

458 1547 608 1602 rimis
636 1545 948 1615 negligitur,
982 1551 1037 1600 ut
1082 1551 1136 1598 et
1179 1545 1233 1598 in
1267 1546 1392 1608 hoc,
1429 1545 1568 1599 sicut
1598 1545 1731 1598 etin
1762 1544 2030 1600 nonnullis

455 1636 592 1698 aliis.
620 1635 1042 1690 Christianitatis
1065 1634 1228 1687 decus
1257 1650 1447 1704 magna
1474 1648 1540 1687 ex
1566 1642 1720 1702 parte
1754 1635 2022 1699 fuscetur;

1513 259 1706 318 JONE
1745 259 2296 318 AURELIANENSIS
2334 263 2638 322 EPISCOPI

3591 263 3697 319 232

2461 375 2622 445 (Ibid.
2660 372 2744 439 2).
2781 373 3093 429 Ambrosius
3137 373 3188 427 in
3238 371 3376 428 libro
3405 373 3472 430 de
3520 373 3697 428 Abra-

2129 464 2252 518 ham
2280 465 2455 534 primo
2479 464 2614 535 (Lib.
2647 464 2701 536 v)
2733 483 2744 518 :
2780 484 2798 516 ι
2829 467 2983 520 Disce
3017 480 3179 534 quam
3213 466 3438 535 impiger
3461 451 3580 520 esse
3605 466 3698 520 de-

2127 555 2258 610 beas
2303 565 2364 609 ut
2415 556 2588 625 possis
2638 557 2934 626 praevenire
2980 555 3420 624 hospitalitatem,
3475 570 3543 622 pe
3577 555 3698 624 quis

2127 645 2437 711 praeveniat,
2461 653 2515 699 et
2543 652 2595 699 te
2620 643 2744 699 boni
2771 643 3007 698 muneris
3036 642 3317 697 defraudet
3358 643 3509 713 copia
3536 661 3548 695 :
3573 643 3699 712 quia

2128 752 2234 791 non
2263 736 2395 791 satis
2443 746 2527 790 est
2566 745 2710 790 recte
2738 734 2934 797 facere,
2973 733 3077 788 nisi
3125 733 3286 788 etiam
3317 741 3525 786 mature
3567 733 3698 802 quid

2129 824 2296 880 facias
2322 843 2335 878 :
2365 823 2647 879 uberiores
2673 824 2816 878 enim
2843 823 3050 876 lructus
3077 823 3239 876 habet
3275 822 3506 876 celerata
3537 825 3700 877 devo-s

2130 915 2224 968 tio.
2257 914 2403 968 Bona
2449 922 2532 968 est
2576 912 2950 982 hospitalitas:
2983 911 3146 965 habet
3191 912 3490 965 mercedem
3540 926 3694 964 suam

2128 1004 2358 1074 primum
2384 1005 2632 1058 humana:
2657 1003 2861 1072 gratiae,
2891 1001 3082 1055 deinde
3107 1001 3247 1068 quod
3283 1000 3454 1069 magis
3480 1009 3582 1064 est,
3607 1014 3696 1053 re-

2131 1091 2518 1146 munerationis
2549 1091 2759 1144 divinze.
2801 1089 2999 1144 Omnes
3029 1089 3081 1142 in
3111 1089 3213 1142 hoc
3260 1088 3490 1142 incolatu
3517 1089 3700 1157 bospis

2130 1187 2211 1234 tes
2258 1195 2442 1234 sumus
2486 1198 2499 1233 :
2547 1180 2613 1233 ad
2665 1189 2877 1247 tempus
2926 1179 3069 1232 enim
3117 1178 3392 1232 habitandi
3438 1178 3700 1233 habemus

2130 1269 2444 1338 hospitium.
2468 1269 2804 1338 Emigramus
2836 1282 3092 1336 propere;
3120 1282 3407 1322 caveamus
3435 1285 3502 1322 ne
3527 1270 3570 1322 si
3601 1286 3700 1325 nos

2130 1359 2247 1412 duri
2279 1367 2372 1412 aut
2398 1359 2726 1428 negligentes
2756 1359 2807 1411 in
2840 1357 3159 1427 recipiendis
3193 1357 3453 1413 fuerimus
3477 1360 3700 1429 hOSpiti-

2128 1449 2249 1510 bus.
2280 1449 2442 1504 etiam
2474 1449 2628 1503 nobis
2655 1459 2771 1519 post
2796 1450 2920 1504 vita:
2949 1449 3116 1519 ipsius
3140 1465 3355 1504 cursum
3385 1461 3697 1506 sanctorum

2129 1539 2360 1608 hospitia
2389 1540 2736 1607 denegentur.
2763 1539 2868 1594 Sed
2909 1539 3216 1607 pauperiem
3254 1540 3562 1608 prmtendis,
3592 1557 3698 1595 non

2129 1643 2258 1698 opes
2278 1645 2307 1682 a
2339 1638 2390 1682 te
2411 1629 2603 1697 hospes
2625 1629 2870 1698 requirit,
2905 1629 2996 1682 sed
3028 1630 3252 1698 gratiam
3280 1647 3292 1680 ε
3318 1644 3424 1683 non
3446 1639 3696 1684 ornatqu

456 1725 708 1794 quoniam
747 1724 799 1775 in
837 1732 1044 1776 tantum
1077 1738 1105 1775 a
1153 1722 1470 1790 quibusdam
1518 1723 1937 1792 parvipenditur,
1970 1733 2028 1778 ut
2056 1711 2102 1768 Β
2129 1719 2451 1783 convivium,
2486 1720 2579 1774 sed
2619 1721 2794 1773 cibum
2829 1720 3067 1775 obvium.
3113 1719 3236 1775 Haec
3278 1727 3426 1790 grata
3473 1722 3701 1775 homini-

453 1831 573 1869 cum
630 1814 833 1882 amplas
874 1821 929 1868 et
964 1813 1226 1882 spatiosas
1271 1814 1455 1866 domos
1506 1811 1758 1876 habeant,
1805 1813 1893 1868 vix
1941 1814 2027 1867 di-

453 1911 682 1972 gnentur
714 1902 812 1955 sub
846 1909 1045 1954 tectum
1071 1916 1224 1954 suum
1251 1901 1492 1970 recipere
1526 1901 1887 1970 peregrinum,
1917 1901 2027 1961 imo

454 1994 506 2051 in
536 1992 817 2062 peregrino
845 1989 1140 2056 Christum,
1180 1991 1444 2044 dicentem
1476 1990 1530 2044 in
1556 1990 1758 2060 Evang.
1787 2008 1800 2044 :
1825 1989 2026 2060 Hospes

455 2081 552 2151 fui,
577 2091 622 2134 et
676 2081 960 2151 collegistis'
999 2097 1078 2134 me
1117 2079 1330 2152 (Matth.
1373 2097 1499 2146 xxv,
1549 2079 1660 2152 '55).
1690 2081 1796 2135 Sed
1851 2094 2027 2152 neque

453 2171 797 2228 advenientes
827 2170 1055 2245 hospitio
1093 2179 1361 2236 carentes,
1394 2171 1447 2225 in
1485 2171 1674 2226 domos
1708 2185 1834 2226 suas
1870 2171 2028 2226 aliter

455 2260 739 2334 rccipiunt,
764 2259 864 2318 nisi
894 2259 1043 2332 prius
1064 2261 1180 2330 pari
1207 2261 1559 2314 conventione
1587 2269 1877 2325 statuatur,
1899 2261 2028 2330 quid

452 2366 552 2422 pro
582 2351 716 2414 solo,
741 2351 870 2424 quid
911 2365 1009 2424 pro
1037 2351 1262 2420 singulis
1286 2351 1456 2415 vasis,
1486 2351 1610 2420 quid
1639 2367 1737 2420 pro
1763 2351 1886 2421 igne
1932 2365 2028 2408 ac-

453 2456 638 2505 censo,
676 2449 732 2496 et
754 2441 966 2498 caeteris
1002 2441 1302 2502 innumeris
1349 2441 1530 2507 rebus,
1577 2442 1772 2510 quibus
1798 2443 1880 2498 usi
1907 2443 2029 2500 fue-

454 2533 582 2593 rint,
617 2531 745 2585 dare
789 2531 1040 2586 debeant.
1072 2530 1268 2591 Verum
1299 2533 1344 2587 si
1374 2533 1658 2602 contigerit
1683 2541 1743 2587 ut
1769 2534 1887 2590 sine
1926 2535 2029 2590 hac

451 2619 704 2690 pactione
734 2635 826 2674 eos
857 2621 1088 2690 primum
1117 2619 1309 2678 blande
1344 2635 1406 2674 ac
1447 2620 1710 2675 simulata:
1747 2621 2028 2682 charitatis

452 2709 631 2765 oﬂicio
678 2711 948 2780 suscipere
979 2710 1281 2774 vidcantur,
1325 2719 1473 2764 tanto
1522 2711 1679 2769 taedio
1723 2720 1907 2780 postea
1933 2727 2028 2766 eos

451 2801 710 2865 alliciunt,
761 2810 819 2854 ut
871 2800 1172 2854 nullatenus
1221 2800 1522 2868 quiescant,
1563 2799 1732 2855 donec
1790 2801 1843 2854 id
1883 2799 2026 2870 quod

450 2905 612 2948 avare
656 2891 726 2945 ab
773 2891 852 2944 eis
880 2890 1118 2959 exigunt,
1171 2905 1264 2943 eos
1304 2889 1432 2943 dare
1482 2888 1822 2958 compellant.
1873 2889 2024 2957 Quod

450 2982 650 3037 factum
691 2997 720 3035 a
750 2981 1056 3036 Christiana
1086 2979 1345 3050 religione
1373 2979 1444 3032 ita
1475 2979 1752 3045 abhorret,
1790 2988 1848 3033 ut
1872 2981 2023 3050 quis-

2127 1809 2245 1872 bus,
2275 1817 2491 1880 accepta
2522 1797 2649 1864 Deo.
2680 1808 2829 1864 Unde
2868 1810 3125 1864 Dominus
3165 1809 3322 1864 Jesus
3367 1811 3419 1864 in
3455 1811 3699 1881 Evange-

2127 1901 2220 1965 lio,
2251 1915 2373 1955 cum
2402 1900 2704 1968 quicunque
2734 1899 2943 1953 dederit
2967 1899 3160 1968 hospiti
3197 1909 3380 1968 potum
3404 1915 3554 1968 aqute
3600 1901 3700 1954 fri—

2125 1990 2281 2060 gidaa,
2323 1989 2622 2045 ctelestium
2663 1989 2857 2042 asserit
2898 1989 3239 2056 praemiorum
3275 2004 3382 2042 non
3423 1997 3695 2042 exsortem

2126 2077 2365 2133 futurum
2403 2078 2614 2149 (Matth.
2640 2094 2693 2142 ι,
2722 2078 2832 2150 42).
2857 2098 2876 2130 ι
2907 2077 3042 2148 Aug.
3076 2079 3130 2132 in
3157 2078 3249 2136 lib.
3277 2079 3594 2133 Sermonum
3624 2091 3651 2119 ι
3678 2097 3694 2134 :

2132 2189 2150 2222 ι
2180 2171 2452 2241 Cogimur,
2495 2170 2689 2240 inquit,
2723 2170 2865 2240 loqui
2888 2170 3038 2226 vobis
3066 2171 3207 2240 quod
3237 2185 3342 2226 non
3368 2171 3652 2226 debuimus
3679 2189 3692 2224 :

2126 2261 2367 2316 invenire
2403 2262 2544 2316 enim
2584 2262 2636 2315 in
2672 2261 2825 2316 vobis
2855 2261 3135 2316 debuimus
3161 2260 3305 2330 quod
3331 2260 3692 2324 laudaremus,

2128 2364 2232 2404 non
2262 2365 2502 2419 quaerere
2531 2350 2674 2419 quod
2717 2350 3148 2404 admoneremus.
3179 2349 3318 2405 Ecce
3357 2359 3536 2404 tamen
3574 2349 3700 2404 bre-

2125 2441 2268 2495 viter
2323 2440 2462 2504 dico,
2508 2455 2614 2494 non
2675 2439 2954 2494 immoror.
2998 2438 3284 2510 Agnoscite
3354 2439 3696 2509 hospitalitas

2127 2539 2256 2595 tem,
2287 2545 2385 2599 per
2410 2531 2551 2584 hanc
2575 2538 2889 2600 perventum
2912 2538 2995 2585 est
3019 2530 3087 2584 ad
3116 2532 3317 2596 Deum;
3347 2532 3575 2600 suspicis
3603 2533 3698 2586 hoe

2127 2621 2344 2690 spitem,
2393 2619 2547 2689 cujus
2577 2628 2632 2675 et
2663 2629 2717 2676 tu
2759 2636 2818 2676 es
2856 2635 3037 2677 comes
3073 2621 3128 2676 in
3169 2621 3297 2675 via:
3337 2621 3462 2691 quia
3505 2637 3698 2678 omnes

2125 2711 2394 2781 peregrini
2439 2727 2646 2767 sumus.
2689 2711 2810 2781 Ipse
2851 2719 2936 2768 est
2981 2710 3354 2776 Christianus,
3401 2711 3495 2782 qui
3536 2719 3592 2767 et
3637 2713 3696 2767 in

2127 2800 2284 2854 domo
2322 2815 2416 2854 sua
2461 2809 2517 2855 et
2550 2801 2603 2854 in
2648 2801 2823 2871 patria
2868 2816 2966 2858 sua
3003 2801 3342 2873 peregrinum
3371 2816 3428 2855 se
3457 2815 3576 2856 esse
3603 2815 3696 2856 co-

2125 2890 2352 2959 gnoscit.
2385 2890 2565 2946 Patria
2604 2900 2788 2946 nostra
2817 2908 3029 2947 sursum
3057 2902 3160 2957 est,
3203 2893 3275 2948 ibi
3305 2892 3546 2961 hospites
3585 2907 3694 2947 non

2126 2979 2328 3034 erimus
2353 2998 2364 3033 :
2391 2996 2512 3033 nam
2539 2981 2907 3050 unusquisque
2929 2981 3018 3036 hic
3041 2991 3096 3036 et
3121 2981 3177 3036 in
3198 2983 3354 3036 domo
3377 2997 3474 3038 sua
3497 2982 3695 3063 hospes

449 3073 572 3149 quis
597 3072 719 3126 huic
765 3071 896 3124 vitio
946 3044 1224 3134 incumbit,
1269 3068 1395 3123 licet
1421 3069 1660 3134 nomine,
1706 3044 2022 3124 nontamen
2051 3044 2094 3105 (ἶ
2127 3078 2241 3134 est,
2291 3071 2383 3125 sed
2427 3071 2657 3126 dimittet
2697 3044 2851 3126 illam
2903 3073 3116 3127 domum
3157 3071 3280 3129 ﬁliis
3320 3073 3454 3140 suis,
3497 3044 3697 3142 hospes

451 3183 611 3245 opere
635 3165 924 3238 discipulus
949 3164 1147 3220 Christi
1176 3164 1394 3218 existat.
1418 3162 1516 3218 llic
1539 3172 1716 3218 autem
1745 3163 1812 3217 ab
1834 3164 2022 3224 eodem

452 3257 666 3312 Christo
695 3257 746 3310 in
779 3255 1038 3310 tremendi
1070 3253 1333 3308 examinis
1358 3252 1443 3310 die
1473 3250 1598 3323 (nisi
1647 3267 1705 3308 se
1735 3261 2021 3326 antequam

450 3347 591 3401 diem
622 3346 834 3400 claudat
877 3353 1200 3410 extremum,
1229 3340 1545 3412 correxerit)
1588 3341 1904 3401 benedictus
1931 3357 2023 3400 vo-

450 3437 560 3493 cari
591 3452 697 3490 non
731 3434 1045 3497 merebitur,
1095 3432 1282 3486 eodem
1339 3431 1548 3486 dicente
1601 3430 1654 3483 in
1683 3430 1971 3500 Evangelio
2004 3444 2019 3488 ς

457 3524 655 3587 Venite,
683 3521 934 3577 benedicti
978 3519 1158 3575 Patris
1199 3520 1322 3586 mei,
1350 3519 1596 3590 percipite
1620 3536 1832 3596 regnum
1857 3535 1874 3573 :
1897 3521 2019 3588 quia

450 3615 632 3688 hospes
661 3613 760 3682 fui,
784 3621 830 3666 et
855 3611 1132 3682 collegistis
1163 3628 1265 3676 me,
1290 3619 1344 3664 et
1370 3619 1563 3664 caetera
1590 3609 1776 3681 (Ibid.,
1902 3607 2016 3680 54).

448 3706 579 3767 Cum
623 3723 727 3778 qua
771 3722 900 3776 ergo
937 3705 1130 3760 ﬁducia
1180 3705 1320 3760 diem
1357 3712 1633 3776 exspectat
1679 3703 1889 3774 judicii,
1927 3705 2016 3773 qui

449 3801 722 3858 Christum
755 3799 808 3859 in
854 3796 1153 3866 hospitibus
1182 3796 1360 3850 renuit
1405 3795 1712 3865 suscipere?
1739 3795 2018 3850 lnhumani

449 3891 630 3959 itaque
671 3889 814 3942 circa
846 3885 1265 3955 hospitalitatem
1303 3885 1536 3939 audituri
1587 3892 1712 3939 sunt
1741 3902 1754 3942 ;
1783 3884 2018 3944 Recedite

445 3983 499 4035 in
530 3981 698 4054 ignem
746 3988 994 4032 (uernum
1026 3975 1214 4048 (Ibid.,
1266 3973 1386 4046 Η).
1421 3975 1651 4029 Humani
1675 3990 1804 4030 vero
1839 3985 1894 4034 et
1919 3977 2017 4032 be-

446 4071 618 4126 nevoli
645 4089 656 4124 :
697 4067 896 4134 Venite,
913 4068 1162 4122 benedicti
1183 4065 1362 4120 Patris
1385 4067 1504 4131 mei,
1529 4066 1772 4136 percipite
1802 4084 2016 4138 regnum

444 4159 583 4230 quod
628 4158 769 4214 vobis
820 4169 1061 4227 paratum
1091 4166 1164 4210 est
1219 4155 1284 4208 ab
1332 4155 1528 4226 origine
1574 4156 1757 4208 mundi
1808 4155 2014 4224 (Ibid.,

449 4249 562 4315 54).
683 4245 820 4302 Ecce
867 4244 1079 4313 qualem
1124 4243 1552 4298 benedictionem
1598 4243 2012 4313 hospitalitatem

445 4346 714 4391 sectantes
746 4336 1050 4408 percepturi
1078 4344 1239 4389 sunt:
1273 4334 1468 4388 adhoc
1501 4350 1694 4402 nempe
1722 4335 2011 4389 Christiani

2127 3159 2445 3228 hospitibus.
2475 3157 2685 3226 Quare?
2716 3161 2782 3215 Et
2805 3161 2860 3214 in
2883 3161 3092 3216 stabulo
3118 3162 3164 3216 si
3193 3177 3358 3226 esses,
3382 3177 3563 3218 nonne
3587 3162 3695 3218 alio

2123 3252 2372 3306 veniente
2399 3251 2739 3315 discederes?
2770 3253 2880 3308 Hoc
2907 3253 3040 3309 facis
3065 3262 3122 3308 et
3145 3253 3199 3309 in
3231 3256 3387 3310 domo
3414 3263 3527 3309 tua.
3563 3254 3696 3310 Ces-

2124 3343 2194 3398 sit
2221 3344 2314 3398 tibi
2344 3343 2518 3398 locum
2546 3353 2700 3415 pater
2729 3354 2873 3408 tuus,
2903 3360 3153 3403 cessurus
3181 3361 3240 3402 es
3279 3346 3404 3402 ﬁliis
3435 3347 3562 3412 tuis,
3589 3361 3694 3403 nec

2123 3449 2410 3489 mansurus
2435 3449 2640 3501 manes,
2665 3451 2762 3490 nec
2775 3451 3088 3494 mansurum
3102 3437 3392 3507 relinques.
3421 3437 3480 3492 Si
3503 3452 3693 3494 omnes

2123 3523 2439 3589 transimus,
2480 3524 2681 3594 aliquid
2711 3536 2854 3594 quoa
2882 3525 3113 3580 transire
3139 3542 3244 3582 non
3274 3534 3469 3595 potest,
3500 3542 3693 3598 opere-.

2123 3632 2264 3682 mur,
2294 3625 2353 3671 ut
2389 3633 2510 3672 cum
2539 3618 2930 3682 transierimus,
2959 3626 3016 3673 et
3047 3618 3173 3673 illuc
3197 3621 3523 3684 venerimus,
3548 3619 3692 3674 unde

2121 3722 2227 3760 non
2259 3715 2618 3771 transeamus,
2645 3721 2807 3778 opera
2843 3717 3026 3762 nostra
3055 3709 3193 3762 bona
3222 3709 3293 3762 ibi
3329 3709 3685 3763 inveniamus.

2119 3795 2312 3850 Custos
2338 3805 2421 3851 est
2446 3795 2712 3862 Christus,
2736 3797 2862 3866 quid
2898 3796 3056 3853 times
3081 3812 3148 3852 ne
3176 3798 3371 3867 perdas
3396 3797 3541 3866 quod
3566 3812 3690 3853 ero-.-

2120 3884 2291 3955 gas?»

2187 3996 2478 4067 Gregorius
2522 3996 2576 4050 in
2608 3995 2958 4052 Moralibuszc
2974 3997 3401 4068 Hospitalitatem
3432 3997 3718 4052 fraterni-'

2118 4090 2244 4144 tatis
2275 4104 2478 4154 amare,
2529 4088 2808 4144 charitatis
2852 4103 3012 4157 opera
3056 4088 3297 4158 diligere,
3331 4089 3483 4142 nobis
3529 4087 3686 4142 valde

2116 4179 2478 4234 necessarium
2524 4185 2642 4242 est;
2680 4178 2823 4231 unde
2868 4181 3113 4248 egregius
3160 4177 3486 4240 Przedicator
3527 4177 3686 4231 nobis

2117 4276 2346 4336 utraque
2371 4267 2753 4322 commendans
2787 4267 2863 4321 ait
2885 4253 2910 4320 τ’
2934 4267 3178 4321 Charitas
3203 4267 3547 4337 fraternitatis
3569 4284 3684 4321 nia-.-

2118 4367 2234 4409 neat
2265 4358 2316 4409 in
2339 4357 2496 4410 vobis.
2521 4356 2608 4422 Et,
2633 4356 3032 4426 hospitalitatem
3064 4357 3218 4411 nolite
3239 4357 3468 4411 oblivisci
3494 4356 3678 4428 (Hebr.

445 4427 617 4480 vocati
654 4405 870 4489 sumus,
920 4423 1018 4489 Ut,
1069 4432 1299 4477 testante
1350 4424 1509 4476 beato
1557 4423 1716 4488 Petro
1751 4425 2008 4493 apostolo,

2123 4405 2235 4509 a1;
2266 4405 3682 4517 ιδ]ιιέεᾷιυῖξιιῖιιιῖέρἔέιῖέίζέιὸιξιέέιιιιἰζιιέιιζιιδξρὲἱειζ

445 4514 676 4566 eamdem
691 4511 1091 4564 benedictionem
1111 4510 1414 4577 ha’reditate
1426 4511 1782 4584 possideamus
1797 4513 1847 4584 (I
1864 4511 2006 4578 Petr.

447 4620 532 4669 ιιι,
565 4603 639 4674 9).

514 4691 769 4761 Quisquis
804 4689 891 4754 illa
920 4706 976 4746 se
1006 4689 1208 4760 privari
1257 4688 1428 4754 timet,
1471 4704 1692 4746 necesse
1733 4700 1818 4747 est
1849 4701 1910 4746 ut
1956 4692 2010 4751 in

445 4781 546 4836 hac
591 4780 1020 4849 peregrinatione
1070 4777 1424 4846 hospitalitati
1479 4779 1709 4842 studeat,
1769 4781 2012 4847 Qualiter

443 4880 620 4926 autem
653 4871 906 4935 sectanda
936 4870 1026 4933 sit,
1055 4884 1120 4923 ea
1145 4884 1264 4948 quae
1291 4877 1589 4948 sequuntur
1629 4872 1865 4927 breviter
1891 4875 2016 4928 insi-

444 4971 628 5018 nuant.
660 4962 752 5016 Ait
781 4961 924 5016 enim
970 4960 1135 5024 Isaias
1160 4961 1419 5040 prOpheta
1451 4979 1462 5014 :
1495 4959 1803 5032 Peregrinos
1833 4981 2014 5036 vagos-

444 5075 544 5129 que
566 5058 724 5111 induc
771 5056 824 5108 in
847 5055 1058 5116 domum
1088 5063 1231 5107 tuam
1259 5052 1414 5124 (Isai.
1439 5069 1587 5119 Lvtu,
1608 5054 1828 5126 7).,lob:
1855 5055 2012 5112 Foris

443 5169 544 5205 non
576 5151 766 5206 mansit
795 5148 1136 5219 peregrinus:
1168 5148 1358 5200 ostium
1404 5163 1575 5200 meum
1617 5149 1803 5200 uiatori
1846 5151 2012 5218 patuit

442 5239 564 5309 (Job
589 5255 739 5304 xm,
765 5237 876 5309 5‘2).
907 5237 974 5290 Et
1013 5237 1065 5290 in
1104 5236 1430 5306 Evangelio:
1462 5235 1663 5307 Hospes
1694 5238 1790 5306 fui,
1823 5250 1870 5292 et
1893 5239 2003 5293 col-

443 5328 636 5397 legistis
685 5344 764 5380 me
804 5321 1263 5398 (Hatth.xxv,'55).
1311 5321 1543 5378 Petrus:
1584 5323 2002 5394 Hopitalitatem,

442 5417 633 5484 inquit,
650 5425 920 5469 sectantes.
936 5413 1158 5467 Paulus:
1177 5411 1419 5465 Charitas
1434 5411 1775 5481 fraternitatis
1797 5422 2004 5468 maneat

441 5509 495 5560 in
525 5508 660 5560 vobis
702 5507 878 5578 (Rom.
907 5520 1026 5572 xui,
1059 5507 1142 5571 t).
1194 5503 1278 5566 Et,
1309 5502 1658 5573 hospilitatcm
1698 5504 1856 5559 nolite
1874 5505 2004 5559 obli-

511 5631 538 5658 α
581 5619 651 5674 De
679 5615 1085 5685 verbisDomini
1109 5632 1270 5672 serm.
1300 5616 1386 5671 52.

2111 4537 2278 4592 litatis
2313 4538 2540 4607 gratiam
2568 4552 2690 4591 eum
2721 4536 3051 4607 benignitate
3097 4535 3352 4591 fratribus
3382 4537 3680 4594 habendam

2113 4628 2268 4682 nobis
2308 4628 2649 4682 commendat
2695 4629 2880 4682 dicens
2921 4645 2933 4680 :
2979 4626 3276 4697 Hospitales
3316 4627 3528 4680 invicem
3570 4628 3683 4680 sine

2113 4717 2524 4770 murmuratione
2550 4716 2600 4787 (Ι
2626 4715 2866 4781 Petr.1v,
2891 4714 2965 4787 9).
2994 4715 3130 4769 Hinc
3150 4716 3262 4784 ipsa
3280 4715 3487 4768 Veritas
3507 4714 3638 4768 dicit
3663 4734 3677 4768 :

2115 4803 2315 4874 Hospes
2355 4805 2456 4874 fui,
2482 4814 2529 4858 et
2559 4806 2852 4875 suscepistis
2880 4821 2960 4858 me
2995 4804 3209 4874 (Matth.
3235 4819 3359 4867 xxv,
3387 4802 3499 4873 35).
3545 4803 3678 4858 Mira

2109 4893 2308 4962 pietate
2350 4893 2673 4964 Redemptor
2703 4902 2888 4950 noster
2915 4894 3152 4964 loquitur
3179 4909 3247 4948 ex
3281 4907 3504 4948 suorum
3530 4908 3686 4948 eom-

2110 4983 2358 5053 passione
2383 4984 2775 5051 membrorum,
2807 4985 2992 5040 dicens
3027 5003 3039 5038 :
3077 4985 3432 5054 Quodcunque
3479 4987 3572 5038 uni
3614 5001 3681 5039 ex

2109 5075 2337 5127 minimis
2367 5075 2493 5135 meis
2539 5075 2751 5143 fecistis,
2802 5077 2930 5129 mihi
2959 5078 3154 5146 fecistis
3198 5077 3383 5150 (lbid.,
3415 5077 3681 5148 40).»Ιρεθ

2111 5165 2274 5235 igitur
2301 5182 2398 5220 nos
2423 5182 2520 5236 per
2553 5168 2654 5221 hoc
2680 5167 2816 5240 [qui]
2841 5179 3003 5240 caput
3034 5179 3277 5225 nostrum
3304 5179 3408 5235 est,
3436 5169 3678 5236 adjuvat,

2108 5255 2201 5324 qui
2230 5270 2327 5324 per
2360 5265 2542 5310 nostra
2573 5258 2711 5312 bona
2741 5274 2904 5327 opera
2942 5261 2996 5314 in
3022 5261 3135 5316 suis
3170 5261 3423 5315 membris
3455 5259 3680 5328 adiuvas

2110 5352 2215 5398 tur.
2266 5347 2600 5402 Pensandum
2667 5358 2750 5403 est
2813 5351 2968 5404 nobis
3023 5358 3286 5420 quantum
3338 5350 3678 5420 hospitalitas

2110 5434 2361 5490 fraterna:
2401 5439 2786 5506 compassionis
2829 5440 3024 5506 valeat,
3069 5450 3330 5510 quantum
3377 5457 3474 5496 nos
3501 5443 3676 5507 omni-

2109 5526 2310 5593 potenti
2368 5525 2592 5581 Domino
2642 5529 3018 5586 misericordia:
3055 5532 3262 5588 viscera
3319 5535 3667 5604 coniungant,
