4030 6190
333 332 446 388 255

1294 332 1382 386 DE
1419 329 1902 388 lNSTlTUTlONE
1946 331 2231 387 LAICAIJ.
2273 363 2341 373 ——
2381 333 2504 389 LIB.
2546 334 2635 388 lll.

3466 345 3571 404 234

331 446 467 498 huic
521 443 666 496 enim
702 442 754 497 ei
786 443 907 512 qui,
935 452 1018 497 cst
1072 461 1255 516 super,
1284 424 1481 500 omnia.
1516 447 1912 517 appropinqua-
1939 452 1990 507 Α
2018 454 2093 498 tet
2119 460 2248 515 ergo
2287 453 2345 498 ut
2384 446 2752 516 unusquisque
2778 447 2948 507 tidelis
2990 448 3230 522 regulam
3254 450 3575 511 Christiani-

330 550 484 599 tnus,
510 533 653 587 unde
680 547 779 587 nos
803 548 899 603 per
922 537 1346 605 compassionem
1370 538 1600 606 proximi
1625 538 1788 591 etiam
1812 536 1912 591 sub

330 624 700 691 nosmetipsos
729 623 1064 692 deponimus.
1093 624 1149 678 ln
1177 626 1337 683 rebus
1360 627 1726 698 corporalibus
1752 642 1909 682 nemo

331 712 443 766 alta
482 712 682 782 tangit,
724 713 828 767 nisi
876 715 968 782 qui
1013 716 1266 771 tenditur.
1316 717 1375 771 In
1419 716 1580 772 rebus
1621 731 1747 772 vero
1794 717 1904 787 spi—

334 803 611 869 ritalibus,
637 813 842 858 certum
877 814 962 861 est
991 806 1118 878 quia
1148 814 1350 875 quanto
1377 807 1497 877 plus
1531 822 1628 878 per
1665 822 1907 877 compas-

334 893 550 948 sionem
600 894 943 960 attrahimur,
991 904 1141 955 tanto
1183 897 1345 957 altius
1382 906 1437 952 et
1476 896 1656 958 verius
1696 898 1907 973 propiu-

332 997 590 1051 quamus.
1718 1038 1723 1045 ι

420 1070 583 1127 Plura
631 1072 813 1146 itaque
856 1082 1164 1128 sanctorum
1210 1073 1428 1134 Patrum
1471 1083 1690 1135 exstant
1736 1075 1906 1131 docu—

334 1173 542 1226 menta,
570 1176 691 1231 quae
723 1163 812 1218 hic
838 1164 907 1217 ob
937 1164 1256 1218 brevitatem
1282 1180 1389 1219 non
1419 1175 1709 1235 ponuntur.
1736 1164 1905 1234 Opor-

2020 539 2144 592 tatis
2186 538 2242 591 in
2286 538 2542 593 sectanda
2589 539 2951 609 hospitalitate
2992 542 3300 609 custodiat,
3347 561 3577 621 eamque

2015 626 2215 682 Christi
2249 642 2453 691 amore,
2476 643 2579 681 non
2608 627 2869 683 mercedis
2890 631 3200 700 temporalis
3222 633 3578 694 retributione

2013 723 2266 770 sectetur.
2307 713 2475 769 Nemo
2514 716 2729 785 quidem
2760 727 3132 789 paupertatem
3173 722 3466 788 obtendat,
3496 725 3579 780 di-

2013 807 2212 865 cendo:
2236 807 2352 861 Non
2377 822 2595 876 possum
2621 808 2859 877 hospites
2878 810 3170 882 suscipere,
3191 814 3444 883 quoniam
3467 832 3577 881 non

2012 896 2185 954 habeo
2209 895 2346 955 unde
2368 894 2473 953 illis
2495 895 2793 951 necessaria
2812 896 3141 955 ministram:
3165 901 3289 971 quia
3314 901 3576 963 Dominus
3638 935 3642 941 -

2011 982 2168 1041 Jesus
2198 983 2446 1039 Christus
2473 992 2533 1042 ut
2577 984 2718 1039 hanc
2761 985 3098 1048 occasionem
3138 987 3365 1055 tolleret,
3409 992 3573 1046 etiam

2012 1075 2078 1130 de
2118 1074 2286 1130 calice
2327 1090 2481 1145 aqua:
2521 1074 2722 1145 frigidae
2750 1077 2952 1135 sitienti
2990 1088 3239 1148 porrecto
3274 1097 3333 1139 se
3367 1098 3575 1143 mercev

2010 1163 2132 1221 dem
2160 1163 2428 1232 pollicitus
2455 1173 2539 1219 est
2566 1165 2914 1221 redditurum.

1898 1287 3576 1331 -ῄ--β--τ--ι--ι--ηη

1563 1391 1865 1474 LIBER
1935 1389 2406 1468 TERTIUS.

854 1627 1076 1684 CAPUT
1114 1627 1399 1687 PRIMUM.

938 1718 1015 1773 De
1048 1719 1319 1776 charitate.

406 1811 498 1865 llle
515 1810 836 1866 charitatem
858 1811 1037 1875 habet,
1053 1812 1143 1879 qui
1163 1790 1219 1864 ei.
1236 1811 1402 1869 Deum
1425 1809 1543 1882 plus
1565 1824 1726 1879 quam
1750 1823 1831 1874 se,
1852 1816 1909 1863 et

332 1904 643 1972 proximum
685 1910 937 1971 tanquam
972 1915 1030 1956 se
1049 1942 1064 1967 ,
1095 1901 1300 1970 diligit:
1342 1900 1409 1955 In
1438 1901 1518 1954 his
1543 1900 1745 1954 duobus
1770 1915 1906 1970 prte-

332 1992 493 2060 ceptis
518 2001 627 2044 tota
655 1989 739 2044 lea:
760 1989 963 2060 pendet,
999 1999 1048 2047 et
1075 1989 1337 2061 prophetis
1362 1986 1573 2058 (Matth.
1611 2003 1747 2051 χχιι,
1783 1986 1895 2055 40).

333 2080 507 2135 Porro
534 2079 962 2137 Christianorum
990 2079 1264 2149 proprium
1304 2086 1389 2133 est
1425 2086 1480 2131 et
1516 2077 1750 2135 amicum
1778 2074 1901 2133 dili-

326 2185 463 2241 gere
484 2170 537 2224 in
566 2170 693 2233 Deo,
710 2177 766 2225 et
784 2169 1061 2227 inimicum
1080 2176 1300 2238 propter
1322 2166 1511 2223 Deum.
1538 2164 1687 2223 Unde
1707 2165 1905 2223 dicitur

327 2261 385 2314 in
438 2258 687 2330 psalmo:
728 2256 915 2315 Latum
962 2247 1264 2312 mandatum
1309 2264 1457 2309 tuum
1507 2253 1660 2308 nimis
1707 2250 1898 2325 (Psal.

325 2366 524 2417 cum,
571 2350 682 2421 96).
722 2348 846 2404 ideo
892 2349 1058 2403 latum
1088 2348 1285 2403 dicitur
1312 2347 1661 2411 mandatum,
1690 2346 1814 2415 quia
1849 2354 1905 2400 et

327 2442 571 2496 amicum
600 2448 657 2494 et
697 2438 972 2495 inimicum
1018 2437 1135 2510 pari
1180 2436 1464 2492 dilectione
1501 2435 1900 2506 complectitur.

326 2527 535 2584 Judzeis
568 2543 761 2597 nempe
789 2527 955 2582 moris
982 2534 1066 2580 est
1100 2527 1329 2581 amicum
1357 2525 1609 2594 diligere,
1640 2535 1697 2580 et
1721 2525 1903 2580 inimi-

323 2637 458 2677 cum
481 2620 621 2675 odiis
650 2618 1069 2677 exsecrabilibus
1095 2618 1365 2675 insectari.
1405 2616 1729 2675 Christianis
1772 2632 1904 2671 vero

328 2722 592 2781 uterque,
616 2709 842 2766 Domino
864 2708 1208 2783 praecipiente
1228 2708 1283 2762 in
1312 2708 1619 2779 Evangelia,
1644 2723 1797 2781 aeque
1824 2708 1905 2761 di-

324 2804 583 2874 ligendus
607 2811 725 2857 est:
764 2801 1019 2866 Audistis,
1050 2801 1255 2870 inquit,
1290 2801 1412 2871 quia
1439 2801 1635 2855 dictum
1656 2810 1729 2854 est
1761 2801 1902 2855 anti-

318 2896 447 2964 quis
472 2908 491 2945 :
532 2892 726 2964 Diliges
753 2894 1045 2964 proximum
1083 2902 1252 2958 tuum,
1276 2901 1323 2949 et
1352 2893 1471 2946 odio
1499 2891 1705 2947 habebis
1730 2892 1904 2948 inimi-

317 3003 449 3041 cum
478 2995 648 3039 tuum.
677 2983 790 3053 Ego
832 2992 1006 3036 autem
1048 2982 1162 3039 dico
1200 2982 1382 3038 vobis:
1416 2981 1630 3052 Diligite
1665 2984 1901 3037 inimicas

322 3085 547 3138 vestras,
577 3072 858 3141 benefacite
880 3072 961 3126 his
987 3072 1075 3143 qui
1112 3071 1334 3125 oderunt
1377 3087 1496 3132 vos,
1546 3082 1592 3127 et
1632 3082 1775 3126 orate
1807 3090 1900 3142 pro

317 3167 754 3240 persequentibus
787 3175 836 3221 et
863 3160 1301 3219 calumniantibus
1333 3180 1437 3230 vos,
1462 3173 1515 3218 ut
1544 3164 1656 3219 sitis
1675 3164 1775 3233 ﬁlii
1802 3162 1903 3218 Pa—

316 3257 429 3315 tris
458 3255 609 3310 vestri
636 3254 724 3325 qui
749 3255 801 3311 in
834 3252 971 3308 caelis
996 3261 1108 3317 est;
1135 3252 1221 3323 qui
1247 3251 1406 3308 solem
1433 3270 1587 3309 suum
1612 3255 1740 3311 oriri
1772 3255 1899 3324 facit

315 3364 489 3416 super
509 3347 669 3399 bonos
694 3354 743 3399 et
766 3344 953 3409 malos,
976 3354 1022 3397 et
1047 3343 1177 3415 pluit
1202 3361 1357 3415 super
1371 3346 1545 3415 justas
1575 3356 1623 3400 et
1644 3347 1896 3415 injustas,

317 3447 439 3491 etc.
465 3434 678 3505 (Matth.
703 3450 736 3489 ν
754 3475 769 3500 ,
791 3434 862 3494 45
888 3433 1042 3506 seq.).
1075 3433 1142 3488 Et
1169 3434 1294 3493 alibi
1317 3449 1333 3488 :
1375 3434 1683 3495 Mandatum
1712 3454 1898 3497 novum

315 3527 396 3580 do
435 3525 595 3591 vobis,
620 3534 676 3579 ut
700 3541 784 3579 vos
823 3525 1039 3579 invicem
1077 3525 1328 3595 diligatis.
1366 3525 1434 3579 In
1462 3527 1557 3580 hac
1594 3539 1898 3599 cognoscent

317 3632 509 3669 omnes
535 3619 672 3685 quod
697 3614 798 3669 mei
822 3613 1063 3683 discipuli
1096 3617 1216 3668 estis
1233 3655 1247 3679 ,
1278 3614 1324 3673 si
1357 3615 1680 3671 dilectionem
1705 3618 1900 3673 habue-

318 3706 447 3759 ritis
474 3705 544 3759 ad
580 3706 791 3762 inuicem
818 3703 997 3773 (Joan.
1034 3719 1151 3768 xui,
1189 3704 1299 3776 54).
1329 3704 1384 3765 in
1415 3706 1516 3764 hac
1543 3707 1737 3779 quippe
1763 3724 1898 3778 pra:-

318 3797 578 3863 ccptione
604 3811 710 3851 non
738 3796 908 3853 solum
934 3796 1112 3858 amici,
1150 3811 1334 3857 verum
1359 3797 1520 3856 etiam
1547 3797 1746 3854 inimici
1774 3815 1899 3860 con-

321 3889 537 3945 tinetur
564 3888 814 3947 dilectio:
852 3903 952 3942 nec
985 3887 1248 3958 quispiam
1280 3887 1499 3959 gloriari
1534 3899 1715 3961 potest
1738 3907 1894 3948 vera-

317 3980 467 4045 citer
496 3993 555 4034 se
581 3979 747 4039 Deum
772 3978 1016 4049 diligere,
1057 3979 1103 4035 si
1128 3980 1196 4034 ab
1225 3979 1425 4039 inimici
1449 3993 1476 4026 α
1514 3983 1898 4041 exorbitaverit

316 4072 633 4127 dilectione.
662 4071 919 4127 Dominus
943 4074 1085 4134 enim
1119 4073 1172 4129 in
1200 4073 1486 4143 Evangelia
1514 4074 1621 4128 ait:
1661 4074 1722 4130 Si
1759 4077 1896 4136 enim

320 4161 631 4215 dimiseritis
659 4162 951 4219 hominibus
991 4170 1203 4233 peccata
1245 4180 1451 4229 eorum,
1492 4164 1714 4220 dimittet
1752 4167 1894 4221 vobis

319 4249 496 4305 Pater
523 4261 683 4305 uester
704 4250 918 4308 caelestis
943 4263 1151 4323 peccata
1172 4262 1358 4308 vestra.
1386 4253 1447 4308 Si
1468 4271 1572 4308 non
1592 4254 1894 4309 dimiseritis

318 4341 643 4407 hominibus,
671 4358 762 4396 nec
792 4340 954 4397 Pater
978 4352 1139 4397 vester
1159 4343 1385 4413 dimittet
1411 4342 1548 4399 vobis
1577 4355 1788 4413 peccata
1815 4360 1893 4398 ve-

316 4444 437 4487 stra
462 4429 677 4503 (Matth.
713 4448 789 4497 vr.
819 4433 928 4505 14).
964 4433 1046 4493 Ad
1068 4442 1176 4495 tam
1212 4450 1461 4504 magnum
1490 4435 1803 4500 tonitruum,
1833 4444 1893 4489 ut

316 4529 519 4585 beatus
542 4527 870 4598 Augustinus
895 4528 1003 4592 ait,
1034 4527 1154 4597 quis
1193 4542 1298 4581 non
1334 4527 1766 4598 expergiscitur?
1798 4529 1890 4598 qui

315 4632 432 4671 non
463 4617 684 4681 dormit,
710 4617 802 4672 sed
831 4612 1075 4673 mortuus
1103 4625 1186 4672 est
1214 4635 1226 4670 :
1267 4617 1362 4674 sed
1388 4626 1565 4678 tamen
1592 4626 1784 4687 potens
1808 4628 1891 4673 est

312 4706 584 4762 Dominus
613 4705 775 4759 etiam
802 4715 1043 4763 mortuos
1070 4705 1351 4759 suscitare.

392 4795 471 4851 De
494 4795 757 4851 charitate
784 4804 964 4867 autem
995 4792 1247 4853 Salomon
1279 4794 1351 4851 ita
1383 4795 1512 4849 dicit
1537 4812 1549 4846 :
1580 4792 1775 4853 Odium
1798 4811 1886 4848 su-

310 4888 475 4945 uitat
498 4888 661 4949 rixas.
705 4897 752 4940 et
781 4886 1020 4944 universa
1042 4886 1229 4939 delicta
1254 4886 1419 4956 aperit
1448 4885 1678 4939 charitas
1705 4882 1886 4952 (Prov.

312 4992 372 5040 ι,
397 4976 514 5047 12).
549 4975 743 5033 Petrus
766 4994 779 5028 :
816 4976 947 5029 Ante
971 4975 1164 5037 omnia,
1207 4975 1413 5046 inquit,
1440 4975 1494 5035 in
1519 4974 1888 5044 vobismetipsis

310 5064 624 5123 charitatem
648 5062 949 5123 continuam
987 5062 1261 5128 habentes,
1291 5064 1413 5134 quia
1453 5062 1680 5123 charitas
1725 5063 1889 5132 aperit

310 5156 705 5233 multitudinem
735 5165 1064 5226 peccatorum
1108 5155 1172 5227 (Ι
1212 5155 1357 5213 Patr.
1402 5173 1484 5223 iv,
1518 5154 1603 5227 8).
1650 5156 1883 5215 Paulus:

311 5249 563 5302 Charitas
588 5248 787 5315 patiens
812 5256 907 5311 est.
947 5249 1164 5319 benigna
1203 5259 1309 5314 est,
1351 5258 1407 5303 et
1430 5250 1634 5319 reliqua
1671 5247 1735 5319 (I
1760 5248 1882 5303 Cor.

311 5354 433 5401 mi,
458 5336 539 5406 4).
573 5334 845 5391 Joannes:
884 5336 1047 5402 Deus,
1081 5339 1276 5409 inquit,
1313 5338 1540 5392 charitas
1565 5348 1679 5403 est:
1719 5348 1767 5392 et
1795 5339 1883 5406 qui

309 5436 489 5487 manet
513 5428 572 5481 in
594 5426 864 5493 charitate,
891 5428 943 5497 in
974 5428 1082 5484 Deo
1110 5439 1314 5495 manet,
1356 5438 1405 5484 et
1442 5430 1581 5485 Deus
1623 5432 1676 5485 in
1723 5447 1782 5484 eo
1817 5429 1883 5500 (Ι

310 5518 472 5577 lacn.
506 5515 997 5587 tv,16).Gregorius
1017 5519 1071 5573 in
1098 5515 1261 5575 Libro
1278 5517 1541 5574 Pastorali
1563 5520 1623 5573 b:
1651 5538 1671 5571 ι
1701 5519 1883 5573 Virtus

378 5644 405 5670 ι
450 5629 530 5684 Ab
583 5629 799 5701 inimici.
840 5630 1095 5701 Itagsane
1142 5629 1602 5701 scripsitiJonas;
1641 5631 1881 5700 nihilque

310 5712 429 5755 erat
453 5701 525 5753 ab
548 5699 668 5768 ejus
695 5708 875 5753 mente
899 5698 1131 5754 alienum
1160 5698 1327 5773 magis
1352 5717 1513 5771 quant
1537 5701 1676 5771 quod
1702 5698 1879 5756 Ache-

631 5790 903 5855 Psrnon.
944 5789 1105 5858 CVI,

2015 1621 2197 1691 itaque
2224 1629 2308 1677 est
2336 1636 2519 1678 coram
2562 1625 2899 1690 hominibus,
2938 1628 3279 1688 adversarios
3304 1633 3573 1706 tolerare;

2012 1716 2106 1770 sed
2128 1716 2300 1771 virtus
2325 1730 2509 1772 coram
2525 1714 2935 1786 Deo,diligere;-
2952 1718 3076 1788 quia
3106 1719 3209 1777 hoc
3236 1722 3409 1779 solum
3432 1725 3576 1784 Deus

2010 1806 2336 1863 sacriﬁcium
2376 1806 2606 1875 accipit,
2638 1808 2782 1876 quod
2814 1816 2941 1863 ante
2969 1809 3083 1878 ejus
3108 1811 3292 1868 oculos
3325 1813 3379 1869 in
3416 1816 3572 1875 altari

2010 1896 2146 1952 boni.
2165 1897 2344 1967 operis
2368 1894 2579 1950 ﬂamma
2603 1896 2884 1951 cbaritatis
2909 1898 3164 1955 incendit.
3194 1920 3220 1954 ιο
3246 1901 3379 1958 item
3401 1905 3570 1964 idem:

2013 2005 2031 2037 ι
2064 1986 2197 2042 Cum
2231 1996 2424 2042 cuncta
2468 2001 2623 2042 sacra
2667 1987 2875 2057 eloquia
2921 1988 3214 2047 Dominicis
3245 1992 3404 2062 plena
3446 1982 3575 2054 sunt

2002 2075 2304 2145 przeceptis,
2329 2075 2457 2146 quid
2488 2083 2571 2131 est
2603 2077 2747 2145 quod
2773 2077 2839 2131 de
2860 2076 3166 2146 dilectione,
3189 2083 3346 2151 quasi
3374 2084 3442 2140 de
3461 2086 3577 2147 sin-

2002 2164 2173 2236 gulari
2208 2167 2481 2231 mandato,
2512 2164 2769 2224 Dominus
2807 2165 2975 2224 dicit:
3017 2166 3133 2226 Hoc
3158 2180 3233 2245 est
3261 2184 3573 2245 praeceptum

2002 2271 2175 2310 meum
2205 2264 2261 2309 ut
2290 2255 2521 2327 diligatis
2546 2256 2764 2313 invicem
2794 2254 2975 2325 (Jaan.
3016 2273 3106 2324 xv,
3138 2242 3273 2331 l9)?
3307 2261 3409 2317 nisi
3428 2242 3571 2334 quia

2002 2359 2162 2400 omne
2196 2345 2511 2417 mandatum
2559 2346 2625 2400 de
2655 2341 2767 2401 sol'a
2809 2344 3097 2405 dilectione
3140 2358 3256 2417 est,
3301 2359 3357 2406 et
3391 2354 3573 2413 omnia

2002 2451 2167 2493 unum
2194 2442 2522 2509 praeceptum
2542 2442 2689 2490 sunt.
2715 2434 2853 2506 Quia
2874 2435 3134 2507 quidquid
3158 2440 3490 2511 przecipitur,
3517 2442 3573 2502 iu

2002 2527 2112 2583 sola
2144 2527 2409 2587 charitate
2431 2526 2708 2595 solidatur.
2752 2527 2822 2583 Ut
2839 2528 2984 2584 enim
3011 2529 3167 2589 multi
3196 2532 3408 2591 arboris
3434 2535 3574 2597 rami

2000 2631 2068 2673 ex
2093 2632 2194 2673 una
2227 2616 2406 2671 radice
2430 2616 2731 2687 prodeunt,
2776 2617 2857 2673 sic
2897 2617 3081 2677 multa:
3119 2620 3347 2679 virtutes
3370 2637 3436 2678 ex
3464 2638 3573 2681 una

2001 2710 2267 2765 charitate
2304 2717 2664 2779 generantur:
2703 2724 2806 2765 nec
2846 2709 3011 2768 habet
3059 2711 3257 2782 aliquid
3284 2714 3573 2772 viriditatis

2001 2815 2183 2855 ramus
2204 2801 2331 2856 boni
2364 2800 2565 2871 operis,
2597 2801 2643 2856 si
2671 2815 2778 2855 non
2806 2811 3083 2858 remaneat
3106 2802 3161 2858 in
3186 2804 3369 2861 radice
3396 2806 3574 2865 chariv

2002 2891 2148 2947 tatis.
2202 2890 2477 2960 Praecepta
2523 2905 2652 2961 ergo
2694 2891 2969 2951 Dominica
3017 2901 3074 2948 et
3114 2892 3279 2954 multa
3322 2903 3480 2961 sunt,
3515 2904 3573 2956 et

2000 2997 2197 3037 unum:
2239 2979 2407 3037 multa
2431 2995 2529 3050 per
2553 2980 2918 3041 diversitatem
2948 2982 3155 3051 operis,
3183 2998 3353 3040 unum
3384 2984 3440 3040 in
3477 3001 3570 3045 ra.

2001 3070 2121 3124 dice
2145 3068 2470 3129 dilectionis.
2500 3068 2744 3136 Qualiter
2769 3077 2948 3127 autem
2990 3054 3094 3126 ista
3133 3071 3351 3131 dilectio
3385 3072 3456 3128 sit
3493 3084 3572 3130 te-

2000 3159 2175 3214 nenda
2200 3159 2315 3228 ipse
2342 3159 2598 3224 insinuat,
2627 3158 2721 3229 qui
2749 3159 2803 3214 in
2836 3159 3111 3231 plerisque
3144 3160 3436 3234 Scriptura
3459 3178 3572 3221 sua!

2002 3250 2285 3319 sententiis
2303 3259 2358 3305 et
2385 3248 2793 3319 amicumjuhet
2832 3249 2979 3323 diligi
3007 3252 3061 3306 in
3092 3267 3183 3317 se,
3228 3263 3284 3310 et
3318 3254 3571 3314 inimicos

2001 3347 2221 3410 propter
2246 3354 2324 3395 se.
2355 3339 2448 3399 ille
2472 3338 2616 3393 enim
2638 3339 2904 3393 veraciter
2927 3340 3245 3397 charitatem
3268 3341 3450 3409 habet,
3476 3358 3570 3415 qui

1999 3440 2055 3485 et
2081 3431 2316 3486 amicum
2341 3430 2513 3501 diligit
2539 3430 2593 3484 in
2616 3429 2749 3497 Deo,
2777 3439 2833 3489 et
2852 3430 3127 3493 inimicum
3153 3432 3329 3505 diligit
3348 3443 3570 3506 propter

1997 3521 2188 3578 Deum.
2241 3544 2261 3577 ι
2292 3523 2424 3577 Item
2455 3524 2597 3578 idem
2624 3541 2637 3577 :
2681 3521 2837 3577 Omni
2864 3524 3000 3581 enim
3031 3524 3237 3589 habenti
3271 3525 3484 3584 dabitur
3517 3537 3568 3584 et

1998 3613 2281 3672 abundabit
2306 3626 2324 3665 :
2352 3613 2401 3668 ei
2428 3623 2601 3671 autem
2627 3614 2715 3684 qui
2751 3629 2855 3667 non
2898 3613 3069 3678 habet,
3110 3624 3158 3672 et
3200 3617 3341 3686 quod
3364 3618 3570 3674 videtur

1995 3704 2202 3769 habere,
2235 3703 2505 3773 auferetur
2529 3707 2593 3758 ab
2635 3721 2695 3761 eo
2724 3703 2951 3776 (Matth.
2988 3720 3131 3770 Jun,
3163 3706 3306 3777 12);
3347 3707 3566 3765 habenti

1997 3810 2229 3865 namque
2257 3794 2471 3849 dabitur
2495 3802 2550 3851 et
2573 3794 2902 3860 abundabit;
2943 3796 3068 3865 quia
3105 3796 3352 3883 quisquis
3387 3799 3567 3857 chari-

1996 3892 2163 3943 tatem
2189 3884 2350 3944 habet
2372 3886 2536 3947 etiam
2566 3884 2702 3940 dona
2733 3884 2836 3939 alia
2861 3884 3125 3955 percipit;
3161 3885 3289 3955 quia
3321 3886 3565 3959 quisquis
3644 3884 3665 3903 ⁹

1994 3975 2317 4036 charitatem
2358 3992 2466 4032 non
2506 3977 2691 4040 habet,
2721 3976 2886 4033 etiam
2918 3976 3058 4033 dona
3092 3992 3214 4049 quae
3244 3980 3563 4051 percepisse

1994 4067 2294 4130 videbatur,
2329 4066 2549 4123 amittit.
2586 4084 2606 4116 ι

2056 4158 2210 4230 [Cum
2230 4158 2397 4223 enim,
2411 4156 2667 4228 Apostolo
2680 4164 2931 4222 testante,
2954 4157 3229 4229 plenitudo
3248 4158 3384 4231 legis
3401 4162 3473 4217 si;
3486 4162 3561 4222 di-

1992 4250 2175 4316 lectio,
2204 4250 2482 4305 sciendum
2506 4258 2590 4305 est
2617 4249 2743 4320 quia
2771 4265 2929 4306 nemo
2952 4251 3257 4320 proximum
3290 4254 3408 4311 sine
3435 4255 3554 4321 Dei,

1992 4356 2093 4396 nec
2111 4341 2280 4397 Deum
2300 4341 2417 4397 sine
2435 4340 2666 4410 proximi
2681 4341 2967 4397 dilectione
2986 4341 3207 4412 diligere
3224 4344 3386 4400 valet.
3406 4345 3561 4405 Unde

1990 4430 2153 4503 quia]
2184 4432 2251 4488 de
2276 4431 2560 4497 charitate,
2590 4446 2711 4500 qua:
2732 4433 2875 4493 Deus
2899 4440 2999 4496 est,
3029 4448 3202 4503 pauca
3222 4435 3311 4490 hic
3336 4434 3556 4495 collecta

1992 4528 2140 4586 sunt,
2165 4520 2409 4590 quisquis
2438 4521 2503 4575 ad
2529 4536 2652 4575 eum
2678 4523 2961 4591 pervenire
2987 4523 3277 4591 desiderat,
3309 4525 3402 4596 qui
3428 4527 3558 4583 cha-

1992 4610 2126 4667 ritas
2153 4618 2256 4672 est,
2284 4618 2495 4679 oportet
2523 4617 2581 4663 ut
2605 4609 2712 4688 'Dei
2751 4619 2805 4666 et
2830 4612 3061 4679 proximi
3090 4612 3377 4673 dilectione
3400 4631 3559 4673 vera-

1990 4702 2125 4757 citer
2150 4701 2349 4770 ignitus
2369 4700 2582 4755 existat.

2388 4776 2397 4785 “
2605 4792 2829 4850 CAPUT
2865 4794 2929 4849 ιι.

2562 4883 2638 4938 De
2663 4883 2973 4940 humilitate.

2063 4973 2215 5031 Sicut
2249 4976 2497 5045 superbia
2531 4975 2597 5029 de
2626 4975 2829 5045 angelis
2855 4975 3146 5040 daemones,
3175 4978 3253 5031 ita
3280 4979 3553 5036 humilitas

1929 5062 1939 5074 ‘
1989 5063 2058 5121 de
2080 5064 2385 5123 hominibus
2406 5063 2715 5134 angelorum
2737 5062 2899 5120 eﬂicit
2921 5064 3085 5121 cives.
3102 5064 3353 5123 Diabolus
3371 5068 3551 5138 itaque

1988 5169 2085 5224 per
2110 5154 2414 5228 superbiam
2439 5169 2698 5208 corruens
2721 5152 2950 5215 dacmlo
2966 5195 2982 5219 ,
3022 5155 3291 5223 hominem
3315 5156 3549 5226 primum

1987 5246 2182 5301 stravit
2223 5254 2280 5300 et
2322 5245 2389 5299 de
2416 5244 2668 5313 paradiso
2703 5245 2925 5313 expulit.
2971 5243 3217 5305 Christus
3247 5256 3427 5309 autem
3450 5247 3546 5310 Dei

1986 5336 2130 5391 ﬁlius
2155 5336 2221 5390 ad
2253 5335 2622 5393 redimendum
2649 5350 2817 5406 genus
2844 5336 3138 5396 humanum
3163 5338 3379 5402 humilis
3403 5340 3550 5403 venit

1985 5427 2037 5482 in
2065 5427 2339 5483 mundum.
2370 5426 2520 5483 Unde
2542 5426 2619 5480 ait
2641 5426 2966 5496 Apostolus:
3010 5425 3113 5490 Qui
3134 5442 3254 5485 cum
3285 5428 3342 5481 in
3374 5428 3546 5498 fama

1983 5514 2081 5569 Dei
2104 5524 2254 5580 esset,
2284 5530 2385 5569 non
2416 5515 2653 5584 rapinam
2676 5514 2960 5569 arbitratus
2980 5524 3054 5569 est
3084 5529 3193 5569 esse
3217 5531 3271 5570 se
3293 5516 3543 5588 (aqualem
3640 5508 3653 5523 “

1986 5630 2388 5700 νὶιιιείειίἰάειειιι.
2413 5629 2477 5682 ab
2505 5630 2678 5687 amici,
2740 5640 2749 5648 ‘

2054 5702 2080 5740 ἲ)
2105 5699 2295 5761 llotnil.
2325 5698 2412 5755 55.

3064 5791 3105 5854 8
