4030 6190
501 353 610 423 ass

1541 349 1733 407 ,ΙΟΝᾸΞ
1772 345 2074 404 AURELIA
2084 338 2327 397 NEXSIS
2365 339 2665 396 EPISCOPI

3624 333 3732 388 9'0:

505 483 635 540 Deo,
653 477 744 532 sed
761 473 1084 532 semetipsum
1107 466 1384 522 exinanivit
1407 463 1626 532 formam
1651 460 1781 513 servi
1804 458 2060 526 accipiens
2091 461 2135 517 Α
2165 453 2381 514 nostris,
2413 466 2480 504 ne
2511 451 2651 504 Deus
2679 449 2923 517 superbis
2951 449 3196 510 resistat,
3236 460 3302 500 ne
3341 460 3399 500 se
3428 443 3732 498 exultantes

506 568 672 644 (Phil.
697 583 756 630 ιι,
787 567 863 634 6).
895 563 960 616 Et
985 559 1122 614 inira
1145 577 1156 612 :
1182 553 1491 609 Humiliavit
1515 553 1740 620 seipsum
1765 548 1934 616 factus
1955 547 2072 599 obc-

495 635 652 715 diens
676 671 836 727 usque
863 653 931 707 ad
960 661 1206 713 mortem,
1247 652 1465 699 mortem
1500 651 1672 694 autem
1700 638 1868 692 crucis
1897 636 1954 706 (1
1964 635 2068 688 bid.

506 768 552 805 ιι.
578 748 662 818 8).
695 746 770 800 De
795 741 1097 798 humilitate
1119 746 1298 790 autem
1325 733 1402 787 ait
1433 731 1693 785 Dominus
1720 742 1815 796 per
1840 726 2076 794 PrOpbc-

509 854 616 899 tam
643 859 657 897 :
699 839 870 910 Super
889 852 1038 908 quem
1065 834 1343 904 requiescet
1361 827 1589 899 Spiritus
1614 839 1758 877 meus
1791 821 1890 874 nisi
1921 831 2078 886 super

508 931 788 996 humilem,
828 938 877 982 et
905 927 1171 999 quietum,
1219 932 1266 975 et
1309 927 1609 974 trementem
1638 926 1898 968 sermones
1939 924 2078 962 meos

509 997 952 1095 (lsa.1.xv1,2)?
991 1016 1283 1072 Salomon:
1328 997 1438 1064 ωε
1482 1009 1578 1063 erit
1611 1005 1884 1076 superbia,
1922 1000 2078 1095 nate:

512 1088 847 1168 contumelia.
877 1088 975 1161 Ubi
997 1116 1167 1160 autem
1189 1100 1482 1163 humilitas,
1506 1096 1575 1150 ibi
1600 1105 1646 1149 et
1672 1092 1946 1161 sapientia.
1978 1088 2081 1142 Su-

509 1205 723 1261 nerbum
747 1203 980 1272 sequitur
999 1195 1290 1258 humilitas,
1314 1201 1360 1246 et
1389 1189 1636 1244 humilem
1660 1186 1898 1254 spiritum
1919 1180 2080 1234 susci-

514 1297 617 1350 aict
643 1294 830 1365 gloria.
861 1272 1173 1360 Priusquam
1205 1291 1533 1345 conteratur,
1569 1277 1832 1333 exaltatur
1864 1289 1952 1327 cor
1987 1273 2082 1324 ho-

515 1361 711 1439 minis:
749 1392 796 1437 et
837 1391 1116 1450 antequam
1147 1374 1498 1447 gloriﬁcatur,
1541 1367 1850 1422 humiliatur
1890 1361 2080 1435 (Prae.

517 1485 597 1536 ιι,
627 1469 703 1536 2;
743 1485 900 1530 xvm,
937 1449 1038 1532 19;
1070 1480 1221 1526 mx,
1256 1463 1372 1524 εδ).
1402 1460 1468 1515 Et
1497 1461 1548 1513 in
1582 1455 1908 1520 Evangelia:
1949 1449 2081 1515 Qui-

518 1577 720 1628 cunque
755 1575 875 1626 ergo
906 1552 1256 1626 humiliaverit
1297 1568 1352 1606 se
1382 1551 1515 1604 sicut
1552 1545 1801 1613 parvulus
1827 1543 1948 1602 iste,
1996 1538 2079 1592 hic

524 1651 695 1721 θηρίον
721 1660 798 1703 est
822 1651 873 1702 in
897 1664 1053 1719 regno
1079 1646 1327 1700 caelorum
1357 1640 1576 1713 (Matth.
1603 1649 1759 1698 xvm,
1793 1632 1872 1701 4).
1899 1631 2090 1721 lienus

522 1739 575 1790 in
605 1719 838 1805 Epistola
862 1731 1065 1800 prima:
1098 1727 1290 1782 Omnes
1310 1733 1482 1779 autem
1504 1724 1718 1778 invicem
1745 1719 2088 1775 humilitatem

2171 544 2434 609 humiliet,
2474 557 2543 596 ne
2569 543 2736 595 inllati
2767 556 2862 610 per
2889 543 3027 595 viam
3056 550 3336 611 angustam
3369 540 3603 594 transire
3631 553 3737 593 nan

2171 643 2460 705 possimus.
2497 654 2515 686 ι
3257 643 3262 646 ·

2243 728 2380 783 Ecce
2406 735 2663 795 quantum
2695 724 2978 778 humilitati
3015 722 3332 777 studendum
3361 729 3464 781 est,
3502 719 3743 774 breviter

2176 820 2595 874 demonstratur.
2623 816 2856 870 Proinde
2885 829 3100 868 necesse
3139 822 3221 867 est
3249 822 3310 866 ut
3343 812 3591 881 superbia
3614 826 3743 867 cum

2177 919 2396 963 auctore
2421 922 2519 962 suo
2542 905 2754 960 diabolo
2783 905 3067 974 vigilanter
3088 911 3358 966 caveatur,
3383 909 3438 957 et
3465 901 3747 955 humilitas

2177 997 2376 1052 Christi
2423 996 2734 1050 obedienter
2777 993 3163 1063 amplectatur,
3193 990 3442 1059 quoniam
3478 990 3615 1043 sicut
3653 988 3750 1044 illa

2179 1103 2238 1141 se
2269 1087 2540 1139 imitantes
2569 1085 2636 1139 ad
2681 1085 2786 1142 ima
2832 1082 3146 1152 prosternit,
3176 1081 3247 1133 ita
3295 1081 3398 1133 ista
3433 1093 3493 1133 se
3535 1077 3742 1146 amme—

2180 1187 2386 1234 ctentes
2417 1178 2724 1232 ad'summa
2752 1174 2928 1244 erigit.

2793 1263 3017 1319 CAPUT
3045 1262 3128 1317 Ill.

2774 1357 2850 1409 De
2876 1355 3146 1425 patientia.

2254 1449 2523 1507 Patientia
2553 1464 2671 1518 qua:
2697 1446 2898 1502 Christi
2928 1461 3111 1500 amare
3153 1443 3406 1500 suifertur
3426 1483 3442 1508 ,
3483 1442 3747 1498 laudanda

2185 1550 2240 1595 et
2268 1540 2602 1611 praedicanda
2625 1537 2743 1592 est:
2767 1538 2984 1605 quando
3005 1544 3180 1591 autem
3207 1549 3392 1590 amore
3413 1544 3750 1589 terrenarum

2187 1633 2266 1696 lit,
2297 1647 2402 1687 non
2432 1641 2515 1686 est
2541 1631 2714 1684 virtus
2740 1629 3011 1698 patientia:
3039 1627 3283 1692 dicenda,
3311 1641 3430 1696 qua:
3461 1626 3604 1680 nulla
3636 1637 3750 1688 est,

2190 1725 2306 1790 sed,
2326 1732 2383 1778 ut
2409 1723 2598 1777 beatus
2623 1720 2949 1790 Augustinus
2969 1719 3159 1773 scribit
3180 1729 3228 1783 ο,
3261 1717 3501 1771 miranda
3529 1715 3754 1782 duritia,

519 1802 782 1878 ittsiuuate
801 1837 820 1875 :
855 1821 980 1890 quia
1009 1819 1144 1872 Deus
1164 1815 1397 1886 superbis
1423 1813 1646 1877 resistit,
1675 1808 1954 1865 humilibus
1988 1824 2088 1861 au—

2198 1818 2429 1890 neganda
2459 1815 2736 1889 patientia.
2767 1812 3026 1866 Patientia
3057 1826 3184 1880 ergo
3217 1819 3339 1865 tunc
3372 1817 3457 1863 est
3489 1808 3755 1863 laudanda

522 1927 623 1976 teut
644 1913 734 1966 dat
762 1911 986 1981 gratiam
1030 1907 1079 1979 (ι
1111 1905 1256 1960 Petr.
1288 1921 1355 1970 ν,
1384 1903 1459 1977 ὅ).
1503 1903 1596 1967 Et,
1639 1898 2004 1972 Humiliamini
2033 1899 2088 1951 in

522 2012 794 2071 conspectu
814 1999 1048 2078 Domini,
1075 2007 1122 2050 et
1150 1995 1397 2050 exaltabit
1425 2010 1511 2048 vos
1535 1991 1674 2064 (Jac.
1704 2007 1777 2055 tv,
1802 1987 1910 2058 10).
1934 1987 2091 2042 Iesus

523 2094 666 2152 lilius
690 2091 882 2146 Sit-ach
909 2108 923 2144 :
953 2089 1160 2156 Quanto
1183 2103 1400 2156 magnus
1421 2103 1494 2149 es,
1522 2082 1741 2138 humilia
1771 2091 1820 2135 te
1846 2084 1899 2135 in
1924 2079 2091 2132 omni—

525 2185 642 2250 bus,
677 2194 724 2239 et
762 2199 936 2250 coram
970 2181 1080 2237 Dea
1107 2180 1332 2234 invenies
1356 2179 1579 2249 gratiam
1607 2173 1796 2247 (Eccli.
1829 2187 1907 2237 ιιι,
1939 2168 2052 2241 20).

595 2275 884 2344 Gregorius
915 2274 967 2328 in
994 2270 1281 2328 Maralihus
1302 2282 1326 2310 α
1347 2272 1362 2324 :'
1383 2267 1606 2322 «Adboc
1632 2281 1759 2339 ergo
1786 2263 2094 2332 unigenitus

530 2369 618 2422 Dei
649 2367 814 2421 Filius
840 2364 1067 2428 formam
1099 2361 1418 2418 humilitatis
1444 2359 1708 2428 suscepit:
1738 2357 1804 2410 ad
1829 2356 1932 2410 hoc
1959 2352 2093 2408 invi-

526 2458 721 2521 sibilis,
753 2471 860 2509 non
891 2453 1063 2509 solum
1087 2451 1336 2515 visibilis,
1366 2449 1458 2504 sed
1485 2449 1647 2503 etiam
1679 2447 1960 2516 despectus
1995 2456 2091 2513 ap-

526 2548 724 2622 paruit,
751 2545 818 2598 ad
860 2546 964 2599 hoc
996 2540 1442 2598 contumeliarum
1486 2537 1735 2601 ludibria,
1781 2534 2094 2589 irrisionum

525 2641 722 2710 probra
749 2634 1166 2706 passianumque
1198 2640 1465 2686 tormenta
1498 2627 1775 2690 toleravit,
1808 2633 1870 2679 ut
1907 2637 2094 2695 snper-

527 2728 652 2784 bum
677 2725 950 2783 hominem
971 2737 1077 2778 non
1100 2735 1222 2776 esse
1239 2716 1694 2774 doceret-humilis
1707 2715 1867 2770 Deus.
1884 2713 2095 2780 Quanta

526 2837 658 2894 ergo
683 2817 1004 2875 humilitatis
1032 2817 1200 2871 virtus
1223 2822 1326 2878 est,
1352 2819 1622 2882 quamque
1657 2807 1901 2865 sublimis
1936 2805 2094 2861 celsi-

529 2913 678 2976 tudo,
713 2919 934 2980 propter
959 2920 1119 2976 quam
1159 2903 1327 2959 solam
1364 2899 1628 2955 veraciter
1659 2896 1986 2954 edocendum
2017 2895 2092 2959 is,

529 3001 618 3070 qui
641 2999 756 3054 sine
777 2995 1130 3052 aestimatione
1159 3006 1386 3061 magnus
1411 3000 1512 3054 est,
1540 2987 1762 3044 veniens
1789 2985 1858 3040 ad
1887 2984 2103 3054 passio:

532 3105 652 3143 nem
699 3089 871 3142 factus
909 3092 994 3139 est
1034 3097 1252 3153 parvus.
1293 3079 1430 3146 Quia
1468 3077 1733 3147 originem
1781 3073 2097 3144 perditionis

533 3187 730 3235 nostrae
765 3189 824 3228 se
861 3144 1091 3244 praebuit
1127 3144 1380 3240 superbia
1407 3144 1634 3229 diaboli;
1681 3162 2096 3218 instrumentum
2125 3144 2168 3204 ί)

535 3267 916 3338 redemptionis
945 3273 1144 3319 nostrae
1168 3262 1384 3314 inventa
1416 3263 1500 3312 est
1539 3255 1811 3314 humilitas
1842 3252 1960 3307 Dei.
1993 3252 2099 3306 lio-

535 3362 633 3416 stis
656 3368 839 3413 noster
867 3367 1095 3425 magnus
1132 3353 1270 3405 inter
1303 3347 1484 3403 omnia
1520 3345 1788 3406 conditus,
1814 3345 1986 3400 videri
2011 3358 2100 3396 su-

535 3466 635 3521 per
675 3447 854 3503 omnia
901 3443 1069 3498 voluit
1113 3439 1304 3495 elatus.
1353 3434 1678 3504 Redemptor
1705 3441 1884 3486 autem
1919 3440 2102 3486 noster

538 3552 764 3609 magnus
800 3547 1026 3588 manens
1056 3545 1218 3602 super
1240 3526 1453 3590 omnia,
1497 3524 1611 3578 fieri
1643 3524 1784 3578 inter
1812 3522 1992 3578 omnia
2022 3522 2102 3574 di-

537 3637 729 3701 gnatus
753 3634 836 3682 est
858 3637 1073 3695 parvus.
1112 3641 1128 3673 ι
1165 3619 1230 3678 Ει
1260 3616 1533 3672 humilitas
1561 3615 1816 3684 magistra
1859 3621 1944 3667 est
1981 3626 2098 3666 am-

538 3723 709 3782 nium;
737 3721 1016 3783 materque
1039 3712 1319 3773 virtutum,
1340 3707 1479 3761 sicut
1507 3706 1722 3761 Veritas
1751 3703 1828 3756 ait
1851 3721 1864 3756 :
1907 3702 2102 3757 Discite

536 3830 570 3866 a
601 3827 682 3867 me
721 3809 844 3881 quib
870 3807 1009 3861 mitis
1041 3820 1155 3881 sum
1183 3813 1233 3858 et
1265 3801 1476 3857 humilis
1515 3799 1670 3854 corde
1690 3812 1708 3849 :
1743 3808 1791 3852 et
1832 3798 2102 3851 invenietis

537 3880 762 3974 requiem
800 3880 1072 3953 animabus
1114 3895 1295 3948 vestris
1323 3890 1536 3964 (Matth.
1563 3905 1644 3954 ιι,
1671 3888 1782 3960 29).
1814 3887 1949 3956 Quia
1975 3886 2102 3942 dum

523 4007 600 4051 ‘se
640 3991 868 4050 humiles
901 3987 1190 4057 dejiciunt,
1237 3985 1304 4039 ad
1333 3984 1428 4039 Dei
1474 3981 1880 4038 similitudinem
1917 3991 2097 4033 ascen-

539 4090 691 4142 dunt.
722 4085 860 4153 Quid
892 4083 1053 4154 igitur
1078 4080 1379 4136 humilitate
1398 4077 1718 4134 sublimius?
1742 4075 1871 4143 Qua:
1900 4075 2023 4130 dum
2045 4088 2104 4128 se

542 4181 596 4236 in
625 4180 730 4233 ima
755 4174 1038 4245 deprimit,
1069 4171 1278 4228 auctori
1304 4185 1402 4225 sua
1440 4169 1678 4227 manenti
1711 4182 1871 4238 super
1895 4179 2102 4221 summa

541 4285 600 4325 se
637 4265 934 4336 coniungit.

611 4357 879 4414 Cmaarius
905 4353 1186 4422 episcopus
1211 4351 1264 4404 in
1292 4349 1530 4405 hamiliis
1553 4348 1578 4386 δ
1605 4363 1620 4401 :
1669 4366 1687 4399 ι
1736 4347 2103 4401 Humilitatem

541 4465 688 4518 ergo,
717 4447 910 4500 fratres
939 4441 1292 4504 dilectissimi,
1317 4448 1440 4494 ante
1461 4439 1640 4494 omnia
1665 4449 1970 4504 teneamus;
1999 4456 2102 4494 non

543 4540 690 4593 illaut
713 4551 834 4608 qua:
861 4533 1143 4603 aliquoties
1179 4531 1306 4586 faris
1333 4538 1540 4585 tantum
1569 4531 1892 4595 ostenditur,
1922 4531 2014 4584 sed
2043 4531 2104 4584 il-

544 4631 648 4684 lam
677 4642 797 4699 quaa
826 4627 878 4681 in
905 4623 1237 4680 conscientia
1266 4622 1544 4678 retinetur.
1578 4620 1716 4676 Sunt
1740 4622 1884 4676 enim
1920 4622 2105 4691 aliqui,

544 4719 636 4789 qui
671 4717 884 4788 quando
911 4713 1089 4784 aliqua
1120 4712 1479 4782 tranquillitas
1518 4707 1710 4775 fuerit,
1747 4712 2105 4771 humilitatem

543 4823 598 4865 et
625 4811 679 4864 in
707 4823 801 4862 ore
826 4815 881 4860 et
905 4806 958 4862 in
979 4819 1206 4874 corpore
1225 4803 1399 4858 solent
1421 4802 1731 4858 ostendere:
1759 4812 1814 4856 et
1839 4803 1884 4856 si
1907 4803 2102 4872 aliqua,

543 4911 602 4954 ut
623 4898 840 4964 assolet,
865 4893 1254 4960 tribulatio,vel
1277 4893 1512 4948 scandali
1533 4894 1764 4964 procella
1787 4897 2104 4960 surrexerit,

544 4988 807 5044 effrenato
831 5000 946 5050 ore,
977 4992 1155 5040 erecta
1181 4983 1408 5046 cervice,
1433 4983 1704 5052 superbia,
1731 4999 1850 5054 qua:
1873 4985 1925 5038 in
1945 4987 2109 5040 corde

546 5078 868 5150 tegebatur,‘
887 5076 1070 5131 multis
1094 5074 1350 5130 conviciis
1379 5074 1650 5144 profertur
1680 5089 1746 5130 ex
1780 5090 1893 5130 ore.
1932 5075 2108 5142 Quare

542 5173 648 5227 hac
693 5169 892 5226 factum
933 5177 1035 5232 est,
1069 5167 1310 5221 fratres?
1354 5166 1478 5234 quia
1525 5165 1930 5221 fundamentum
1970 5182 2111 5221 verte

545 5263 870 5318 humilitatis
913 5275 1020 5315 non
1066 5258 1292 5320 habuit;
1344 5257 1468 5325 quia
1519 5257 1902 5321 lmmilitatem,
1949 5272 2109 5327 quam

546 5356 698 5426 prius
720 5353 1066 5425 promittebat
1095 5350 1146 5403 in
1177 5361 1420 5417 corpore,
1451 5363 1554 5401 non
1583 5349 1811 5402 habebat
1840 5347 1893 5401 in
1921 5349 2101 5401 corde.

444 5472 449 5481 -
547 5442 614 5497 Et
635 5441 866 5498 humiles
903 5454 1032 5510 ergo
1065 5438 1253 5499 simus,
1287 5437 1484 5490 fratres
1513 5437 1840 5498 cbarissimi,
1883 5451 1985 5489 non
2014 5451 2106 5489 sa-

549 5530 658 5588 lum
686 5531 1006 5591 senioribus,
1036 5527 1128 5582 sed
1153 5527 1315 5579 etiam
1336 5525 1716 5593 coaequalibus,
1739 5535 1791 5579 ct
1806 5525 2108 5595 junioribus

621 5647 646 5674 ι
673 5634 789 5689 Lib.
816 5650 981 5688 xxxiv
1018 5633 1071 5687 in
1103 5647 1152 5686 e.
1183 5645 1288 5684 stu
1313 5629 1433 5693 Joh,
1464 5647 1512 5685 c.
1540 5632 1624 5685 l8.

621 5707 651 5754 Ι
676 5703 868 5760 Hatuil.
902 5705 988 5757 18.

2133 4489 2185 4546 1)

2187 1917 2244 1965 et
2266 1910 2439 1963 virtus
2460 1905 2816 1980 praedicanda,
2855 1919 2976 1957 cum
3025 1903 3095 1956 ob
3132 1901 3333 1958 Christi
3374 1915 3612 1956 amorem
3648 1915 3757 1954 non

2188 2000 2359 2056 solum
2391 1999 2444 2052 in
2476 1995 2844 2052 accidentibus
2881 1993 3207 2049 exteriorum
3251 2008 3429 2047 rerum
3462 1991 3758 2046 adversita-

2189 2091 2332 2145 tibus
2363 2089 2611 2152 habetur,
2644 2087 2737 2141 sed
2773 2085 2934 2139 etiam
2978 2084 3030 2137 in
3073 2083 3234 2138 corde
3259 2082 3598 2152 potissimum
3625 2081 3759 2136 reti-

2191 2194 2370 2239 netur.
2404 2180 2514 2235 Nec
2542 2179 2684 2234 enim
2727 2177 2946 2248 prodest
2987 2175 3224 2230 exterius
3262 2173 3618 2229 demonstrari
3657 2188 3758 2246 pa-

2193 2269 2462 2336 tientiam',
2492 2279 2546 2324 et
2573 2269 2798 2327 interius
2819 2265 2957 2322 bella
2992 2264 3415 2328 dissensionum,
3454 2273 3509 2318 et
3535 2271 3761 2317 cmtero—

2191 2381 2311 2420 rum
2353 2363 2590 2417 fomenta
2631 2359 2851 2414 retineri
2880 2358 3149 2412 vitiorum.
3187 2339 3594 2425 Quandoigitur
3629 2353 3762 2411 faris

2192 2450 2541 2522 prmtenditur
2568 2447 2850 2518 sapientia,
2889 2456 2942 2501 et
2973 2445 3198 2500 interius
3226 2451 3453 2514 regnant
3498 2442 3638 2498 bella
3674 2443 3758 2494 vi.

2192 2541 2388 2594 tiarum
2410 2578 2425 2603 ,
2471 2551 2576 2592 non
2621 2544 2700 2591 est
2731 2533 3094 2602 hujuscemodi
3135 2533 3407 2603 patientia:
3430 2532 3632 2594 virtus,
3666 2531 3762 2586 sed

2192 2630 2409 2686 virtutis
2449 2627 2720 2683 simulatio
2762 2625 3094 2681 mstimanda.
3137 2623 3328 2678 Exstat
3371 2622 3534 2692 igitur
3572 2622 3766 2676 beatus

2193 2722 2294 2778 Job
2317 2721 2604 2776 exterioris
2627 2719 3002 2788 interiarisque
3021 2715 3322 2786 exemplum
3344 2714 3643 2784 patientur:
3667 2713 3766 2783 qui

2195 2831 2302 2869 non
2344 2811 2514 2868 solum
2551 2810 2877 2864 exteriorum
2919 2808 3112 2861 damna
3151 2819 3360 2868 rerum,
3406 2813 3460 2859 et
3501 2803 3766 2859 orbitates

2199 2903 2450 2967 ﬁliorum,
2493 2911 2548 2956 et
2580 2898 2804 2968 injurias
2836 2898 3011 2953 illatas
3034 2896 3349 2960 amicorum,
3384 2909 3569 2949 verum
3597 2894 3764 2948 etiam

2197 2995 2461 3067 ﬂagellum
2489 2993 2570 3048 sui
2595 2991 2838 3062 corporis
2863 2989 3126 3060 patienter
3145 2987 3422 3051 sustinuit,
3447 2996 3500 3040 et
3523 2987 3665 3040 inter
3687 2992 3766 3041 tot

2200 3088 2423 3142 adversa
2453 3099 2558 3139 non
2588 3083 2653 3137 ad
2679 3081 3173 3140 murmurationem,
3206 3078 3299 3132 sed
3326 3077 3392 3131 ad
3427 3075 3516 3130 Dei
3555 3075 3765 3128 laudem

2201 3177 2379 3246 erupit
2407 3175 2625 3229 dicens:
2668 3170 2725 3226 Si
2747 3171 2880 3224 bona
2905 3170 3220 3238 suscepimus
3245 3167 3308 3221 de
3337 3183 3493 3223 manu
3522 3165 3764 3227 Domini,

2199 3266 2339 3320 mala
2383 3281 2557 3318 autem
2600 3278 2759 3334 quare
2808 3275 2911 3314 non
2952 3259 3302 3314 sustineamus
3340 3255 3491 3327 (Job.
3520 3271 3589 3317 ιι,
3624 3254 3770 3323 lit)?

2198 3360 2361 3413 item:
2400 3355 2654 3409 Dominus
2683 3353 2856 3418 dedit,
2896 3351 3150 3406 Dominus
3192 3348 3443 3413 abstulit;
3477 3349 3608 3402 sicut
3655 3347 3768 3400 Da-

2199 3452 2340 3504 mino
2365 3446 2580 3518 placuit,
2606 3447 2680 3499 ita
2709 3445 2904 3514 factum
2925 3453 2999 3498 est
3023 3459 3042 3496 :
3083 3441 3146 3495 sit
3175 3457 3360 3495 nomen
3385 3439 3596 3494 Domini
3619 3439 3774 3492 bene-

2201 3539 2395 3594 dictum
2422 3535 2562 3608 (Job.
2593 3551 2632 3600 I,
2661 3534 2770 3604 ‘2l).
2799 3533 2875 3588 De
2894 3533 3149 3603 patientia
3178 3540 3354 3585 autem
3380 3531 3456 3584 ait
3482 3529 3770 3587 Salomon:

2205 3629 2309 3695 Qui
2336 3628 2636 3698 patiensest,
2653 3621 3460 3700 mullagubcrnalut'prttdentia,
3482 3621 3572 3691 qui
3595 3631 3773 3676 autem

2200 3721 2498 3792 impatiens,
2537 3717 2733 3772 exultat
2775 3715 3050 3771 stultitiam
3087 3730 3236 3769 suam
3279 3710 3472 3785 (Prov.
3503 3729 3613 3768 ειν.
3640 3711 3769 3781 ἓθ).

2201 3811 2365 3864 Item:
2397 3808 2586 3862 Melior
2611 3817 2686 3860 est
2723 3806 2924 3876 patiens
2953 3805 3059 3859 viro
3085 3805 3228 3874 farti.
3277 3812 3324 3858 et
3349 3803 3436 3873 qui
3461 3803 3772 3856 dominatur

2202 3901 2378 3957 animo
2403 3914 2520 3962 suo,
2541 3904 2889 3967 expugnatam
2915 3896 3118 3950 urbium
3135 3891 3314 3963 (Prov.
3334 3910 3441 3957 xw,
3468 3891 3577 3960 δί).
3603 3892 3769 3947 item:

2204 3991 2460 4045 Doctrina
2490 3989 2589 4042 viri
2617 4003 2708 4057 per
2731 3987 3034 4056 patientiam
3066 3985 3294 4038 noscitur
3315 3981 3492 4056 (Prov.
3519 3999 3634 4048 xu,
3658 3983 3770 4053 Η).

2206 4081 2464 4135 Dominus
2491 4081 2544 4133 in
2574 4078 2861 4148 Evangelia
2887 4096 2899 4128 :
2935 4076 3108 4142 Beati,
3139 4076 3328 4144 inquit,
3358 4075 3564 4144 paciﬁci
3581 4116 3596 4138 ,
3638 4091 3774 4145 quo-

2207 4178 2348 4230 niam
2371 4175 2469 4245 filii
2491 4174 2587 4229 Dei
2611 4175 2929 4232 vocabuntur
2953 4173 3165 4246 (Matth.
3191 4189 3243 4237 ν,
3269 4172 3344 4244 9).
3381 4172 3512 4227 Item
3535 4187 3550 4224 :
3588 4169 3653 4230 In
3678 4187 3779 4239 pa-

2208 4267 2390 4320 tientia
2410 4279 2574 4319 vestra
2595 4264 2919 4335 possidebitis
2935 4265 3136 4318 animus
3150 4273 3341 4317 vestras
3357 4261 3506 4332 (Luc.
3529 4278 3634 4320 XXI,
3657 4261 3771 4331 l9).

2208 4356 2404 4412 Paulus
2431 4375 2443 4409 :
2477 4355 2538 4410 Si
2568 4356 2684 4423 ﬁeri
2705 4364 2887 4422 potest,
2911 4353 3046 4424 quod
3075 4369 3140 4406 ea:
3167 4353 3303 4406 rabis
3331 4363 3425 4413 est,
3452 4368 3566 4405 cum
3597 4352 3740 4404 omni

2212 4446 2305 4500 bus
2337 4445 2629 4499 hominibus
2659 4459 2835 4514 pacem
2859 4443 3037 4495 habete
3066 4440 3256 4512 (Rom.
3297 4457 3400 4505 xu,
3449 4440 3567 4509 18).
3595 4440 3727 4495 ltem
3755 4460 3770 4499 :

2213 4534 2478 4589 Patientia
2515 4535 2653 4589 vobis
2689 4533 2978 4586 necessaria
3002 4540 3111 4593 est,
3136 4541 3188 4582 ut
3219 4530 3533 4584 uoluntatem
3565 4529 3657 4582 Dei
3689 4529 3776 4598 fa-

2211 4626 2421 4688 cientes,
2450 4623 2716 4693 repartetis
2738 4622 3126 4692 promissionem
3160 4619 3344 4687 (Hebr.
3371 4636 3423 4681 Χ,
3455 4619 3564 4688 56).
3603 4619 3771 4676 Item:

2211 4712 2401 4767 Pacem
2444 4712 2714 4783 sequimini
2753 4713 2809 4764 in
2848 4709 3083 4766 omnibus
3119 4719 3166 4763 et
3202 4709 3619 4772 sanctimoniam,
3660 4710 3776 4763 sine

2207 4820 2310 4874 qua
2341 4820 2488 4857 nemo
2513 4803 2695 4858 videbit
2725 4802 2889 4856 Deum
2915 4800 3098 4870 (Hebr.
3131 4817 3227 4866 ut,
3253 4800 3361 4873 M).
3386 4800 3460 4854 De
3487 4801 3570 4855 his
3593 4811 3777 4857 autem

2209 4895 2300 4964 qui
2324 4905 2543 4964 propter
2570 4896 2801 4949 honores
2831 4903 3072 4948 terrenas
3091 4892 3499 4956 nanciscendos,
3524 4901 3578 4946 et
3599 4893 3780 4948 diver-

2211 4998 2300 5039 sas
2337 4984 2653 5055 cupiditates
2693 4983 3013 5051 explendas,
3042 4980 3300 5052 iocosque
3345 4990 3398 5036 et
3431 4983 3776 5040 multimadas

2210 5072 2624 5137 delectationes,
2647 5080 2702 5126 et
2729 5073 2996 5131 vanitates
3030 5072 3400 5136 insectandas,
3431 5071 3596 5125 multa
3635 5072 3771 5126 dura

2211 5173 2268 5219 et
2299 5165 2491 5219 acerba
2521 5163 2929 5233 patientissime,
2957 5172 3012 5218 et
3037 5162 3428 5225 molestissime,
3465 5178 3529 5217 ac
3554 5162 3774 5232 pericu-

2213 5257 2478 5311 losissime
2498 5256 2747 5318 tolerant,
2761 5270 2880 5309 cum
2903 5255 3208 5323 loqueretur
3230 5254 3416 5308 beatus
3443 5251 3774 5322 Augustinus

2212 5347 2267 5400 in
2290 5347 2426 5401 libro
2455 5346 2520 5400 de
2544 5345 2689 5399 Bona
2711 5345 2981 5415 patientiae
3004 5345 3172 5416 (capp.
3205 5342 3377 5413 5.10),
3404 5343 3477 5397 ita
3503 5343 3568 5396 ad
3591 5351 3776 5397 ειη-ες

2211 5451 2356 5490 mum
2387 5435 2600 5492 intulit:
2641 5453 2658 5484 ι
2691 5435 2748 5492 ln
2787 5435 2900 5498 his,
2944 5434 3150 5503 inquit,
3195 5433 3500 5487 hominibus
3527 5432 3776 5487 miranda

2213 5538 2294 5583 est
2315 5528 2491 5597 potius
2515 5542 2673 5597 quam
2693 5526 2954 5592 laudanda
2977 5525 3252 5594 patientia,
3278 5525 3384 5580 imo
3406 5539 3500 5580 nec
3525 5522 3776 5580 miranda

2271 5653 2307 5710 ,ο
2342 5641 2414 5694 De
2444 5641 2850 5710 Patientia‘cap.
2880 5641 2933 5697 9..
