3956 6186
262 333 366 388 237
1220 342 1307 397 DE
1341 341 1824 400 lNSTlTUTIONE
1867 345 2152 401 LAllIALI.
2191 379 2257 387 ——
2293 350 2419 405 LIB.
2462 353 2542 422 ιη.
3385 372 3490 436 253

261 464 359 501 nec
385 447 674 512 laudanda,
705 465 825 522 quae
866 450 1007 512 nulla
1039 460 1148 513 est,
1193 453 1285 504 sed
1317 454 1557 506 mirantia
1603 453 1832 516 duritia,
1863 457 1908 514 Α
1937 462 2194 520 prteterea
2229 467 2335 521 est,
2371 460 2512 527 quod
2551 460 2720 518 tribus
2756 465 2927 520 modis
2963 468 3219 536 patientia
3251 483 3488 547 exerceri

267 557 432 611 Itt‘gan
454 542 497 593 la
527 543 809 610 patientia.
841 543 981 598 Nihil
1006 554 1181 598 autem
1214 545 1318 599 illie
1338 545 1459 612 jure
1483 547 1822 611 laudandum,
1928 542 2081 595 solet.
2117 543 2234 597 Alia
2262 562 2494 617 namque
2519 559 2646 605 sunt
2668 567 2786 620 qua:
2815 570 2845 608 a
2869 556 2998 621 Deo,
3025 559 3130 614 alia
3155 577 3275 631 quae
3300 567 3370 621 ab
3395 542 3489 624 ad;

264 631 388 684 nihil
423 632 628 693 utiliter
653 633 1050 695 admirandum.
1087 636 1363 707 Tantoque
1391 639 1590 693 rectius
1624 641 1826 710 majore

1926 633 2183 700 versario,
2210 635 2312 689 alia
2339 652 2455 705 qua:
2481 653 2510 691 a
2534 641 2780 706 proximo
2807 646 3148 704 sustinemus.
3173 651 3217 704 A
3240 657 3486 722 proximo

263 719 766 795 st'tpplicio’dignum
786 723 1056 792 judicabis
1094 730 1366 793 animum,
1416 741 1616 801 quanto
1656 734 1825 803 magis

1925 739 2154 794 namque
2192 729 2621 803 persecutiones,
2677 733 2866 788 damna
2909 745 2964 792 et
3001 719 3374 811 contumelias,
3417 751 3485 804 ab

263 813 402 866 vitiis
431 813 613 868 subdit
643 815 1002 871 instrumenta
1037 819 1312 876 virtutum.
1350 820 1614 877 Patientia
1644 838 1825 878 comes
1923 813 2230 880 adversario
2259 825 2606 883 lelllamenla.
2629 838 2664 886 .8
2705 823 2813 877 D80
2838 835 3016 881 autem
3043 828 3250 903 ﬂagella
3290 837 3485 897 tolera—

260 913 337 957 εει
365 905 665 974 sapientite,
690 921 798 960 non
832 907 1024 962 famula
1063 912 1525 980 concupiscentize.
1562 912 1824 991 Patientia
1923 920 2058 964 ""18-
2109 905 2215 960 SCd
2270 909 2324 962 ίη
2383 912 2630 966 munibus
2673 915 2844 970 tribus
2888 918 2974 984 his
3024 924 3196 982 mOdiS
3247 928 3485 998 νίεἱιευιὶ

260 995 429 1046 amica
451 1004 537 1048 est
559 998 901 1053 conscientize
922 999 1096 1060 honre,
1119 1017 1222 1055 non
1244 1002 1455 1057 inimica
1485 1005 1817 1064 innocentia}.
1923 994 2079 1048 οευΙο
2125 998 2466 1067 semetipsa!“
2519 1001 2676 1059 dem“
2723 1018 2873 1059 mens
2931 994 3371 1083 Circumspiceré;
3419 994 3485 1078 nn

256 1083 386 1136 Cum
417 1099 548 1152 ergo
586 1086 783 1142 videris
813 1103 1134 1158 quemquam
1164 1093 1430 1160 patienter
1461 1093 1658 1162 aliquid
1687 1095 1818 1164 pati,
1921 1093 2110 1140 contra
2149 1086 2288 1140 mala
2333 1090 2564 1156 proximi
2589 1093 2934 1164 pertrahatur
2975 1099 3042 1153 ad
3085 1102 3484 1164 retributionem

254 1173 358 1226 noli
385 1176 646 1229 continuo
671 1177 893 1232 laudare
917 1180 1250 1248 patientiam,
1279 1196 1438 1250 quam
1464 1198 1568 1240 non
1589 1184 1816 1240 ostendit

1921 1173 2076 1236 mali;
2108 1191 2176 1230 ne
2204 1188 2395 1231 contra
2429 1189 2757 1242 tentamenta
2788 1184 3082 1251 adversarii
3110 1192 3393 1250 seducatur
3417 1198 3483 1250 ad

254 1265 350 1318 nisi
388 1281 555 1320 causa
587 1267 843 1336 patiendi.
877 1259 1098 1331 Quando
1130 1270 1214 1324 illa
1251 1271 1389 1326 bona
1412 1280 1526 1336 est,
1565 1282 1690 1328 tunc
1713 1274 1816 1328 ista
1921 1265 2349 1332 delectationem.
2375 1270 2456 1324 vel
2485 1287 2803 1340 0011581150!!!
2837 1276 3046 1344 delicti;
3078 1295 3146 1336 ne
3169 1292 3362 1345 contra
3391 1285 3488 1342 ﬂa-

250 1370 374 1408 sera
405 1365 526 1410 est:
559 1357 773 1427 quando
802 1359 892 1412 illa
920 1375 1024 1412 non
1055 1359 1311 1429 polluitur
1341 1361 1648 1430 cupiditate,
1693 1370 1817 1417 tunc
1918 1355 2053 1425 sella
2103 1358 2309 1428 opiﬁcis
2343 1361 2410 1416 ad
2450 1377 2725 1424 eXcessum
2762 1377 2984 1437 prernat
3021 1375 3481 1440 murmurationis.

247 1463 275 1499 a
305 1447 546 1502 falsitate
571 1448 936 1516 distinguitur.
969 1448 1102 1504 Cum
1129 1466 1256 1504 vero
1283 1451 1372 1511 illa
1401 1459 1610 1506 tenetur
1631 1452 1685 1506 in
1713 1453 1818 1511 cri-
1917 1446 2157 1506 Pet-tecte
2190 1451 2332 1504 enim
2383 1453 2724 1510 adversarius
2772 1459 3032 1526 vincitur,
3074 1467 3287 1534 quando
3333 1482 3484 1532 mens

246 1538 418 1602 mine,
450 1547 583 1592 tunc
624 1537 784 1608 hujus
821 1539 1043 1594 multum
1083 1547 1298 1596 erratur
1339 1543 1394 1596 in
1432 1543 1664 1597 nomine.
1701 1542 1817 1599 Non
1917 1549 2100 1596 nostra
2128 1550 2183 1596 et
2209 1543 2349 1604 inter
2374 1552 2701 1606 tentamenta
2726 1545 2842 1618 ejus
2869 1565 2900 1604 a
2928 1551 3484 1628 delectationemque

245 1633 385 1686 enim
416 1633 564 1687 sicut
587 1633 832 1690 homines
851 1637 948 1704 qui
968 1637 1163 1703 sciunt,
1188 1647 1317 1692 sunt
1335 1639 1624 1708 participes
1644 1638 1817 1700 scien-
1915 1648 2178 1689 consensu
2215 1637 2538 1702 omnimodis
2575 1639 2911 1710 refrenatur,
2941 1654 2996 1698 et
3033 1646 3175 1703 inter
3201 1643 3482 1711 ὀσηιυωε-

247 1724 352 1787 tiae,
371 1726 462 1778 vita
490 1741 686 1781 omnes
709 1727 801 1796 qui
824 1728 1098 1797 patiuntur
1131 1738 1256 1784 sunt
1288 1730 1576 1799 participes
1610 1731 1816 1799 patien—
1845 1803 1881 1808 _
1915 1723 2017 1777 lias
2037 1725 2266 1794 proximi
2301 1728 2600 1782 ουδιοόίιιιι·
2624 1729 2692 1784 ab
2719 1732 2871 1797 Odio;
2899 1742 2953 1789 et
2981 1734 3125 1792 inter
3151 1737 3356 1808 ﬂagella
3386 1741 3478 1807 Dei

246 1813 366 1867 tie:
406 1813 508 1868 sed
544 1815 638 1883 qui
681 1816 931 1884 passione
970 1825 1114 1872 recte
1149 1827 1400 1884 utuntur,
1451 1820 1504 1872 in
1542 1818 1812 1888 patientia
1842 1803 1888 1860 Β
1915 1815 2275 1882 compescitur
2317 1833 2348 1870 a
2399 1821 2842 1882 murmuratione.
2901 1821 3013 1879 Nec
3069 1825 3186 1882 hate
3224 1803 3476 1900 agentes,

244 1903 470 1957 veritate
499 1903 810 1970 laudantur,
841 1906 894 1960 bi
919 1907 1190 1975 patientia:
1213 1923 1436 1963 munere
1461 1921 1806 1964 coronantur.
1918 1905 2146 1992 retribui
2187 1906 2340 1960 nobis
2363 1909 2646 1986 praesentia
2673 1909 2809 1965 bona
2838 1913 3195 1992 requiramus.
3221 1918 3354 1976 Nam
3380 1936 3478 1990 pro

246 1992 631 2047 ¥erummmen
665 2009 788 2048 cum
811 2010 912 2068 pro
936 1995 1272 2061 libidinibus,
1316 1998 1399 2052 vel
1443 2000 1606 2053 etiam
1644 2000 1811 2056 scele-
1914 1991 2099 2056 ιπδωο
2132 1994 2403 2064 patientiae
2437 1997 2575 2060 ιοιια
2603 2000 2866 2076 speranda
2894 1991 3020 2056 Sum
3037 2008 3310 2076 sequentis
3335 2010 3474 2075 νίῑίιε.

243 2083 420 2148 ribus;
445 2100 574 2139 cum
605 2085 834 2154 denique
861 2101 958 2156 pro
983 2087 1082 2141 ista
1109 2087 1390 2158 temporali
1414 2088 1524 2151 vita
1542 2103 1608 2142 ac
1639 2089 1810 2146 salute
1909 2094 1967 2136 In
1995 2085 2274 2155 praemium
2305 2087 2474 2144 nostri
2501 2087 2700 2148 laboris
2726 2089 2964 2160 incipiat,
2989 2094 3204 2164 quando
3220 2094 3333 2166 iam
3360 2115 3474 2156 om,

241 2177 404 2230 multa
441 2177 696 2233 homines
721 2179 986 2233 horrenda
1020 2181 1340 2240 mirabiliter
1372 2182 1652 2247 suﬁ‘erunt,
1679 2185 1808 2241 satis
1909 2175 2067 2230 nibus
2107 2175 2260 2231 labor
2294 2177 2534 2232 Ῑυηάίιυε
2559 2188 2752 2246 08888!»
2784 2201 2802 2232 ι
2832 2182 2965 2244 Item
3001 2184 3142 2240 idem
3170 2200 3188 2240 ε
3229 2205 3249 2240 ι
3282 2188 3350 2244 1η
3385 2208 3476 2260 pa-

243 2283 338 2322 nos
362 2268 662 2327 admonent
685 2278 885 2338 quanta
913 2269 1213 2332 sutierenda
1246 2281 1372 2327 sunt
1397 2289 1495 2344 pro
1514 2275 1622 2332 vita
1644 2276 1804 2343 bona,

1909 2266 2086 2318 tientia
2128 2276 2296 2320 vestra
2335 2268 2658 2337 possidebitis
2696 2271 2899 2326 animas
2943 2282 3138 2337 vestras
3173 2276 3322 2348 (Luc.
3356 2296 3471 2350 xxi,

241 2367 298 2418 ιιι
321 2367 376 2414 et
399 2359 578 2428 possit
604 2373 725 2414 esse
768 2369 986 2426 aeterna,
1015 2370 1070 2416 et
1100 2361 1216 2418 sine
1258 2363 1370 2419 ullo
1416 2366 1671 2435 temporis
1699 2375 1803 2424 ter-

1907 2355 2014 2426 te).
2068 2357 2271 2420 Idcirco
2311 2360 2580 2426 possessio
2618 2360 2812 2427 animae
2857 2362 2909 2420 in
2949 2364 3156 2450 xirtute
3198 2369 3469 2439 patientia:

241 2448 399 2512 ιιιὶιιο,
433 2449 555 2502 sine
585 2448 832 2505 utilitatis
850 2450 1008 2506 ullius
1025 2452 1368 2518 detrimento,
1391 2470 1518 2510 vera
1547 2454 1805 2521 felicitate
1903 2451 2150 2520 punitur;
2201 2453 2324 2521 quia
2379 2455 2530 2512 razlix
2582 2456 2820 2511 omnium
2881 2448 3168 2529 custosque
3209 2461 3465 2527 virtutum

244 2552 442 2592 secura.
474 2538 631 2594 Unde
655 2540 911 2598 Dominus
935 2541 1049 2595 ait:
1082 2541 1149 2596 In
1173 2545 1423 2613 patientia
1456 2554 1620 2600 vestra
1644 2549 1806 2617 possi—
1902 2547 2156 2616 patientia
2193 2558 2294 2603 est.
2345 2548 2449 2610 Per
2489 2550 2798 2618 patientiam
2826 2567 2954 2610 vero
2991 2553 3327 2623 possidemus
3353 2558 3470 2612 ani-

237 2632 421 2705 debilis.
459 2632 669 2688 animus
698 2643 892 2687 vestras
923 2631 1070 2701 (Luc.
1103 2649 1218 2699 nt,
1250 2635 1357 2705 t9).
1401 2635 1516 2690 Non
1547 2638 1623 2692 ait
1649 2637 1804 2692 villas
1901 2652 2018 2691 mas
2041 2645 2287 2703 nostras;
2313 2640 2437 2708 quia
2480 2640 2605 2696 dum
2655 2642 2811 2698 nobis
2852 2643 2983 2712 ipsis
3011 2645 3276 2702 dominari
3308 2647 3464 2704 disci-

240 2734 463 2787 vestras,
503 2724 690 2779 laudes
716 2734 939 2790 vestras,
966 2726 1202 2780 luxurias
1221 2737 1447 2793 vestras,
1477 2730 1572 2784 sed
1597 2731 1802 2786 animas
1901 2743 2041 2792 mus,
2083 2728 2185 2783 hoc
2221 2729 2396 2797 ipsum
2440 2731 2725 2816 incipimus
2764 2734 3039 2803 possidere
3079 2736 3222 2805 quod
3261 2751 3463 2800 sumus.

235 2827 446 2868 vestras.
500 2814 558 2868 Si
607 2829 737 2884 ergo
785 2824 930 2871 tanta
961 2815 1148 2876 suﬂ'ert
1176 2818 1352 2872 anima
1400 2827 1461 2873 ut
1501 2821 1798 2888 possideat,
1900 2815 2161 2876 Patientia
2191 2832 2316 2872 vera
2341 2828 2448 2882 est,
2476 2820 2650 2879 aliena
2681 2814 2821 2885 mala
2850 2823 3220 2892 aequanimiter
3239 2829 3463 2901 perpeti,

233 2907 369 2965 unde
389 2915 620 2975 pereat;
658 2913 855 2974 quanta
887 2906 1044 2964 debet
1067 2905 1293 2962 suli'erre
1324 2923 1392 2963 ne
1420 2910 1646 2978 pereat?
1681 2931 1700 2963 ι
1737 2911 1804 2964 Et
1899 2918 2086 2963 contra
2123 2925 2243 2964 eum
2282 2926 2494 2980 quoque
2523 2914 2615 2982 qui
2657 2913 2796 2968 mala
2841 2914 3063 2984 irrogat,
3109 2917 3254 2974 nullo
3285 2918 3466 2977 dolore

233 2997 388 3074 paulo
428 3003 589 3066 post:
635 3015 654 3046 ι
703 2996 957 3063 Quamvis
999 3007 1178 3052 autem
1221 2998 1478 3068 patientia
1525 3001 1699 3056 virtus
1731 3001 1802 3056 sit
1899 3003 2152 3064 morderi.
2188 3002 2324 3056 Nam
2357 3003 2446 3071 qui
2476 3003 2557 3059 sic
2600 3005 2742 3058 mala
2785 3007 3015 3080 proximi
3059 3016 3258 3078 portat,
3297 3019 3356 3064 ut
3386 3019 3464 3067 ta—

215 3071 410 3153 ,auimi,
443 3087 642 3158 partim
671 3097 850 3149 tamen
869 3102 931 3142 ea
958 3088 1125 3145 utitur
1143 3090 1352 3149 animus
1373 3091 1425 3144 in
1454 3092 1650 3162 seipse,
1673 3108 1798 3169 par-
1826 3146 1866 3169 η
1899 3107 2021 3145 men
2068 3092 2262 3146 tacitus
2300 3092 2497 3164 doleat,
2535 3101 2590 3148 et
2632 3071 2841 3164 tempus
2885 3095 3058 3166 dignae
3097 3097 3463 3162 retributionis

233 3178 323 3232 tim
361 3146 492 3234 vero
533 3180 591 3234 in
620 3194 852 3249 corpore
877 3194 992 3236 suo.
1027 3180 1085 3234 lu
1110 3181 1286 3250 seipse
1314 3182 1484 3236 utitur
1510 3146 1793 3254 patientia,
1825 3146 1868 3206 C
1899 3193 2123 3252 quterat,
2150 3185 2464 3262 patientiam
2495 3201 2601 3242 non
2638 3187 2876 3253 exhibet,
2904 3187 2998 3242 sed
3032 3197 3283 3244 ostentat.
3318 3189 3460 3253 Seri-

227 3270 440 3338 quando
479 3269 649 3324 ill’mso
676 3279 730 3324 et
763 3269 965 3328 intacto
995 3285 1218 3341 corpore
1252 3271 1451 3341 aliquid
1499 3275 1642 3342 quod
1689 3291 1796 3330 non
1895 3264 2046 3343 ptum
2085 3275 2281 3345 quippe
2313 3285 2399 3332 est
2440 3295 2453 3330 :
2492 3276 2735 3334 Charitas
2772 3277 2991 3352 benigna
3032 3288 3126 3344 est,
3155 3281 3354 3348 patiens
3389 3294 3461 3338 est

225 3359 506 3430 expediat,
546 3361 630 3416 vel
675 3363 814 3432 quod
849 3377 952 3416 non
983 3364 1203 3429 deceat,
1237 3363 1418 3421 facere
1457 3376 1550 3421 aut
1578 3367 1756 3424 dicere
1779 3410 1794 3432 ,
1898 3363 1946 3434 (Ι
1973 3362 2095 3418 Cor.
2128 3382 2249 3432 xm,
2309 3367 2382 3438 4).
2416 3367 2632 3422 Patiens
2657 3382 2886 3437 namque
2915 3376 3020 3435 est,
3045 3377 3102 3424 ut
3127 3370 3296 3430 aliena
3323 3374 3459 3441 mala

223 3451 556 3520 quibuslibet
585 3452 1001 3512 adversitatibus
1022 3462 1114 3508 aut
1135 3453 1464 3514 foeditatibus
1485 3473 1684 3524 rerum,
1699 3475 1792 3515 seu
1897 3454 2108 3522 toleret,
2132 3457 2369 3529 benigna
2399 3473 2530 3513 vero
2549 3467 2652 3523 est,
2683 3467 2742 3514 ut
2767 3460 2911 3530 ipsos
2935 3461 3098 3522 etiam
3124 3477 3258 3532 quos
3281 3477 3460 3536 portat

223 3543 514 3596 verborum
538 3542 770 3597 stimulis
797 3544 1068 3609 incitatus,
1094 3555 1149 3600 et
1168 3548 1432 3615 patienter
1455 3550 1593 3610 mala
1614 3551 1794 3608 omnia
1893 3555 2057 3603 amet.
2104 3549 2242 3604 Hinc
2288 3565 2519 3621 namque
2555 3565 2652 3621 per
2679 3552 3023 3621 semetipsam
3051 3553 3262 3611 Veritas
3289 3557 3419 3614 dicit
3445 3578 3456 3612 :

225 3633 436 3696 aderat,
468 3650 570 3688 nec
601 3635 712 3708 ipse
740 3635 863 3691 tttali
891 3635 1086 3704 aliquid
1112 3652 1273 3710 opere
1296 3639 1384 3692 vel
1417 3655 1511 3695 ore
1544 3642 1792 3698 commit-
1893 3638 2107 3708 Diligite
2142 3641 2376 3704 inimicos
2411 3650 2624 3708 vestrm,
2674 3643 2956 3718 benefacjte
2992 3645 3073 3698 his
3113 3647 3201 3716 qui
3241 3647 3458 3702 oderunt

226 3724 305 3775 tit.
330 3723 440 3778 Per
467 3725 610 3778 hanc
635 3726 948 3795 patientiam
975 3728 1304 3784 sustinemus
1330 3731 1490 3786 etiam
1519 3747 1642 3787 eum
1675 3748 1794 3788 cor-
1892 3746 1999 3784 vos.
2031 3729 2193 3785 Orate
2230 3748 2324 3801 pro
2346 3733 2764 3803 persequentibus
2809 3745 2856 3790 et
2891 3735 3332 3792 calumniantibus
3374 3757 3460 3796 eos

224 3825 350 3882 pure
377 3813 500 3870 sani
540 3828 747 3880 sumus,
791 3814 929 3884 quod
977 3817 1117 3871 inter
1144 3817 1300 3886 hujus
1331 3821 1509 3876 saeculi
1540 3824 1792 3880 scandala
1893 3818 2109 3890 (Hatlh-
2139 3837 2192 3886 ν,
2220 3820 2331 3890 44)-
2365 3820 2547 3879 Viﬂlls
2586 3823 2765 3892 itaque
2811 3832 2893 3878 est
2933 3840 3117 3880 coram
3149 3826 3457 3883 hominibus

226 3903 500 3958 beatitudo
545 3913 730 3959 nostra
779 3905 1042 3966 ditiertur.
1097 3927 1115 3962 ι
1162 3909 1290 3964 Item
1336 3921 1460 3986 post
1507 3915 1786 3982 quadam:
1893 3915 2230 3970 adversarios
2259 3915 2511 3980 tolerare,
2537 3916 2630 3971 sed
2657 3916 2828 3980 virtus
2853 3932 3037 3972 coram
3054 3918 3170 3972 Deo
3198 3917 3455 3990 diligere:

227 4013 248 4044 ι
283 3994 409 4050 Haec
434 3996 640 4060 omnia,
675 4007 729 4051 et
755 3999 799 4051 si
830 4015 933 4068 qua
961 4008 1088 4053 sunt
1130 4001 1268 4068 alia,
1309 4019 1428 4072 qua:
1471 4019 1789 4062 commemo-

1895 4003 2016 4071 quia
2051 4003 2150 4058 hoc
2181 4003 2352 4058 solum
2394 4004 2536 4069 Deus
2568 4003 2890 4067 sacriﬁcium
2920 4006 3133 4074 accipit,
3167 4010 3309 4077 quod
3333 4019 3457 4066 ante

224 4100 343 4146 rare
364 4087 583 4156 longum
607 4096 706 4151 est,
735 4089 801 4142 ad
831 4103 950 4143 eum
979 4092 1245 4160 patientia:
1268 4097 1482 4153 modum
1500 4100 1787 4169 pertinent,
1890 4091 2006 4160 eius
2031 4093 2215 4154 oculos
2249 4095 2301 4147 in
2331 4093 2485 4148 altari
2531 4095 2657 4149 boni
2687 4096 2868 4172 operis
2912 4096 3130 4152 ﬂamma
3175 4099 3456 4167 charitatis

221 4190 326 4248 quo
349 4177 570 4234 animos
597 4191 703 4232 non
733 4193 827 4233 sua
853 4190 1096 4248 peccata,
1119 4184 1211 4238 sed
1232 4172 1563 4256 quarcunqde
1587 4190 1789 4243 extrin-
1891 4183 2146 4247 inoendit-
2179 4183 2465 4240 Sciendum
2509 4200 2636 4240 Vero
2671 4194 2776 4252 est.
2817 4189 2960 4256 quod
2995 4188 3312 4261 plerumque
3353 4208 3452 4262 pa-

224 4281 372 4320 secus
397 4267 538 4330 mala
565 4268 835 4336 patienter
863 4271 1092 4328 sustinet
1127 4274 1180 4328 in
1205 4275 1411 4343 seipso,
1443 4291 1540 4330 suo
1568 4293 1789 4347 prorsus
1893 4275 2085 4331 tientes
2131 4277 2396 4341 videmur,
2435 4278 2562 4348 quia
2596 4278 2895 4336 retribuere
2928 4281 3069 4337 mala
3116 4299 3222 4339 non
3264 4299 3452 4354 possu-

227 4371 447 4424 corpore
469 4356 656 4411 illaeso.
677 4357 826 4413 Alius
849 4368 1027 4418 autem
1049 4362 1319 4429 patientiae
1344 4364 1534 4418 modus
1552 4373 1657 4429 est,
1681 4382 1789 4436 quo
1892 4381 2044 4432 mus;
2066 4369 2166 4427 sed
2187 4367 2276 4436 qui
2302 4367 2501 4430 idcirco
2543 4368 2740 4427 malum
2768 4378 2875 4425 non
2909 4371 3176 4436 retribuit,
3207 4373 3333 4442 quia
3359 4390 3452 4430 ne-

225 4445 356 4500 idem
388 4449 507 4514 ipse
527 4447 736 4502 animus
757 4465 1087 4518 quaecunque
1109 4452 1329 4511 molesta
1353 4455 1607 4524 etgravia
1630 4456 1684 4519 in
1703 4459 1784 4512 sui
1813 4492 1864 4550 Β
1890 4471 2156 4524 quaquam
2203 4457 2366 4523 valet,
2411 4459 2602 4528 procul
2647 4459 2828 4524 dubio,
2868 4466 2927 4514 ut
2961 4459 3213 4525 diximus,
3243 4464 3454 4532 patiens

226 4539 458 4605 corporis
484 4539 824 4609 passionibus
840 4540 1074 4609 perfert,
1102 4558 1209 4598 non
1237 4545 1376 4605 sicut
1397 4545 1543 4598 stulti
1572 4545 1655 4601 vel
1676 4562 1786 4601 tna—
1813 4539 1858 4550 ”
1887 4565 1993 4602 non
2016 4557 2134 4604 est:
2161 4550 2286 4618 quia
2304 4547 2559 4622 patientia
2584 4565 2691 4606 non
2715 4551 2769 4606 in
2798 4551 3104 4610 ostensione
3127 4554 3446 4622 acquiritur,

225 4628 340 4699 ligni
373 4631 624 4686 houtines
652 4643 868 4702 propter
896 4634 1237 4702 adipiscenda
1268 4651 1404 4690 vana
1422 4678 1436 4700 ,
1466 4637 1549 4692 vel
1579 4638 1781 4693 scelera
1880 4639 1978 4692 sed
2007 4640 2060 4693 in
2085 4639 2263 4694 corde.
2294 4660 2313 4692 ι

220 4725 574 4792 perpetranda
596 4765 611 4788 ,
635 4727 727 4781 sed
753 4727 894 4781 sicut
917 4743 946 4782 a
976 4729 1200 4786 Domino
1236 4730 1512 4795 deﬁnitum
1547 4742 1631 4786 est
1657 4748 1783 4801 pro-
1954 4726 2078 4782 Haec
2107 4728 2303 4798 quippe
2330 4737 2385 4782 et
2413 4729 2497 4784 his
2530 4728 2725 4790 similia
2765 4729 2962 4786 eximia
2991 4743 3056 4786 ac
3094 4729 3447 4796 saluberrima

220 4824 334 4886 pter
346 4816 620 4885 justitiam
646 4816 859 4888 (Matth.
888 4836 940 4884 ν,
973 4822 1080 4893 £0).
1106 4821 1344 4891 Utroque
1381 4825 1552 4888 sancti
1580 4835 1782 4896 marty-
1883 4821 2186 4877 testimonia
2219 4836 2318 4876 nos
2358 4821 2425 4875 ad
2458 4821 2733 4898 patientia!
2755 4822 3009 4876 virtutem
3041 4821 3354 4877 informant.
3382 4823 3450 4878 Et.

219 4922 302 4961 ns
333 4910 496 4965 modo
531 4919 892 4967 certaverunt.
931 4911 1065 4968 Nam
1103 4922 1156 4972 et
1191 4915 1475 4985 impiorum
1502 4955 1560 4969 ..
1597 4957 1610 4970 .
1643 4959 1656 4972 .
1697 4934 1783 4973 sa-
1882 4911 2007 4978 quia
2051 4911 2166 4968 sine
2200 4910 2463 4966 charitate
2509 4911 2561 4964 in
2609 4911 2766 4974 nobis
2799 4926 2906 4976 non
2935 4920 3112 4981 nonest
3154 4927 3278 4967 vera
3327 4927 3448 4972 esse

223 5001 375 5052 turati
422 5008 579 5064 sunt,
617 5001 705 5054 ubi
751 5002 962 5056 animus
1000 5018 1232 5072 corpore
1273 5005 1474 5061 intacto
1520 5009 1780 5078 quasdam
1880 5001 2160 5077 patientia.
2187 5001 2461 5055 ἱηιίιθυιυν
2492 5001 2608 5069 eius
2629 5001 2947 5072 θεεηψὶυιην
2977 5003 3068 5072 qui
3103 5013 3321 5074 propter
3351 5019 3446 5063 “"5

218 5091 372 5152 veiuti
402 5092 590 5164 plagas
616 5106 742 5152 suas
776 5093 984 5164 integer
1009 5097 1266 5160 sustinet,
1299 5105 1355 5151 et
1382 5097 1434 5151 in
1464 5100 1780 5175 corporibus
1880 5091 2102 5162 ﬂagella,
2140 5101 2195 5146 et
2225 5093 2475 5155 ludibria.
2519 5103 2574 5146 ct
2621 5093 2798 5152 crucis
2840 5095 3134 5161 patibulum
3181 5095 3448 5165 patienter

219 5183 374 5244 τίθει]
419 5193 580 5249 sum,
610 5185 797 5242 inclusi
826 5198 983 5253 sum,
1021 5189 1161 5244 fame
1192 5206 1253 5248 ac
1290 5192 1379 5246 είιί
1408 5191 1582 5248 agn-cii
1626 5205 1776 5258 sum,
1881 5183 2150 5246 sustinuit,
2184 5191 2242 5236 ιιι
2280 5183 2517 5236 exterius
2555 5181 2885 5251 interiusque
2923 5184 3041 5252 ejus
3070 5199 3254 5239 amore
3277 5184 3444 5242 virtu-

219 5276 335 5328 torti
371 5287 523 5341 sunt,
567 5279 702 5332 secti
731 5288 886 5344 sunt,
918 5282 1155 5340 dilaniati
1184 5294 1342 5346 sunt,
1387 5286 1592 5340 incensi
1623 5299 1775 5350 sunt,

1879 5281 1988 5326 tem
2008 5272 2279 5342 patientia:
2300 5271 2636 5335 exhibentes,
2663 5271 2752 5326 illo
2771 5287 2876 5339 quo
2903 5271 2987 5330 ille
3006 5272 3298 5340 praecessit,
3323 5283 3441 5341 post

213 5367 457 5420 trucidati
495 5376 651 5431 sunt,
681 5378 737 5423 et
763 5370 963 5439 pietate
994 5373 1250 5428 immobili
1282 5377 1636 5431 subdiderunt
1670 5379 1775 5432 Dco

1181 5375 1250 5428 ,ηε
1282 5377 1636 5431 subdiderunt
1670 5379 1778 5432 ι)ρο
1879 5377 2104 5420 mortem
2137 5363 2419 5433 pervenire
2452 5363 2743 5420 valeamus.

210 5465 465 5521 utentem,
489 5474 616 5513 cum
639 5469 953 5528 paterentur
980 5463 1033 5517 in
1062 5479 1254 5529 carne,
1296 5466 1554 5535 quidquid
1589 5469 1777 5536 exqui-
2485 5454 2710 5510 CAPUT
2747 5455 2831 5508 w'

211 5550 340 5601 renti
371 5551 677 5605 crudelitati
703 5552 850 5605 venit
876 5553 927 5605 in
954 5563 1148 5608 mente.
1185 5577 1202 5606 ι
2272 5573 2289 5590 ι
2476 5543 2551 5598 De
2584 5545 2840 5612 superbia.

267 5645 564 5715 Cmam-ms
613 5646 667 5700 in
717 5646 951 5702 ιιοηιίιίίε
993 5648 1255 5718 mansum
1293 5663 1317 5690 ει
1365 5666 1378 5703 ε
1422 5670 1438 5702 ι
1490 5651 1772 5706 sciendum
1946 5636 2242 5706 Aliquando
2288 5645 2506 5704 propter
2547 5635 2742 5690 donum
2793 5632 3012 5701 alicujus
3057 5634 3290 5701 virtutis,
3337 5634 3436 5688 ali,

273 5773 294 5798 ι
323 5760 521 5819 “om”.
553 5761 642 5815 55.
721 5801 727 5808 '
1611 5787 1618 5796 .
1877 5732 2095 5811 quando,
2151 5739 2366 5800 propter
2426 5729 2607 5783 mundi
2661 5729 2913 5791 honores,
2970 5727 3252 5806 aliquando
3311 5743 3435 5794 item
