4030 6190
489 350 605 406 239

1543 350 1733 405 ΙΟΝΑΞ
1774 351 1865 407 AU
1879 352 2071 406 RELIA
2084 350 2324 405 NENSIS
2366 349 2666 405 EPlSCOPI

3616 350 3722 406 210

488 473 716 534 'propter
761 463 938 518 carnis
978 465 1321 534 fragilitatem
1376 465 1570 519 labitur
1617 466 1666 519 in
1725 466 2052 535 superbiam,
2084 479 2128 531 Α
2159 467 2417 534 corporis.
2447 465 2597 518 Unde
2623 480 2716 535 per
2739 464 2876 520 Osee
2905 465 3216 534 prophetam
3245 473 3428 519 contra
3452 463 3724 520 lsraelitas

499 572 618 617 utne
659 555 817 608 totius
849 557 1050 623 peccati
1088 555 1294 608 initium
1323 563 1423 608 est.
1459 556 1608 610 Unde
1645 558 1900 626 scriptum
1933 567 2050 610 est;

492 643 716 697 Initium
751 643 917 696 omnis
966 645 1162 713 peccati
1215 645 1453 712 superbia
1491 644 1676 715 (Eccli.
1709 662 1762 709 x,
1793 646 1898 714 IS).
1934 645 2058 699 Ilaec

495 733 563 784 de
588 731 791 800 angelis
823 732 1091 786 dcemones
1122 732 1276 796 fecit;
1304 733 1575 788 humilitas
1605 745 1782 790 autem
1813 735 2057 790 homines

493 827 728 894 :eqnales
753 827 950 897 angelis
976 827 1168 880 reddit.
1198 828 1271 880 De
1292 827 1536 897 superbia
1563 843 1792 898 namque
1818 829 1892 882 ait
1917 827 2058 882 Psal-

493 919 690 970 ntista:
726 916 982 986 Populum
1025 916 1268 970 humilem
1308 917 1504 970 salvum
1548 918 1706 986 facies
1743 930 1761 967 :
1799 927 1846 970 et
1881 917 2056 972 oculos

494 1007 830 1074 superborum
859 1007 1156 1061 Itumiliabis
1193 1006 1360 1078 (Psal.
1397 1023 1525 1070 xvn,
1571 1006 1680 1077 28).
1730 1009 1858 1061 Item
1897 1025 1909 1061 :
1952 1007 2054 1062 Su-

492 1097 633 1164 perbi
660 1099 832 1166 inique
861 1097 1079 1166 agebant
1124 1111 1522 1168 usquequaque:
1553 1115 1583 1151 a
1619 1097 1725 1168 lege
1757 1109 1929 1152 autem
1966 1109 2057 1152 tua

495 1203 598 1240 non
641 1187 893 1240 declinavi
942 1184 1113 1257 (Psal.
1160 1202 1346 1252 cxvm,
1383 1186 1507 1258 5|):
1530 1187 1660 1241 Item
1708 1205 1721 1240 :
1772 1186 2059 1257 lncrepasti

495 1275 762 1344 superbos,
814 1273 1076 1328 maledicti
1129 1277 1218 1346 qui
1266 1275 1527 1329 declinant
1570 1293 1602 1329 a
1649 1277 1910 1330 mandatis
1955 1277 2057 1331 tuis

497 1366 678 1436 (Ibid.,
705 1383 752 1420 v.
783 1367 892 1437 21).
932 1367 1100 1422 Item:
1133 1367 1254 1421 Non
1297 1367 1544 1421 habitabit
1587 1369 1642 1422 in
1677 1369 1842 1421 medio
1875 1368 2058 1422 domus

495 1472 622 1510 mea:
645 1457 731 1527 qui
755 1456 879 1523 facit
908 1456 1201 1526 superbiam
1231 1454 1400 1527 (Psal.
1435 1473 1484 1520 c,
1508 1457 1582 1526 7).
1618 1457 1674 1510 In
1710 1456 2012 1513 Proverbiis
2040 1453 2058 1512 ε’

499 1548 688 1602 Domos
729 1548 1064 1617 superborum
1108 1547 1389 1602 demolitur
1437 1548 1690 1603 Dominus
1738 1548 1916 1618 (Prov.
1967 1566 2056 1614 xv,

494 1637 605 1708 25).
649 1638 704 1691 In
750 1637 1074 1692 Ecclesiaste
1113 1656 1125 1691 :
1175 1636 1314 1702 Quid
1350 1639 1581 1708 superbis
1618 1649 1756 1693 terra
1795 1653 1842 1693 et
1881 1642 2010 1694 cinis
2036 1643 2061 1694 Ρ

496 1724 682 1794 (Eccli.
715 1742 767 1786 κ,
801 1725 878 1797 9.)
910 1725 965 1779 In
997 1725 1160 1780 Amos
1201 1747 1214 1780 :
1256 1725 1466 1781 Iuravit
1496 1727 1747 1782 Dominus
1783 1731 1838 1782 in
1879 1731 2056 1783 anima

492 1831 611 1878 sua,
652 1815 778 1868 dicit
803 1815 1055 1869 Dominus
1089 1817 1404 1870 exercituum
1431 1833 1449 1870 :
1476 1816 1713 1872 Detestor
1749 1835 1840 1888 ego
1879 1835 2058 1888 super-

494 1908 632 1960 biam
659 1906 844 1971 Iacob,
875 1917 920 1961 et
948 1909 1129 1962 domos
1161 1909 1275 1979 ejus
1316 1910 1402 1963 odi
1444 1909 1621 1981 (Amos
1651 1927 1726 1973 γι,
1758 1911 1834 1983 8).
1863 1911 2058 1967 Tobias

494 1999 770 2068 alloquens
796 2000 966 2054 ﬁlium
991 2016 1147 2056 suum
1173 2020 1186 2055 :
1215 2001 1544 2072 Superbiam,
1575 2005 1765 2074 inquit,
1795 2023 2057 2078 nunquam

491 2089 548 2142 in
577 2099 665 2142 tuo
690 2106 864 2154 sensu,
889 2101 978 2144 aut
1007 2091 1063 2144 in
1094 2101 1183 2144 tuo
1210 2092 1359 2146 verbo
1391 2093 1650 2147 dominari
1671 2096 1938 2164 permittas
1964 2109 1982 2146 :
2004 2096 2059 2148 in

491 2179 605 2246 ipsa
625 2180 986 2258 enim‘initium
1006 2182 1222 2250 sumpsit
1245 2183 1410 2236 omnis
1429 2184 1649 2252 perditio
1675 2183 1824 2255 ('I'ob.
1849 2189 1926 2249 IV,
1948 2184 2057 2257 M).

493 2267 561 2320 Et
589 2268 877 2324 Salomon:
911 2267 1032 2336 Ubi,
1062 2271 1255 2341 inquit,
1283 2273 1440 2342 fuerit
1473 2274 1729 2343 superbia,
1765 2275 1836 2328 ibi
1875 2276 1973 2328 erit
2013 2285 2060 2328 et

493 2363 806 2416 contumelia
849 2360 1028 2432 (Prov.
1067 2379 1142 2428 xu,
1167 2363 1245 2433 2).
1273 2365 1402 2418 Item
1437 2383 1450 2418 :
1481 2365 1670 2419 Melius
1695 2377 1766 2419 est
1794 2367 2062 2422 humiliari

494 2469 612 2505 cum
655 2455 898 2515 mitibus,
955 2471 1112 2525 quam
1161 2456 1387 2510 dividere
1436 2456 1602 2526 spolia
1659 2474 1774 2510 cum
1829 2459 2060 2529 superbis

494 2541 676 2613 (Prov.
719 2558 830 2607 xvi,
862 2543 966 2615 l9).
999 2542 1156 2598 Jesus
1185 2544 1326 2600 ﬁlius
1365 2543 1554 2600 Sirach
1581 2563 1594 2598 :
1623 2545 1844 2600 0dibilis
1885 2564 2059 2601 coram

417 2625 420 2634 ’
494 2632 603 2686 Deo
628 2643 676 2686 et
698 2634 989 2687 hominibus
1011 2635 1269 2704 superbia.
1302 2635 1522 2690 Initium
1545 2637 1796 2707 superbiae
1818 2637 2058 2703 hominis,

494 2733 788 2792 apostatare
808 2743 840 2777 a
865 2724 990 2778 Deo.
1026 2724 1244 2778 Initium
1282 2729 1476 2796 peccati
1501 2737 1576 2781 est
1605 2729 1771 2782 omnis
1796 2729 2054 2799 superbia.

495 2815 596 2879 Qui
635 2817 852 2886 tetigerit
885 2817 1068 2885 picem,
1107 2818 1466 2887 inquinabitur
1489 2819 1553 2872 ab
1587 2836 1647 2872 ea
1678 2836 1696 2873 :
1727 2831 1772 2872 et
1796 2822 1884 2890 qui
1922 2837 2062 2874 com-

492 2911 773 2963 municabit
816 2911 1069 2980 superbo,
1112 2912 1358 2964 induetur
1400 2912 1640 2982 superbia
1685 2912 1871 2980 (Eccli.
1928 2929 1981 2976 Χ,
2029 2913 2060 2965 7

492 3018 636 3070 seq.;
664 3017 781 3064 snt,
814 3003 886 3074 I).
917 3003 980 3056 Et
1005 3003 1261 3057 Dominus
1291 3004 1342 3056 in
1375 3003 1661 3073 Evangelio
1691 3024 1702 3057 :
1729 3003 1934 3069 Omnis,
1976 3006 2060 3059 in-

493 3093 626 3160 quit,
649 3093 736 3162 qui
765 3109 818 3145 se
843 3093 1057 3156 exultat,
1079 3093 1474 3157 humiliabitur;
1514 3105 1561 3148 et
1591 3098 1677 3166 qui
1718 3113 1771 3150 se
1798 3095 2058 3160 humiliat,

2156 556 2388 608 dicitur:
2433 557 2660 625 Spiritus
2697 554 3052 623 fornicationis
3105 556 3158 608 in
3201 553 3368 607 medio
3417 571 3597 607 eorum
3628 565 3716 608 :et

2155 643 2436 698 Dominum
2462 661 2563 698 non
2593 653 2933 713 cognoverunt
2965 641 3116 714 (Osee
3145 659 3197 704 v,
3221 642 3298 709 4).
3325 643 3425 708 Qui
3451 651 3509 696 ut
3537 651 3721 697 osten-

2155 736 2326 801 deret,
2365 737 2506 806 quod
2544 751 2705 791 causa
2736 736 2970 790 libidinis
2997 751 3062 790 ex
3095 735 3246 806 cplpa
3284 735 3589 803 proruperit
3613 734 3724 789 ela-

2155 797 2335 890 tionis,
2377 797 2498 878 inox
2539 825 2774 879 subdidit
2825 825 3008 879 dicens
3041 842 3052 876 :
3102 797 3530 891 Iit-respondebit
3565 841 3720 878 arro-

2155 916 2333 983 gantia
2362 913 2529 966 Israel
2557 914 2609 966 in
2630 913 2816 982 faciem
2841 915 2954 983 ejus
2984 913 3143 985 (Ibid.
3173 929 3223 978 v,
3251 913 3326 984 5).
3361 913 3417 966 Si
3441 924 3719 969 auctorem

2155 1020 2309 1059 suum
2349 1005 2509 1058 homo
2543 1004 2900 1073 superbiendo
2946 1003 3258 1068 contemnit,
3285 1003 3406 1072 jure
3434 1011 3490 1056 et-
3530 1019 3559 1056 a
3590 1003 3718 1056 sub-

2149 1097 2292 1166 jecta
2335 1110 2497 1149 carne
2543 1094 2781 1165 puellum
2829 1094 3085 1164 suscipit:
3119 1095 3258 1147 unde
3302 1103 3357 1147 et
3397 1093 3486 1146 ille
3515 1093 3720 1161 primus

2156 1187 2468 1242 inobediens
2507 1202 2630 1240 mox
2675 1197 2733 1239 ut
2779 1187 3132 1255 superbiendo
3169 1185 3433 1255 peccavit,
3473 1185 3718 1254 pudenda

2155 1277 2392 1332 contexit
2415 1293 2427 1329 :
2461 1277 2585 1344 quia
2612 1276 2755 1330 enim
2781 1275 3101 1329 calumniam
3133 1275 3354 1344 spiritus
3378 1273 3487 1327 Deo
3518 1273 3718 1336 intulit,

2155 1383 2279 1422 mox
2323 1367 2640 1420 calumniam
2693 1367 2873 1421 carnis
2916 1366 3134 1419 invenit.
3173 1384 3191 1416 ι
3249 1364 3315 1418 Et
3357 1363 3516 1433 paulo
3561 1373 3718 1432 post:

2162 1476 2180 1508 ι
2218 1457 2442 1528 Superbi
2473 1459 2667 1527 quippe
2695 1472 2760 1511 eo
2787 1457 2904 1527 ipso
2932 1471 3037 1524 quo
3063 1454 3228 1510 videri
3256 1455 3348 1508 alti
3385 1462 3662 1523 appetunt,
3691 1466 3724 1506 a
3753 1503 3757 1507 «

2157 1564 2284 1603 vera
2325 1549 2562 1604 essentia
2610 1548 2703 1601 Dei
2747 1547 2903 1618 l'onge
2937 1560 3035 1617 per
3070 1545 3354 1600 elationem
3397 1544 3567 1597 ﬁunt:
3599 1544 3728 1598 sub—

2156 1642 2347 1696 sistere
2370 1640 2572 1695 etenim
2595 1650 2866 1707 nequeunt
2888 1639 2981 1708 qui
3024 1639 3090 1692 ab
3118 1647 3333 1692 auertite
3355 1635 3598 1690 essentia:
3632 1650 3725 1689 so-
3771 1635 3774 1638 ’

2157 1731 2363 1785 liditate
2409 1730 2750 1794 dividuntur;
2801 1730 2939 1783 sicut
2975 1743 3078 1798 per
3116 1726 3454 1781 Psalmistam
3489 1724 3724 1787 dicitur;

2085 1826 2132 1884 B
2160 1821 2410 1891 Dejecisti
2434 1836 2521 1873 eos
2552 1820 2676 1873 dum
2707 1819 3053 1873 allevarentur
3081 1816 3253 1889 (Psal.
3283 1831 3452 1880 Lxxu,
3481 1814 3588 1884 l8).
3621 1813 3725 1880 Qui

2157 1925 2224 1965 eo
2257 1911 2592 1965 extrinsecus
2631 1917 2908 1973 corruunt,
2939 1923 3045 1978 quo
3072 1907 3211 1962 male
3254 1907 3574 1961 intrinsecus
3606 1921 3737 1960 sur-

2157 2011 2306 2070 gunt.
2337 2001 2428 2054 Sic
2455 2015 2706 2054 aurarum
2737 1999 2861 2062 ﬂatu
2887 1999 2941 2052 in
2965 1999 3132 2053 altum
3159 1997 3352 2067 stipula
3377 1997 3609 2066 rapitur;
3633 1995 3726 2050 sed

2157 2109 2286 2149 casu
2327 2093 2538 2149 concito
2565 2091 2631 2146 ad
2663 2093 2768 2146 ima
2796 2100 3095 2146 revocatur.
3125 2089 3214 2144 Sic
3239 2090 3306 2142 ad
3330 2088 3511 2142 nubila
3547 2087 3727 2141 fumus

2159 2187 2381 2250 tollitur,
2425 2186 2517 2240 sed
2548 2194 2763 2255 repente
2789 2185 2842 2239 in
2869 2185 3094 2238 nihilum
3127 2183 3472 2237 tumescenzlo
3499 2182 3726 2251 dissipa-

2160 2287 2266 2330 tur.
2301 2276 2392 2330 Sic
2427 2277 2494 2330 ab
2529 2276 2728 2330 inlimis
2766 2274 2956 2329 nebula
3005 2274 3275 2329 densando
3319 2289 3376 2327 se
3406 2257 3588 2342 erigit,
3634 2270 3728 2326 sed

2159 2374 2379 2420 exortus
2412 2366 2539 2420 solis
2585 2366 2766 2420 radius
2801 2380 2866 2428 ac
2891 2365 2935 2418 si
2967 2381 3070 2420 non
3111 2366 3292 2429 fuerit,
3322 2365 3617 2434 abs;crgit:
3651 2365 3730 2418 sic

2161 2459 2214 2512 in
2241 2459 2529 2514 herbarum
2553 2457 2832 2528 superﬁcie
2859 2457 3134 2512 nocturnis
3161 2457 3308 2511 horis
3331 2457 3520 2509 humor
3545 2469 3730 2523 asper-

2161 2553 2323 2622 gitur,
2365 2550 2456 2604 sed
2494 2549 2729 2603 diuturni
2772 2549 2988 2603 luminis
3028 2549 3202 2603 subito
3240 2548 3418 2602 calore
3456 2549 3726 2602 siccatur:

2161 2644 2240 2697 sic
2261 2657 2525 2712 spumosae
2551 2656 2809 2711 aquarum
2838 2640 2994 2695 balbe
3018 2640 3395 2696 inchoantibus
3418 2639 3614 2708 pluviis
3637 2654 3731 2693 e.\-

2161 2735 2339 2789 citatae
2368 2734 2434 2791 ab
2469 2733 2671 2788 intimis
2705 2733 2951 2787 certatim
2982 2732 3260 2801 prodeunt,
3289 2731 3380 2786 sed
3407 2746 3472 2786 eo
3503 2731 3733 2785 celerius

2162 2827 2414 2894 disrupta:
2443 2827 2755 2894 depereunt,
2783 2838 2890 2893 quo
2916 2822 3108 2877 inﬂata:
3136 2823 3295 2876 altius
3323 2823 3684 2876 extenduntur
3715 2840 3729 2875 :

2163 2930 2390 2984 cumque
2435 2924 2754 2977 excrescunt
2801 2922 2860 2966 ut
2907 2922 3219 2983 appareant,
3269 2913 3560 2966 crescendo
3611 2929 3733 2981 per-

2163 3016 2347 3076 agunt,
2384 3021 2450 3059 ne
2479 3006 2790 3059 subsistant.
2833 3003 3104 3073 Scriptum
3133 3013 3217 3057 est
3247 3018 3261 3056 :
3293 3004 3502 3058 cunctis
3545 3003 3734 3057 diebus

2164 3097 2276 3150 suis
2310 3095 2504 3164 impius
2531 3094 2792 3162 superbit.
2824 3091 3010 3146 Solent
3029 3092 3193 3147 etiam
3231 3091 3385 3145 electi
3429 3092 3482 3145 in
3512 3094 3731 3160 quibus-

491 3183 806 3236 exaltabitur
829 3182 978 3252 (Luc.
1000 3199 1112 3246 xiv,
1141 3183 1250 3255 Il).
1285 3183 1512 3238 Petrus:
1543 3185 1679 3238 Deus
1707 3187 1937 3255 superbis
1973 3202 2056 3238 re-
2085 3183 2128 3244 C
2161 3186 2284 3240 dam
2338 3185 2448 3238 suis
2505 3184 2918 3253 cogitationibus
2967 3195 3128 3252 atque
3186 3184 3394 3238 actibus
3432 3184 3730 3250 superbire,

492 3275 651 3338 sistit,
692 3273 969 3326 humilibus
1015 3283 1187 3326 autem
1223 3274 1314 3326 dat
1354 3275 1578 3343 gratiam
1617 3275 1665 3345 (I
1711 3273 1854 3328 Petr.
1888 3291 1938 3338 v,
1978 3275 2054 3346 5).

491 3368 688 3423 Paulus
719 3387 730 3421 :
769 3367 892 3420 Noli
924 3366 1088 3420 altum
1119 3383 1317 3436 sapere,
1363 3368 1451 3421 sed
1490 3369 1610 3421 time
1634 3366 1803 3438 (Rom.
1830 3383 1906 3432 ιι,
1941 3367 2053 3438 9.0).

563 3459 888 3528 Augustinus
928 3457 981 3511 in
1029 3457 1166 3511 libro
1192 3472 1499 3510 sermonum
1529 3471 1552 3496 ιι
1587 3475 1599 3510 :
1637 3477 1655 3508 ι
1689 3456 1833 3521 Sola,
1865 3458 2053 3526 inquit,

491 3551 687 3605 diaboli
718 3549 987 3619 superbia,
1015 3557 1070 3602 et
1094 3549 1289 3601 invidia
1316 3549 1478 3603 mittit
1505 3549 1556 3602 in
1582 3549 1757 3619 ignem
1777 3557 2054 3602 retervum.

492 3640 606 3694 Non
638 3648 812 3710 potest
849 3640 1108 3707 superbus
1151 3653 1270 3692 esse
1311 3654 1416 3692 non
1446 3638 1694 3692 invidus:
1727 3638 1923 3692 invidia
1970 3654 2060 3692 su-

491 3732 688 3800 perbia:
720 3729 825 3783 ﬁlia
854 3737 954 3783 est.
985 3728 1092 3784 Sed
1115 3728 1218 3781 ista
1245 3735 1418 3783 mater
1455 3727 1702 3797 superbia
1742 3728 1912 3782 nescit
1938 3742 2058 3782 esse

491 3820 710 3882 sterilis,
741 3819 828 3873 ubi
863 3819 1044 3884 fuerit,
1082 3819 1335 3874 continuo
1365 3819 1524 3889 parit.
1565 3838 1584 3870 ι
1616 3818 1683 3872 Εῑ
1708 3818 1866 3888 paulo
1894 3829 2014 3888 post
2040 3836 2054 3872 :

497 3933 514 3963 ε
550 3913 704 3968 Prior
747 3921 830 3968 est
877 3913 930 3966 in
967 3912 1113 3967 vitiis
1153 3912 1426 3982 superbia,
1457 3910 1648 3966 deinde
1695 3911 1912 3965 invidia.
1942 3910 2058 3965 Non

490 4008 632 4060 enim
666 4006 861 4060 invidia
904 4005 1109 4075 peperit
1142 4003 1466 4075 superbiam,
1503 4003 1595 4058 sed
1631 4004 1878 4073 superbia
1921 4005 2057 4058 invi-

491 4098 654 4151 diam.
706 4095 822 4150 Non
876 4095 1020 4149 enim
1076 4095 1307 4158 invidet,
1340 4085 1455 4148 nisi
1506 4109 1659 4148 amor
1707 4093 2055 4150 excellentim.

491 4189 659 4242 Amor
701 4186 1031 4240 excellentiae
1087 4186 1333 4254 superbia
1381 4184 1964 4256 vocaturaGregorius
2005 4188 2058 4240 in

493 4277 781 4331 Moralibus
809 4277 836 4315 δ
865 4293 877 4328 :
921 4292 939 4325 ι
980 4274 1206 4328 Occasio
1248 4274 1562 4343 perditionis
1597 4281 1796 4328 nostra:
1818 4274 1954 4328 facta
1979 4284 2060 4328 est

494 4368 742 4436 superbia
774 4363 969 4418 diaboli
1000 4381 1013 4416 :
1042 4371 1096 4416 et
1123 4373 1496 4432 argumentum
1539 4363 1920 4432 redemptionis
1963 4379 2060 4416 no-

494 4467 622 4512 stra:
649 4458 864 4510 inventa
889 4463 971 4508 est
1007 4453 1279 4508 humilitas
1315 4452 1428 4506 Dei.
1473 4452 1609 4518 Quid
1648 4454 1880 4508 elatione
1910 4454 2058 4524 deje-

2161 3267 2254 3336 sed
2291 3281 2414 3350 quia
2468 3279 2623 3334 electi
2659 3287 2803 3344 sunt,
2847 3279 3054 3332 cunctis
3092 3278 3278 3333 diebus
3319 3277 3592 3347 superbire
3625 3294 3729 3330 non

2157 3382 2411 3442 possunt;
2450 3370 2573 3439 quia
2607 3370 2755 3439 prius
2792 3362 2951 3439 quam
2982 3370 3143 3423 vitam
3184 3369 3390 3434 ﬁniant,
3428 3370 3494 3423 ad
3520 3369 3735 3423 humili-

2159 3463 2286 3517 tatis
2307 3471 2506 3515 metum
2530 3460 2597 3514 ab
2613 3459 2843 3513 elatione
2861 3458 3020 3514 corda
3043 3468 3392 3513 commutant.
3419 3478 3437 3510 ι
3464 3458 3734 3513 Czesarius

2159 3551 2504 3607 Massiliensis
2545 3550 2828 3620 episcopus
2874 3561 2896 3588 ο
2949 3549 3002 3603 in
3053 3547 3282 3603 homiliis
3323 3547 3545 3618 (Homil.
3598 3549 3726 3618 18):

2165 3664 2183 3695 ε
2218 3645 2352 3708 Duo,
2390 3644 2582 3713 inquit,
2631 3641 2878 3704 :edilicia,
2930 3649 2985 3694 et
3029 3641 3145 3695 dua:
3189 3640 3437 3694 civitates
3479 3655 3508 3693 a
3546 3643 3729 3693 mundi

2159 3735 2311 3788 initio
2332 3740 2719 3788 construuntur
2743 3745 2757 3783 :
2782 3745 2942 3784 unam
2967 3729 3194 3783 aediﬁcat
3215 3728 3479 3793 Christus,
3504 3729 3729 3784 alteram

2158 3827 2439 3882 diabolus:
2469 3840 2628 3878 unam
2657 3823 2908 3886 humilis,
2957 3821 3182 3876 alteram
3227 3822 3506 3890 superbus.
3541 3822 3733 3876 Atten-

2159 3917 2250 3970 dat
2272 3930 2399 3985 ergo
2425 3914 2792 3983 unusquisque
2820 3912 3205 3967 conscientiam
3249 3926 3397 3964 suam
3419 3951 3433 3974 ,
3486 3921 3541 3965 et
3580 3913 3625 3964 si
3675 3913 3728 3966 in

2159 4024 2216 4063 se
2249 4008 2443 4062 viderit
2491 4006 2755 4061 dominari
2800 4005 3133 4074 superbiam,
3184 4003 3235 4057 in
3273 4004 3491 4057 civitate
3530 4003 3729 4058 diaboli

2162 4115 2220 4155 se
2251 4099 2538 4155 infeliciter
2563 4098 2851 4164 aediﬁcare,
2882 4099 2990 4152 imo
3017 4097 3350 4167 prtecipitare
3387 4111 3494 4150 non
3523 4095 3730 4150 dubitet

2159 4192 2225 4244 ad
2255 4191 2483 4244 ruinam.
2526 4189 2639 4244 Non
2668 4190 2811 4244 enim
2851 4189 3226 4243 discernuntur
3261 4186 3487 4242 ﬁlii-Dei
3529 4198 3582 4244 et
3631 4189 3728 4246 ﬁlii

2160 4282 2376 4346 diaboli,
2404 4281 2506 4336 nisi
2533 4280 2834 4335 humilitate
2863 4290 3022 4349 atque
3045 4277 3312 4348 superbia.
3342 4277 3728 4349 Quemcunque

2159 4387 2280 4425 esse
2308 4371 2594 4440 superbum
2620 4369 2836 4434 videris,
2879 4369 3075 4424 diaboli
3099 4385 3217 4424 esse
3247 4368 3412 4424 ﬁlium
3439 4385 3542 4424 non
3573 4369 3729 4424 duli-

2161 4471 2262 4515 tes.
2289 4463 2670 4531 Quemcunque
2695 4476 2814 4516 esse
2841 4460 3092 4514 humilem
3121 4462 3486 4531 conspexeris,
3525 4460 3618 4514 Dei
3657 4463 3724 4513 li-

494 4547 662 4605 ctiUS.
689 4560 807 4614 quae
835 4545 963 4598 dum
983 4558 1141 4612 supra
1163 4556 1221 4598 se
1241 4543 1493 4608 tenditur.
1522 4543 1590 4596 ab
1619 4543 1897 4598 altitudine
1917 4561 2058 4600 vet-a3
2084 4533 2136 4592 D
2163 4553 2289 4606 lium
2313 4568 2430 4606 esse
2449 4553 2719 4606 veraciter
2752 4552 2970 4606 credere
2992 4551 3206 4605 debeas.
3240 4551 3306 4605 Et
3329 4561 3386 4606 ut
3413 4552 3511 4606 hoc
3537 4567 3724 4605 verum

494 4637 823 4691 celsitudinis
849 4635 1162 4704 elongatur‘!
1183 4634 1394 4687 Initium
1425 4635 1599 4688 omnis
1619 4636 1844 4704 peccati,
1873 4652 2058 4705 super-

493 4729 580 4782 bia
604 4738 703 4781 est.
734 4727 870 4794 Quid
898 4735 982 4781 est
1010 4734 1188 4780 autem
1219 4726 1488 4794 superbia,
1530 4727 1630 4780 nisi
1661 4742 1924 4796 perversae
1951 4730 2058 4784 cel-

494 4820 742 4874 situdinis
783 4819 1082 4889 appetitus?
1126 4816 1386 4873 Perversa
1423 4819 1622 4872 etenim
1659 4829 1744 4874 est
1776 4820 2053 4887 celsitudo,

393 4939 405 4954 ο
495 4928 618 4966 cum
656 4913 888 4974 deserto,
931 4911 1016 4965 cui
1043 4911 1202 4965 debet
1231 4912 1439 4965 animus
1466 4911 1743 4972 inhaerere.
1771 4913 2055 4984 principio,

494 5005 594 5059 sibi
623 5003 1016 5072 quodammodo
1047 5001 1160 5055 ﬁeri
1202 5001 1330 5064 vult,
1363 5010 1523 5071 atque
1558 5015 1676 5058 esse
1710 5004 2052 5072 principium.

495 5094 672 5148 Multis
701 5109 840 5163 saepe
866 5092 1113 5162 superbia
1147 5091 1369 5147 luxuria:
1394 5093 1738 5147 seminarium
1769 5093 1900 5158 fuit;
1930 5095 2054 5164 quia

495 5188 620 5241 dum
650 5200 744 5239 eos
770 5184 988 5254 spiritus
1012 5185 1162 5252 quasi
1183 5183 1250 5253 .in
1280 5183 1444 5236 altum
1477 5185 1668 5247 erexit,
1701 5200 1826 5238 caro
1857 5186 1908 5238 in
1940 5185 2056 5238 inli-

497 5279 599 5332 mis
625 5277 829 5330 mersit.
855 5274 954 5341 Qui
982 5274 1230 5342 superbia
1261 5273 1312 5325 in
1342 5281 1547 5327 secreto
1575 5273 1750 5327 cordis
1774 5275 1924 5351 prius
1950 5275 2058 5328 ele-

497 5377 707 5431 vantur,
738 5375 918 5436 postea
952 5365 1161 5435 publice
1198 5372 1489 5418 corruunt:
1517 5365 1638 5432 quia
1675 5365 1798 5418 dum
1831 5366 2056 5419 occultis

500 5458 857 5512 intumescunt
883 5456 1113 5510 metibus
1146 5454 1344 5518 cordis,
1371 5455 1570 5523 apertis
1600 5456 1795 5509 cadunt
1824 5455 2057 5524 lapsibus

571 5606 595 5633 ο
625 5593 701 5648 De
722 5594 896 5648 verbis
923 5593 1097 5653 Dom.,
1124 5608 1285 5647 scrm.
1319 5591 1408 5654 55,
1434 5593 1520 5646 c.i
1542 5603 1596 5647 et

571 5663 597 5702 δ
626 5663 740 5717 Lib.
764 5678 943 5716 xxxrv.
969 5680 1016 5716 c.
1044 5665 1126 5717 18.

532 5781 542 5794 .
574 5746 595 5771 ε
630 5733 968 5787 .Hassilieusis
1004 5735 1287 5803 episcopus.
1330 5733 1689 5787 Arelatensem
1741 5735 1917 5789 dicere
1969 5750 2051 5789 v0-

2159 4657 2276 4697 esse
2298 4657 2611 4710 cognoscas.
2643 4642 2764 4696 audi
2806 4640 3137 4709 Scripturam
3165 4641 3426 4694 dicentem
3455 4659 3468 4693 ;
3501 4639 3723 4693 Initium

2159 4743 2453 4802 apostature
2501 4751 2532 4786 a
2580 4733 2686 4785 Deo
2725 4733 2890 4785 omnis
2930 4733 3166 4801 superbia
3202 4731 3388 4802 (Eccli.
3415 4747 3468 4795 ι,
3508 4732 3618 4799 IL).
3648 4733 3726 4788 De

2157 4822 2404 4892 superbia
2438 4837 2665 4890 namque
2699 4822 2936 4876 nascitur
2959 4831 3308 4892 contemptus
3349 4823 3723 4880 mandatorum

2160 4915 2275 4977 Dei,
2299 4924 2352 4968 et
2373 4916 2438 4968 de
2460 4915 2612 4968 battis
2631 4929 2749 4982 qua:
2769 4924 2996 4984 aguntur
3017 4931 3166 4970 vanae
3187 4917 3356 4970 laudis
3376 4915 3660 4986 appetitus.
3698 4939 3717 4972 ι

2160 5006 2284 5060 Ilaec
2313 5005 2575 5059 Czesatius
2598 5006 2809 5059 dixerit.

2230 5095 2316 5150 Fit
2350 5111 2478 5150 vero
2513 5106 2566 5148 et
2611 5097 2662 5149 in
2705 5109 2769 5148 eo
2803 5095 3070 5164 superbia,
3113 5096 3324 5164 quando
3351 5097 3471 5164 quis
3500 5107 3593 5151 aut
3624 5113 3724 5167 pro

2159 5187 2464 5250 virtutibus,
2497 5196 2586 5240 aut
2624 5201 2720 5256 pro
2747 5187 2948 5240 divitiis
2984 5187 3164 5241 mundi
3206 5185 3324 5241 aliis
3361 5188 3632 5242 meliorem
3661 5207 3724 5244 se

2157 5279 2390 5332 :estimat
2413 5296 2425 5329 :
2451 5293 2568 5331 cum
2596 5278 2778 5346 utique
2805 5279 2860 5331 in
2887 5294 2950 5332 eo
2977 5279 3126 5347 pejor
3154 5280 3223 5333 sit
3241 5277 3292 5342 ά,
3316 5294 3422 5347 quo
3445 5295 3504 5334 se
3538 5280 3722 5334 melio-

2164 5385 2275 5423 rem
2322 5370 2441 5423 aliis
2491 5369 2801 5422 arbitratur.
2855 5368 3100 5423 Nascitur
3147 5369 3309 5423 etiam
3358 5385 3421 5422 ex
3469 5369 3721 5439 superbia

2162 5462 2520 5524 contumacia,
2556 5459 2934 5524 inobedientia,
2969 5456 3352 5525 contentiones,
3395 5462 3626 5515 hiereses
3666 5470 3724 5515 et

2163 5596 2278 5657 luit.
2311 5596 2452 5665 quod
2480 5595 2741 5650 Achcrius
2761 5604 2905 5649 recte
2927 5597 3147 5648 monuit.

2230 5666 2255 5704 ἀ
2290 5665 2350 5717 In
2374 5682 2431 5718 eo
2456 5667 2601 5734 pejor
2627 5670 2711 5719 sit.
2742 5667 2908 5718 Antea
2955 5665 3228 5734 legebatur
3267 5668 3318 5720 in
3357 5683 3414 5720 co
3451 5682 3596 5736 prior
3631 5677 3722 5733 sit,

2165 5736 2296 5790 falso
2326 5746 2378 5788 et
2400 5747 2584 5788 contra
2626 5745 2854 5790 mentem
2885 5737 3136 5790 auctoris.
