4030 6190
1330 103 1356 134 ο

344 333 443 390 ﬁl

1291 326 1891 390 DEINS'IITUTIONE
1928 331 2208 386 LAICALI.
2250 362 2316 372 --
2354 330 2480 386 LIB.
2522 333 2606 387 III.

3467 336 3574 390 243

343 452 541 500 caetera
584 442 861 498 innumera
898 442 1051 507 vitia,
1096 455 1217 511 quae
1241 444 1421 499 omnia
1448 442 1747 498 humilitate
1791 456 1910 512 per-
1940 444 1987 502 Α
2013 456 2111 510 pro
2155 442 2294 496 malo
2332 444 2593 507 reddunt;
2621 456 2818 514 eosque
2872 445 3065 515 quibus
3111 446 3345 502 invident
3389 447 3569 518 despi-

345 535 503 591 faeile
532 534 764 589 famulus
802 533 896 587 Dei
933 549 1187 603 superare
1218 541 1410 605 potest.
1442 534 1719 605 Petuntur
1732 542 1909 588 autem

345 624 586 681 nonnulli
617 631 834 694 propter
856 598 1059 678 cultum
1095 631 1152 678 et
1177 598 1512 693 splendorem
1548 598 1794 685 vestt'm,
1825 637 1914 676 su-

342 713 535 788 perbia
578 721 910 777 umescere;
950 713 1093 781 quod
1131 713 1254 768 dum
1297 713 1610 783 plerumque
1653 728 1721 768 ex
1766 710 1914 767 fonte

346 804 612 877 superbiae
639 804 806 860 soleat
827 818 1104 867 emanare,
1134 806 1313 874 plures
1343 814 1520 865 tamen
1553 813 1677 860 sunt
1701 805 1791 874 qui
1819 820 1914 860 ex-

346 897 520 951 terius
557 897 643 950 his
679 903 959 951 emuntur.
992 906 1049 950 et
1081 897 1304 951 interius
1351 896 1649 951 humilitate
1688 896 1907 966 pollent.

346 983 422 1039 De
450 984 650 1040 talibus
685 993 803 1040 erat
836 984 925 1040 ille
949 993 1293 1055 purpuratus,
1336 995 1393 1041 et
1430 987 1578 1057 regio
1612 986 1913 1041 diademate

346 1074 655 1146 insignitus,
697 1074 787 1145 qui
830 1075 1079 1131 dicebat:
1122 1075 1245 1131 Vide
1286 1077 1625 1131 humilitatem
1659 1093 1825 1130 meam
1859 1085 1912 1146 et

343 1164 485 1233 eripe
531 1179 637 1228 me,
661 1166 784 1234 quia
811 1164 969 1235 legem
1016 1174 1160 1219 tuam
1204 1182 1307 1220 non
1350 1183 1464 1221 sum
1509 1167 1697 1221 oblitus
1736 1166 1908 1237 (Psal.

343 1269 537 1320 csvm,
569 1255 714 1326 153).
743 1256 873 1311 Item
902 1272 917 1310 :
955 1256 1084 1311 Vide
1109 1258 1457 1312 humilitatem
1478 1276 1665 1321 meam,
1697 1270 1744 1313 et
1767 1260 1912 1314 labo-

345 1358 452 1396 rem
477 1359 649 1396 meum
670 1355 691 1395 :
711 1352 758 1396 et
786 1345 985 1398 dimitte
1007 1345 1244 1399 uiliversa
1262 1345 1453 1399 delicta
1475 1362 1587 1400 mea
1609 1344 1922 1417 (Psalmxnv,

344 1433 453 1506 l8).
485 1434 625 1502 Quia
655 1435 818 1507 igitur
841 1450 939 1506 per
964 1438 1266 1507 superbiam
1296 1439 1533 1509 parentis
1563 1447 1760 1495 nostra:
1784 1440 1911 1495 Adae

341 1524 655 1587 cecidimus,
689 1533 747 1579 et
770 1540 867 1593 per
893 1526 1245 1583 humilitatem
1267 1527 1464 1582 Christi
1497 1529 1910 1595 resnrrexirnus,

343 1628 524 1684 operae
558 1615 790 1684 pretium
837 1616 990 1670 nobis
1034 1618 1430 1685 procurandum
1471 1627 1558 1674 est
1608 1628 1669 1673 ut
1719 1635 1908 1689 super-

342 1705 510 1769 hiam,
537 1715 599 1759 ut
625 1715 751 1774 pote
776 1721 1036 1761 venenum
1063 1707 1282 1774 diaboli,
1306 1724 1614 1773 caveamus,
1657 1718 1712 1764 et
1734 1710 1908 1765 humi-

2014 532 2238 597 cientes,
2287 533 2544 588 conviciis
2583 543 2639 588 et
2665 535 3042 590 diversissimis
3077 535 3415 591 contumeliis
3452 538 3573 593 fati-

2010 630 2157 690 gant,
2187 631 2242 677 et
2280 622 2484 679 crimen
2522 622 2713 678 lethale
2743 625 2796 679 in
2836 635 3084 695 promptu
3131 627 3224 692 sit,
3261 626 3440 697 potius
3469 629 3571 685 viri

2010 709 2184 773 fortis,
2210 725 2370 779 quam
2401 712 2785 778 erubescentis,
2827 723 2881 767 et
2909 715 3217 783 pmnitentis
3243 725 3438 772 nomen
3470 717 3539 772 ha
3564 702 3596 769 ι’

2004 792 2137 856 bere
2162 801 2403 872 diligunt.

2079 891 2205 946 llaec
2250 891 2410 962 igitur
2454 893 2582 947 vitia
2630 907 2792 962 quam
2839 895 3123 962 vigilanter
3159 896 3266 951 sint
3309 897 3566 958 cavenda,

2007 980 2220 1036 oracula
2250 981 2429 1035 divina
2474 982 2661 1037 subtus
2695 983 2920 1038 collecta
2949 985 3158 1040 docent.
3187 984 3362 1043 Habes
3395 986 3449 1041 in
3481 1001 3572 1040 vc-

2008 1072 2108 1126 teri
2136 1071 2249 1143 lege
2279 1088 2293 1125 :
2332 1071 2414 1125 Ne
2436 1072 2607 1127 oderis
2640 1072 2854 1144 fratrem
2884 1084 3030 1128 tuum
3060 1075 3113 1128 in
3141 1076 3294 1130 corde
3319 1086 3407 1130 tuo
3437 1094 3456 1130 :
3477 1076 3568 1131 sed

2007 1163 2207 1231 publice
2237 1168 2396 1234 argue
2432 1164 2605 1230 illum,
2648 1167 2939 1222 neJtabeas
2976 1184 3132 1238 super
3175 1167 3266 1222 illo
3303 1178 3571 1238 peccatum

2010 1256 2193 1326 (Leuit.
2219 1272 2332 1322 xu,
2366 1258 2473 1327 Π).
2498 1257 2556 1313 In
2586 1257 2870 1314 Salomone
2904 1278 2917 1312 :
2956 1257 3074 1315 Vita
3101 1261 3570 1337 carnium'sanitas

2009 1348 2177 1401 cordis
2201 1387 2217 1413 ,
2240 1348 2458 1417 putredo
2481 1349 2674 1402 ossium
2697 1349 2891 1403 invidia
2913 1346 3095 1419 (Prov.
3124 1365 3235 1415 xxv,
3262 1350 3375 1419 50).
3396 1350 3527 1405 Item
3551 1365 3567 1403 :

2017 1435 2199 1490 Virum
2224 1436 2439 1491 stultum
2466 1438 2706 1506 interﬁcit
2732 1440 3025 1504 iracundia,
3051 1448 3099 1493 et
3121 1439 3408 1509 parvulum
3435 1441 3572 1494 occi-

2009 1528 2083 1583 dit
2108 1528 2300 1582 invidia
2324 1527 2465 1599 (Job.
2498 1544 2553 1593 v,
2588 1527 2665 1599 2).
2691 1527 2847 1585 Iesus
2874 1529 3013 1586 illius
3050 1530 3240 1585 Sirach
3266 1548 3281 1584 :
3311 1529 3418 1586 Per
3436 1531 3597 1596 invi-,

2009 1617 2150 1672 diam
2179 1617 2372 1672 diaboli
2396 1634 2534 1672 mors
2556 1619 2783 1673 introivit
2824 1619 2879 1674 in
2922 1620 3093 1674 orbem
3131 1630 3386 1674 terrarum
3416 1619 3565 1688 (Sep.

2010 1702 2425 1772 n,24)..loannes
2450 1708 2756 1778 apostolus:
2787 1709 2890 1775 Qui
2912 1711 3017 1763 odit
3045 1710 3260 1778 fratrem
3285 1726 3455 1772 suum,
3479 1711 3571 1763 Ilo-

341 1795 483 1850 litati
500 1795 702 1851 Christi
726 1811 936 1867 semper
967 1798 1354 1866 adhtereamus,
1382 1801 1472 1871 qui
1501 1801 1632 1856 dicit
1651 1802 1706 1856 in
1727 1802 1902 1857 Evan-
1934 1792 1979 1852 Β
2006 1797 2198 1851 micida
2222 1806 2297 1852 est
2319 1796 2371 1869 (Ι
2403 1797 2563 1854 Jaan.
2597 1814 2679 1863 ill,
2719 1798 2828 1866 15).
2860 1798 2989 1854 Item
3023 1798 3160 1854 idem
3191 1817 3204 1852 :
3237 1798 3336 1867 Qui
3364 1800 3487 1854 dicit
3512 1817 3568 1854 se

340 1887 482 1956 gelio
506 1905 521 1939 :
542 1886 740 1941 Discite
762 1905 794 1941 a
824 1905 902 1942 me
926 1890 1052 1959 quia
1084 1891 1224 1969 mitis
1263 1907 1379 1945 sum
1408 1901 1458 1945 et
1484 1890 1695 1946 humilis
1711 1893 1865 1947 corde
1885 1933 1901 1958 ,

339 1986 391 2031 et
414 1976 685 2031 invenietis
713 1979 934 2048 requiem
953 1980 1226 2034 animabus
1256 1982 1433 2034 vestris
1466 1980 1679 2051 (Matth.
1711 1982 1903 2053 v.29).

341 2067 599 2139 Quisquis
625 2069 790 2139 igitur
818 2071 1077 2140 superbiae
1100 2071 1232 2126 vitio
1256 2073 1551 2137 inservivit,
1580 2086 1799 2128 necesse
1823 2080 1907 2128 est

339 2169 401 2216 ut
427 2162 497 2217 de
521 2160 608 2226 e'o,
637 2162 776 2217 sicut
801 2171 857 2218 et
881 2161 949 2216 de
982 2163 1190 2217 caeteris
1218 2162 1382 2227 vitiis,
1409 2162 1670 2218 sacerdoti
1699 2162 1907 2218 confes-

338 2254 549 2309 sionem
591 2253 774 2318 l'aciat,
811 2253 1083 2323 Deumque
1102 2254 1372 2324 supplicet
1408 2263 1467 2309 ut
1498 2254 1599 2311 sibi
1630 2256 1907 2325 ignoscere

340 2344 613 2416 dignetur.
656 2358 659 2359 '
1034 2370 1043 2381 ν
1144 2410 1154 2415 _

957 2460 1182 2517 CAPUT
1222 2460 1285 2516 γ.

860 2548 933 2605 De
959 2551 1078 2605 odio
1104 2562 1151 2606 et
1178 2553 1391 2607 invidia.

411 2640 569 2697 Sicut
602 2655 699 2711 per
727 2641 1068 2696 concordiam
1112 2658 1289 2713 parvm
1325 2658 1412 2699 res
1455 2653 1719 2709 crescunt,
1762 2646 1835 2701 ita
1873 2661 1905 2702 e

339 2732 616 2787 contrario
641 2746 736 2801 per
763 2731 943 2786 odium
984 2744 1040 2785 et
1076 2731 1297 2786 livorem
1328 2748 1532 2803 magum
1559 2733 1899 2790 decrescunt.

338 2823 536 2878 Odium
566 2822 708 2877 enim
734 2828 787 2876 et
806 2822 1002 2876 invidia
1027 2821 1221 2876 multos
1242 2823 1618 2879 miserabiliter
1642 2839 1707 2878 ac
1732 2825 1905 2880 letha-

340 2913 467 2968 liter
489 2912 669 2967 allicit.
694 2912 818 2967 llaec
839 2926 1049 2981 quoque
1069 2912 1174 2967 duo
1193 2910 1445 2982 pestifera
1466 2923 1682 2983 peccata
1702 2925 1902 2984 quanto

340 3001 657 3067 occultiora,
689 3009 837 3055 tanto
867 3001 1272 3070 perniciosiora-
1300 3011 1458 3071 atque
1503 3003 1898 3073 periculosiora.

340 3089 543 3145 Eorum
573 3104 762 3162 nempe
783 3091 999 3145 morbus
1019 3105 1139 3144 cum
1161 3090 1444 3146 multorum
1465 3101 1672 3148 mentes
1698 3095 1902 3150 tabefa-

342 3182 472 3247 ciat,
514 3176 771 3238 nonnulli
796 3179 972 3236 tamen
1001 3197 1097 3251 per
1130 3184 1367 3254 quaedam
1412 3184 1680 3240 exteriora
1708 3185 1902 3241 indicia

341 3288 402 3327 se
430 3273 657 3328 interius
682 3273 869 3327 eodem
900 3274 1086 3327 morbo
1122 3273 1370 3327 laborare
1400 3274 1652 3342 produnt,
1677 3275 1802 3344 quia
1827 3276 1905 3331 vi-

343 3364 539 3422 delicet
579 3365 946 3436 hujuscemodi
993 3373 1226 3420 sectator
1260 3380 1381 3420 cum
1417 3367 1483 3420 de
1516 3367 1637 3421 odio
1669 3369 1905 3424 cavendo

341 3457 684 3523 admonetur,
720 3455 1042 3524 respondere
1070 3454 1235 3519 solet;
1275 3470 1379 3509 non
1412 3469 1624 3525 possum
1656 3457 1756 3512 hoc
1784 3474 1902 3513 ma-

338 3545 454 3600 lum
476 3561 504 3598 a
533 3546 695 3600 corde
717 3559 836 3599 meo
856 3543 1064 3608 vellere,
1096 3544 1219 3615 quia
1244 3544 1351 3608 hic,
1379 3559 1474 3614 pro
1502 3560 1609 3614 quo
1627 3548 1902 3612 admones,

340 3636 542 3691 multas
570 3635 793 3706 injurias
830 3644 885 3690 et
913 3635 1122 3689 diversa
1153 3633 1280 3689 mihi
1318 3634 1454 3689 mala
1497 3636 1692 3689 intulit.
1720 3635 1906 3692 Faciat

342 3729 486 3783 Dens
515 3727 655 3797 quod
684 3727 816 3790 vult,
848 3741 953 3781 non
977 3727 1245 3796 quiescam
1273 3725 1439 3781 donec
1460 3742 1524 3781 ex
1552 3741 1616 3781 eo
1646 3727 1904 3785 ultionem

342 3820 573 3890 capiam.
600 3819 675 3877 De
705 3818 902 3874 invidia
943 3825 1119 3872 autem
1158 3816 1392 3872 cavenda
1429 3826 1482 3872 et
1509 3818 1768 3873 charitate
1793 3835 1907 3872 am-

340 3907 645 3978 plectenda,
691 3921 813 3961 cum
854 3905 1145 3961 admonitio
1191 3904 1269 3971 ﬁt,
1314 3906 1387 3958 ita
1427 3907 1495 3961 ab
1541 3906 1904 3977 hujuscemodi

342 3998 655 4069 responderi
682 3998 819 4054 solet
849 4016 862 4051 :
890 3997 1037 4053 illum
1060 4004 1113 4050 et
1128 3996 1277 4051 illum
1298 4011 1406 4051 non
1431 3998 1684 4053 decuerat
1709 3998 1907 4053 habere

341 4090 487 4160 quod
517 4090 740 4159 adeptus
769 4096 872 4153 est,
899 4088 1024 4158 quia
1060 4102 1164 4141 non
1197 4096 1278 4141 est
1302 4095 1410 4141 tam
1449 4087 1699 4142 nobiliter
1726 4098 1903 4153 natus,

343 4190 401 4234 ut
433 4181 534 4235 hoc
574 4178 815 4234 nancisci
856 4177 1129 4232 meruerit.
1170 4176 1318 4232 Solet
1347 4177 1508 4232 etiam
1545 4177 1902 4248 subjungere:

343 4272 456 4342 Ego
480 4270 571 4339 qui
600 4268 940 4324 inserviendo
967 4267 1226 4337 plurimos
1250 4266 1418 4321 multo
1444 4265 1625 4322 labore
1656 4283 1908 4323 consum-

341 4359 424 4428 p~i
447 4372 638 4421 annos,
659 4371 763 4411 non
789 4356 1006 4425 perveni
1030 4356 1095 4411 ad
1118 4356 1405 4421 honorem;
1434 4362 1488 4410 et
1510 4356 1596 4410 ille
1624 4356 1714 4427 qui
1738 4372 1905 4426 parvo

344 4453 438 4500 aut
460 4458 599 4517 pene
626 4443 771 4499 nullo
801 4443 1019 4499 servivit
1052 4451 1312 4514 tempore,
1334 4459 1419 4498 me
1451 4444 1503 4497 in
1530 4445 1731 4499 honore
1769 4445 1907 4499 acci-
1929 4483 1980 4542 Β

343 4537 535 4607 piendo
561 4535 835 4605 praecedit.
873 4532 986 4589 Hoc
1011 4549 1201 4605 nempe
1227 4535 1412 4589 vitium
1444 4534 1748 4589 invidentia
1769 4543 1823 4588 et
1850 4534 1902 4588 in

345 4624 657 4696 majoribus,
701 4631 757 4678 et
790 4624 846 4677 in
887 4623 1182 4678 minoribus
1217 4623 1276 4678 lit
1308 4624 1488 4678 rebus.
1506 4623 1718 4703 ’Verum
1749 4623 1797 4677 si
1839 4622 1904 4677 de
1928 4637 1944 4649 '

264 4740 271 4749 -
344 4715 627 4786 cujuslibet
654 4716 900 4771 invidiosi
928 4717 1213 4773 sanctitate
1246 4729 1299 4773 et
1330 4718 1606 4772 honestate
1634 4718 1757 4772 vita:
1784 4732 1906 4787 aga-

347 4814 468 4871 tur;
494 4814 551 4859 et
578 4796 631 4860 id
659 4804 801 4874 quod
827 4805 1021 4861 dicitur
1046 4822 1229 4860 verum
1259 4821 1378 4862 esse
1406 4815 1698 4872 asscratur,
1722 4794 1906 4878 hujus-

341 4896 549 4967 cemodi
597 4896 797 4952 invidia
840 4897 1172 4952 tabescentes
1213 4908 1403 4952 cuneta
1451 4896 1583 4951 falsa
1621 4911 1739 4951 esse
1784 4913 1904 4966 quae

344 4987 613 5050 dicuntur,
660 4986 1007 5040 contendunt.
1048 4984 1210 5041 Fiunt
1241 4995 1295 5042 et
1334 4987 1437 5040 alia
1477 4986 1641 5040 multa
1683 4985 1899 5053 indicia,

339 5076 538 5144 quibus
567 5074 811 5130 odientes
854 5083 911 5128 et
943 5075 1107 5130 invidi
1137 5091 1195 5131 se
1218 5077 1446 5146 prodere
1479 5076 1680 5140 solent;
1715 5083 1769 5130 et
1793 5075 1904 5130 for-

343 5165 483 5220 sitan
504 5172 764 5234 quantum
789 5165 843 5219 in
870 5165 972 5219 hac
1007 5179 1067 5219 re
1109 5165 1438 5235 delinquant,
1480 5166 1743 5236 ignorant.
1768 5165 1902 5221 Cum

339 5254 451 5309 sint
493 5255 675 5325 itaque
715 5254 961 5325 capitalia
1008 5256 1257 5319 crimina,
1305 5256 1509 5324 perrari
1554 5264 1708 5321 sunt,
1760 5256 1902 5326 quod

343 5346 497 5400 valde
520 5345 878 5415 periculosum
920 5354 1018 5409 est,
1064 5347 1153 5415 qui
1210 5346 1333 5401 inde
1376 5347 1485 5402 Deo
1536 5355 1593 5402 et
1637 5348 1903 5403 sacerdoti

339 5434 732 5493 confessionem
781 5435 998 5501 faciant,
1030 5446 1084 5490 et
1119 5451 1218 5506 per
1248 5438 1574 5506 pmnitentim
1612 5437 1904 5494 satifactio-

342 5540 466 5580 nem
507 5526 622 5581 haec
647 5526 849 5583 diluere
874 5528 1182 5598 procurent.
1210 5526 1313 5581 Sed
1353 5528 1476 5582 dum
1505 5531 1795 5585 secundum
1828 5531 1903 5587 le-

338 5630 461 5687 gem
498 5616 699 5683 mundi,
735 5632 843 5673 non
886 5618 1177 5673 secundum
1225 5618 1390 5690 legem
1440 5618 1661 5685 Christi,
1702 5622 1898 5676 malum

415 5736 441 5765 ⁸
463 5725 535 5782 De
567 5724 683 5781 Vita
706 5741 995 5800 cuutcmp.,
1029 5746 1072 5785 ς»
1101 5730 1150 5784 5.

2002 1888 2059 1941 in
2082 1886 2195 1941 luce
2220 1884 2351 1952 esse,
2375 1897 2425 1943 et
2445 1888 2659 1957 fratrem
2698 1897 2832 1943 tuum
2859 1890 3047 1955 oderit,
3072 1890 3127 1945 in
3153 1890 3370 1945 tenebris
3396 1899 3491 1959 est,
3518 1898 3566 1945 et

2002 1992 2056 2031 tn
2078 1978 2295 2033 tenebris
2314 1976 2565 2044 ambulat,
2586 1988 2634 2034 et
2654 1981 2814 2034 nescit
2833 1998 2933 2053 quo
2955 1990 3055 2046 eat,
3076 1974 3319 2053 quoniam
3345 1983 3567 2041 tenebra:

2004 2066 2387 2122 obcacaverunt
2425 2068 2602 2124 oculos
2637 2070 2752 2139 ejus
2781 2069 2832 2142 (ι
2860 2069 3019 2125 Joan.
3069 2086 3145 2145 .u,
3202 2067 3285 2141 9).
3322 2071 3398 2125 De
3428 2070 3568 2125 invi-

2004 2157 2091 2211 dia
2116 2166 2293 2212 autem
2335 2159 2411 2213 ita
2451 2160 2636 2215 scribit
2670 2160 2998 2231 Augustinus
3042 2161 3096 2216 in
3125 2160 3261 2215 libro
3294 2159 3359 2214 de
3398 2160 3568 2216 Disci-

2003 2246 2147 2317 plina
2180 2246 2605 2305 Christianorum
2635 2249 2719 2323 (L.
2770 2267 2830 2317 n,
2861 2268 2908 2307 c.
2950 2251 3051 2323 7):
3094 2269 3115 2303 ο
3159 2248 3382 2305 Avertat
3422 2250 3568 2309 enim

2004 2337 2147 2393 Deus
2172 2347 2377 2409 pestem
2414 2340 2626 2396 invidiae
2667 2342 2734 2398 ah
2763 2343 3001 2397 omnium
3045 2343 3322 2397 hominum
3347 2341 3565 2405 animis,

2004 2433 2198 2488 nedum
2240 2433 2665 2490 Christianorum
2701 2451 2715 2489 :
2756 2435 2942 2491 vitium
2971 2444 3055 2492 est
3081 2434 3299 2499 diaboli,
3330 2449 3441 2503 quo
3480 2448 3567 2489 so-

2002 2526 2112 2582 lum
2141 2527 2384 2583 diabolus
2414 2542 2538 2582 rens
2564 2537 2669 2593 est,
2695 2536 2751 2584 et
2787 2527 3249 2589 irremediahiliter
3275 2541 3418 2581 reus.
3451 2524 3565 2583 Non

2002 2617 2146 2674 enim
2176 2619 2373 2674 dicitur
2396 2618 2607 2674 diabolo
2636 2626 2697 2674 ut
2737 2620 3043 2685 damnetur,
3068 2618 3385 2674 adulterium
3416 2632 3565 2672 com-

2001 2711 2218 2777 misisti,
2255 2711 2453 2766 l'urtum
2482 2710 2675 2778 fecisti,
2713 2712 2892 2767 villam
2936 2712 3164 2767 alienam
3198 2708 3567 2789 rapuisti,.sed

2002 2799 2204 2854 homini
2250 2800 2415 2854 stanti
2466 2799 2646 2868 lapsus
2691 2799 2946 2856 invidisti.
2994 2795 3197 2852 Invidia
3247 2796 3566 2854 diabolicum

2002 2889 2189 2942 vitium
2214 2897 2330 2954 est;
2355 2890 2452 2943 sed
2479 2890 2639 2944 habet
2666 2896 2892 2944 matrem
2922 2904 3091 2943 suam.
3122 2886 3383 2957 Superbia
3411 2901 3571 2940 voca-

2004 2987 2093 3033 tur
2119 2986 2293 3034 mater
2334 2979 2562 3036 invidiae.
2599 2978 2858 3048 Superbia
2901 2978 3108 3033 invidos
3161 2977 3307 3032 facit.
3356 2974 3568 3031 Sull'oca

2004 3077 2255 3135 matrem,
2293 3079 2349 3124 et
2385 3085 2490 3125 non
2523 3070 2629 3124 erit
2662 3066 2788 3124 ﬁlia.
2833 3068 2955 3124 Ideo
2996 3067 3350 3123 humilitatem
3390 3066 3572 3121 docuit

2005 3160 2281 3239 Christus.
2303 3161 2437 3216 Nam
2464 3178 2570 3217 non
2592 3177 2694 3233 ego
2733 3161 2923 3234 loquor
2960 3161 3173 3227 invidis,
3212 3160 3347 3215 bene
3376 3170 3572 3231 optan-

2005 3252 2147 3308 tibus
2168 3251 2375 3322 loquor.
2406 3241 2520 3308 Illis,
2549 3252 2739 3322 loquor
2761 3253 2850 3322 qui
2884 3260 3071 3323 optant
3101 3253 3235 3307 bene
3273 3250 3480 3317 amicis,
3511 3265 3577 3311 ut

2002 3343 2236 3399 habeant
2264 3352 2469 3399 tantum
2505 3353 2763 3415 quantum
2794 3345 3027 3403 habeant
3051 3352 3107 3400 et
3133 3345 3254 3414 ipsi.
3297 3365 3316 3397 ι

2075 3433 2278 3490 Scribit
2305 3436 2467 3490 etiam
2491 3445 2543 3492 et
2565 3437 2898 3507 Pr05perus:
2929 3448 2957 3477 ι
2991 3454 3010 3488 ι
3051 3435 3266 3490 invidus
3296 3441 3382 3489 est
3423 3443 3572 3489 certe

2003 3527 2094 3597 qui
2133 3526 2367 3582 alienum
2405 3528 2623 3592 bonum,
2672 3543 2825 3582 suum
2850 3527 2995 3583 .facit
3040 3524 3323 3581 invidendo
3368 3524 3570 3594 suppli-

2005 3621 2175 3685 cium;
2216 3619 2358 3675 nulla
2389 3620 2600 3676 videtur
2641 3621 2705 3676 ad
2751 3621 3092 3676 invidendum
3140 3619 3569 3690 concupiscentia

2002 3713 2309 3781 provocari,
2356 3712 2449 3767 sed
2499 3721 2701 3767 tantum
2731 3712 2995 3782 superbia:
3030 3712 3188 3766 modo
3219 3711 3420 3766 vexari.
3464 3708 3571 3765 Sed

2003 3803 2049 3858 si
2098 3803 2262 3858 animi
2313 3802 2429 3871 ejus
2474 3811 2698 3873 pestem,
2748 3819 2851 3873 qua
2896 3803 3256 3873 praecipitatur
3296 3803 3566 3867 incensus,

2004 3894 2269 3948 subtiliter
2293 3894 2505 3963 alteque
2527 3894 2815 3959 rimemini,
2846 3894 3131 3948 invenietis
3157 3908 3282 3948 eum
3307 3901 3361 3946 et
3387 3892 3566 3962 perdi-

2005 3985 2167 4039 tionis
2207 3985 2477 4055 eupidum,
2509 3984 2661 4054 cujus
2698 3986 2845 4056 cupit
2891 3985 3184 4051 interitum,
3211 3994 3263 4040 et
3305 3986 3569 4056 superbia:

2005 4074 2146 4129 malo
2174 4075 2365 4140 teneri,
2398 4075 2541 4144 quod
2566 4076 2667 4131 sibi
2710 4076 2911 4146 jugiter
2949 4076 3248 4146 ingemiscit
3292 4075 3566 4139 meliorem

2005 4165 2088 4219 cui
2134 4165 2335 4219 invidet
2367 4165 2590 4221 meliori.
2621 4165 2753 4233 Quis
2780 4166 2935 4221 facile
2962 4173 3148 4237 potest.
3179 4166 3334 4235 quale
3360 4166 3432 4223 sit
3466 4166 3570 4221 hoc

2005 4254 2202 4309 malum
2231 4255 2410 4310 verbis
2441 4256 2760 4325 exprimere,
2788 4271 2893 4326 quo
2923 4256 3134 4313 invidus
3171 4256 3294 4312 odio
3337 4255 3569 4313 hominis

2005 4347 2342 4416 persequitur
2388 4347 2624 4401 divinum
2664 4363 2857 4403 munus
2886 4348 2941 4402 in
2969 4348 3202 4411 homine,
3239 4362 3360 4402 cum
3394 4347 3570 4416 potius

2006 4438 2173 4491 amari
2203 4436 2362 4492 homo
2384 4438 2590 4501 debeat,
2623 4438 2784 4493 etiam
2812 4453 2908 4508 pro
2933 4438 3015 4503 sui
3038 4439 3215 4494 meriti
3244 4439 3570 4495 sanctitate?

2008 4525 2208 4582 Tantos
2242 4527 2453 4583 invidus
2489 4529 2652 4583 habet
2691 4545 2848 4601 pmna
2869 4528 3016 4598 justa
3049 4538 3303 4596 tortores,
3340 4537 3569 4600 quantos

2004 4616 2300 4674 invidiosus
2320 4619 2569 4674 habuerit
2594 4619 2919 4677 laudatores.
2936 4620 2992 4675 Si
3007 4621 3221 4690 quidem
3248 4621 3566 4677 invidiosum

2004 4705 2136 4762 facit
2159 4708 2471 4764 excellentia
2509 4710 2710 4773 meriti,
2736 4710 2972 4764 invidum
3008 4724 3167 4778 poena
3202 4710 3442 4780 peccati,
3468 4725 3568 4765 nec

2003 4795 2071 4857 ei,
2095 4797 2163 4851 ab
2206 4798 2420 4853 homine
2448 4806 2624 4867 potest
2657 4799 2898 4854 adhiberi
2942 4799 3261 4866 remedium,
3290 4800 3444 4871 cujus
3483 4808 3568 4853 est

2004 4886 2198 4941 vulnus
2226 4888 2510 4942 occultum.
2543 4908 2561 4941 ι

2074 4975 2363 5046 Gregorius
2391 4978 2445 5032 in
2476 4977 2762 5032 Moralibus
2792 4975 2929 5046 (Lib.
2958 4993 3011 5043 v,
3034 4994 3080 5031 c.
3111 4979 3240 5049 '51):
3271 4978 3579 5049 «Invidere

2006 5078 2112 5118 non
2155 5081 2439 5135 possumus
2484 5065 2585 5119 nisi
2629 5066 2708 5120 eis
2748 5080 2885 5134 quos
2928 5067 3083 5121 nobis
3134 5068 3189 5122 in
3233 5068 3409 5137 aliquo
3452 5082 3571 5122 me.
3622 5066 3643 5085 ‘

2007 5152 2168 5209 liores
2218 5163 2487 5224 putamus.
2560 5153 2823 5211 Parvulus
2873 5171 3001 5227 ergo
3057 5165 3179 5222 est,
3240 5155 3330 5224 qui
3394 5153 3564 5211 livore

2005 5245 2289 5309 occiditur,
2311 5245 2436 5313 quia
2465 5244 2580 5314 ipse
2608 5244 2711 5299 sibi
2741 5246 3101 5302 testimonium
3127 5244 3389 5314 perhibet,
3417 5245 3571 5314 quod

2005 5349 2071 5389 eo
2097 5334 2271 5388 minor
2298 5334 2389 5399 sit,
2419 5334 2569 5405 cujus
2597 5334 2793 5388 invidia
2825 5343 3117 5405 torquetur.
3153 5333 3285 5387 liinc
3310 5342 3395 5388 est
3417 5335 3561 5404 quod

2002 5424 2174 5480 hostis
2213 5424 2433 5479 callidus
2473 5426 2648 5495 primo
2696 5424 2899 5480 homini
2940 5423 3220 5478 invidendo
3270 5424 3576 5495 subripuit,_

2004 5522 2126 5590 quia
2153 5521 2350 5575 amissa
2377 5521 2725 5585 beatitudine,
2763 5521 3024 5574 minorem
3053 5534 3112 5575 se
3145 5520 3562 5578 immortalitatis
3635 5565 3643 5574 .

2002 5612 2142 5667 illius
2167 5611 2403 5682 agnovit.
2453 5612 2584 5667 Cain
2634 5613 2699 5673 ad
2743 5610 3153 5680 perpetrandum
3202 5609 3557 5668 fl‘atricidintu
