3956 6186
421 336 550 406 ςιῒί

1474 340 1658 409 ῘΟΝᾸΕ
1698 343 2243 410 AURELIANENSIS
2281 346 2580 412 EPISCOP!

3531 344 3642 409 ΞΗ

420 455 643 532 conuii,
668 469 790 538 quia
827 458 1078 538 despecto
1117 485 1214 524 suo
1241 470 1524 537 sacrificio,
1557 471 1830 542 praelatum
1867 471 1966 526 sibi
1997 471 2042 530 A
2071 472 2157 526 ille
2191 474 2280 543 qui
2317 473 2475 538 ferro,
2507 487 2694 528 verum
2727 482 2781 526 et
2825 472 2912 527 ille
2957 473 3048 541 qui
3076 471 3200 526 odio
3241 469 3460 526 fratrem
3498 474 3640 528 inse-

422 556 728 623 infremuit,
777 558 929 628 cujus
957 558 1098 613 Deus
1144 559 1371 634 hostiam
1428 561 1667 629 accepit,
1721 569 1775 616 et
1821 575 1977 630 quem

420 645 692 703 meliorem
738 665 797 704 se
837 662 956 704 esse
1003 651 1313 716 exhorruit,
1367 667 1433 707 ne
1479 661 1768 721 utcumque
1813 660 1975 716 esset,

422 738 738 808 amputavit.
778 740 917 794 Esau
940 741 1004 795 ad
1023 740 1447 810 persecutionem
1475 742 1576 797 hac
1604 741 1670 794 de
1705 755 1762 796 re
1797 740 1977 796 fratris

419 832 636 896 exarsit,
680 833 771 902 qui
815 834 1288 904 primogenitorum
1336 835 1706 889 benedictione
1744 833 1973 904 perdita,

423 929 585 988 quam
617 929 793 976 tamen
817 917 957 976 Esau
987 922 1238 978 lenticula
1269 923 1382 993 ipse
1423 921 1759 988 vendiderat,
1805 923 1978 978 mino«

417 1010 529 1060 rem
557 1019 616 1063 se
633 1023 720 1074 eo,
742 1025 899 1079 quem
925 1011 1190 1066 nassendo
1211 1011 1452 1080 prmibat,
1478 1011 1756 1082 ingemuit.
1781 1010 1976 1081 Joseph

416 1105 660 1154 sanctum
702 1099 898 1156 fratres
948 1101 1031 1156 sui
1069 1101 1347 1156 lSmaelitis
1399 1100 1800 1157 transeuntibus
1856 1102 1976 1156 ideo

413 1184 796 1255 vendiderunt,
824 1193 949 1263 quia
977 1193 1190 1264 cognito
1221 1191 1563 1248 revelationis
1597 1192 1873 1262 mysterio,
1908 1208 1976 1247 ne

415 1280 496 1336 eis
543 1282 734 1336 melior
772 1282 957 1349 ﬁeret,
1001 1284 1116 1354 ejus
1155 1281 1504 1355 profectibus.
1529 1283 1749 1338 obviare
1795 1283 1975 1338 conati

415 1380 559 1426 sunt.
596 1392 614 1426 ι
665 1369 954 1430 Sciendum
983 1389 1322 1446 summopere
1351 1382 1433 1431 est
1457 1375 1581 1444 quia
1607 1375 1852 1445 quamvis
1881 1389 1969 1444 per

414 1471 574 1520 Omne
604 1465 816 1533 vitium,
842 1467 984 1538 quod
1011 1476 1370 1538 perpetratur,
1397 1467 1631 1522 humano
1667 1467 1818 1522 cordi
1839 1467 1974 1519 anti-

417 1558 507 1627 qui
535 1558 710 1615 bostis
737 1561 886 1616 virus
920 1559 1251 1627 infundatur,
1288 1562 1341 1616 in
1377 1561 1477 1617 hac
1516 1569 1694 1618 tamen
1732 1562 1972 1631 nequitia

417 1653 526 1700 tota
569 1662 666 1702 sua
701 1648 908 1705 viscera
947 1654 1167 1719 serpens
1209 1651 1467 1714 concutit,
1512 1659 1567 1706 et
1609 1652 1975 1721 imprimenda:

417 1735 635 1791 malitias
673 1745 879 1807 pestem
901 1736 1087 1793 vomit.
1134 1738 1236 1794 Per
1277 1740 1530 1795 invidiam
1582 1741 1730 1796 color
1771 1741 1974 1810 pallore

2079 566 2278 632 quitur.
2320 585 2338 616 ι

2151 651 2245 708 llis
2271 636 2325 707 ἐι
2357 655 2439 708 his
2465 655 2731 708 similibus
2759 654 2955 708 divina:
2985 653 3278 724 Scriptura:
3304 656 3644 710 auctoritati-'-

2076 740 2177 796 bus
2199 753 2548 812 percensetur
2573 751 2626 798 et
2647 743 2852 809 odium,
2878 743 3019 812 quod
3049 754 3346 799 seetatores
3376 755 3500 799 sitias
3527 747 3640 815 spi-

2077 833 2306 888 ritaliter
2347 843 2525 898 necat,
2565 835 2882 900 carendum,
2915 842 2970 888 et
3008 833 3281 897 invidiam,
3331 848 3448 903 qua:
3492 835 3643 888 rubi-

2075 922 2196 993 gine
2241 939 2337 978 sua
2387 925 2689 979 invidorum
2748 932 2953 978 mentes
2995 923 3293 986 consumit,
3343 923 3636 976 vitandam.

2074 1011 2363 1082 Cujuslibet
2391 1015 2532 1068 enim
2568 1027 2720 1068 mens
2748 1006 2833 1068 his
2869 1011 3026 1068 malis
3047 1012 3241 1066 inlecta
3281 1011 3463 1076 fuerit,
3503 1021 3641 1067 tem-

2073 1102 2219 1172 plum
2261 1105 2431 1160 sancti
2469 1105 2705 1175 Spiritus
2742 1119 2862 1160 esse
2904 1113 3010 1160 non
3057 1103 3373 1170 merebit'ur,
3407 1105 3510 1159 nisi
3553 1105 3642 1160 his

2073 1197 2320 1251 caruerit.

2676 1283 2904 1343 CAPUT
2943 1285 3030 1342 Vl.

2462 1377 2538 1432 De
2567 1387 2678 1431 octo
2705 1378 2840 1432 vitiis
2864 1367 3250 1446 piincipalibus.

2143 1465 2278 1534 Quia
2309 1465 2521 1538 longum
2549 1477 2633 1522 est
2655 1477 2782 1522 octo
2809 1467 2938 1520 vitia
2959 1467 3272 1537 principalia
3303 1465 3638 1536 capitulatim

2073 1573 2408 1624 enumerare,
2441 1558 2570 1612 utile
2588 1557 2886 1627 iudicatum
2913 1564 2996 1611 est
3023 1572 3084 1611 ea
3116 1558 3214 1611 sub
3235 1558 3391 1611 unius
3417 1556 3641 1626 capituli

2074 1648 2416 1702 adnotatione
2499 1657 2810 1720 congerere.
2857 1645 3059 1702 Horum
3088 1649 3316 1715 primum
3345 1655 3428 1701 est
3453 1662 3642 1717 super-

2073 1741 2183 1805 bia,
2219 1742 2284 1796 de
2312 1757 2415 1810 qua
2441 1741 2684 1810 superius
2706 1741 2907 1796 dictum
2935 1749 3034 1795 est.
3077 1740 3379 1796 Secundum
3409 1743 3549 1811 gula,
3581 1744 3640 1796 in

412 1827 662 1894 adicitur,
719 1835 773 1884 et
813 1816 953 1884 oculi
1004 1827 1393 1900 deprimuntur,
1441 1848 1593 1888 mens
1641 1835 1967 1900 accenditur,
2001 1813 2045 1872 Β
2074 1834 2213 1900 quod
2241 1833 2426 1886 vitium
2454 1848 2576 1886 cum
2617 1832 2768 1886 multi
2809 1831 3077 1896 labuntur,
3121 1831 3491 1902 impunitatem
3529 1833 3639 1887 sibi

411 1919 650 1974 membra
686 1918 998 1991 frigescunt,
1029 1913 1090 1977 ﬁt
1118 1923 1171 1977 in
1197 1924 1520 1994 cogitatione
1545 1925 1738 1992 rabies,
1769 1926 1822 1981 in
1845 1926 1972 1981 den-

409 1994 556 2064 tibus
579 2010 796 2066 stridor.

479 2095 717 2159 Isidorus
764 2104 818 2159 in
859 2103 997 2161 libro
1024 2101 1423 2164 Sententiarum
1463 2100 1600 2182 (Lib.
1635 2117 1714 2175 tit,
1771 2127 1815 2164 c.
1841 2111 1964 2183 25):

415 2207 437 2242 ι
481 2190 698 2248 Invidus
733 2195 1032 2251 membrum
1061 2205 1144 2252 est
1170 2197 1386 2262 diaboli,
1416 2199 1567 2270 cujus
1602 2201 1798 2256 invidia
1825 2217 1972 2258 mors

407 2273 648 2336 introivit
680 2282 734 2337 in
767 2285 950 2339 orbem
991 2293 1274 2342 terrarum.
1326 2284 1479 2343 Nulla
1515 2297 1598 2344 est
1623 2291 1814 2354 virtus,
1853 2306 1970 2360 quae

411 2381 516 2423 non
559 2370 755 2425 habeat
797 2367 1125 2428 contrarium
1177 2375 1389 2430 invidia:
1432 2377 1629 2430 malum
1663 2393 1676 2428 :
1717 2377 1809 2432 sed
1857 2378 1968 2433 sola

407 2457 624 2513 miseria
662 2469 809 2516 caret
850 2462 1047 2516 invidia
1076 2478 1090 2516 :
1124 2464 1247 2532 quia
1275 2475 1434 2520 nemo
1466 2465 1669 2520 invidet
1693 2467 1908 2521 misero.
1943 2488 1960 2520 ι

408 2538 476 2605 Et
499 2560 620 2622 post
654 2559 824 2622 pauca
849 2571 862 2608 :
892 2572 913 2605 ι
943 2553 1057 2609 Hoc
1083 2556 1257 2611 omnis
1297 2556 1507 2612 invidus
1540 2558 1730 2612 alienis
1750 2558 1968 2613 virtuti-

407 2630 511 2698 bus
550 2649 793 2713 praesitat,
839 2645 982 2715 quod
1023 2645 1180 2701 beato
1199 2645 1299 2701 Job
1326 2645 1490 2701 Satan
1519 2648 1788 2717 praestitit.
1834 2647 1967 2703 Nam

407 2732 532 2787 dum
552 2731 833 2795 tumulatur
857 2735 1322 2805 prosperitatibus,
1348 2742 1648 2793 commovet
1673 2740 1912 2794 adversa.
1943 2760 1962 2793 ι

407 2814 523 2878 Non
553 2823 812 2891 homines,
838 2829 930 2882 sed
957 2829 1084 2883 vitia
1111 2828 1234 2884 odio
1257 2829 1499 2884 habenda
1523 2840 1664 2885 sunt.
1694 2830 1965 2886 Flebiliter

408 2907 717 2992 deplorandi
759 2928 882 2974 sunt
928 2919 1019 2989 qui
1061 2920 1184 2976 odio
1215 2921 1266 2976 in
1299 2920 1520 2980 fratrem
1569 2925 1871 2989 tabescunt,
1914 2931 1968 2978 et

407 3005 596 3062 eontra
647 3007 782 3064 alios
823 3011 1184 3080 p‘erniCiosum
1244 3012 1438 3067 animae
1487 3011 1664 3067 dolum
1713 3022 1960 3081 servant;

405 3099 437 3153 ii
467 3104 643 3170 regno
679 3099 822 3154 enim
867 3085 960 3154 ﬁci
1004 3115 1064 3155 se
1111 3103 1383 3171 separant,
1430 3101 1521 3170 qui
1572 3104 1888 3172 semetipsos
1936 3119 1965 3158 a

2071 1923 2391 1994 promittunt
2429 1923 2664 1978 dicentes
2691 1940 2702 1975 :
2726 1923 2862 1990 Quid
2905 1923 3261 1993 delinquimus
3288 1923 3332 1978 si
3358 1932 3538 1994 potum
3576 1933 3636 1980 et

2071 2017 2268 2080 cibum,
2315 2025 2432 2085 qna:
2473 2016 2615 2071 Deus
2669 2017 2736 2070 ad
2787 2017 3038 2070 utendum
3085 2015 3389 2072 hominibus
3424 2018 3636 2080 tribuit.

2071 2108 2134 2161 ad
2163 2107 2370 2162 libitum
2399 2115 2640 2162 nostrum
2668 2107 3027 2177 percipimus?
3063 2101 3190 2173 Quae
3225 2108 3348 2162 dum
3381 2118 3474 2163 aut
3500 2117 3640 2165 ante

2065 2206 2303 2268 tempus,
2335 2206 2428 2250 aut
2467 2197 2520 2251 in
2561 2203 2800 2265 tempore
2827 2196 2967 2250 ultra
2998 2210 3262 2252 mensura
3296 2198 3508 2252 modum
3549 2199 3636 2251 in-

2069 2287 2300 2342 discrete
2340 2286 2664 2356 percipiunt,
2689 2284 2873 2355 procul
2915 2285 3078 2340 dubio
3123 2286 3455 2355 delinquunt.
3501 2284 3638 2353 Quies

2068 2376 2167 2432 bus
2193 2377 2629 2446 perpendendum
2666 2375 2792 2429 illud
2831 2383 2932 2440 est,
2965 2375 3106 2444 quod
3127 2376 3266 2430 Deus
3306 2376 3358 2429 in
3383 2375 3634 2448 Erange-

2068 2469 2139 2523 lio
2170 2471 2245 2523 ait
2271 2486 2281 2521 :
2324 2467 2495 2522 Videte
2518 2463 2582 2522 ne
2601 2478 2878 2538 graventur
2901 2467 3056 2521 corda
3088 2477 3252 2521 vestra
3291 2468 3343 2520 in
3368 2467 3632 2530 ebrietate,

2067 2571 2114 2615 et
2161 2560 2392 2630 crapula,
2437 2570 2482 2613 et
2529 2561 2665 2614 curis
2705 2557 2863 2628 hujus
2907 2559 3026 2614 vita:
3075 2558 3225 2629 (Luc.
3251 2575 3362 2624 xxi,
3405 2552 3514 2630 54).
3566 2561 3640 2614 Et

2065 2648 2351 2720 Apostolus
2379 2668 2392 2703 :
2427 2649 2565 2704 Esca
2592 2658 2639 2704 et
2684 2659 2836 2720 potus
2867 2661 2958 2704 nos
2999 2666 3099 2703 non
3135 2651 3489 2703 commendant
3519 2651 3636 2704 Deo

2069 2740 2119 2810 (I
2145 2741 2265 2796 Cor.
2289 2757 2406 2805 vm,
2443 2739 2518 2812 8).
2559 2741 2625 2795 Et
2665 2740 2866 2796 Isaias:
2921 2738 3009 2794 Var
3033 2741 3120 2811 qui
3150 2750 3377 2810 potentes
3410 2742 3530 2795 es’is
3559 2743 3635 2795 ad

2067 2833 2337 2887 bibendum
2361 2834 2555 2899 vinum,
2579 2842 2627 2887 et
2659 2833 2759 2886 viri
2780 2834 2938 2901 fortes
2973 2834 3040 2886 ad
3067 2833 3380 2887 miscendum
3407 2834 3632 2888 ebrietaa

2066 2931 2166 2978 tem
2191 2923 2344 2995 (Isai.
2371 2940 2422 2989 v,
2457 2923 2568 2993 22).
2604 2923 2734 2978 item
2760 2942 2772 2977 :
2798 2924 2935 2978 Ecce
2967 2923 3214 2994 gaudium
3242 2933 3288 2978 et
3317 2923 3495 2978 laztitia
3536 2941 3635 2978 oc—
3692 2948 3702 2958 -

2065 3004 2234 3069 cidere
2269 3015 2473 3080 vitulos,
2508 3014 2754 3086 jugulare
2804 3015 3009 3079 arietes,
3042 3014 3307 3069 comedere
3345 3031 3543 3079 carnes,
3579 3025 3636 3070 et

2065 3105 2235 3158 bibere
2274 3105 2468 3158 vinum.
2501 3103 2624 3159 Vivo
2658 3122 2768 3174 ego,
2801 3103 2927 3158 dicit
2948 3104 3218 3168 Dominus,
3255 3106 3301 3159 si
3339 3107 3639 3160 remittetur

408 3175 677 3244 charitate
719 3189 1028 3244 dissociant.
1083 3182 1224 3247 Beda
1269 3186 1323 3245 in
1371 3191 1704 3266 expositione
1744 3191 1964 3250 Joannis
1991 3193 2035 3255 C
2066 3192 2205 3248 vobis
2231 3193 2477 3264 iniquitas
2517 3193 2647 3258 hwc,
2676 3184 2836 3247 donec
2865 3194 3160 3247 moriamini
3203 3192 3333 3265 (Isa.
3357 3211 3487 3253 nu.
3515 3194 3632 3265 15).

401 3269 653 3349 Epistula:
681 3277 832 3353 (Cap.
865 3297 921 3346 ιι,
949 3299 994 3336 υ.
1021 3280 1087 3346 9;
1133 3299 1248 3353 cap.
1271 3264 1376 3348 ut,
1399 3301 1444 3337 υ.
1469 3264 1556 3356 l5)
1583 3300 1596 3338 :
1629 3303 1646 3334 ι
1682 3284 1962 3350 Dominus,

406 3371 597 3440 inquit,
626 3372 867 3442 praecipit
910 3372 963 3427 in
993 3369 1280 3444 Evangelia
1304 3373 1524 3445 diligere
1555 3374 1820 3429 inimicos.
1864 3373 1963 3442 Qui

404 3472 534 3531 ergo
577 3459 708 3515 dicit
749 3476 808 3516 se
852 3476 972 3517 esse
1000 3461 1384 3528 Christianum,
1439 3472 1492 3518 et
1542 3463 1763 3519 fratrem
1809 3479 1965 3520 suum

403 3551 545 3615 odit,
586 3549 639 3606 in
695 3554 932 3623 peccatis
981 3564 1067 3610 est
1107 3570 1276 3625 usque
1322 3557 1532 3623 adhuc;
1589 3557 1724 3613 bene
1764 3558 1966 3613 addidit

402 3657 564 3711 usque
590 3642 781 3707 adhuc,
817 3644 942 3713 quia
983 3644 1234 3699 nimirum
1269 3661 1456 3701 omnes
1497 3646 1746 3702 homines
1787 3647 1840 3702 in
1887 3656 1966 3702 tc-

399 3729 587 3786 nebris
615 3740 912 3787 nascuntur
950 3733 1221 3789 vitiorum.
1271 3735 1329 3788 in
1361 3735 1597 3791 tenebris
1629 3746 1842 3792 manent
1869 3739 1964 3792 ho-

400 3821 594 3886 mines,
623 3821 794 3877 donec
825 3822 996 3893 gratia
1039 3823 1288 3893 baptismi
1327 3842 1425 3896 per
1461 3825 1732 3881 Christum
1771 3827 1965 3883 illumi-

401 3919 617 3966 nentur.
659 3910 766 3968 Sed
795 3912 844 3967 is
870 3913 962 3982 qui
989 3919 1110 3968 eum
1137 3916 1261 3970 odio
1296 3904 1477 3971 fratris
1519 3917 1726 3972 accedit
1754 3918 1820 3972 ad
1850 3919 1964 3972 fon-

383 4008 510 4060 ‘tem
543 4005 683 4071 vita;
721 4012 828 4078 quo
859 4015 1191 4073 renascatIir,
1224 4011 1288 4064 ad
1321 4018 1502 4080 potum
1537 4011 1814 4082 sanguinis
1841 4017 1963 4081 pre-

397 4096 548 4162 tiosi,
585 4104 692 4167 quo
718 4098 1033 4165 redimatur,
1068 4101 1174 4155 etsi
1198 4116 1256 4156 se
1291 4101 1644 4156 illuminatum
1681 4117 1709 4156 a
1735 4102 1961 4159 Domino

397 4187 646 4253 aestimet,
677 4187 733 4242 in
780 4189 1016 4244 tenebris
1060 4198 1142 4245 est
1179 4205 1348 4260 usque
1391 4191 1566 4247 adhuc
1601 4207 1614 4246 :
1649 4208 1820 4262 neque
1855 4194 1960 4248 ulla

395 4280 604 4334 ratione
642 4289 985 4348 peccatorum
1025 4282 1244 4336 umbras
1285 4289 1480 4337 exuere
1524 4285 1715 4353 potuit,
1758 4285 1846 4354 qui
1877 4285 1988 4339 vi-'

395 4383 549 4423 scera
593 4367 872 4424 charitatis
902 4370 1125 4424 induere
1162 4387 1266 4424 non
1307 4375 1532 4426 curavit.
1574 4394 1590 4424 ι
1623 4375 1753 4429 item
1787 4377 1955 4430 idem:

402 4475 422 4506 ‹
451 4456 655 4522 Omnis,
685 4457 885 4526 inquit,
903 4459 992 4528 qui
1019 4458 1125 4512 odit
1155 4459 1368 4527 fratrem
1396 4477 1547 4513 suum
1569 4463 1828 4518 homicfda
1861 4478 1953 4521 est.

2066 3281 2133 3336 Et
2179 3280 2429 3337 Salomon
2475 3299 2488 3334 :
2533 3281 2827 3337 Luxuriosa
2868 3299 2948 3337 res
2987 3283 3196 3349 uinum,
3235 3293 3282 3339 et
3308 3286 3635 3340 tumultuosa

2063 3373 2281 3426 ebrietas
2304 3389 2322 3426 :
2345 3372 2634 3444 quicunque
2664 3374 2800 3426 enim
2839 3374 2918 3428 his
2943 3372 3246 3439 delectatur,
3287 3391 3388 3428 non
3419 3376 3512 3428 erit
3543 3393 3633 3430 sa-

2062 3461 2206 3531 piens
2256 3460 2445 3533 (Prov.
2494 3477 2563 3514 xx
2591 3502 2606 3524 ,
2648 3461 2740 3532 1).
2804 3462 2933 3517 item
2983 3480 2994 3516 :
3045 3461 3125 3516 Ne
3158 3463 3405 3518 intuearis
3452 3466 3635 3518 vinum

2063 3553 2270 3624 quando
2302 3553 2548 3623 ﬂauescit,
2571 3569 2689 3606 cum
2722 3551 3040 3622 splenduerit
3077 3554 3130 3608 in
3161 3555 3290 3606 vitro
3311 3554 3453 3608 color
3474 3555 3589 3620 ejus
3613 3574 3634 3610 :

2065 3644 2350 3714 ingreditur
2376 3645 2582 3711 blande,
2608 3646 2698 3700 sed
2736 3647 2788 3698 in
2818 3647 3090 3700 novissimo
3122 3647 3370 3702 mordebit
3396 3654 3452 3699 ut
3481 3646 3637 3701 colu—

2064 3735 2182 3798 ber;
2208 3746 2254 3788 et
2278 3736 2411 3789 sicut
2443 3735 2650 3805 regulus
2686 3753 2876 3790 venena
2901 3737 3176 3806 diffundat.
3214 3735 3430 3813 Nullum
3459 3751 3636 3790 score-

2063 3832 2172 3876 tum
2203 3833 2279 3877 est
2313 3824 2398 3877 ubi
2437 3835 2614 3894 regnat
2643 3825 2860 3880 ebrietas
2913 3824 3089 3898 (Prov.
3127 3843 3283 3890 χχιιι,
3310 3826 3421 3898 51).
3455 3827 3627 3882 Item:

2065 3915 2304 3969 Potentes
2343 3917 2580 3970 iracundi
2615 3919 2661 3970 si
2699 3927 2842 3982 sunt,
2867 3919 3037 3972 vinum
3083 3935 3184 3972 non
3209 3918 3398 3977 bibant,
3423 3935 3486 3971 ne
3505 3936 3633 3972 cum

2062 4006 2277 4060 biberint
2337 4005 2702 4061 obliviscantur
2748 4009 3053 4078 sapientiam
3102 4009 3278 4080 (Prov.
3327 4025 3486 4070 snt,
3543 4010 3629 4081 4).

2059 4097 2174 4152 Jocl
2203 4099 2458 4168 propheta
2485 4115 2497 4149 :
2524 4097 2970 4169 Expergiscimini,
2989 4099 3137 4163 ebrii,
3166 4109 3214 4153 et
3241 4101 3379 4169 ﬂete,
3400 4099 3629 4163 ululate,

2061 4205 2234 4242 omnes
2273 4189 2361 4259 qui
2408 4188 2578 4242 bibitis
2627 4190 2799 4243 vinum
2841 4191 2895 4243 in
2939 4190 3208 4244 dulcedine
3263 4189 3402 4260 (Jeel
3456 4209 3500 4252 ι,
3541 4191 3625 4257 5).

2059 4275 2158 4330 Job
2183 4295 2194 4329 :
2223 4276 2355 4331 Cum
2373 4287 2637 4331 saturatas
2662 4277 2839 4345 fuerit,
2871 4280 3178 4343 arctabitur,
3210 4289 3256 4334 et
3288 4281 3451 4334 omnis
3471 4280 3631 4334 dolor

2057 4371 2219 4424 irruet
2266 4371 2320 4424 in
2364 4387 2481 4424 eum
2532 4370 2672 4443 (Job.-
2715 4389 2804 4436 χιι,
2853 4371 2964 4443 22).
3000 4373 3154 4428 Jesus
3204 4374 3343 4429 ﬁlius
3392 4374 3622 4430 Sirach:

2061 4459 2342 4529 Operarius
2362 4460 2591 4514 ebriosus
2607 4477 2708 4514 non
2729 4461 3135 4532 locupletabitur.
3159 4465 3346 4519 Vinum
3367 4475 3413 4519 et
3435 4465 3630 4519 mulie-

391 4545 454 4600 Si
486 4547 862 4608 contemnebat
887 4537 1114 4618 quietius
1141 4548 1319 4602 odium
1365 4548 1656 4605 fraternum
1676 4593 1689 4616 ,
1723 4557 1958 4625 nunquid
1983 4535 2036 4594 Ῑ)
2062 4566 2141 4602 res
2167 4559 2458 4618 apostatare
2482 4551 2680 4620 faciunt
2719 4553 2991 4622 sapientes,
3029 4564 3078 4607 et
3109 4567 3331 4626 arguunt
3362 4567 3622 4610 sensatos.

393 4645 450 4690 et
474 4636 820 4692 homicidium
849 4638 903 4693 in
931 4638 1093 4693 corde
1123 4654 1220 4693 suo
1248 4646 1650 4710 cnntempturus
1677 4644 1797 4696 est?
1843 4644 1956 4699 Nan

396 4728 564 4782 tnovit
599 4743 790 4783 manus
837 4728 902 4782 ad
940 4728 1287 4783 occidendum
1331 4730 1636 4795 hominem;
1687 4733 1954 4788 homicida

387 4817 500 4889 jam
528 4826 743 4873 tenetur
771 4834 800 4874 a
829 4817 959 4873 Deo.
1014 4817 1160 4872 Vivit
1208 4818 1314 4883 ille,
1348 4829 1402 4872 et
1430 4819 1533 4874 iste
1572 4820 1685 4890 jam
1739 4822 1956 4879 interfe-

391 4919 512 4965 ctor
550 4908 856 4981 iudicatur:
887 4909 952 4963 Et
989 4911 1132 4964 scitis
1175 4911 1421 4980 quoniam
1470 4913 1637 4966 omnis
1694 4912 1953 4968 homicida

390 5018 495 5054 non
527 4998 677 5055 habet
711 5001 868 5055 vitam
907 5007 1154 5055 teternant
1191 5000 1244 5053 in
1275 5017 1329 5054 se
1360 5010 1666 5055 manentem.
1706 5002 1770 5056 Et
1797 5004 1840 5057 si
1866 5005 1953 5059 hic

389 5107 487 5164 per
517 5092 672 5148 fidem
705 5090 848 5146 inter
889 5098 1104 5146 sanctos
1134 5090 1317 5146 vivere
1357 5092 1614 5156 cernitur,
1641 5107 1748 5146 non
1790 5093 1952 5148 habet

388 5181 444 5238 in
483 5197 542 5239 se
577 5193 886 5256 perpetuam
924 5183 1089 5237 vitam
1120 5193 1443 5238 manentem.
1497 5182 1628 5236 Nam
1671 5184 1759 5238 ubi
1797 5187 1952 5240 retri-

388 5273 626 5332 butionis
655 5286 864 5346 tempus
898 5275 1197 5339 advenerit,
1225 5291 1344 5328 cum
1371 5274 1532 5340 Cain,
1560 5277 1648 5344 qui
1693 5292 1758 5330 ex
1797 5275 1952 5330 mali-

390 5374 496 5436 gno
519 5376 629 5423 erat
653 5407 668 5434 ,
698 5366 1073 5423 damnabitur:
1099 5365 1259 5419 etiam
1294 5364 1383 5432 qui
1412 5365 1515 5418 hoc
1554 5365 1822 5421 homicidii
1863 5381 1952 5437 ge-

393 5469 521 5516 nere
553 5470 780 5526 tenetur,
825 5470 884 5516 ut
914 5459 1213 5522 discordet,
1257 5467 1311 5512 et
1351 5458 1630 5524 dissideat,
1673 5471 1728 5513 et
1765 5475 1950 5528 pacem

394 5563 515 5606 eum
542 5551 796 5617 fratribus
832 5567 936 5605 non
965 5549 1177 5616 habeat.
1226 5546 1528 5602 Notandum
1556 5550 1803 5617 estquod
1846 5565 1950 5602 non

396 5642 466 5696 ‘ni‘t
501 5613 764 5701 absolnie,
792 5613 1048 5692 homicida
1076 5654 1177 5690 non
1207 5637 1354 5690 habet
1391 5637 1544 5689 vitam
1577 5639 1629 5691 in
1664 5613 1717 5692 se
1741 5655 1955 5692 manen-

398 5741 518 5785 tem:
549 5729 664 5790 sed,
689 5728 1068 5796 omnis.i'*quit,
1100 5727 1378 5793 homicida,
1410 5726 1610 5782 scilicet
1653 5745 1755 5784 non
1785 5730 1953 5784 solum

2068 4637 2250 4692 Vinum
2279 4649 2510 4710 potatum
2545 4639 2762 4693 multum
2787 4642 3150 4710 irritationem,
3175 4657 3221 4698 et
3243 4647 3396 4710 iram,
3425 4655 3472 4698 et
3505 4647 3633 4698 rui-

2054 4747 2146 4784 nas
2180 4729 2371 4784 multas
2405 4731 2528 4799 facit
2571 4729 2758 4800 (Eccli.
2793 4747 2905 4795 xxx,
2939 4735 3001 4796 i;
3048 4750 3197 4798 XXXI,
3225 4730 3334 4806 38).
3383 4735 3461 4788 Ex
3490 4737 3625 4804 gula

2051 4820 2246 4890 quippe
2294 4821 2532 4875 nascitur
2569 4821 2748 4890 inepta
2795 4821 3006 4884 laetitia,
3039 4822 3359 4885 scurrilitas,
3400 4823 3620 4889 levitas,

2049 4914 2435 4981 vaniloquium,
2467 4914 2800 4967 immunditia
2825 4916 3086 4984 corporis,
3120 4915 3438 4970 instabilitas
3465 4933 3628 4996 mep-

2054 5004 2143 5069 tis,
2172 5001 2424 5068 ebrietas,
2457 5005 2644 5146 ﬂgitio;
2677 5014 2734 5058 ut
2762 5005 2903 5058 enim
2931 5007 3118 5060 beatus
3139 5006 3488 5077 Hieronymus
3515 5009 3621 5072 ait,

2054 5101 2293 5146 ventrem
2325 5093 2444 5146 cibo
2543 5101 2776 5146 stentum
2801 5101 2857 5146 et
2883 5093 3110 5146 diversis
3143 5095 3445 5146 potionibus
3487 5095 3617 5146 irri-

2051 5101 2293 5147 ventrem
2325 5093 2444 5146 cibo
2487 5093 2776 5163 distentum
2801 5101 2857 5146 et
2883 5093 3110 5148 diversis
3143 5095 3445 5163 potionibus
3487 5095 3617 5149 irri-

2051 5191 2230 5253 gatum
2257 5184 2438 5236 statim
2464 5183 2707 5253 voluptas
2733 5183 2976 5252 genitalis
3011 5186 3268 5254 sequitur.

2121 5276 2358 5331 Tertium
2383 5277 2568 5331 vitium
2599 5275 2880 5330 foruicatio
2907 5277 3132 5343 dicitur;
3163 5293 3283 5346 quae
3307 5293 3412 5331 non
3440 5277 3616 5332 solum

2049 5380 2148 5436 per
2166 5381 2380 5435 corpus,
2402 5366 2494 5420 sed
2515 5366 2674 5420 etiam
2696 5381 2791 5434 per
2807 5375 3037 5420 mentem
3061 5366 3174 5420 ﬁeri
3193 5366 3345 5420 solet.
3371 5364 3474 5420 Per
3493 5381 3617 5420 cor-'-

2051 5471 2151 5526 pus
2175 5457 2389 5524 quidem
2411 5454 2487 5520 iit,
2504 5470 2600 5524 per
2619 5455 3048 5508 commistionem
3070 5455 3250 5510 carnis
3272 5470 3392 5509 cum
3416 5454 3617 5509 femina

2052 5548 2310 5616 qualibet,
2339 5547 2423 5600 vel
2469 5546 2630 5599 etiam
2673 5546 2772 5598 alia
2812 5561 3131 5615 quacunque
3176 5547 3510 5600 immunditia
3543 5545 3614 5599 ad

2055 5636 2378 5708 explendum
2430 5635 2668 5690 libidinis
2723 5635 2991 5688 ardorem.
3046 5634 3150 5690 Per
3197 5644 3431 5690 mentem
3461 5650 3612 5698 vero,

2057 5745 2175 5783 cum
2227 5727 2401 5781 anima
2466 5725 2650 5780 relicto
2695 5725 2964 5780 connubio
3000 5725 3220 5799 legitimi
3267 5727 3366 5782 viri
3415 5726 3521 5792 sui,
3558 5725 3613 5780 id
