4030 6190
438 239 542 325 ξιτ
579 217 582 225 ’

1499 253 1691 316 ΙΟΝίΕ
1727 253 2273 316 AUBELIANENSIS
2311 251 2612 316 EPISCOPl

3553 255 3658 311 268

436 378 531 439 bet
553 381 885 449 exspectare.
940 388 959 425 t
1005 367 1068 427 Ill
1109 362 1266 440 sunt,
1282 377 1341 424 ut
1365 370 1689 426 venerabilis
1738 371 1995 440 magister
2022 376 2074 435 Α
2097 373 2283 442 fecisti,
2305 381 2354 426 et
2391 374 2549 426 tacui.
2582 371 2906 426 Existimasti
2928 370 3100 440 inique
3129 382 3264 440 quoa
3293 383 3380 445 ero
3411 367 3487 419 tui
3509 347 3662 420 simi-

437 470 698 528 Alcuinus
767 465 956 522 scribit
985 476 1034 528 δ,
1082 470 1204 517 octo
1256 461 1420 514 totius
1473 459 1768 528 impietatis
1838 460 2000 514 duces

440 576 562 616 eum
586 555 911 613 exercitibus
943 555 1072 617 suis,
1103 561 1158 608 et
1180 550 1457 606 fortissimi
1494 560 1682 606 contra
1709 551 2000 603 humanum

440 660 606 723 genus
645 638 918 704 diabolicae
964 643 1166 699 fraudis
1195 641 1504 706 bellatores,
1546 641 1658 710 qui,
1698 641 1807 694 Deo
1844 639 2000 693 auxi-

440 733 625 807 liante,
658 736 915 792 facillime
937 735 1225 796 vincuntur
1259 747 1288 785 a
1313 731 1660 786 bellatoribus
1686 730 1881 784 Christi
1904 745 2001 800 per

439 820 665 885 virtutes
709 836 939 883 sanctas.
983 825 1184 888 Prima,
1223 823 1427 878 scilicet
1463 823 1734 891 superbia,
1766 838 1863 892 per
1904 823 2002 877 hu-

439 919 752 983 militatem;
801 915 921 988 gula
966 930 1063 985 per
1112 913 1523 982 abstinentiam;
1580 911 1863 967 fornicatio
1907 928 2002 982 per

439 1012 770 1076 castitatem;
808 1008 1029 1063 avaritia
1053 1022 1150 1078 per
1186 1005 1521 1075 largitatem;
1566 1003 1645 1056 ira
1674 1015 1771 1073 per
1797 1003 2002 1073 patiem-

443 1103 609 1166 liam;
659 1100 843 1155 acedia
868 1114 965 1169 per
1009 1097 1319 1153 instantiam
1350 1095 1476 1149 boni
1520 1095 1729 1164 aperis;
1783 1095 2002 1151 tristitia

444 1193 581 1252 mala
610 1206 708 1260 per
731 1189 968 1245 laztitiam
1016 1187 1342 1259 spiritalem;
1387 1201 1522 1240 vana
1553 1186 1719 1256 gloria
1745 1173 1843 1256 per
1872 1188 2002 1240 cha-

441 1282 650 1338 ritatem
674 1281 786 1336 Dei.
821 1300 840 1333 ι

510 1363 604 1426 llis
643 1370 800 1439 plane
846 1378 969 1424 octo
993 1365 1140 1422 vitiis
1184 1366 1569 1436 principalibus
1607 1366 1760 1420 multi
1805 1366 2002 1421 intelli-

441 1462 614 1532 gendo
677 1459 827 1514 multi
870 1474 973 1513 non
1009 1456 1352 1527 intelligendo
1393 1457 1828 1510 substernuntur.
1875 1456 2004 1522 Quae

440 1554 575 1606 adeo
599 1566 650 1604 ιη
679 1563 832 1604 usum
859 1549 1208 1611 devenerunt,
1238 1555 1296 1600 ut
1320 1559 1350 1600 a
1372 1546 1690 1616 quibusdam
1719 1555 1810 1599 aut
1835 1546 1999 1611 nulla,

441 1648 536 1695 aut
559 1654 694 1710 pene
741 1635 880 1692 nulla
907 1644 1127 1706 peccata
1160 1650 1279 1690 esse
1301 1636 1651 1689 arbitrentur.
1694 1635 1768 1688 De
1807 1636 2002 1704 quibus

439 1732 604 1788 multa
640 1730 730 1786 hic
757 1734 1064 1783 sanctorum
1088 1725 1311 1778 Patrum
1343 1725 1485 1779 dicta
1523 1725 1798 1796 aggregari
1844 1733 2000 1793 pote~
2031 1721 2074 1779 Β

438 1831 583 1888 rant,
629 1837 746 1892 qua:
795 1821 864 1876 ob
909 1820 1267 1892 prolixitatem
1317 1819 1587 1873 vitandam
1640 1819 2000 1888 praetermissa

439 1923 583 1971 sunt.
627 1913 888 1969 Caeterum
920 1920 1132 1982 Oportet
1175 1923 1627 1979 unumquemque,
1674 1917 1734 1962 ut
1758 1910 1894 1974 hzcc,
1923 1910 2004 1964 di-

441 2001 565 2060 vina
592 2019 693 2074 ope
719 2003 1059 2073 suffragante,
1091 2009 1315 2057 caveat:
1339 2009 1392 2055 et
1424 2000 1469 2055 si
1505 2000 1642 2055 forte
1671 1999 1756 2054 bis
1791 2001 2002 2054 tandem

446 2094 785 2166 mancipatus
830 2092 951 2158 fuit,
979 2093 1090 2148 Deo
1125 2100 1180 2147 et
1227 2091 1490 2146 sacerdoti
1539 2091 1661 2144 inde
1688 2106 1876 2161 puram
1907 2090 2004 2144 hu-

442 2186 729 2257 milemque
755 2182 1138 2240 confessionem
1173 2176 1352 2236 facere
1377 2196 1482 2235 non
1513 2180 1770 2252 negligat.

1018 2271 1242 2328 CAPUT
1282 2271 1390 2327 vu.

1000 2366 1077 2420 De
1095 2365 1432 2420 detractione.
1505 2401 1514 2404 -

514 2457 943 2515 Detractionibus
979 2457 1237 2511 inservire
1275 2473 1381 2511 non
1419 2456 1614 2512 debere
1652 2462 1899 2526 patenter
1928 2455 2006 2510 dio

445 2551 567 2605 vina
603 2549 805 2604 indicat
833 2547 1126 2618 Scriptura.
1174 2547 1395 2620 Legitur
1432 2548 1612 2618 itaque
1652 2549 1704 2602 in
1738 2548 1872 2602 libro
1897 2545 2006 2600 Nu-

446 2659 617 2704 men:
646 2641 915 2698 Descendit
944 2641 1196 2696 Dominus
1234 2641 1288 2694 in
1326 2640 1568 2694 columna
1597 2639 1748 2694 nubis
1785 2648 1835 2693 et
1867 2638 2006 2692 stetit

443 2739 499 2791 in
552 2737 769 2790 introitu
835 2732 1177 2798 tabernaculi,
1220 2749 1406 2787 vocans
1448 2731 1625 2805 Aaron
1683 2721 1734 2784 et
1777 2727 2006 2804 Mariam

452 2829 638 2901 (Num.
668 2843 774 2895 xu,
803 2825 878 2899 5).
929 2825 995 2879 Et
1023 2823 1159 2879 infra
1187 2843 1198 2876 :
1233 2822 1408 2889 Quare
1436 2822 1598 2892 igitur
1626 2837 1728 2874 non
1763 2818 2008 2872 timuistis

446 2922 715 2976 detrahere
738 2935 880 2975 servo
901 2935 1014 2972 meo
1036 2915 1092 2971 Μ
1095 2916 1203 2988 ogsi
1218 2916 1243 2969 ?
1260 2914 1286 2969 Ι
1293 2913 1537 2985 ratusque
1558 2921 1737 2968 contra
1752 2927 1838 2965 eos
1858 2910 2005 2974 abiit,

449 3013 606 3067 nubes
630 3027 831 3082 quoque
860 3009 1088 3072 recessit,
1114 3022 1231 3076 qua:
1259 3015 1369 3060 erat
1403 3021 1558 3074 super
1583 2989 2006 3064 tabernaculum;

446 3111 495 3156 et
517 3118 629 3155 ecce
642 3070 818 3154 'Maria
843 3070 1082 3169 apparuit
1103 3070 1326 3150 candens
1350 3070 1492 3164 lepra
1521 3093 1669 3162 quasi
1695 3091 1804 3144 nix.
1833 3090 2010 3144 Habes
2037 3070 2080 3132 (δ

449 3199 506 3245 et
531 3189 583 3242 in
605 3187 812 3258 psalmo
837 3204 850 3240 :
877 3185 1240 3240 Detrahentem
1266 3193 1458 3236 secreto
1481 3181 1717 3251 proximo
1745 3195 1859 3242 suo,
1895 3195 2012 3248 per-

449 3276 700 3350 sequebar
746 3273 915 3349 (Psal.
945 3287 995 3338 c,
1023 3273 1100 3347 5).
1144 3272 1212 3327 Ει
1241 3271 1493 3326 Salomon
1527 3285 1540 3321 :
1573 3268 1788 3322 Remove
1821 3268 1884 3321 ab
1910 3267 2011 3320 ini-

450 3369 646 3441 quitate
688 3384 744 3422 os
783 3383 1000 3438 pravum
1027 3380 1044 3417 :
1073 3374 1119 3419 et
1147 3364 1471 3418 detrahentia
1521 3361 1658 3414 labia
1702 3361 1808 3414 sint
1831 3359 2011 3430 procul

450 3470 575 3514 ate.
610 3457 713 3524 Qui
741 3456 966 3511 detrahit
1008 3455 1166 3509 alicui
1192 3455 1282 3530 rei,
1317 3455 1421 3523 ipse
1447 3469 1502 3506 se
1537 3452 1591 3505 in
1627 3451 1861 3520 futurum
1886 3449 2013 3503 obli-

448 3563 537 3624 gat
561 3565 580 3604 .'
607 3551 696 3622 qui
725 3560 896 3604 autem
936 3549 1076 3603 timet
1119 3556 1448 3618 pra'ceptum,
1497 3546 1549 3598 in
1589 3559 1716 3614 pace
1759 3553 2009 3597 uersatur.

451 3641 581 3696 Cum
605 3639 981 3695 detractoribus
1011 3653 1074 3691 ne
1095 3637 1497 3698 commiscearis,
1526 3635 1769 3704 quoniam
1808 3641 2011 3700 repente

450 3741 719 3802 consurget
767 3729 983 3801 perditio
1019 3742 1216 3792 eorum,
1249 3736 1298 3780 et
1345 3726 1552 3779 ruinam
1597 3723 1863 3794 utriusque
1897 3723 2012 3793 quis

452 3823 587 3876 novit
636 3818 814 3890 (Prov.
856 3817 1054 3884 mai;
1113 3833 1236 3880 xm,
1270 3815 1363 3881 i5;
1422 3831 1570 3880 xxxv,
1601 3814 1728 3885 2i)?
1782 3813 2012 3869 Jacobus

453 3911 765 3980 apostolus:
806 3907 864 3963 Si
885 3908 1000 3979 quis
1045 3915 1190 3976 putat
1228 3921 1281 3958 se
1325 3903 1620 3974 religiosum
1666 3918 1775 3956 esse
1802 3918 1904 3954 non
1936 3917 2015 3954 re-

451 4003 664 4071 frenans
698 3999 926 4069 linguam
952 4013 1123 4061 suam,
1150 3995 1237 4050 scd
1263 3995 1507 4048 seducens
1534 4011 1622 4047 cor
1656 4010 1827 4055 suum,
1855 3991 2012 4060 hujus

452 4109 586 4145 cana
612 4099 686 4144 est
715 4089 891 4158 religio
915 4087 1052 4160 (Jac.
1085 4103 1123 4151 ι,
1146 4085 1257 4156 26).
1290 4084 1442 4139 Hunc
1467 4083 1644 4138 locum
1675 4083 1818 4137 Beda
1835 4082 2012 4136 Veue-
2065 4110 2072 4116 -

453 4181 638 4236 rabilis
666 4175 952 4251 presbyter'
989 4178 1063 4232 ita
1089 4177 1308 4246 exponit
1340 4193 1354 4231 :
1395 4194 1414 4226 ι
1468 4175 1763 4238 Monuerat,
1812 4173 2008 4242 inquit,

454 4289 616 4342 supra
646 4271 867 4326 verbum
893 4270 988 4323 Dei
1015 4284 1119 4322 non
1161 4268 1333 4322 solum
1368 4267 1573 4332 audire,
1603 4267 1695 4320 sed
1719 4275 1774 4321 et
1813 4266 2006 4318 facere.

454 4363 608 4418 Nune
644 4363 812 4426 addit,
838 4361 961 4430 quia
1004 4367 1058 4414 et
1101 4358 1145 4412 si
1190 4357 1440 4410 mandata
1486 4357 1606 4425 quis
1633 4355 1865 4416 Domini,
1895 4369 2014 4423 quae

456 4456 675 4522 didicit,
713 4454 870 4509 factis
921 4467 1177 4508 exercere
1205 4451 1436 4514 videtur,
1476 4451 1522 4505 si
1569 4465 1674 4504 non
1714 4449 1876 4502 etiam
1921 4448 2016 4503 lin-

457 4560 614 4617 guam
661 4559 693 4598 a
737 4541 1194 4606 detractionibus,
1252 4539 1543 4595 mendaciis
1570 4575 1585 4604 ,
1636 4538 2014 4608 blasphemiis,

457 4637 820 4706 stultiloquiis,
858 4635 926 4689 ab
951 4635 1067 4704 ipso
1093 4633 1252 4688 etiam
1300 4633 1656 4703 multiloquio,
1702 4633 2018 4702 caeterisque

458 4729 652 4808 quibus
692 4726 904 4798 peccari
952 4724 1118 4789 solet,
1171 4724 1542 4786 refrenaverit,
1600 4722 1800 4777 frustra
1843 4737 1901 4794 se
1952 4723 2017 4778 de

457 4835 679 4891 operum
717 4817 924 4888 justitia
963 4817 1131 4886 jactat
1157 4833 1230 4868 :-i
1264 4814 1433 4869 Item:
1467 4812 1642 4867 Nolite
1740 4811 2018 4867 detrahere

458 4911 782 4972 alterutrum,
807 4907 990 4978 fratres
1032 4906 1150 4960 mei.
1195 4903 1297 4970 Qui
1339 4902 1563 4957 detrahit
1601 4901 1784 4970 fratri,
1814 4909 1904 4954 aut
1931 4901 2021 4971 qui

453 5001 657 5072 judicat
692 4999 907 5068 fratrem
934 5011 1108 5061 suum,
1135 4993 1362 5048 detrahit
1400 4991 1520 5061 legi,
1549 5000 1597 5044 et
1619 4990 1825 5060 judicat
1860 4988 2021 5059 legem

461 5091 602 5166 (Jac.
632 5107 706 5157 tv,
736 5087 844 5164 Η).

532 5182 892 5252 Hieronymus
915 5177 980 5231 ad
1013 5175 1365 5246 Nepotianum
1396 5173 1586 5244 (Epist.
1613 5171 1675 5242 ιι)
1703 5189 1715 5223 :
1750 5189 1768 5221 ι
1797 5169 1938 5224 Cave
1955 5185 2021 5224 ne

464 5280 558 5327 aut
583 5271 838 5342 linguam,
866 5274 958 5321 aut
984 5281 1140 5320 aures
1169 5265 1371 5320 habeas
1394 5262 1717 5332 prurientes,
1745 5259 1797 5313 id
1823 5268 1925 5322 est,
1952 5273 2019 5312 ne

464 5375 556 5421 aut
593 5365 706 5434 ipse
734 5361 854 5417 aliis
873 5360 1144 5423 detrahas,
1175 5367 1268 5412 aut
1294 5357 1428 5411 alios
1453 5355 1792 5410 detrahentes
1812 5352 2016 5406 audias.

465 5450 889 5522 Sedens,inquit,
923 5451 1166 5505 adversus
1191 5449 1406 5518 fratrem
1447 5456 1593 5499 tuum
1629 5444 1944 5514 .oquebaris,
1973 5451 2020 5495 et

465 5545 708 5601 adversus
733 5543 900 5611 filium
932 5541 1115 5594 matris
1141 5547 1244 5593 tute
1286 5537 1506 5606 ponebas
1530 5533 1856 5589 scandalum.
1895 5529 2022 5584 Htcc

537 5672 573 5728 με
595 5652 710 5712 Lib.
744 5655 810 5710 de
837 5652 1134 5708 Virtutibus
1157 5660 1212 5707 ct
1235 5651 1412 5714 Vitiis,
1442 5650 1555 5717 ca’p.
1582 5647 1668 5701 5i.

2045 4414 2093 4473 D

2101 462 2200 528 lis;
2235 480 2459 532 arguam
2481 472 2529 517 te
2561 472 2609 515 et
2641 472 2869 516 statuam
2891 455 3070 514 contra
3098 460 3282 527 faciem
3306 469 3449 512 tuam
3491 456 3663 528 (Psal.

2101 572 2252 618 sua,
2274 554 2309 607 2
2357 549 2395 626 ),
2423 553 2744 608 subauditur
2767 567 3040 607 sermones
3077 560 3216 613 tuos,
3241 558 3294 602 et
3315 557 3505 603 cuncta
3544 565 3664 618 qua:

2100 645 2167 699 de
2191 644 2312 698 aliis
2341 659 2399 698 es
2423 644 2654 707 locutus,
2686 651 2744 697 ut
2777 652 2866 697 tua
2899 641 3162 697 sententia
3190 639 3467 711 iudiceris.
3496 640 3552 692 in
3582 640 3668 692 his

2100 737 2231 806 ipsis
2252 736 2638 806 deprehensus,
2662 750 2782 804 qua:
2813 734 2865 787 in
2897 733 3017 786 aliis
3036 733 3318 801 arguebas.
3335 729 3516 799 Neque
3539 746 3668 785 vero

2101 826 2189 880 illa
2209 825 2353 894 justa
2385 825 2662 880 excusatio
2708 843 2720 878 :
2753 823 3107 879 referentibus
3139 821 3260 876 aliis
3299 820 3549 889 iniuriam
3581 820 3668 874 fa-

2101 933 2226 972 cere
2251 934 2356 973 non
2382 932 2622 987 possum.
2655 915 2822 971 Nemo
2848 915 3014 968 invito
3049 912 3277 967 auditori
3321 911 3550 966 libenter
3577 927 3668 966 rc-

2102 1008 2224 1063 fert.
2251 1008 2454 1079 Sagitta
2481 1008 2534 1062 in
2564 1005 2739 1077 lapide
2761 1019 3140 1074 nonnunquam
3167 1002 3367 1072 figitur,
3396 1002 3667 1058 interdum

2103 1102 2348 1157 resiliens
2379 1100 2614 1170 percutit
2638 1099 2976 1169 dirigentem.
3014 1095 3195 1149 Discat
3232 1095 3502 1148 detractor
3539 1093 3668 1147 dum

2101 1197 2154 1246 te
2183 1192 2326 1246 videt
2351 1206 2458 1244 non
2502 1189 2734 1244 libenter
2765 1188 2976 1252 audire,
3005 1201 3111 1240 non
3142 1184 3299 1239 facile
3332 1184 3618 1238 detrahere
3653 1203 3667 1236 :

2103 1283 2231 1337 Cum
2261 1280 2658 1346 detractoribus,
2679 1280 2762 1333 'ait
2804 1278 3055 1332 Salomon
3075 1311 3089 1340 ,
3147 1293 3208 1330 ne
3243 1276 3626 1329 commiscent-is
3652 1293 3671 1330 :

2101 1375 2347 1446 quoniam
2383 1382 2587 1442 repente
2633 1371 2795 1425 ueniet
2847 1368 3066 1440 perditio
3105 1383 3284 1421 eorum
3326 1379 3344 1418 :
3379 1377 3424 1420 et
3462 1367 3671 1419 ruinam

2101 1467 2369 1537 utriusque
2391 1467 2504 1535 quis
2526 1463 2704 1518 novit?
2727 1460 2907 1532 (Prov.
2941 1474 3089 1524 xxiv,
3117 1457 3232 1530 Si.)
3255 1455 3387 1511 Tam
3423 1458 3674 1512 videlicet

2102 1557 2218 1626 ejus
2240 1559 2330 1628 qui
2359 1557 2610 1618 detrahit,
2627 1568 2788 1624 quam
2817 1552 2960 1607 illius
2989 1551 3080 1620 qui
3099 1565 3284 1604 aurem
3300 1550 3669 1605 accommodat

2103 1647 2423 1704 detrahenti.
2464 1666 2482 1698 ι
2518 1644 2809 1715 Gregorius
2834 1642 2888 1696 in
2938 1640 3225 1695 Moralibus
3277 1659 3290 1693 :
3341 1639 3441 1705 Qui
3495 1639 3671 1693 aliena

2103 1741 2210 1794 vita
2243 1736 2570 1792 detractione
2595 1741 2909 1806 pascuntur,
2935 1731 3125 1785 alienis
3153 1729 3341 1800 procul
3362 1729 3521 1783 dubio
3549 1743 3666 1782 car-

2104 1833 2262 1887 nibus
2287 1828 2727 1893 satiantur,sicut
2752 1825 3010 1894 scriptum
3036 1833 3120 1879 est
3149 1841 3162 1877 π
3189 1821 3271 1876 Ne
3291 1822 3529 1876 comedas
3553 1822 3672 1874 cuin

2103 1925 2178 1978 eis
2203 1922 2292 1994 qui
2329 1936 2511 1975 carnes
2551 1919 2617 1972 ad
2645 1917 2944 1973 vescendum
2973 1916 3245 1984 cenferunt
3297 1913 3477 1984 (Prov.
3511 1928 3673 1975 util,

2101 2016 2216 2086 20).
2247 2015 2450 2069 Carnes
2493 2013 2688 2083 quippe
2725 2011 2791 2065 ad
2843 2009 3166 2065 vescendum
3207 2006 3452 2062 conferre
3493 2013 3576 2060 est
3618 2007 3673 2060 in

2106 2109 2373 2164 locutione
2397 2105 2761 2175 derogationis
2780 2101 3018 2157 vicissim
3046 2101 3414 2171 proximorum
3435 2098 3566 2152 vitia
3589 2098 3674 2152 di—

2105 2213 2248 2253 cere.
2267 2197 2342 2252 De
2369 2194 2762 2251 detractoribus
2788 2200 2935 2246 recte
2959 2204 3057 2261 per
3084 2187 3424 2244 Salomonem
3443 2182 3643 2242 dicitur
3667 2205 3682 2244 ε

2108 2288 2244 2354 Quia
2267 2295 2505 2341 vacantes
2529 2283 2733 2355 potibus
2753 2291 2798 2335 et
2821 2281 3003 2335 dantes
3024 2277 3256 2349 symbola
3283 2286 3673 2338 consumantur,

2105 2393 2151 2432 et
2175 2378 2419 2432 vestietur
2445 2375 2631 2446 pannis
2681 2371 2984 2426 dormitatio
3026 2369 3188 2441 (Ibid.
3215 2386 3260 2423 tu
3291 2368 3402 2438 21).
3451 2367 3677 2420 Potitius

2104 2475 2319 2532 vacant,
2350 2468 2441 2537 qui
2479 2467 2544 2522 de
2581 2462 2867 2536 opprobrio
2901 2461 3088 2516 alienae
3125 2460 3250 2513 vitm
3294 2474 3352 2513 se
3379 2458 3670 2512 inebriant.

2107 2560 2361 2632 Symbola
2387 2571 2517 2613 vero
2541 2557 2669 2612 dare
2699 2564 2802 2620 est,
2830 2554 2971 2608 sicut
3013 2551 3378 2620 unusquisque
3423 2547 3562 2603 solet
3609 2549 3675 2602 de

2107 2662 2261 2724 parte
2281 2647 2386 2708 ‘sua
2415 2652 2566 2706 cibos
2595 2648 2663 2703 ad
2689 2647 3033 2708 vescendum,
3053 2644 3127 2697 ita
3156 2643 3208 2696 in
3239 2640 3678 2697 confabulatione

2108 2744 2453 2803 detractionis
2496 2744 2659 2798 verba
2701 2739 2965 2797 conferre.
3003 2727 3286 2800 'Vacantes,
3315 2735 3509 2802 inquit,
3538 2735 3678 2803 poti-

2106 2838 2202 2892 bus
2230 2846 2279 2891 et
2298 2831 2478 2889 dantes
2512 2831 2764 2904 symbolo,
2789 2838 3175 2892 consumentur,
3197 2827 3320 2896 quia
3360 2825 3522 2897 (sicut
3543 2826 3679 2880 serie

2107 2933 2254 2996 ptum
2272 2923 2374 2995 est)
2395 2942 2407 2977 :
2426 2922 2607 2978 Omnis
2637 2921 2898 2975 detractor
2920 2918 3287 2983 eradicabitur.
3317 2916 3465 2969 Multi
3487 2926 3679 2984 nempe

2114 3017 2167 3070 in
2193 3014 2387 3086 populo
2412 3013 2718 3068 Christiano
2747 3011 2873 3065 dum
2914 3009 3019 3063 hoc
3046 3008 3176 3061 vitio
3211 3006 3479 3069 laborant,
3501 3020 3677 3074 quan-

2115 3111 2226 3158 tum
2254 3119 2280 3158 a
2308 3103 2527 3174 prapria
2555 3099 2728 3155 salute
2755 3097 3026 3158 deficiant,
3053 3095 3318 3166 ignorant.
3353 3093 3504 3162 Satpc
3531 3093 3676 3146 enim

2113 3198 2444 3252 detractores
2473 3194 2558 3264 pia
2585 3199 2704 3246 aeta
2729 3189 3094 3261 proximorum
3124 3201 3379 3257 perversa
3406 3185 3680 3238 voluntate
3704 3203 3710 3216 ι

2114 3287 2253 3342 mala
2279 3301 2398 3342 esse
2427 3289 2798 3354 protestantur
2829 3297 2843 3333 :
2873 3293 3012 3348 saepe
3045 3277 3208 3332 etiam
3258 3290 3444 3330 eorum
3497 3282 3677 3327 errata

2114 3394 2219 3432 non
2258 3377 2435 3432 studio
2479 3372 2814 3444 corrigendi,
2837 3380 2930 3425 aut
2958 3384 3142 3424 amore
3171 3366 3550 3437 compatiendi,
3583 3365 3679 3419 sed

2115 3472 2226 3529 sola
2252 3469 2566 3526 curiositate
2589 3481 2749 3521 nosse
2774 3463 3108 3528 desiderant,
3139 3468 3200 3514 ut
3243 3459 3450 3514 scilicet
3491 3471 3679 3514 eorunt

2114 3561 2542 3620 detractionibus
2576 3564 2885 3628 pascantur.
2926 3554 2991 3608 lli
3048 3551 3232 3623 procul
3287 3551 3447 3605 dubio
3504 3548 3679 3603 aliena

2113 3663 2335 3726 peccata
2364 3667 2464 3722 per
2491 3647 2877 3706 detractionem
2905 3661 3000 3700 sua
3031 3643 3256 3705 faciunt,
3285 3641 3538 3710 quoniam
3587 3641 3678 3709 qui

2114 3750 2219 3804 hoc
2249 3746 2454 3801 faciunt
2481 3741 2764 3799 eharitatis
2784 3739 2989 3794 viscera
3015 3751 3075 3791 se
3101 3749 3207 3790 non
3229 3733 3430 3788 habere
3459 3731 3682 3786 demon-

2115 3845 2312 3901 strant.
2335 3837 2404 3890 Et
2423 3832 2902 3906 congratulandum
2925 3829 3120 3898 quippe
3140 3833 3224 3881 est
3245 3823 3505 3895 proximis
3538 3833 3683 3876 recte

2115 3927 2437 3989 viventibus,
2482 3932 2538 3979 et
2585 3929 2735 3978 recte
2784 3919 3068 3991 agentibus
3114 3929 3221 3972 non
3265 3913 3678 3991 detrahendum.

2115 4010 2524 4073 Condolcndum‘
2546 4022 2632 4069 est
2652 3981 2930 4068 etiamvhis
2966 4018 3021 4064 et
3057 4004 3486 4075 compatieudum
3499 3981 3536 4030 ί
3530 4001 3618 4070 qui
3649 4019 3679 4054 τι

2117 4107 2324 4166 semitis
2352 4103 2692 4163 rectitudinis
2731 4101 3059 4165 exorbitant,
3086 4113 3192 4152 non
3225 4093 3606 4151 insultandum.
3691 4095 3698 4105 ‘

2697 4210 2924 4271 CAPUT
2960 4209 3091 4268 Vill.
3135 4277 3140 4280 _

2117 4306 2196 4366 De
2221 4306 2481 4372 conviciis,
2507 4315 2555 4362 et
2577 4305 2757 4361 otiosis
2784 4301 3123 4425 sennnqtnibus,
3155 4311 3202 4354 et
3232 4297 3683 4353 maledictionibns

2775 4388 2894 4425 cave
2969 4388 3034 4425 is.
3245 4389 3272 4418 ο

2775 4388 3034 4428 cavendis.
3245 4389 3272 4418 ο

2192 4467 2442 4538 Quaedam
2482 4473 2609 4520 sunt
2647 4470 2902 4535 peccata,
2927 4468 2987 4514 ut
3031 4461 3220 4514 beatus
3257 4457 3335 4511 ait
3366 4455 3684 4525 Gregorius,

2121 4575 2241 4630 qum
2261 4559 2387 4612 dum
2412 4556 2465 4610 in
2493 4569 2651 4609 usum
2681 4552 2946 4615 venerint,
2972 4557 3064 4602 aut
3100 4548 3235 4602 levia
3267 4556 3362 4601 aut
3390 4545 3530 4600 nulla
3563 4560 3686 4600 esse

2121 4656 2420 4720 putantur:
2447 4660 2477 4699 c
2511 4643 2706 4714 quibus
2733 4649 2855 4696 sunt
2882 4633 3144 4701 convicia,
3177 4644 3232 4692 et
3276 4635 3435 4693 otiosi
3481 4649 3687 4690 sermo-

2123 4757 2240 4802 nes,
2266 4747 2320 4793 et
2344 4733 2766 4791 maledictiones.
2793 4728 3046 4786 Convicia
3073 4727 3217 4782 enim
3248 4725 3303 4780 in
3337 4724 3454 4779 aliis
3475 4739 3684 4794 gerere.

2123 4843 2177 4890 et
2202 4835 2402 4887 otiosos
2431 4841 2709 4884 sermones
2751 4822 3009 4894 proferre,
3040 4831 3248 4873 necnon
3298 4815 3688 4870 maledictioni-

2122 4929 2223 4983 bus
2243 4920 2665 4978 cxsecrabilibus
2702 4917 2928 4970 aliorum
2959 4912 3123 4966 vitam
3152 4906 3434 4971 insectari,
3469 4905 3689 4960 inolitus

2122 5031 2254 5072 usus
2277 5014 2390 5084 jam
2436 5022 2570 5079 pene
2613 5006 2767 5075 culpa
2811 5016 2998 5058 carere
3041 4998 3178 5053 falso
3230 4995 3516 5065 promittit.
3561 4992 3689 5047 Hzec

2124 5107 2267 5161 enim
2293 5102 2427 5156 vitia
2467 5096 2692 5169 perfecti
2729 5093 2830 5148 viri
2856 5103 3195 5158 summopere
3221 5086 3437 5141 student
3470 5096 3684 5138 cavere.

2123 5199 2292 5252 Porro
2321 5190 2558 5248 nonnulli
2605 5185 2899 5242 imbecilles
2929 5191 2984 5238 et
3028 5179 3226 5236 inﬁrmi
3270 5192 3431 5232 sensu
3472 5181 3529 5228 et
3565 5181 3689 5226 actu

2125 5283 2578 5358 periculosissime
2615 5278 2700 5334 his
2745 5275 3020 5338 insistunt,
3043 5279 3099 5326 et
3130 5285 3210 5334 se,
3237 5268 3378 5337 quod
3406 5266 3556 5336 pejus
3581 5273 3685 5327 est,

2127 5382 2180 5434 in
2207 5379 2291 5433 his
2315 5389 2538 5447 peccare
2558 5388 2665 5426 non
2691 5372 3098 5439 recognoscant.
3115 5363 3203 5416 Ait
3222 5362 3365 5415 enim
3393 5359 3646 5414 Salomon
3671 5375 3686 5410 :

2130 5473 2350 5543 Propter
2403 5477 2608 5539 peccata
2675 5463 2930 5517 labiorum
2999 5458 3153 5511 ruina
3223 5454 3482 5525 proximat
3547 5448 3689 5503 malo

2131 5541 2309 5632 (rm.
2346 5576 2440 5619 xu.
2478 5556 2580 5621 ιδ).
2608 5555 2674 5609 Et
2703 5553 2958 5608 Dominus
2980 5549 3033 5604 in
3069 5543 3353 5615 Evangelio
3385 5561 3398 5596 ι
3435 5541 3562 5596 Dico
3589 5556 3684 5593 au-
