4030 6190
285 364 393 423 2t!)
447 373 460 389 '

1242 368 1343 426 ne
1366 364 1846 426 lNSTl'l‘UTlONE
1883 347 2170 423 ωἱωιι.
2221 397 2277 407 -
2313 363 2438 422 LIB.
2469 360 2554 445 ut.

3399 364 3506 419 εδυ

286 499 391 541 tem
411 484 709 556 vobis,quia
736 482 800 538 de
824 486 962 539 omni
992 485 1139 540 verbo
1159 486 1328 539 'otioso
1350 486 1487 557 quod
1535 484 1692 539 locuti
1738 483 1851 550 fue-
1875 488 1924 542 Α
1951 489 2318 550 compescant,
2342 480 2679 532 attendentes
2706 478 2921 532 beatum
2959 473 3180 531 Paulum
3209 477 3503 546 apostolum

286 579 392 627 rint
424 575 677 637 homines,
709 575 963 627 rationem
987 574 1198 628 reddent
1242 574 1307 628 de
1347 591 1408 628 eo
1454 575 1509 628 in
1550 575 1633 628 die
1660 573 1851 644 judicii

286 655 504 735 (Hatria.
543 661 772 726 311.56).
811 661 1189 732 Unusquisque
1227 652 1371 717 enim
1415 671 1508 718 aut
1552 677 1616 717 ex
1674 662 1852 718 verbis

284 753 403 807 suis
416 752 822 821 justiﬁeabitur,
837 761 929 805 aut
947 768 1013 805 ex
1044 752 1222 807 verbis
1247 754 1360 807 suis
1384 753 1847 808 condemnabitur.

286 843 489 899 Paulus
526 844 801 914 apostolus
831 860 844 896 :
876 845 1089 912 Ineptas
1114 854 1164 898 et
1203 839 1382 911 inanes
1421 842 1628 913 fabulas
1680 840 1850 898 devita

284 933 339 1004 (l
372 932 509 987 Tim.
535 950 608 999 ιν,
633 935 705 1006 7).
738 933 867 988 Item
898 934 950 988 in
978 930 1267 1004 Evangelio
1294 952 1306 987 :
1340 925 1443 999 Qui
1464 944 1636 988 autem
1661 930 1851 989 dixerit

283 1024 446 1094 fratri
488 1041 605 1088 suo,
635 1022 831 1087 Raclta,
865 1040 981 1077 rcus
1024 1024 1120 1077 erit
1164 1025 1408 1094 gehennae
1464 1025 1596 1094 ignis
1633 1020 1845 1095 (Matth.

284 1131 341 1175 v.
367 1112 486 1185 22).
522 1112 878 1189 Hieronymus
926 1114 979 1166 in
1022 1110 1435 1183 Commentariis
1472 1109 1704 1169 Mattlnei
1754 1108 1847 1187 (In

283 1225 330 1261 ς.
348 1206 404 1277 v)
425 1223 441 1259 :
462 1225 480 1256 ε
506 1205 686 1260 Racha
710 1207 852 1260 enim
872 1207 1066 1261 dicitur
1086 1206 1261 1261 inanis
1276 1216 1330 1261 ct
1345 1210 1727 1277 Vacuus,quem
1750 1225 1847 1264 nos

280 1312 569 1368 possumus
600 1296 809 1366 vulgata
869 1289 1061 1364 injuria
1099 1298 1302 1368 absque
1326 1294 1550 1353 cerebro
1577 1311 1849 1370 nuncupa-

280 1404 359 1444 re.
396 1389 454 1443 Si
485 1390 553 1445 de
594 1389 767 1444 otioso
809 1404 1057 1443 sermone
1076 1384 1337 1445 reddituri
1358 1403 1542 1447 sumus
1562 1393 1843 1458 rationem,

280 1488 488 1548 quanto
516 1478 691 1547 magis
708 1478 772 1532 de
800 1479 1157 1534 contumelia!
1198 1479 1302 1535 Sed
1336 1488 1392 1535 et
1425 1477 1700 1551 signanter
1754 1483 1846 1537 ad-

277 1570 466 1624 ditur:
498 1568 602 1635 Qni
631 1564 821 1623 dixerit
867 1562 1021 1639 fratri
1054 1587 1181 1636 suo,
1215 1565 1416 1626 Raclta.
1469 1567 1655 1629 Frater
1699 1568 1845 1629 enim

277 1670 467 1714 noster
509 1656 686 1713 nullus
715 1661 817 1724 est,
858 1652 959 1712 nisi
1006 1652 1093 1713 ille
1134 1661 1224 1729 qui
1273 1662 1517 1717 eumdem
1566 1664 1844 1720 nobiscum

280 1749 445 1804 habet
469 1758 527 1803 et
553 1757 783 1818 patrem.
804 1748 937 1804 Cum
953 1764 1082 1819 ergo
1104 1745 1349 1806 similiter
1368 1744 1623 1809 credat'in
1652 1753 1838 1822 Deum,

1951 573 2256 626 dicentem:
2293 570 2471 643 Neque
2496 573 2735 626 maledici
2771 589 2982 641 regnum
3027 572 3127 626 Dei
3173 574 3504 641 possidebunt

1952 663 2003 736 (l
2024 663 2146 718 Cor.
2174 681 2246 731 vr,
2272 665 2381 737 10).
2410 665 2499 719 Ait
2518 674 2692 719 autem
2718 673 2770 719 et
2794 664 3023 719 Jacobus
3041 664 3309 734 apostolus
3341 683 3353 718 :
3383 664 3507 720 Lin-

1949 764 2104 823 guam
2146 764 2317 808 autem
2360 756 2626 808 hominum
2654 754 2828 808 nullus
2853 755 3065 808 domare
3081 764 3278 823 potest;
3306 755 3505 824 inquie-

1949 853 2056 897 tum
2086 843 2302 908 malum,
2327 843 2478 914 plena
2499 828 2686 896 veneno
2718 842 3005 910 mortifero.
3036 841 3101 896 In
3144 844 3257 911 ipsa
3299 843 3505 897 benedi-

1947 935 2114 989 cimus
2135 934 2409 988 Dominum
2432 945 2479 989 et
2501 945 2720 1005 patrem,
2739 944 2785 987 et
2811 934 2865 986 in
2891 931 3003 1002 ipsa
3030 933 3383 988 maledicimus
3410 934 3505 988 lto-

1948 1026 2108 1078 mines
2130 1025 2219 1095 qui
2247 1024 2315 1077 ad
2343 1023 2614 1093 itnaginem
2635 1032 2682 1076 et
2697 1023 3085 1077 similitudinem
3103 1022 3196 1076 Dei
3216 1024 3341 1092 [acti
3362 1035 3500 1077 sunt.

1946 1117 2032 1171 Ea:
2075 1113 2184 1188 ipso
2238 1134 2326 1171 ore
2369 1117 2592 1187 procedit
2640 1115 2920 1170 benedictio
2948 1124 2995 1169 et
3030 1115 3337 1168 maledic:io.
3382 1115 3502 1170 Non

1947 1217 2168 1278 oportet,
2203 1207 2391 1278 fratres
2416 1207 2540 1273 inci,
2570 1208 2680 1262 lucc
2709 1208 2782 1261 ita
2806 1207 2941 1276 ﬁeri.
2992 1206 3241 1276 Nunquid
3282 1207 3397 1276 fons
3440 1207 3504 1261 de

1945 1299 2118 1352 eodem
2150 1295 2406 1368 foramine
2431 1306 2636 1351 entanat
2661 1297 2861 1350 dulcem
2892 1305 2939 1349 et
2993 1312 3249 1349 amaram.
3274 1312 3461 1365 aquam
3481 1285 3512 1347 2"

1945 1387 2085 1458 (Jac.
2103 1386 2372 1460 tu,8-H.)
2402 1387 2553 1453 Quod
2580 1387 2655 1441 ita
2678 1383 2820 1455 Beda
2838 1385 3056 1454 exponit
3077 1397 3101 1424 α
3129 1401 3143 1440 :
3168 1403 3186 1435 ι
3210 1384 3365 1440 Sicut
3384 1385 3501 1439 dula

1944 1479 2023 1533 cis
2050 1487 2103 1534 et
2134 1494 2317 1532 amara
2348 1494 2485 1548 aqua
2512 1494 2616 1533 non
2652 1486 2874 1549 possunt
2904 1476 3061 1531 simul
3101 1476 3167 1530 de
3209 1490 3315 1530 una
3368 1491 3503 1530 vena

1942 1566 2107 1627 fontis
2135 1571 2377 1636 ebullire,
2406 1571 2499 1626 sed
2526 1578 2583 1627 et
2617 1571 2662 1626 si
2689 1570 3016 1625 misceantur
3040 1569 3092 1622 in
3122 1580 3248 1622 vase
3290 1567 3374 1622 vel
3421 1568 3501 1623 ci-

1943 1672 2144 1726 sterno,
2194 1660 2364 1717 dulcis
2408 1662 2621 1732 quidem
2673 1672 2793 1715 mox
2844 1660 3129 1714 amaresclt
3174 1659 3243 1713 ab
3295 1673 3500 1723 amara,
3591 1679 3607 1690 -

1942 1764 2126 1806 amara
2168 1762 2347 1806 autem
2384 1757 2439 1804 et
2475 1746 2792 1804 admistione
2836 1748 3129 1802 dulcedinis
3165 1747 3218 1800 in
3268 1745 3504 1799 dulcedi-

274 1849 331 1894 et
382 1814 659 1894 Christum
707 1830 799 1893 Dei
856 1814 1065 1893 noverit
1117 1840 1458 1911 sapientiam,
1486 1814 1842 1913 quaratione
1869 1814 2065 1897 Bnem
2090 1842 2265 1897 nescit
2288 1839 2593 1903 immutari;
2650 1839 2723 1892 ita
2753 1837 3052 1893 benedictio
3098 1846 3149 1891 et
3200 1833 3502 1889 maledictio

274 1930 519 1985 stultitiae
541 1929 714 2000 elogio
743 1930 983 1985 denotari
1009 1929 1222 2001 potest?
1257 1953 1276 1986 ι

346 2020 681 2092 Augustinus
716 2014 771 2074 in
807 2014 945 2075 libro
969 2020 1034 2076 de
1056 2021 1314 2079 Sermone
1340 2018 1550 2099 Domini
1580 2020 1632 2081 in
1660 2031 1842 2083 monte

275 2108 419 2176 (Lib.
448 2125 493 2174 ι,
515 2126 564 2163 c.
591 2109 646 2181 9)
679 2128 691 2163 :
728 2128 747 2160 ι
778 2102 987 2165 Gradus
1007 2108 1188 2182 itaque
1208 2123 1334 2168 sunt
1361 2107 1415 2169 in
1446 2110 1564 2173 istis
1585 2117 1837 2184 peccttis,

274 2210 334 2254 ut
363 2201 541 2269 primo
568 2202 796 2272 quisque
822 2202 1107 2268 irascatur,
1134 2213 1190 2259 et
1222 2220 1345 2260 eum
1381 2211 1585 2262 motum
1608 2209 1841 2264 retineat

270 2291 467 2354 corde,
495 2301 676 2346 mente
700 2295 1037 2362 conceptum.
1072 2285 1188 2348 Jam
1239 2295 1281 2349 si
1327 2298 1614 2352 extorserit
1654 2313 1836 2353 vocem

271 2377 605 2452 indignantis
625 2381 738 2451 ipsa
755 2382 1044 2437 commotio
1065 2398 1172 2438 non
1200 2380 1590 2455 signiﬁcantem
1615 2380 1835 2457 aliquid,

269 2472 364 2527 scd
401 2472 553 2527 illum
582 2472 746 2527 animi
780 2480 984 2527 motum
1036 2473 1148 2543 ipsa
1196 2476 1476 2546 eruptione
1515 2485 1833 2545 testantem,

264 2580 376 2634 qua
413 2562 642 2619 feriatur
666 2556 778 2628 ille,
799 2562 886 2618 cui
916 2564 1182 2629 irascitur,
1201 2565 1320 2635 plus
1348 2576 1432 2622 est
1455 2568 1659 2638 utique,
1677 2566 1837 2638 quam

265 2655 311 2708 si
338 2667 573 2724 surgens
594 2647 675 2707 ira
693 2648 904 2709 silentio
924 2664 1277 2723 premeretur.
1302 2654 1361 2711 Si
1390 2672 1518 2713 vero
1543 2671 1647 2714 non
1665 2654 1837 2714 solum

265 2757 368 2799 vos
398 2743 731 2814 indignantis
760 2744 1042 2813 audiatur,
1077 2745 1169 2800 sed
1216 2746 1379 2800 etiam
1428 2748 1649 2802 verbum
1694 2748 1836 2818 quod

240 2820 374 2903 'jarn
405 2842 618 2888 certam
653 2827 770 2902 ejus
813 2828 1284 2903 vituperationem,
1315 2836 1369 2890 in
1417 2847 1575 2906 quem
1621 2834 1832 2907 profer-

265 2932 379 2987 tur,
400 2923 647 2992 designet
670 2926 726 2978 et
752 2927 920 2989 notet,
937 2925 1058 2995 quis
1081 2925 1287 2981 dubitet
1316 2919 1544 2996 amplius
1566 2925 1667 2983 hoc
1694 2943 1831 2993 esse,

260 3030 434 3083 quam
467 3014 511 3070 si
538 3014 685 3070 solus
706 3010 1086 3087 indignationis
1119 3029 1285 3073 sonus
1322 3019 1605 3087 ederetur?
1651 3018 1834 3089 Itaque

260 3100 319 3158 in
349 3103 528 3171 primo
552 3119 717 3158 unum
739 3112 840 3169 est,
870 3104 921 3160 id
949 3112 1033 3160 est
1062 3102 1140 3163 ira
1162 3102 1273 3161 sola
1301 3121 1317 3159 :
1354 3106 1408 3160 in
1446 3108 1679 3162 secundo
1705 3108 1830 3173 duo,

257 3204 319 3250 et
350 3196 436 3249 ira
467 3203 524 3250 et
560 3210 661 3250 vox
687 3210 806 3264 qua:
835 3196 971 3250 iram
1001 3197 1269 3268 signiﬁcat
1297 3211 1311 3253 :
1347 3199 1399 3253 in
1426 3200 1586 3254 tertio
1622 3200 1746 3265 tria,
1777 3210 1832 3257 et

261 3286 344 3340 ira
368 3294 428 3341 et
449 3301 550 3340 vox
577 3290 701 3356 qua:
723 3285 861 3340 iram
890 3285 1175 3357 signiﬁcat,
1202 3296 1258 3343 et
1281 3285 1334 3343 in
1362 3301 1495 3344 voce
1523 3290 1637 3359 ipsa
1682 3299 1831 3345 certa

260 3375 678 3445 vituperationis
700 3376 995 3445 expressio.
1027 3376 1178 3432 Unde
1206 3393 1347 3434 nunc
1371 3380 1534 3433 etiam
1564 3388 1674 3434 tres
1719 3392 1837 3435 rea-

262 3464 580 3534 tusjudicii,
613 3462 912 3521 conciliiet
934 3467 1190 3537 gehennze
1221 3468 1375 3537 ignis.
1415 3488 1433 3522 ι
1465 3469 1756 3541 Gregorius
1778 3464 1832 3524 ln

261 3558 504 3613 homiliis
528 3558 800 3630 Evangelii
829 3572 843 3613 :
870 3578 890 3610 ι
921 3560 1128 3616 Mecum
1153 3577 1249 3617 vos
1266 3564 1546 3619 admoneo.
1561 3561 1643 3619 Ab
1662 3565 1833 3621 otioso

259 3661 519 3704 sermone
556 3658 875 3716 parcamus,
904 3642 1166 3705 iniitiliter
1206 3650 1356 3720 loqui
1393 3652 1743 3719 declinemus,
1775 3652 1831 3708 in

259 3745 529 3806 quantum
558 3735 861 3793 refrenare.
880 3732 1117 3808 linguam
1146 3740 1561 3809 praevaleamus;
1614 3742 1668 3797 in
1704 3759 1834 3799 ven-

264 3832 381 3879 tum
408 3824 576 3882 verba
598 3841 705 3881 non
733 3825 986 3892 deﬂuant,
998 3839 1119 3882 cum
1144 3827 1309 3897 judex
1333 3831 1516 3885 dicat:
1541 3829 1705 3887 Omne
1728 3849 1835 3887 ver-

206 3928 215 3935 '
264 3919 386 3971 imm
426 3917 654 3981 otiosum
697 3918 838 3988 quod
873 3913 1035 3972 locuti
1087 3914 1282 3988 fuerint
1324 3920 1590 3988 homines,
1620 3922 1834 3977 reddent

261 4007 524 4061 rationem
556 4006 611 4059 in
635 4002 721 4061 die
741 4003 935 4077 judicii
962 4007 1142 4079 (Matt.
1179 4021 1278 4075 xu,
1301 4009 1413 4083 56).
1440 4011 1682 4068 Otiosum
1712 4024 1835 4067 ver-

260 4100 391 4154 bum
414 4098 615 4168 quippe
635 4101 740 4159 est,
766 4099 909 4168 quod
933 4107 1027 4154 aut
1071 4098 1297 4156 utilitate
1334 4102 1694 4168 rectitudinis,
1743 4111 1835 4158 aut

261 4190 476 4244 ratione
494 4188 655 4259 justas
677 4191 1019 4246 necessitatis
1041 4200 1210 4247 caret.
1250 4211 1269 4244 ι

330 4276 412 4336 De
452 4281 833 4339 maledictione
873 4288 1052 4338 autem
1097 4284 1311 4339 vitanda
1353 4284 1431 4339 ait
1469 4278 1729 4341 Dominus
1775 4284 1831 4341 in

262 4370 379 4443 lege
400 4386 420 4425 :
448 4365 572 4427 Non
598 4374 876 4429 maledices
913 4371 1094 4439 surdo,
1126 4392 1219 4429 nec
1271 4391 1446 4430 coram
1495 4392 1630 4431 cteco
1674 4390 1828 4449 pones

259 4459 638 4569 olendicuium
663 4459 846 4569 (Lerit.
870 4481 983 4532 xix,
1016 4465 1122 4538 li).
1172 4464 1238 4520 Et
1282 4463 1532 4569 Salomon
1568 4464 1828 4520 :Benedi—
1849 4507 1907 4569 Β

256 4559 361 4612 ctio
384 4555 552 4626 patris
575 4554 752 4623 ﬁrmat
790 4552 970 4610 domos
1000 4555 1253 4624 ﬁliorum,
1298 4552 1592 4610 maledictio
1645 4558 1826 4613 matris

257 4646 496 4702 eradicat
526 4644 864 4714 fundamenta
892 4641 1080 4715 (Eccli.
1154 4664 1240 4712 ut,
1289 4644 1350 4699 ll
1446 4638 1681 4714 Uterque
1722 4646 1825 4714 igi-

257 4745 349 4791 tur
372 4747 557 4799 sesus,
578 4735 670 4804 qui
693 4730 1159 4790 maledictiOnibus
1182 4730 1445 4790 inservire
1473 4734 1623 4800 sole.,
1652 4743 1826 4791 atten-

255 4833 350 4885 dat
374 4826 507 4899 quid
528 4828 719 4883 beath
740 4825 1090 4898 Augustinus,
1111 4827 1164 4881 in
1193 4827 1334 4883 libro
1359 4829 1427 4883 de
1454 4825 1682 4883 Civitate
1701 4826 1820 4893 Dei,

255 4921 321 4974 de
360 4918 595 4989 quadam
634 4911 829 4972 femina
865 4916 1028 4982 dicat,
1056 4931 1177 4987 qua:
1206 4916 1463 4972 instinctu
1488 4916 1657 4971 hostis
1683 4917 1823 4972 anti-

255 5013 349 5081 qui
378 5006 567 5065 liberis
586 5011 699 5066 suis
724 5008 1017 5075 maledixit,
1048 5022 1209 5080 quam
1234 5019 1449 5079 pinnam
1481 5006 1670 5063 eadem
1705 5024 1821 5064 ma-

255 5098 549 5156 ledictione
584 5096 866 5167 subierint,
899 5101 982 5157 vel
1007 5102 1132 5172 quid
1154 5110 1426 5172 postremo
1453 5095 1541 5156 illa
1569 5112 1821 5171 perpessa

257 5189 443 5246 luerit.
477 5184 613 5245 Nam
657 5192 784 5246 dum
813 5200 869 5247 et
905 5188 979 5247 illi
1008 5193 1136 5248 tutis
1161 5192 1522 5248 membrorum
1551 5191 1823 5261 compagi-

253 5279 357 5335 bus
385 5278 757 5349 quaterentur,
792 5279 881 5334 illa
906 5295 1005 5350 pro
1033 5280 1232 5336 eisdem
1274 5278 1603 5335 cruciatibus
1639 5279 1822 5334 dolore

251 5370 528 5425 commota
567 5368 756 5440 laqueo
784 5385 842 5425 se
869 5370 1162 5440 suspendit.
1199 5369 1300 5437 Qui
1341 5384 1468 5425 vero
1514 5369 1568 5424 id
1610 5369 1823 5439 plenius

254 5474 417 5516 nosse
446 5459 735 5525 desiderat,
766 5458 907 5531 legat
930 5473 1231 5514 sermonem
1260 5458 1402 5513 beati
1437 5457 1720 5529 Augustini
1754 5457 1821 5513 de

252 5552 446 5609 hacre
489 5551 727 5607 habitum
777 5552 844 5607 ad
880 5551 1155 5622 populum;
1207 5549 1543 5620 Quapropter
1603 5565 1826 5606 necesse

251 5648 361 5703 est,
389 5651 452 5695 ut
477 5655 667 5695 omnes
711 5642 783 5697 ab
828 5640 1195 5711 hujuscemodi
1252 5639 1714 5696 maledictionibus
1763 5655 1823 5696 se

333 5760 361 5788 ⁸
395 5752 527 5823 Cap.
551 5753 608 5815 3.
636 5752 688 5808 in
719 5753 816 5826 Ep.
846 5753 903 5808 Β.
935 5751 1048 5810 Jac.

1940 1935 1995 1989 in
2026 1949 2130 1988 uno
2156 1949 2250 1988 ore
2272 1931 2577 1987 nullatenus
2604 1940 2828 2000 possunt
2875 1928 3194 1992 convenire;
3242 1926 3334 1981 sed
3384 1925 3503 1995 qni-

1938 2034 2149 2094 cunQue
2198 2023 2278 2079 sic
2322 2022 2489 2077 Deum
2532 2022 2852 2077 benedicere
2901 2020 3126 2085 orando,
3154 2017 3238 2074 vel
3280 2017 3501 2072 verbum

1937 2114 2053 2185 ejus
2088 2113 2428 2185 prmdicando
2456 2112 2748 2175 consuevit,
2783 2119 2841 2165 ut
2873 2111 3034 2164 etiam
3070 2107 3387 2163 maledicere
3410 2106 3504 2159 ho-

1938 2206 2110 2260 mines
2138 2216 2241 2259 non
2267 2203 2526 2266 omiserit,
2548 2209 2768 2257 constat
2799 2201 2923 2271 quia
2968 2200 3299 2269 dulcedinem
3339 2197 3503 2251 bene-

1937 2296 2186 2357 dictionis
2229 2296 2346 2365 ejus
2395 2293 2696 2348 amaritudo
2754 2292 3143 2347 maledictionis
3189 2290 3501 2353 consumit,

1936 2385 2188 2455 quoniam
2201 2383 2353 2454 juxta
2376 2381 2675 2452 apostolum
2697 2381 2963 2436 modicum
2992 2380 3311 2435 fermentum
3334 2366 3499 2432 totam

1935 2492 2168 2532 massam
2196 2477 2514 2547 corrumpit,
2537 2483 2592 2530 et
2620 2489 2725 2529 non
2755 2484 2837 2529 est
2864 2475 3085 2544 pulchra
3129 2474 3183 2529 in
3227 2476 3323 2528 or‘e
3367 2487 3493 2542 pec-

1935 2566 2139 2623 catoris
2160 2565 2417 2622 laudatio.
2462 2586 2479 2619 ι

2536 2648 2761 2711 CAPUT
2807 2654 2893 2709 lx.

2288 2743 2363 2798 De
2391 2743 2724 2815 turplloquio,
2748 2754 2795 2797 et
2815 2740 3146 2799 scnrrilltate.

2002 2828 2118 2889 Nan
2146 2833 2321 2889 solum
2347 2829 2436 2903 qui
2466 2831 2793 2903 turpiloquio
2837 2843 2891 2887 et
2938 2834 3248 2887 scurrilitati
3269 2874 3285 2897 ,
3311 2850 3498 2889 verum

1933 2925 2097 2979 etiam
2128 2923 2183 2979 in
2212 2924 2297 2979 his
2317 2938 2436 2994 qua:
2458 2924 2759 2978 necessaria
2784 2918 2903 2979 esse
2929 2923 3201 2985 videmus,
3232 2925 3497 2993 superﬂue

1932 3022 2107 3080 vacat,
2124 3013 2434 3085 delinquere
2462 3014 2857 3084 comprobatur.
2876 3008 3276 3084 Turpiloquium
3304 3016 3499 3085 quippe

1929 3114 1990 3160 et
2012 3105 2310 3160 scurrilitas
2339 3105 2406 3159 ab
2431 3103 2685 3175 Apostolo
2711 3104 3038 3159 inhibentur.
3066 3104 3138 3158 De
3164 3104 3499 3174 multiloqnio

1934 3190 2170 3265 namque
2192 3193 2443 3250 Salomon
2474 3194 2585 3248 ait:
2612 3193 2678 3249 In
2710 3195 3037 3268 multiloquio
3065 3213 3168 3250 non
3196 3197 3355 3250 deerit
3384 3214 3501 3266 pec-

1933 3297 2105 3341 catum
2136 3284 2317 3358 (Prov.
2356 3303 2412 3353 ι,
2448 3286 2552 3359 i9).
2575 3287 2745 3343 Porro
2773 3288 3001 3344 .lacobus
3038 3289 3109 3343 ait
3144 3288 3252 3347 :,Si
3279 3291 3395 3360 quis
3445 3291 3499 3343 in

1932 3375 2081 3430 verbo
2106 3393 2208 3430 non
2239 3376 2474 3446 offendit,
2497 3377 2581 3430 hic
2624 3377 2879 3448 perfectus
2909 3379 3099 3451 est‘uir
3144 3376 3281 3449 (Jac.
3312 3395 3390 3445 tu,
3419 3379 3495 3450 2).

1931 3464 2028 3520 lllo
2053 3464 2301 3520 videlicet
2323 3467 2589 3540 verbo,_ut
2616 3465 2758 3521 Beda
2790 3468 3028 3537 exponit,
3055 3468 3210 3537 cujus
3244 3471 3498 3526 oll‘ensio-

1932 3565 2055 3609 nem
2088 3554 2323 3610 humana
2351 3564 2527 3626 potest
2555 3557 2729 3611 vitare
2757 3555 3041 3629 fragilitas,
3064 3569 3125 3614 ut
3165 3569 3247 3615 est
3276 3562 3495 3616 verbum

1935 3646 2063 3711 doli,
2081 3646 2448 3709 detractionis,
2467 3644 2881 3712 maledictiouis,
2899 3650 3181 3718 superbiae,
3201 3649 3492 3718 jactantim.

1934 3732 2297 3792 excusationis
2325 3737 2379 3791 in
2420 3737 2688 3806 peccatis,
2712 3738 3091 3803 aemulationis,
3121 3739 3493 3805 dissensionis,

1932 3825 2177 3893 haeresis,
2205 3827 2501 3894 mendacii,
2531 3827 2751 3897 periurii
2771 3868 2786 3894 ,
2812 3829 2904 3884 sed
2953 3837 3008 3884 et
3043 3830 3227 3884 otiosae
3274 3830 3485 3886 locutio-

1931 3934 2051 3984 nes,
2076 3933 2176 3974 nec
2195 3929 2301 3973 non
2330 3919 2494 3974 etiam
2530 3917 2813 3989 superﬂuae
2851 3918 3146 3975 locutiones
3174 3921 3227 3976 in
3264 3922 3347 3976 his
3377 3938 3496 3993 quzc

1932 4012 2235 4068 necessaria
2253 4006 2527 4066 videntur.
2549 4012 2605 4065 ln
2625 4021 2731 4081 quo
2753 4008 3007 4072 nimirum
3035 4013 3225 4079 verbo,
3251 4014 3495 4085 quisquis

1932 4114 1992 4158 se
2017 4100 2135 4157 sine
2177 4100 2473 4156 oll‘enslone
2519 4098 2774 4167 custodit,
2804 4102 2894 4156 hic
2933 4103 3202 4174 perfectus
3244 4115 3327 4160 est
3366 4108 3491 4171 vir;

1934 4192 2038 4260 Qui
2064 4192 2208 4247 enim
2234 4192 2460 4246 custodit
2481 4209 2537 4247 os
2566 4209 2717 4247 suum
2745 4202 2792 4248 et
2817 4192 3047 4265 linguam
3073 4210 3243 4260 suam,
3272 4200 3492 4252 custodit

1931 4283 1997 4341 ab
2020 4279 2272 4357 (ingustiis
2289 4286 2516 4340 animum
2546 4298 2696 4340 suam
2727 4285 2908 4359 (Prov.
2951 4300 3062 4354 xxI,
3086 4285 3199 4361 23).
3240 4287 3434 4344 Paulus
3468 4305 3488 4343 'z

1932 4373 2257 4443 Fornicatio,
2289 4380 2484 4450 inquit,
2514 4389 2560 4433 et
2585 4381 2754 4435 omnis
2777 4381 3106 4436 immunditia
3136 4391 3227 4437 aut
3250 4383 3490 4448 avaritia,

1934 4488 2024 4526 nec
2048 4472 2338 4526 nominetur
2356 4471 2410 4525 in
2440 4471 2602 4536 vobis,
2628 4472 2764 4526 sicut
2792 4472 2932 4526 decet
2960 4482 3186 4538 sanctos,
3207 4482 3297 4526 aut
3325 4475 3493 4545 turpi-

1930 4562 2077 4627 tudo,
2103 4570 2192 4615 aut
2225 4560 2627 4631 stultiloquium,
2651 4570 2740 4614 aut
2779 4561 3070 4616 scurrilitas
3117 4578 3234 4633 qua:
3273 4562 3343 4616 ad
3387 4579 3492 4616 rem

1929 4665 2035 4706 non
2056 4650 2294 4720 pertinet,
2317 4650 2407 4704 sed
2435 4651 2601 4721 magis
2624 4652 2913 4721 gratiarum
2938 4652 3075 4706 actio
3102 4652 3313 4724 (Epltes.
3338 4670 3390 4718 v,
3413 4653 3489 4725 5).

1924 4736 2285 4811 Hieronymus
2311 4740 2366 4793 in
2416 4740 2751 4811 expositione
2795 4737 3044 4811 Epistolzc
3090 4744 3157 4797 ad
3210 4743 3488 4813 Ephesios.

1929 4848 1953 4882 σ
1999 4826 2398 4898 Stultilbquium
2423 4842 2543 4884 esse
2569 4828 2775 4884 atstimo
2811 4846 2916 4886 non
2953 4831 3123 4898 solum
3163 4848 3351 4888 eorum
3396 4835 3487 4904 qui

1928 4920 2109 4992 aliqua
2134 4928 2360 4976 narrant
2384 4911 2578 4992 turpia,
2605 4932 2664 4977 ut
2697 4923 2861 4978 risum
2892 4931 3229 4988 moveant,et
3248 4925 3492 4981 latinitate

1927 5010 2180 5069 simulata
2210 5013 2378 5083 magis
2406 5012 2633 5067 illudant
2674 5014 2754 5069 eis
2792 5014 2986 5084 quibus
3030 5014 3239 5084 placere
3281 5015 3491 5070 desidea-

1927 5109 2086 5167 rant;
2135 5101 2227 5156 sed
2274 5101 2438 5156 etiam
2463 5112 2646 5155 eorum
2676 5103 2765 5172 qui
2798 5102 3071 5172 sapientes
3095 5103 3271 5159 szcculi
3300 5112 3490 5174 putan-

1928 5199 2043 5254 tur,
2076 5196 2130 5244 et
2158 5190 2223 5244 de
2252 5188 2412 5244 rebus
2434 5184 2669 5260 physicis
2697 5191 3032 5260 disputantes
3060 5192 3244 5246 dicunt
3271 5208 3329 5246 se
3366 5208 3488 5247 areo

1926 5294 2032 5335 nas
2056 5275 2315 5342 littomm,
2342 5287 2522 5350 guttas
2546 5280 2754 5345 oceani,
2779 5280 3035 5335 caalorum
3081 5283 3273 5352 Spatia,
3304 5290 3488 5339 terrm-

1927 5385 2037 5441 que
2064 5377 2317 5439 punctum
2346 5367 2543 5438 liquido
2562 5371 3049 5440 comprehendisse.
3094 5370 3237 5424 inter
3261 5371 3490 5429 stultiloo
3556 5366 3561 5369 ’

1924 5459 2112 5530 quinm
2134 5466 2189 5514 et
2223 5459 2599 5515 scurrilitatem
2649 5462 2752 5516 hoc
2794 5461 3036 5525 interest,
3069 5462 3212 5532 quod
3259 5463 3489 5519 stultilo-

1874 5574 1881 5581 -
1923 5553 2113 5621 quium
2143 5550 2194 5602 in
2223 5563 2282 5603 se
2316 5548 2447 5602 nihil
2486 5551 2755 5620 sapienter
2796 5551 2983 5614 habet,
3012 5552 3312 5608 scurrilitas
3355 5568 3487 5610 vero

1922 5641 1989 5698 dc
2042 5638 2285 5710 prudenti
2340 5649 2515 5696 mente
2561 5640 2853 5706 descendit,
2880 5650 2935 5697 ct
2979 5642 3228 5703 consulto
3278 5645 3489 5716 appetit
