4030 6190
569 310 667 365 εει

1621 303 1812 360 30ΝέΙεί
1847 295 2396 359 AUBELIANENSIS
2433 296 2736 359 EPISCOPI

3683 307 3794 362 952

569 423 814 494 quaedam
831 421 1042 474 urbana
1066 417 1250 480 verba,
1273 415 1357 470 vel
1385 415 1605 479 rustica,
1630 416 1712 470 vel
1748 415 1942 482 faceta,
1964 431 2116 485 quam

2228 421 2521 482 sequantur
2547 424 2785 482 peccata.
2827 414 2959 469 Dum
2991 415 3132 470 enim
3161 433 3321 473 causa
3351 417 3624 485 iactantia:
3654 436 3794 490 pau-

571 529 673 567 nos
713 507 1108 581 iocularitatem
1167 521 1444 576 possemus
1490 504 1596 559 alio
1633 506 1797 558 verbo
1838 505 2127 574 appellare,

573 613 631 657 ut
659 603 824 656 risum
854 607 1064 654 moveat
1089 596 1444 653 audientibus.
1476 596 1671 649 Verum
1695 603 1751 650 et
1776 597 1890 650 haec
1933 611 1963 650 a
2007 610 2130 649 san—

569 692 672 745 ctis
695 691 824 744 viris
846 689 1059 758 penitus
1085 685 1445 756 propellenda,
1469 685 1664 754 quibus
1692 685 1860 755 magis
1883 685 2132 740 convenit

573 781 750 852 lugere
776 796 788 832 :
819 777 967 831 Beati
994 777 1135 832 enim
1162 776 1250 847 qui
1277 773 1744 844 lugent,quoniam
1768 773 1864 843 ipsi
1896 773 2133 828 consola-

578 871 769 924 buntur
789 867 1003 940 (Matth.
1034 883 1090 932 v,
1113 866 1190 938 5).
1229 884 1247 917 ι

638 959 964 1029 Augustinus
987 957 1040 1010 in
1069 956 1204 1010 libro
1234 953 1554 1009 Sermonum
1578 953 1645 1007 ad
1670 953 1923 1023 populum
1951 951 2126 1025 (serm.

568 1050 694 1121 215)
727 1064 742 1102 :
772 1059 790 1099 ι
819 1047 956 1102 Ante
977 1046 1154 1100 omnia
1171 1045 1471 1112 ubicunque
1492 1043 1849 1107 fueritis,sive
1873 1043 1926 1098 in
1948 1045 2128 1108 domo,

568 1142 682 1196 sive
727 1141 778 1194 in
826 1140 1040 1203 itinere,
1073 1137 1187 1191 sive
1233 1137 1286 1190 in
1326 1136 1600 1199 convivio,
1626 1136 1738 1190 sive
1765 1136 1818 1189 in
1853 1149 2127 1200 consessu,

567 1233 732 1288 verba
765 1231 942 1299 turpia
966 1240 1021 1284 et
1049 1228 1321 1288 luxuriosa
1349 1226 1514 1282 nolite
1537 1241 1604 1280 ex
1629 1237 1724 1281 ore
1755 1213 2018 1296 proferre,
2037 1228 2130 1281 sed

568 1337 779 1392 semper
804 1322 944 1390 quod
968 1321 1165 1375 bonum
1191 1327 1275 1373 est
1298 1326 1352 1374 et
1376 1317 1658 1372 honestum
1683 1318 1828 1387 loqui
1854 1318 2081 1372 studete.
2104 1337 2123 1368 ι

566 1412 934 1468 Animadverti
963 1423 1092 1465 sane
1120 1417 1175 1464 et
1203 1399 1478 1465 evidenter
1510 1417 1701 1478 potest,
1743 1410 1884 1478 quod
1931 1425 2030 1465 nec
2075 1410 2128 1464 in

563 1501 1041 1565 domointerioris,
1071 1514 1173 1555 nec
1212 1499 1390 1568 aliquo
1437 1499 1678 1554 membro
1717 1499 2000 1553 exterioris
2029 1498 2128 1553 ho-

566 1595 728 1650 minis
750 1595 982 1663 aliquem
1005 1592 1179 1648 locum
1200 1599 1422 1660 peccato
1449 1588 1589 1645 Deus
1612 1591 1806 1654 inesse,
1839 1592 1930 1645 sed
1953 1586 2129 1659 potius

567 1690 761 1737 cuncta
801 1691 856 1736 et
883 1681 1139 1746 interiora
1176 1679 1310 1747 ejus.
1340 1686 1396 1734 et
1421 1679 1689 1734 exteriora
1715 1679 1837 1746 sibi,
1869 1695 1974 1734 non
2004 1694 2129 1751 pec-

565 1781 708 1837 cato,
739 1771 985 1826 famulari
1009 1771 1254 1825 voluerit.

1178 1881 1403 1940 CAPUT
1440 1883 1509 1939 Χ.

567 1973 642 2029 De
681 1974 919 2045 operibus
952 1973 1354 2045 misericordia,
1407 1983 1455 2028 et
1517 1973 1655 2044 quod
1705 1973 2057 2045 unusquisque
2093 1988 2130 2026 a

802 2045 968 2115 scipso
1007 2043 1380 2112 eleemosynam
1421 2042 1651 2113 incipere
1683 2042 1882 2097 debeat.

635 2133 891 2204 Quisquis
914 2134 968 2188 in
987 2133 1250 2188 tremendi
1274 2133 1538 2188 examinis
1557 2133 1643 2188 die
1662 2132 1902 2188 auditum
1929 2131 2127 2187 malum

540 2222 919 2297 ,exhorrcscit,
943 2229 998 2276 et
1019 2237 1078 2277 se
1104 2222 1440 2277 benedictum
1470 2221 1647 2276 Patris
1676 2237 1707 2276 a
1737 2219 1954 2284 Christo
1977 2229 2132 2297 optat

564 2295 768 2374 vocari,
784 2310 1037 2379 operibus
1063 2310 1444 2365 misericordia:
1471 2309 1524 2363 in
1552 2309 1839 2381 Evangelio
1855 2311 1922 2366 ab
1939 2295 2124 2365 eodem

565 2401 789 2456 Domino
817 2409 1000 2454 nostro
1027 2398 1151 2455 Jesu
1184 2399 1400 2454 Christo
1424 2399 1775 2470 promulgatis
1803 2399 2012 2455 studeat
2037 2401 2127 2456 de

559 2491 704 2546 ditus
729 2503 867 2544 esse.
903 2488 995 2544 llle
1018 2489 1213 2559 quippe
1238 2489 1394 2559 digne
1425 2490 1508 2544 his
1529 2489 1670 2543 valet
1691 2489 1959 2554 insistere,
1983 2490 2126 2560 quia

560 2597 618 2636 se
649 2581 764 2650 ipso
790 2581 1022 2649 primum
1053 2579 1447 2649 elecmosynam
1479 2578 1662 2648 incipit
1689 2577 1890 2634 facere.
1915 2579 1992 2636 De
2019 2579 2123 2634 mi-

557 2671 852 2725 sericordia
875 2656 1104 2738 namque
1124 2669 1199 2722 ait
1225 2669 1481 2723 Dominus
1511 2682 1606 2739 per
1631 2669 1946 2739 prophetam
1972 2687 1986 2722 :
2022 2669 2125 2723 Mi-

555 2761 894 2816 sericordiam
919 2759 1052 2825 volo,
1075 2769 1122 2814 et
1147 2776 1250 2812 non
1276 2759 1588 2828 sacriﬁcium
1604 2759 1817 2831 (Matth.
1839 2775 1912 2825 Ix,
1933 2759 2041 2831 13).
2057 2761 2124 2814 Et

560 2850 662 2905 Job
687 2868 701 2904 :
733 2849 808 2904 Ab
834 2849 1080 2920 infantia,
1111 2850 1303 2918 inquit,
1331 2849 1485 2903 crevit
1520 2865 1718 2904 mecum
1753 2849 2046 2915 miseratio,
2074 2857 2123 2903 et

555 2942 618 2995 de
651 2950 798 2995 utero
829 2941 1009 2994 matris
1037 2955 1164 2993 mea:
1185 2956 1386 3009 egressa
1415 2949 1488 2994 est
1517 2955 1715 2994 mecum
1759 2937 1914 3011 (Job.
1957 2955 2083 2994 xxxx
2102 2980 2118 3006 ,

557 3033 666 3104 l8).
695 3031 946 3086 Salomon
985 3050 999 3086 ε

2227 517 2322 571 per
2348 504 2604 570 pascitur,
2630 504 2791 557 etiam
2817 505 2991 573 ipsum
3021 508 3402 562 misericordia:
3423 525 3559 578 opus
3589 510 3642 563 in
3667 527 3794 580 pec-

2228 589 2406 647 catum
2436 594 2781 647 convertitur.
2829 595 2886 648 ln
2939 605 3144 650 tantum
3199 599 3582 654 misericordia:
3625 616 3790 670 opera

2227 689 2443 753 peccata
2463 682 2825 752 exstinguunt,
2841 692 2899 737 ut
2917 685 3078 739 etiam
3096 682 3261 752 judcx
3278 687 3512 741 etelestis
3535 688 3585 741 in
3613 687 3796 744 futuro

2219 768 2423 841 judicio
2451 772 2674 827 veniens
2723 773 2777 827 in
2823 774 3096 828 dexteram
3139 775 3559 832 consistentibus
3610 779 3792 834 dicat:

2189 851 2196 854 ’
2237 860 2706 924 Venite,benedicti
2745 859 2923 916 Patris
2952 863 3072 928 mei,
3096 864 3350 932 possidete
3377 877 3620 935 paratum
3655 868 3797 922 vobis

2227 967 2441 1021 regnum
2463 969 2494 1004 a
2514 953 2874 1006 constitutione
2896 954 3098 1008 mundi.
3121 953 3330 1008 Esurivi
3351 957 3484 1008 enim
3510 966 3558 1010 et
3582 956 3796 1012 dedistis

2227 1043 2356 1098 mihi
2385 1042 2732 1106 manducare;
2760 1043 2897 1096 sitivi
2924 1054 2970 1096 et
2999 1043 3218 1097 dedistis
3261 1045 3390 1097 mihi
3432 1045 3599 1100 bibere
3625 1063 3643 1101 :
3674 1048 3795 1102 hos-

2226 1148 2313 1202 pes
2334 1148 2476 1184 eram
2498 1142 2543 1183 et
2574 1131 2852 1201 collegistis
2886 1149 3000 1196 me;
3031 1133 3222 1196 nudus,
3249 1144 3297 1187 et
3325 1137 3663 1205 cooperuistis
3682 1154 3794 1201 me;
3871 1159 3882 1176 ι

2226 1221 2486 1288 inﬁrmus,
2511 1231 2559 1275 et
2583 1223 2833 1276 visitastis
2858 1240 2937 1276 me
2957 1264 2972 1288 ,
3002 1225 3056 1277 in
3085 1240 3289 1279 carcere
3317 1241 3480 1292 eram,
3513 1236 3558 1280 et
3586 1228 3794 1283 venistis

2227 1311 2294 1362 ad
2318 1327 2397 1364 me
2426 1310 2636 1382 (Matth.
2665 1327 2790 1377 xxv,
2817 1311 2925 1384 54).
2968 1331 2988 1364 ι

2297 1403 2448 1470 Quod
2473 1413 2651 1458 autem
2677 1420 2836 1460 nemo
2857 1407 3042 1460 eadem
3056 1419 3218 1475 opera
3237 1405 3620 1468 misericordia:
3647 1408 3792 1476 aliis,

2227 1495 2272 1549 si
2301 1495 2403 1549 sibi
2430 1495 2662 1550 crudelis
2684 1502 2784 1560 est,
2814 1495 2972 1566 digne
3008 1495 3262 1551 exhibere
3305 1498 3504 1566 possit,
3525 1499 3785 1554 Dominus

2225 1585 2382 1640 docet
2401 1585 2452 1638 in
2481 1585 2798 1656 Evangelio;
2842 1586 2931 1654 qui
2959 1599 3078 1640 cum
3109 1587 3439 1656 increpasset
3469 1587 3791 1653 Pharisreos,

2226 1675 2368 1743 quod
2407 1673 2705 1728 forinsecus
2745 1689 2803 1728 se
2839 1673 3105 1738 lavabant,
3139 1675 3286 1730 intus
3309 1685 3487 1730 autem
3517 1679 3706 1746 rapina
3733 1687 3788 1733 et

2157 1754 2204 1811 Β
2233 1764 2514 1834 iniquitate
2539 1763 2678 1833 pleni
2707 1774 2886 1828 erant,
2914 1765 3208 1820 admonens
3244 1769 3474 1836 quadam
3500 1768 3794 1841 elemosy-

2231 1871 2318 1921 na,
2348 1870 2508 1926 quam
2550 1855 2650 1909 sibi
2703 1856 2865 1910 homo
2909 1855 3068 1910 debet
3091 1857 3339 1926 primitus
3366 1858 3512 1922 dare,
3536 1859 3794 1915 interiora

2229 1944 2476 1999 mundari
2505 1963 2517 1998 :
2552 1934 2919 1999 Verumtamen
2937 1985 2953 2010 ,
2983 1945 3187 2016 inquit,
3210 1947 3348 2018 quod
3376 1958 3604 2018 superest
3631 1989 3646 2012 ,
3673 1948 3797 2003 date

2229 2031 2637 2103 elecmdsynam,
2665 2045 2712 2086 et
2742 2050 2857 2086 ecce
2891 2035 3064 2088 omnia
3094 2036 3289 2089 munda
3322 2046 3440 2090 sunt
3467 2037 3605 2091 vobis
3637 2035 3791 2108 (Luc.

2229 2139 2304 2188 χι,
2326 2122 2436 2196 41).
2487 2122 2640 2190 Quod
2688 2123 2852 2178 etiam
2883 2133 3005 2194 post
3028 2125 3187 2196 paulo
3217 2126 3796 2198 apertius'exsequitur

2228 2214 2447 2269 dicens:
2482 2213 2734 2269 Mundate
2760 2232 2875 2286 qua:
2905 2217 3040 2270 intus
3085 2229 3224 2282 sunt,
3251 2229 3298 2272 et
3335 2236 3449 2289 qua:
3497 2221 3624 2289 foris
3669 2231 3793 2276 sunt

2225 2303 2420 2357 munda
2445 2314 2614 2358 erunt.
2643 2305 2735 2360 Ait
2755 2305 2937 2376 itaque
2967 2307 3153 2362 beatus
3189 2309 3515 2380 Augustinus
3551 2311 3602 2364 in
3644 2311 3786 2366 libro

2225 2395 2520 2450 Enchiridii
2546 2395 2682 2466 (cap.
2699 2393 2819 2468 75);
2843 2415 2862 2447 ‹
2896 2395 2996 2463 Qui
3025 2398 3440 2454 sceleratissime
3463 2401 3667 2462 vivunt,
3689 2416 3796 2456 nec

2224 2495 2417 2543 curant
2449 2487 2609 2542 talem
2630 2488 2794 2542 vitam
2819 2504 3100 2559 moresque
3121 2493 3406 2562 corrigere,
3431 2501 3485 2545 et
3512 2492 3650 2546 inter
3675 2495 3793 2564 ipsa

2224 2579 2461 2635 facinora
2491 2587 2544 2634 et
2572 2578 2771 2650 ﬂagitia
2795 2595 2912 2645 sua,
2931 2581 3297 2652 eleeznosynas
3313 2581 3660 2651 frequentare
3681 2601 3791 2640 non

2223 2676 2452 2731 cessant,
2478 2666 2677 2722 frustra
2715 2669 2834 2724 ideo
2871 2669 2972 2725 sibi
3011 2669 3374 2736 blandiuntur,
3403 2673 3650 2742 quoniam
3682 2675 3791 2728 Do-

2224 2758 2404 2812 minus
2469 2758 2544 2811 ait
2609 2776 2622 2812 :
2694 2758 2829 2812 Date
2884 2759 3292 2830 eleemosynam,
3343 2773 3393 2815 et
3447 2779 3558 2816 ecce
3613 2764 3791 2817 omnia

2222 2848 2414 2901 munda
2441 2857 2558 2902 sunt
2591 2848 2750 2902 vobis.
2786 2869 2804 2901 ι
2833 2849 2899 2904 Et
2923 2850 3081 2920 paulo
3121 2861 3240 2921 post
3285 2850 3432 2924 (Cap.
3469 2854 3593 2924 7(3):
3633 2875 3651 2906 ι
3686 2857 3792 2922 Qui

2221 2941 2363 2996 enim
2393 2940 2504 2995 vult
2531 2942 2776 2998 ordinate
2801 2942 2929 3001 dare
2970 2942 3383 3016 eleemosynam,
3416 2962 3445 3000 a
3491 2948 3664 3017 seipse
3695 2950 3789 3002 de.

1047 3031 1407 3085 Misericordia
1442 3041 1489 3086 et
1529 3033 1716 3087 veritas
1751 3048 1853 3087 non
1894 3041 1944 3086 te
1975 3031 2121 3087 dese-
2152 3095 2189 3104 _
2219 3031 2310 3086 bet
2329 3031 2579 3102 incipere,
2598 3039 2653 3087 et
2671 3037 2788 3086 eam
2810 3033 2908 3088 sibi
2931 3034 3164 3104 primum
3183 3035 3330 3091 dare.
3353 3035 3455 3090 Est
3473 3039 3615 3091 enim
3645 3037 3790 3093 eice-

555 3095 670 3176 rant
709 3119 890 3193 (Prov.
913 3136 996 3186 ιιι,
1018 3120 1094 3191 5).
1140 3120 1273 3176 Item
1299 3121 1482 3176 idem:
1511 3120 1775 3191 Benefecit
1797 3123 1988 3178 anima:
2007 3140 2118 3178 sua:
2145 3095 2190 3158 Ο
2219 3137 2440 3193 mosyna
2488 3138 2623 3192 opus
2685 3095 3087 3192 misericordite,
3158 3127 3539 3197 verissimeque
3583 3129 3787 3183 dictum

554 3215 633 3269 vir
666 3214 958 3268 misericors
983 3227 1002 3265 :
1028 3213 1118 3285 qui
1139 3223 1312 3268 autem
1345 3209 1568 3270 crudelis
1595 3224 1688 3280 est,
1717 3217 1874 3270 etiam
1905 3217 2119 3287 propin-

548 3321 679 3377 quos
705 3305 902 3374 objicit.
934 3303 1130 3360 Facere
1154 3306 1564 3360 misericordiam
1592 3315 1641 3361 et
1661 3291 1925 3376 judicium
1952 3308 2117 3378 magis

550 3391 756 3460 placent
797 3390 938 3456 Deo,
969 3391 1126 3462 quam
1171 3393 1390 3447 victima:
1441 3391 1621 3466 (Prov.
1653 3410 1732 3460 ιιι,
1762 3394 1859 3461 l7;
1891 3406 2004 3462 xxi,
2037 3395 2113 3470 5).

549 3481 709 3536 Jesus
744 3481 884 3539 ﬁlius
926 3480 1120 3538 Sirach
1147 3498 1161 3538 :
1190 3481 1333 3548 Fili,
1355 3485 1596 3538 miserere
1622 3485 1813 3538 anima:
1840 3495 1966 3552 tute,
2003 3485 2118 3556 pta-

546 3587 670 3624 cens
697 3570 806 3626 Deo
838 3569 1025 3644 (Eccli.
1051 3588 1177 3639 xxx,
1229 3571 1306 3645 4).
1330 3573 1396 3637 Et
1424 3573 1682 3628 Dominus
1702 3574 1757 3629 in
1779 3573 2068 3647 Evangelia
2097 3595 2112 3631 :

551 3660 730 3718 Estotc
756 3680 877 3734 ergo
901 3664 1279 3730 misericordes,
1305 3667 1440 3721 sicut
1466 3676 1515 3721 et
1540 3665 1700 3722 Pater
1724 3678 1885 3724 vester
1914 3670 2116 3726 miseri-

544 3769 664 3807 cors
686 3762 761 3808 est
780 3753 939 3826 (Luc.
964 3770 1038 3819 v1,
1065 3754 1176 3826 56).
1205 3754 1338 3810 Item
1368 3774 1382 3810 :
1413 3755 1564 3810 Beati
1587 3757 1960 3822 misericordes,
1986 3776 2115 3831 quo-

545 3843 690 3897 niam
721 3843 951 3914 ipsorum
979 3844 1304 3898 miserebitur
1318 3845 1458 3899 Deus
1478 3843 1693 3917 (Matth.
1714 3862 1766 3912 v,
1784 3845 1858 3915 7).
1883 3831 2110 3904 Paulus:

551 3932 748 4000 Estots,
793 3935 984 4005 inquit,
1025 3935 1080 3990 in
1125 3936 1344 3990 invicem
1399 3936 1602 4006 benigni
1647 3946 1695 3990 et
1756 3938 2111 3995 misericordes

543 4023 761 4094 (Ephcs.
793 4040 864 4090 ιν,
893 4025 1005 4097 52).
1037 4025 1249 4081 Induite
1276 4043 1363 4081 vos
1397 4028 1533 4082 sicut
1575 4026 1720 4082 electi
1768 4027 1887 4096 Dei,
1919 4031 2112 4085 viscera

544 4113 912 4170 misericordia.-
947 4111 1166 4186 (Coloss.
1192 4131 1273 4182 ιιι,
1303 4115 1412 4188 12).

617 4204 943 4274 Augustinus
976 4205 1030 4260 in
1060 4205 1196 4262 libro
1222 4208 1288 4262 de
1316 4206 1579 4262 Sermone
1604 4207 1816 4264 Domini
1845 4207 1901 4262 in
1930 4217 2111 4262 monte

544 4293 688 4364 (cap.
717 4293 772 4366 ἓ)
812 4312 824 4348 :
868 4313 886 4345 ι
920 4295 1131 4360 Beatos,
1155 4296 1347 4366 inquit,
1377 4313 1497 4352 esse
1521 4297 1652 4352 dicit
1670 4299 2111 4368 qui.subveniunt

549 4383 785 4447 miseris,
834 4385 1085 4453 quoniam
1130 4385 1204 4439 ita
1243 4385 1321 4440 eis
1350 4387 1677 4456 rependitur,
1709 4397 1770 4443 ut
1798 4389 1866 4443 de
1894 4389 2106 4444 miseria

2218 3223 2337 3271 est:
2371 3213 2616 3269 Miserere
2664 3215 2852 3270 animis
2897 3224 3001 3272 tua
3040 3217 3247 3288 placens
3283 3217 3388 3272 Deo
3432 3218 3620 3289 (Eccli.
3652 3235 3787 3286 xxx,

2216 3309 2328 3382 2i).
2351 3329 2368 3361 ι
2417 3309 2474 3364 In
2514 3309 2701 3364 eodem
2732 3301 3067 3380 post'pauca
3098 3307 3246 3382 (Cap.
3271 3309 3398 3379 77):
3436 3328 3454 3360 ι
3500 3308 3614 3363 Non
3655 3324 3787 3381 ergo

2216 3416 2274 3456 se
2308 3399 2512 3464 fallant,
2554 3399 2646 3470 qui
2689 3415 2788 3471 per
2826 3399 3193 3471 eleemosynas
3235 3399 3502 3468 quaslibet
3543 3399 3786 3469 largissi~

2215 3507 2331 3547 mas
2379 3490 2649 3546 fructuum
2698 3505 2939 3556 suorum,
2978 3490 3061 3546 vel
3106 3487 3468 3560 cujuscunque
3521 3491 3784 3560 pecunias,

2215 3582 2590 3654 impunitatem
2646 3596 2704 3636 se
2753 3596 2931 3637 emere
2983 3581 3307 3645 existimant,
3375 3581 3428 3635 in
3486 3579 3784 3635 facinorum

2213 3686 2432 3727 suorum
2471 3654 2804 3725 immanitate
2841 3685 2904 3725 ac
2942 3668 3260 3742 ﬂagitiorum
3303 3671 3538 3740 nequitia
3571 3684 3784 3741 penna-

2213 3761 2414 3828 nendi;
2451 3774 2554 3818 nec
2578 3761 2754 3817 solum
2788 3762 2902 3817 haec
2948 3761 3168 3826 faciunt,
3202 3762 3294 3818 sed
3332 3764 3403 3817 ita
3443 3763 3686 3832 diligunt,
3724 3771 3784 3818 ut

2212 3853 2267 3908 in
2293 3853 2372 3908 eis
2397 3865 2608 3922 semper
2627 3859 2833 3923 optent,
2866 3861 3070 3908 tantum
3098 3855 3142 3910 si
3167 3855 3372 3924 possint
3395 3855 3631 3926 impune,
3661 3871 3780 3912 ver-

2211 3944 2339 3998 sari.
2365 3943 2468 4009 Qui
2494 3953 2667 3998 autem
2692 3944 2863 4015 diligit
2886 3946 3227 4028 iniquitatem,
3255 3946 3604 4000 oditanimam
3628 3964 3777 4001 suam

2211 4035 2380 4106 (Psal.
2405 4054 2457 4102 κ,
2480 4037 2534 4108 6)
2560 4053 2574 4105 ;
2621 4047 2675 4093 et
2711 4039 2801 4108 qui
2830 4039 2942 4094 odit
2978 4040 3208 4093 animam
3241 4054 3413 4105 suam,
3439 4056 3545 4095 non
3573 4049 3655 4093 est
3683 4041 3778 4094 mi-

2212 4130 2464 4195 sericors,
2501 4131 2592 4185 sed
2628 4132 2880 4186 crudelis.
2917 4129 3191 4202 Diligendo
3214 4147 3332 4186 eam
3365 4131 3556 4201 quippe
3585 4146 3778 4185 secun~

2209 4222 2332 4275 dum
2364 4221 2635 4287 saeculum,
2673 4223 2789 4276 odit
2826 4237 2944 4276 eam
2985 4210 3286 4277 secundum
3317 4221 3521 4276 Deum:
3574 4222 3618 4276 si
3645 4238 3778 4292 ergo

2207 4310 2368 4365 vellet
2399 4311 2448 4365 ei
2478 4311 2607 4367 dare
2650 4311 3065 4382 eleemosynam,
3118 4325 3214 4381 per
3259 4325 3421 4379 quam
3474 4311 3548 4365 illi
3593 4319 3777 4366 essent

2196 4402 2408 4456 munda
2442 4403 2644 4466 omnia,
2691 4391 2892 4458 odisset
2935 4415 3052 4456 eam
3099 4402 3393 4455 secundum
3439 4399 3691 4455 sieculum
3717 4408 3776 4456 et

547 4472 863 4528 "beremm-
903 4493 921 4526 ³
951 4474 1019 4528 Εἴ
1059 4475 1218 4545 Paulo
1259 4485 1379 4544 Ροδῐ
1418 4475 1554 4548 (εαρι
1591 4477 1665 4550 ιν)
1699 4495 1712 4531 ε
1756 4496 1775 4528 ί
1809 4479 2110 4534 Μῖεθτίοοτσ
2133 4464 2186 4524 Ῑ)
2210 4491 2458 4561 diligeret
2496 4464 2788 4548 secundum
2839 4492 3024 4547 Deum.
3049 4512 3068 4544 ›
3123 4493 3255 4547 Item
3304 4495 3444 4548 idem
3495 4493 3549 4547 in
3579 4493 3772 4547 eodem

543 4564 726 4630 dibus,
748 4565 1118 4623 misericordia
1140 4576 1392 4638 tanquam
1417 4582 1547 4623 vero
1570 4578 1624 4624 et
1647 4571 1850 4640 Optimo
1883 4572 2106 4627 consilio

541 4655 838 4723 utentibus,
866 4665 926 4710 ut
974 4658 1076 4713 hoc
1117 4659 1196 4714 eis
1239 4661 1560 4714 exhibentur
1579 4676 1609 4715 a
1637 4649 1936 4730 potentiOre
1962 4665 2104 4733 quod

543 4737 947 4801 invalidioribus
983 4748 1255 4803 exhibent.
1291 4768 1312 4801 ι
1342 4749 1637 4821 Cyprianus
1674 4751 1729 4804 in
1759 4751 2103 4821 Expositione

539 4836 802 4890 orationis
828 4835 1116 4892 Dominica:
1143 4849 1168 4878 α
1203 4851 1218 4890 :
1255 4857 1274 4888 ‹
1309 4836 1515 4907 Neque,
1545 4839 1750 4908 inquit,
1780 4841 1978 4896 mereri
2005 4842 2101 4896 Dei

543 4926 967 4982 misericordiam
1001 4927 1217 4998 poterit,
1247 4927 1338 4997 qui
1369 4927 1677 4984 misericors
1701 4929 1813 5000 ipse
1842 4943 1947 4984 non
1990 4929 2103 4985 fue-

545 5017 635 5079 rit,
661 5030 833 5085 neque
855 5016 998 5072 enim
1028 5017 1334 5086 impetrabit
1363 5032 1393 5070 a
1434 5017 1614 5072 divina
1653 5018 1853 5088 pietate
1897 5017 2100 5087 aliquid

541 5099 599 5161 in
627 5106 896 5174 precibus,
921 5105 1011 5175 qui
1042 5107 1107 5160 ad
1131 5121 1343 5175 precem
1373 5107 1622 5177 pauperis
1650 5124 1756 5163 non
1793 5107 1956 5163 fuerit
2000 5111 2100 5163 hu-

543 5211 753 5252 manus.
791 5216 810 5250 ι
838 5197 1070 5252 Isidorus
1099 5197 1152 5251 in
1180 5196 1317 5251 libro
1367 5196 1765 5252 Sententiarum
1812 5197 1951 5270 (Lib.
2001 5213 2092 5261 ιιι,

537 5304 588 5342 c.
617 5287 710 5360 64)
742 5305 755 5341 :
793 5308 814 5341 ι
846 5288 1042 5343 Verum
1071 5296 1153 5343 est
1184 5289 1324 5356 quod
1347 5297 1565 5359 peccata
1591 5290 1770 5344 omnia
1795 5291 2099 5345 misericor-

544 5379 644 5435 dia:
666 5380 917 5450 operibus
933 5388 1318 5450 expurgentur,
1344 5379 1437 5434 sed
1464 5368 1508 5434 Si
1523 5379 1634 5448 jam
1661 5389 1846 5434 caveat
1873 5396 2098 5450 peccare

538 5469 634 5538 qui
670 5471 1090 5525 misericordiam
1133 5470 1388 5539 impertit.
1422 5468 1685 5525 Caeterum
1725 5471 1867 5526 nulla
1893 5481 1977 5526 est
1999 5473 2096 5528 de-

537 5553 654 5616 licti
676 5562 850 5622 venia,
865 5561 1076 5631 quando
1099 5561 1177 5616 sic
1197 5561 1450 5631 praecedit
1480 5563 1870 5631 misericordia,
1891 5572 1951 5619 ut
1975 5580 2093 5620 eam

614 5685 638 5712 ι
680 5673 734 5726 In
771 5672 905 5730 libro
926 5675 990 5730 de
1017 5673 1188 5744 Opere
1213 5685 1264 5731 et
1288 5674 1656 5748 clcemosynis.

2209 4580 2361 4653 (Cap.
2386 4581 2474 4652 70)
2503 4600 2516 4635 :
2549 4601 2567 4634 ‹
2618 4579 2760 4636 Sane
2796 4584 3091 4641 cavendum
3129 4594 3213 4639 est
3251 4600 3317 4640 ne
3346 4584 3629 4653 quisquam
3658 4584 3776 4638 exi-

2168 4732 2172 4736 ,
2207 4673 2390 4727 stimet
2427 4671 2654 4727 nefanda
2697 4673 2788 4727 illa
2826 4674 3073 4739 crimina,
3118 4674 3293 4744 qualia
3336 4675 3426 4744 qui
3470 4682 3657 4743 agunt,
3685 4687 3779 4728 re-

2194 4779 2368 4832 gnum
2413 4762 2507 4817 Dei
2554 4777 2660 4817 non
2707 4763 3077 4833 possidebunt,
3107 4763 3346 4832 quotidie
3389 4763 3768 4832 perpetranda,

2201 4861 2257 4907 et
2283 4852 2634 4923 eleemosynis
2662 4853 2898 4922 quotidie
2927 4853 3255 4908 redimenda.
3284 4853 3339 4908 ln
3362 4852 3550 4907 melius
3571 4853 3772 4921 quippe

2202 4950 2285 4995 est
2321 4942 2430 4995 vita
2475 4942 2748 5006 mutanda,
2794 4950 2847 4997 et
2891 4957 2987 5012 per
3030 4941 3397 5014 eleemosynas
3442 4941 3509 4996 de
3530 4943 3770 5011 peccatis

2198 5031 2482 5101 praeteritis
2509 5039 2592 5086 est
2624 5032 2994 5102 propitiaudus
3027 5032 3186 5099 Deus,
3211 5047 3318 5086 non
3350 5031 3417 5086 ad
3452 5032 3555 5086 hoc
3581 5046 3769 5086 emen-

2201 5123 2301 5178 dus
2329 5125 2740 5195 quodammodo,
2768 5135 2826 5181 ut
2850 5143 3059 5198 semper
3086 5128 3244 5182 liceat
3262 5129 3480 5196 impune
3515 5125 3769 5180 commit.

2201 5222 2336 5270 tere.
2391 5216 2600 5271 Nemini
2657 5218 2798 5272 enim
2853 5219 2997 5274 dedit
3047 5219 3410 5276 laxamentum
3461 5217 3760 5288 peccandi,

2203 5306 2446 5374 quamvis
2472 5305 2774 5359 miserando
2802 5306 2973 5360 deleat
2997 5304 3108 5373 jam
3143 5306 3282 5360 facta
3316 5313 3555 5375 peccata,
3584 5304 3630 5358 si
3653 5318 3760 5358 non

2201 5393 2496 5450 satisfactio
2519 5410 2750 5466 congrua
2779 5395 3091 5468 negligatur.
3121 5415 3137 5445 ι
3169 5395 3234 5448 Ει
3258 5403 3378 5464 post
3410 5408 3577 5463 pauca
3604 5391 3756 5462 (Cap.

2199 5486 2258 5540 7|
2287 5496 2332 5538 et
2362 5485 2450 5554 72)
2475 5503 2487 5538 :
2531 5503 2548 5535 ‹
2579 5485 2923 5555 Eleemosyna
2954 5493 3056 5549 est,
3088 5485 3282 5554 inquit,
3312 5485 3520 5539 veniam
3556 5479 3760 5552 petenti

2201 5577 2492 5647 ignoscere.
2527 5573 2603 5629 Ac
2634 5590 2727 5645 per
2751 5575 2849 5628 hoc
2895 5573 2961 5627 ad
3006 5575 3184 5627 omnia
3229 5589 3347 5644 qua:
3395 5570 3512 5627 utiii
3539 5570 3749 5626 misen-
