4030 6190
570 351 678 409 235

1625 354 1818 413 JONAI
1854 352 2401 414 AURELIANENSIS
2438 357 2741 416 EPISCOPI

3690 362 3799 416 256

574 469 675 525 hoc
694 463 846 528 dixit,
877 464 972 519 sed
993 454 1104 517 ait:
1137 461 1349 524 Εσπετίνί
1381 471 1536 534 enim,
1561 471 1615 525 et'
1646 487 1746 524 non
1769 444 1983 525 dedistis
2011 470 2137 524 mihi
2165 444 2389 531 Α’Βεαιί
2412 473 2546 525 servi
2582 471 2682 538 illi,
2710 489 2837 542 quos
2865 489 2980 526 cum
3021 471 3210 529 venerit
3243 473 3511 534 Dominus,
3557 473 3802 529 invenerit

572 558 886 615 manducare
921 548 1137 632 (Matth.
1163 577 1288 625 xxv,
1314 560 1424 632 35).
1456 560 1569 615 Non
1597 560 1731 615 dixit
1756 579 1769 613 :
1813 560 2079 615 Discedite
2107 576 2140 615 a

572 664 659 708 me
678 649 803 723 quia
824 667 912 707 res
935 652 1138 706 alienas
1160 651 1377 716 tulistis,
1404 652 1544 722 quod
1570 653 1739 722 magis
1764 652 2002 721 iniquum
2022 660 2138 718 est;

572 744 664 797 sed
705 743 801 806 ait,
835 742 959 812 quia
991 742 1057 797 de
1098 741 1399 796 substantia
1442 749 1621 795 vestra
1668 741 1993 811 pauperibus
2032 756 2141 797 non

570 833 810 888 dedistis.
842 831 956 886 Non
986 832 1111 903 quia
1137 830 1275 886 mala
1302 846 1464 901 opera
1486 829 1709 895 fecistis,
1736 831 1828 885 sed
1849 832 1977 901 quia
1999 832 2141 886 bona

571 923 749 978 facere
775 923 1038 977 noluistis.
1067 923 1136 976 At
1158 923 1297 977 sicut
1323 921 1442 976 illos
1464 922 1552 992 qui
1578 922 1631 976 in
1651 922 1839 977 dextra
1860 930 2006 988 sunt,
2029 923 2140 978 sola

572 1017 936 1072 misericordia
965 1017 1250 1082 liberabit;
1301 1018 1375 1072 ita
1421 1024 1478 1073 et
1519 1016 1637 1072 illos
1680 1016 1772 1086 qui
1819 1016 1872 1070 in
1923 1014 2141 1071 sinistra

570 1121 712 1177 sunt,
734 1111 845 1166 sola
876 1112 1084 1165 tenacia
1107 1110 1504 1167 condemnabit.
1534 1109 1592 1164 In
1617 1110 1716 1165 ista
1755 1109 1898 1164 enim
1926 1116 2136 1162 senten-

572 1203 643 1257 tia
666 1200 899 1265 DOmini,
921 1219 1027 1273 qua
1056 1203 1214 1269 dixit,
1234 1206 1360 1273 quia
1381 1204 1473 1273 qui
1499 1203 1825 1258 esurientem
1847 1216 1951 1256 non
1971 1200 2139 1270 pavit,

568 1301 626 1348 et
652 1292 852 1348 nudum
887 1308 993 1347 non
1021 1294 1253 1358 vestivit,
1301 1295 1544 1349 mittetur
1573 1293 1628 1347 in
1657 1294 1834 1363 ignem
1859 1299 2140 1357 aeternum,

569 1394 854 1453 possumus
900 1382 1174 1439 evidenter
1218 1397 1528 1455 agnoscere,
1578 1381 1794 1447 fratres,
1839 1380 1985 1451 quali
2032 1388 2144 1435 tor-

569 1482 750 1529 mento
776 1473 861 1529 vel
887 1472 1029 1542 quali
1061 1488 1221 1544 paena
1260 1474 1544 1530 damnandi
1592 1479 1717 1537 sunt
1761 1473 1835 1529 illi
1873 1471 1963 1543 qui
2002 1473 2143 1528 mala

568 1561 792 1627 faciunt,
818 1564 1030 1632 quando
1056 1563 1131 1617 illi
1156 1563 1212 1617 in
1239 1564 1415 1634 ignem
1447 1564 1733 1618 mittuntur
1754 1564 1847 1634 qui
1872 1566 2010 1620 bona
2036 1579 2143 1619 non

572 1651 797 1707 faciunt.
828 1651 886 1706 Si
911 1652 1055 1707 enim
1077 1668 1198 1708 cum
1226 1653 1441 1710 diabolo
1465 1654 1874 1719 condemnatur,
1902 1655 1993 1726 qui
2014 1671 2146 1726 pau-

573 1742 795 1812 pcribus
819 1758 928 1798 non
969 1742 1115 1798 dedit
1139 1749 1332 1813 panem
1369 1756 1545 1809 suum,
1578 1743 1668 1798 ubi
1697 1744 2035 1802 damnandus
2061 1754 2147 1802 est

2241 562 2510 633 vigilantes
2539 563 2688 637 (Luc.
2727 581 2824 630 xu,
2865 566 2988 635 57);
3039 573 3094 620 et
3125 566 3369 634 accipere
3401 579 3706 620 mereamur
3734 564 3805 620 il-

2240 650 2331 708 lud
2354 655 2497 724 quod
2522 656 2765 726 sequitur
2788 674 2801 710 :
2842 654 2964 710 Vere
2986 656 3102 710 dico
3124 655 3284 719 vobis,
3306 656 3429 725 quia
3450 672 3603 726 super
3627 659 3809 711 omnia

2241 743 2375 799 bona
2399 762 2497 799 sua
2537 747 2806 800 constituet
2836 763 2952 800 eum
2983 744 3145 818 (Ibid.
3180 764 3226 800 υ.
3256 746 3367 815 44).
3413 745 3566 813 Quod
3594 762 3725 802 vero
3751 748 3810 803 in

2228 834 2490 890 omnibus
2531 836 2740 891 actibus
2793 836 2994 891 nostris
3040 835 3469 891 novissimorum‘
3496 846 3811 891 nostronim

2240 940 2507 981 memores
2549 941 2670 981 esse
2710 925 3021 990 debeamus,
3067 933 3394 994 protestatur
3436 923 3687 979 Salomon
3721 927 3811 980 di-

2240 1029 2404 1070 cens:
2435 1013 2502 1068 In
2528 1015 2762 1070 omnibus
2805 1015 3039 1085 operibus
3067 1016 3170 1069 tuis
3203 1032 3487 1073 memorare
3531 1017 3816 1072 novissima

2240 1114 2351 1170 tua,
2378 1114 2427 1159 et
2454 1106 2510 1160 in
2537 1116 2788 1161 aeternum
2813 1123 2914 1160 non
2938 1106 3170 1177 peccabis
3209 1104 3397 1187 (Eccli.
3427 1121 3526 1170 vu,
3549 1104 3665 1175 40).

2310 1201 2380 1255 Ει
2405 1201 2660 1256 Dominus
2710 1201 2764 1256 in
2806 1199 3129 1270 Evangelia:
3195 1198 3418 1269 Vigilate
3464 1200 3659 1270 itaque,
3686 1216 3818 1270 quia

2240 1291 2445 1345 nescitis
2474 1291 2611 1345 diem
2651 1306 2812 1362 neque
2854 1291 3034 1344 horam
3092 1287 3305 1358 (Matth.
3347 1304 3475 1351 xxv.
3517 1289 3623 1359 15).
3656 1288 3818 1355 Quod

2240 1382 2432 1438 beatus
2457 1381 2748 1453 Gregorius
2773 1365 2829 1436 ib
2857 1380 3093 1437 bomiliis
3113 1380 3223 1435 suis
3248 1380 3320 1435 ita
3342 1381 3565 1449 exponit
3583 1378 3814 1450 (ﬂomil.

2243 1471 2365 1544 12):
2404 1492 2423 1524 ι
2459 1471 2615 1540 Quia,
2646 1472 2838 1542 inquit,
2867 1480 2989 1543 post
3011 1481 3229 1545 peccata
3264 1470 3522 1525 Dominus
3542 1471 3816 1540 paeniten-

2242 1563 2370 1617 tiam
2409 1563 2652 1633 suscipit,
2692 1564 2737 1618 si
2779 1563 2940 1618 sciret
2970 1563 3196 1632 quisque
3223 1563 3288 1618 de
3333 1562 3583 1632 praesenti
3614 1563 3817 1617 saeculo

2243 1665 2351 1721 quo
2373 1660 2614 1723 tempore
2633 1652 2822 1718 exiret,
2847 1652 2989 1707 aliud
3016 1660 3223 1722 tempus
3249 1652 3631 1723 voluptatibus,
3652 1660 3819 1723 atque

2246 1741 2388 1796 aliud
2414 1742 2743 1811 paenitentiae
2768 1751 2955 1813 aptare
2974 1744 3254 1813 potuisset,
3280 1743 3373 1799 sed
3407 1743 3498 1814 qui
3525 1742 3815 1814 ptenitcnti

569 1832 770 1903 ille/qui
799 1832 920 1888 tulit
943 1832 1213 1888 alienum?
1252 1833 1297 1889 si
1338 1833 1392 1888 in
1428 1834 1604 1905 ignem
1635 1834 1885 1900 mittitur,
1922 1836 2014 1905 qui
2042 1852 2142 1890 nu-
2171 1818 2218 1878 Β
2243 1834 2456 1888 veniam
2484 1834 2714 1903 spondit,
2758 1834 3005 1905 peccanti
3054 1835 3193 1890 diem
3223 1834 3513 1889 crastinum
3558 1851 3667 1890 non
3692 1852 3822 1906 pro-

569 1922 695 1978 dum
721 1939 828 1979 non
857 1923 1089 1989 vestivit,
1133 1932 1291 1994 putas
1314 1924 1405 1980 ubi
1452 1924 1784 1983 damnandus
1809 1933 1893 1980 est
1916 1925 2004 1982 ille
2052 1926 2145 1996 qui

568 2013 931 2084 exspoliavit?
956 2032 976 2065 ι
1230 2040 1241 2053 ο
2030 1996 2039 2007 ’

640 2102 930 2176 Gregorius
974 2105 1028 2160 in
1058 2104 1277 2161 homilia
1309 2105 1374 2161 de
1415 2105 1582 2160 divite
1610 2112 1664 2160 et
1700 2103 1944 2160 Lazaro:
1976 2124 1994 2157 ‹
2027 2103 2145 2160 Non

571 2194 716 2249 enim
739 2196 936 2251 dicitur
962 2196 1103 2265 quod
1132 2196 1283 2252 dives
1306 2197 1611 2267 quempiam
1646 2196 1698 2250 vi
1735 2197 2026 2267 oppressit,
2052 2197 2147 2252 sed

570 2285 697 2355 quia
733 2286 787 2340 in
814 2287 1048 2357 acceptis
1071 2287 1233 2341 rebus
1261 2301 1318 2341 se
1342 2286 1551 2355 extulit.
1584 2286 1723 2342 Hinc
1749 2301 1880 2365 ergo
1907 2302 2147 2342 summo-

577 2389 708 2446 pere
730 2374 1085 2445 colligendum
1117 2384 1199 2431 est
1227 2391 1333 2447 qua
1374 2390 1534 2447 poena
1569 2377 1906 2434 mulctandus
1947 2378 2018 2434 sit
2053 2377 2145 2449 qui

572 2466 747 2522 aliena
775 2466 979 2538 diripit,
1028 2468 1074 2523 si
1102 2467 1300 2524 inferni
1353 2450 1695 2525 damnatione
1726 2472 2023 2540 percutitur
2054 2472 2147 2543 qui

570 2558 786 2629 propria
810 2573 913 2613 non
937 2558 1180 2630 largitur.
1208 2558 1376 2616 Nemo
1396 2560 1578 2631 itaque
1603 2577 1852 2618 securum
1875 2577 1934 2618 se
1962 2563 2147 2619 existi-

572 2660 701 2717 met,
731 2651 949 2708 dicens:
978 2653 1117 2737 Ecce
1159 2653 1332 2710 aliena
1377 2670 1482 2710 non
1515 2655 1688 2725 rapio,
1739 2657 1834 2712 sed
1878 2659 2147 2714 concessis

574 2736 720 2795 licite
748 2741 910 2798 rebus
929 2740 1111 2809 fruor;
1141 2743 1267 2813 quia
1298 2742 1450 2798 dives
1472 2743 1573 2800 iste
1598 2761 1704 2800 non
1748 2746 1950 2802 idcirco
1984 2748 2143 2818 puni-

579 2838 665 2887 tus
698 2840 801 2896 est,
839 2833 1092 2902 quoniam
1137 2833 1311 2888 aliena
1346 2833 1589 2899 abstulit,
1617 2837 1711 2891 sed
1754 2837 1879 2906 quia
1908 2837 1961 2891 in
1993 2852 2147 2894 acce-

571 2920 676 2991 ptis
711 2921 869 2978 rebus
895 2923 1238 2993 semetipsum
1265 2924 1403 2979 male
1438 2925 1745 2996 dereliquit.
1800 2927 2020 2999 Hocque
2048 2929 2147 2986 fuit

573 3013 718 3081 quod
744 3013 886 3068 hunc
911 3013 965 3068 in
1012 3013 1222 3069 inferno
1266 3014 1506 3081 tradidit,
1537 3017 1627 3086 qui
1661 3004 1723 3085 in
1753 3033 1849 3073 sua
1890 3018 2147 3075 felicitate

575 3099 793 3156 timidus
818 3117 924 3156 non
956 3101 1093 3168 fuit;
1141 3103 1266 3173 quia
1301 3113 1550 3174 percepta
1592 3108 1729 3162 dona
1754 3108 1822 3163 ad
1866 3125 2022 3164 nsum
2051 3125 2142 3164 ar-

574 3189 831 3259 rogantia:
855 3167 1085 3257 inflexit,
1097 3167 1222 3261 quia
1241 3167 1447 3249 viscera
1460 3167 1685 3265 pietatis
1706 3197 1991 3268 ignoravit,
2004 3200 2141 3276 quia
2167 3167 2213 3229 ρ

577 3287 794 3348 peccata
825 3295 920 3335 sua
967 3281 1253 3349 redimere,
1304 3284 1467 3339 etiam
1494 3276 1644 3341 dum
1694 3277 1801 3343 sibi
1846 3288 2145 3346 abundaret

573 3372 825 3442 pretium,
854 3370 1044 3427 noluit.
1067 3391 1086 3425 ι

645 3454 845 3519 Vitium
868 3479 997 3535 ergo
1027 3467 1330 3523 tenacitatis
1356 3482 1519 3540 quam
1545 3468 1615 3524 sit
1635 3468 1944 3540 pestiferum
1967 3479 2023 3527 et
2050 3471 2143 3528 de-

575 3555 820 3611 testabile
843 3564 1086 3626 patenter
1106 3556 1366 3625 inanitur,
1395 3560 1535 3629 quod
1567 3559 1723 3614 valde
1750 3562 1997 3617 omnibus
2020 3578 2142 3618 cono

574 3644 721 3699 venit
749 3632 994 3701 fidelibus
1018 3659 1231 3711 cavere,
1254 3662 1340 3713 ne,
1365 3647 1507 3717 quod
1531 3647 1690 3715 absit,
1718 3648 1848 3705 illud
1874 3658 2142 3713 sectantes

573 3743 815 3790 autcum
857 3736 1021 3792 divite
1066 3753 1161 3793 sua
1202 3739 1465 3794 tenaciter
1510 3742 1801 3798 recondere
1848 3743 2139 3815 cogitante,

574 3825 817 3882 stultitiae
843 3826 1015 3899 elogio
1044 3827 1306 3895 denotari,
1337 3838 1429 3884 aut
1467 3845 1588 3885 cum
1634 3830 1805 3887 altero
1841 3832 2025 3900 divite,
2050 3837 2141 3905 qui

569 3919 746 3973 aliena
770 3932 877 3974 non
901 3919 1095 3990 rapuit,
1119 3920 1215 3976 sed
1239 3936 1335 3975 sua
1360 3935 1583 3991 erogare
1607 3921 1859 3992 neglexit,
1896 3924 2141 3981 damnari

572 4011 869 4081 contingat.
922 4006 1184 4066 Tribnant
1215 4026 1344 4083 ergo
1377 4013 1620 4083 pauperi,
1672 4013 1718 4069 si
1760 4012 1948 4068 nolunt
1990 4011 2142 4069 flam-

572 4102 677 4157 mis
706 4101 897 4169 exuri;
928 4102 1060 4158 dent
1085 4102 1140 4158 in
1168 4110 1309 4159 terra
1334 4101 1569 4171 Christo,
1595 4104 1739 4175 quod
1774 4104 1854 4161 eis
1881 4105 2068 4161 reddat
2085 4106 2141 4161 in

569 4193 730 4250 cmlo.

1162 4284 1387 4343 CAPUT
1421 4287 1537 4342 XII.

644 4376 797 4442 Quod
829 4393 968 4431 mors
995 4385 1114 4430 ante
1153 4376 1330 4431 oculos
1363 4394 1561 4448 semper
1600 4380 1664 4434 sit
1689 4381 2066 4435 constituenda.

643 4468 743 4535 Qui
770 4467 1008 4521 ultimam
1037 4466 1161 4521 vitae
1194 4481 1306 4521 suae
1349 4468 1563 4533 horam,
1599 4482 1703 4538 qua
1750 4484 1817 4523 ex
1847 4470 1949 4524 hoc
1992 4469 2137 4524 luteo

571 4555 878 4612 babitacnlo
903 4555 1216 4611 eximendus
1257 4564 1359 4620 est,
1387 4563 1510 4610 ante
1548 4556 1733 4611 oculos
1775 4557 1945 4626 ponit,
1973 4572 2136 4627 seque

570 4662 669 4704 vas
706 4646 909 4716 fragile,
939 4646 1151 4717 citoque
1175 4647 1575 4709 conterendnm,
1601 4654 1657 4702 et
1679 4648 1731 4701 in
1753 4647 1971 4717 pulvere
1996 4650 2136 4704 redi-

570 4738 802 4812 gendum
841 4745 1051 4809 gestare
1092 4737 1353 4801 meminit,
1407 4752 1698 4808 poenasque
1732 4737 2034 4806 impiorum,
2081 4746 2136 4794 et

571 4830 797 4904 gloriam
825 4837 1155 4895 sanctorum,
1193 4827 1376 4884 sedula
1404 4828 1752 4883 meditatione
1794 4835 2012 4894 tractat,
2043 4836 2137 4883 aut

2246 1924 2412 1978 misit.
2462 1922 2686 1993 Semper
2728 1938 2856 1994 ergo
2904 1924 3044 1980 diem
3094 1934 3395 1980 extremum
3424 1924 3680 1981 debemus
3707 1942 3824 1981 me-

2245 2020 2418 2073 tuere,
2467 2025 2627 2081 quem
2679 2026 2950 2081 nunquam
2996 2027 3279 2091 possumus
3307 2013 3621 2084 praevidere.
3672 2015 3823 2071 Ecce
3856 2024 3872 2040 '

2245 2119 2389 2163 nunc
2441 2100 2619 2174 ipsurn'
2650 2103 2814 2169 diem,
2870 2103 2926 2159 in
2969 2119 3076 2173 quo
3113 2103 3404 2174 loquimur,
3454 2105 3520 2159 ad
3573 2106 3822 2163 inducias

2245 2195 2614 2252 conversionis
2635 2196 2943 2260 accipimus,
2978 2204 3032 2252 et
3062 2204 3240 2251 tamen
3262 2196 3400 2251 mala
3421 2213 3542 2267 quae
3564 2197 3819 2266 fecimus,

2247 2285 2379 2341 flere
2409 2300 2736 2341 recusamus.
2787 2284 2895 2340 Nos
2939 2285 3137 2342 omissa
3168 2301 3274 2341 non
3301 2287 3476 2342 solum
3521 2303 3627 2342 non
3655 2287 3817 2359 plan-

2247 2375 2441 2446 gimus,
2474 2375 2567 2430 sed
2595 2370 2758 2430 etiam
2802 2390 2923 2445 quas
2963 2376 3279 2443 debeantur,
3328 2392 3603 2459 augemus.
3662 2379 3737 2433 At
3774 2379 3824 2434 si

2244 2464 2421 2533 aliqua
2457 2479 2556 2520 nos
2580 2464 2848 2536 aegritudo
2891 2465 3163 2535 corripiat,
3210 2465 3256 2520 si
3295 2466 3444 2537 signa
3487 2466 3825 2536 aegritudinis

2244 2553 2475 2610 vicinam
2503 2563 2731 2609 mortem
2772 2554 3108 2631 denuntient,
3147 2555 3390 2612 inducias
3433 2557 3650 2611 vivendi
3674 2573 3827 2626 quae-

2246 2644 2434 2713 rimus,
2460 2653 2518 2700 ut
2540 2654 2757 2716 peccata
2782 2657 2968 2702 nostra
2999 2646 3307 2715 defleamus,
3338 2658 3392 2705 et
3422 2664 3513 2705 eas
3540 2664 3663 2705 cum
3706 2666 3826 2706 ma-

2246 2753 2350 2810 gno
2374 2746 2507 2792 testu
2532 2738 2784 2794 desiderii
2821 2739 3075 2808 petimus,
3103 2754 3234 2810 quas
3257 2750 3507 2811 acceptas
3528 2743 3687 2797 modo
3718 2758 3822 2813 pro

2244 2828 2711 2884 nihilo‘habemus.
2743 2848 2760 2879 ι
2790 2829 2856 2883 Ει
2876 2831 2993 2900 post
3026 2846 3184 2900 paulo
3207 2850 3220 2885 :
3243 2851 3260 2882 ι
3294 2830 3403 2890 Nos
3423 2847 3573 2902 ergo,
3594 2832 3819 2902 fratres,

2245 2934 2345 2974 nos
2368 2918 2593 2973 sollicite
2619 2919 2722 2974 ista
2748 2919 3062 2989 cogitemus,
3088 2935 3156 2974 ne
3182 2921 3410 2975 nobisin
3433 2937 3659 2976 vacuum
3688 2930 3822 2978 tem-

2243 3024 2373 3081 pora
2402 3021 2646 3080 pereant,
2694 3020 2750 3068 et
2787 3020 2916 3067 tunc
2944 3025 3247 3082 quaeramus
3291 3014 3359 3069 ad
3391 3015 3528 3069 bene
3553 3014 3820 3085 agendum

2243 3101 2447 3166 vivere,
2479 3116 2600 3156 cum
2622 3100 2734 3170 jam
2775 3101 3147 3171 compellimur
3175 3102 3240 3156 de
3268 3116 3492 3172 corpore
3512 3103 3681 3159 exire.
3711 3104 3822 3160 Me-

2243 3196 2479 3248 mentote
2507 3192 2634 3263 quid
2662 3192 2871 3247 Veritas
2895 3193 3039 3247 dicat
3082 3211 3094 3248 :
3130 3191 3289 3248 Orate
3336 3211 3398 3248 ne
3445 3195 3539 3263 ﬁat
3564 3195 3691 3266 fuga
3720 3210 3820 3252 ee-

2241 3291 2350 3335 stra
2378 3280 2543 3335 hieme
2569 3279 2645 3335 vel
2688 3280 2901 3335 sabbato
2949 3274 3161 3353 (Matth.
3202 3296 3347 3347 xxrv,
3377 3281 3489 3353 '20).
3534 3282 3639 3338 Per
3686 3283 3821 3354 legis

2241 3371 2436 3441 quippe
2456 3371 2767 3440 mandatum
2797 3370 3072 3426 ambulare
3100 3370 3310 3442 longius
3354 3372 3408 3426 in
3450 3372 3672 3428 sabbato
3709 3389 3818 3429 non

2240 3458 2384 3515 licet.
2429 3448 2614 3515 Hiems
2658 3460 2855 3531 quippe
2905 3460 2974 3515 ad
3000 3459 3382 3516 ambulandum
3428 3462 3818 3532 impedimento

2239 3561 2344 3619 est,
2374 3553 2499 3624 quia
2521 3568 2737 3624 gressus
2763 3553 3149 3609 ambulantium
3176 3561 3360 3625 torpor
3384 3552 3599 3625 frigoris
3620 3556 3813 3611 astrin-

2241 3644 2336 3715 git.
2366 3644 2456 3699 Ait
2474 3659 2623 3716 ergo,
2659 3641 2816 3699 Orate
2836 3660 2899 3698 ne
2939 3644 3034 3714 ﬁat
3064 3644 3189 3715 fuga
3215 3654 3384 3700 vestra
3409 3644 3575 3700 hieme
3602 3645 3680 3700 vel
3699 3645 3822 3700 sab-

2241 3740 2383 3792 bato.
2408 3735 2488 3792 Ac
2531 3736 2578 3792 si
2608 3744 2795 3807 aperte
2838 3736 3019 3792 dicat:
3052 3735 3242 3792 Videte
3270 3752 3339 3792 ne
3385 3745 3513 3792 tunc
3558 3739 3819 3807 quaeratis

2241 3836 2460 3898 peccata
2486 3836 2664 3883 vestra
2689 3826 2892 3900 fugere,
2933 3829 3149 3899 quando
3179 3828 3294 3898 jam
3332 3844 3438 3883 non
3467 3827 3596 3885 licet
3626 3831 3811 3886 ambu-

2242 3917 2372 3973 lare.
2399 3917 2532 3974 lllnd
2556 3933 2686 3989 ergo
2723 3927 2934 3988 tempus
2973 3933 3081 3988 quo
3113 3917 3297 3990 fugere
3336 3934 3442 3974 non
3474 3919 3620 3985 licet,
3648 3921 3808 3976 modo

2240 4011 2400 4066 debet
2422 4009 2647 4081 cogitari
2686 4009 2814 4065 dum
2840 4009 2987 4066 licet.
3029 4009 3125 4065 illa
3154 4010 3288 4065 hora
3311 4021 3395 4066 est
3433 4012 3607 4071 nostri
3639 4012 3817 4069 exitus

2241 4116 2453 4171 semper
2481 4100 2777 4166 intuenda;
2809 4101 2911 4157 ista
2939 4100 3312 4172 Redemptoris
3358 4102 3652 4157 admonitio
3670 4105 3817 4159 ‘ante

2242 4192 2437 4247 mentis
2470 4190 2655 4246 oculos
2698 4205 2911 4261 semper
2951 4191 3217 4260 ponenda,
3266 4192 3357 4260 qui
3404 4191 3480 4246 ait
3517 4209 3531 4244 :
3593 4189 3817 4263 νερειαια

2241 4284 2435 4354 itaque,
2472 4283 2597 4354 quia
2639 4282 2843 4336 nescitis
2887 4282 3024 4335 diem
3050 4299 3212 4354 neque
3253 4282 3435 4355 horam
3478 4281 3642 4354 (Ibid.
3669 4298 3803 4349 xxv,

2241 4371 2352 4440 15).
2377 4390 2395 4423 ι
2427 4371 2556 4427 Item
2584 4370 2724 4427 idem
2754 4370 2977 4442 (Homil.
3010 4369 3096 4440 15)
3121 4388 3134 4424 :
3167 4390 3184 4423 ι
3212 4370 3413 4426 Horam
3442 4387 3594 4437 vero,
3615 4372 3835 4443 inquit,

2238 4461 2480 4516 ultimam
2503 4463 2759 4518 Dominus
2783 4472 2965 4517 noster
2984 4462 3183 4517 idcirco
3210 4462 3363 4517 nobis
3398 4463 3566 4519 voluit
3593 4480 3713 4520 esse
3734 4466 3819 4521 iu-

2236 4553 2522 4623 cognitam,
2547 4561 2607 4607 ut
2619 4568 2830 4622 semper
2843 4553 3009 4622 possit
3034 4567 3153 4608 esse
3165 4562 3429 4619 suspecta,
3451 4562 3510 4608 ut
3528 4555 3653 4610 dum
3670 4555 3817 4611 illam

2230 4644 2524 4715 przevidere
2547 4659 2654 4699 non
2676 4659 2981 4714 possumus,
3008 4644 3075 4699 ad
3100 4644 3245 4699 illam
3274 4645 3390 4701 sine
3418 4646 3821 4704 intermissione

2229 4748 2607 4805 praeparemur.
2634 4732 2885 4799 Proinde,
2909 4732 3102 4790 fratres
3124 4736 3250 4800 mei,
3276 4735 3329 4789 in
3351 4734 3657 4790 conditione
3671 4752 3820 4791 mor-

2232 4825 2455 4881 talitatis
2472 4833 2662 4880 vestrze
2676 4826 2872 4881 mentis
2888 4824 3070 4882 oculos
3090 4827 3256 4897 ﬁgite,
3269 4826 3504 4881 venienti
3519 4832 3619 4881 vos
3641 4826 3816 4897 iudici

571 4926 659 4982 vix
681 4933 772 4981 aut
798 4940 922 4981 raro
948 4932 1153 4996 peccat.
1192 4924 1327 4993 Quia
1351 4938 1478 4996 ergo
1502 4939 1600 4980 nos
1638 4926 1847 4990 horum,
1889 4934 1949 4980 ut
1976 4922 2135 4996 opor-
2228 4933 2330 4991 per
2347 4916 2502 4972 ﬂetus
2514 4917 2751 4987 quotidie
2764 4925 2820 4972 et
2843 4918 3077 4973 lamenta
3099 4926 3413 4989 praeparate.
3439 4917 3504 4971 Et
3524 4932 3646 4972 cum
3667 4928 3820 4973 certa

572 5025 669 5083 tet,
699 5031 804 5072 non
834 5013 1247 5082 reminiscimur,
1274 5015 1474 5071 idcirco
1510 5015 1562 5070 in
1590 5016 1753 5070 multa
1780 5015 2132 5072 offensionum

572 5109 799 5180 abrupta
823 5107 1074 5163 labimur.
1106 5107 1330 5163 Paratos
1367 5107 1545 5162 autem
1577 5123 1673 5163 nos
1716 5123 1834 5163 esse
1863 5108 2057 5164 debere
2078 5109 2133 5165 in

570 5214 855 5256 occursum
887 5198 1118 5263 Domini,
1147 5198 1426 5267 utriusque
1454 5197 1780 5253 Testamenti
1810 5199 2016 5269 paginae
2048 5214 2138 5255 co-

569 5289 874 5359 piosissime
911 5289 1196 5344 instruunt.
1242 5286 1464 5358 Oportet
1494 5303 1621 5357 ergo
1669 5296 1728 5342 nt
1766 5295 1844 5342 tot
1871 5289 2139 5360 tantisque

573 5379 941 5435 saluberrimis
980 5366 1432 5435 admonitionibus
1477 5386 1533 5434 et
1561 5379 2027 5434 exhortationibus
2047 5380 2142 5436 ob-

578 5475 959 5537 temperantes,
1004 5475 1233 5522 mortem
1280 5466 1519 5536 quotidie
1558 5476 1684 5522 ante
1720 5467 1904 5524 oculos
1931 5476 2143 5525 nostros

576 5557 965 5613 constituamus
994 5598 1010 5619 ,
1055 5556 1294 5627 talesque
1335 5571 1435 5611 nos
1478 5572 1862 5627 praeparemus,
1912 5566 1974 5611 ut
2019 5573 2141 5613 cum

581 5643 836 5703 Dominus
882 5651 1114 5714 venerit,
1155 5659 1210 5704 et
1254 5647 1566 5718 pulsaverit,
1609 5647 1891 5704 confestim
1921 5648 1970 5703 ei
2014 5664 2143 5717 ape-

582 5738 805 5804 riamus,
835 5751 890 5795 et
934 5740 1217 5810 impleatur
1259 5740 1314 5795 in
1354 5739 1506 5795 nobis
1549 5737 1676 5794 illud
1723 5738 2140 5810 Evangelicum:

2236 5023 2382 5064 mors
2393 5009 2613 5063 maneat
2623 5009 2890 5073 omnibus,
2903 5007 3067 5065 nolite
3086 5011 3152 5064 de
3175 5008 3479 5078 temporalis
3499 5007 3621 5063 vita:
3640 5008 3821 5079 provi-

2236 5097 2416 5153 dentia
2454 5097 2657 5154 incerta
2684 5097 2938 5168 cogitare.
2962 5097 3323 5171 Terrenarnm
3345 5113 3525 5152 rerum
3554 5112 3651 5151 vos
3683 5112 3818 5152 cura

2238 5204 2344 5244 non
2356 5197 2609 5260 aggravet
2623 5204 2637 5253 ;
2651 5188 2995 5257 quantislihet
3008 5188 3150 5243 enim
3167 5187 3371 5258 argenti
3384 5197 3438 5242 et
3449 5188 3564 5241 auri
3586 5186 3817 5241 molibus

2240 5280 2600 5335 circumdetur
2620 5294 2637 5344 ;
2659 5277 2986 5347 quibuslibet
3005 5278 3256 5345 pretiosis
3286 5276 3520 5332 vestibus
3559 5277 3818 5349 induatur

2246 5391 2413 5441 caro;
2445 5374 2572 5445 quid
2597 5382 2682 5429 est
2708 5373 2851 5428 aliud
2883 5388 3046 5443 quam
3066 5388 3193 5427 caro
3214 5372 3240 5426 ?
3266 5371 3441 5427 Nolite
3477 5387 3606 5441 ergo
3634 5378 3817 5427 atten-

2247 5464 2397 5529 dere,
2420 5463 2549 5534 quid
2569 5463 2797 5525 habetis,
2823 5461 2917 5516 sed
2943 5461 3071 5531 quid
3094 5461 3245 5517 estis.
3281 5461 3454 5516 Vultis
3480 5460 3667 5515 audire
3684 5460 3817 5530 quid

2248 5558 2421 5612 estis?
2448 5553 2710 5625 Propheta
2740 5552 2941 5607 indicat
2979 5552 3196 5606 dicens:
3236 5549 3365 5607 Vere
3412 5552 3588 5622 fenum
3613 5560 3688 5605 est
3714 5565 3811 5620 po.

2248 5646 2401 5717 putus
2429 5644 2562 5718 (lsa.
2593 5660 2684 5702 xc.
2703 5642 2758 5712 7)
2783 5659 2798 5707 ;
2828 5643 2873 5696 si
2916 5641 3061 5695 enim
3090 5641 3270 5696 fenum
3311 5641 3535 5712 populus
3561 5656 3669 5695 non
3706 5648 3816 5702 est,

2250 5738 2341 5805 ubi
2367 5745 2491 5791 sunt
2520 5735 2593 5789 illi
2641 5735 2730 5803 qui
2759 5751 2819 5788 ea
2875 5748 2992 5804 qua:
3042 5732 3198 5789 hodie
3240 5722 3467 5788 colimus
3511 5731 3813 5801 vobiscum,
