4030 6190
212 319 320 376 957

1175 320 1264 376 DE
1297 318 1782 378 lNSTlTUTlONE
1816 319 2107 375 LAICALI.
2146 351 2215 362 —
2252 319 2377 376 LIB.
2418 319 2501 375 Ill.

3345 318 3451 378 εδει

213 444 497 492 transacto
514 448 658 489 anno
686 435 859 489 heatre
878 433 1170 489 Felicitatis
1210 434 1452 490 natalitia
1494 416 1792 491 celebrave-
1817 450 1864 502 Α
1881 433 2045 488 sione
2073 433 2415 504 damnentur.
2445 430 2642 485 Locata
2671 440 2753 488 est
2782 439 2964 487 autem
3005 430 3162 487 nobis
3190 430 3365 496 vinea,
3396 442 3457 489 et

208 530 386 585 runt?
411 526 457 583 Ο
489 535 691 597 quanta
716 535 766 581 et
814 526 995 596 qz~alia
1045 527 1110 580 de
1136 527 1420 595 praesentis
1460 527 1584 581 vitae
1613 528 1792 596 provi-

208 622 398 678 dentia
437 619 784 691 cogitabantl
832 618 926 673 sed
974 619 1307 688 subripiente
1337 619 1526 673 mortis
1562 619 1790 674 articulo

207 725 441 787 repente
458 714 514 769 in
537 714 645 778 his,
668 728 789 782 qua:
806 712 1090 782 providere
1109 711 1382 771 nolebant.
1410 713 1613 769 inventi
1636 723 1790 781 sunt;

209 816 267 861 et
289 814 489 862 cuncta
518 804 678 859 simul
710 801 1037 872 temporalia,
1089 817 1209 872 quae
1236 810 1463 859 tractata
1502 805 1654 872 quasi
1682 812 1795 859 sta-

209 896 392 951 bilitcr
413 894 615 948 habere
645 892 982 955 videbantur,
1020 891 1335 947 amiserunt.
1373 891 1430 948 Si
1469 908 1598 964 ergo
1621 901 1809 961 traus~,
1842 902 1853 909 ‘

214 997 334 1042 acta
378 984 667 1039 multitudo
686 982 900 1052 generis
921 983 1140 1038 humani
1160 998 1256 1055 per
1278 983 1612 1039 nativitatem
1634 985 1794 1038 viruit

214 1079 267 1133 in
293 1090 482 1137 carne,
534 1089 634 1145 per
674 1081 902 1127 mortem
948 1073 1093 1126 aruit
1140 1073 1194 1127 in
1238 1073 1493 1143 pulvere;
1545 1075 1794 1132 videlicet

216 1169 395 1224 fenum
438 1166 562 1222 fuit.
595 1168 731 1235 Quia
760 1168 925 1238 igitur
948 1169 1235 1223 momentis
1262 1169 1373 1223 suis
1395 1169 1541 1225 horze
1562 1168 1791 1240 fugiunt,

214 1262 353 1332 agite
381 1276 532 1331 ergo,
566 1259 766 1317 fratres
791 1261 1121 1325 charissimi,
1149 1269 1208 1315 ut
1229 1262 1283 1315 in
1307 1262 1431 1317 boni
1458 1264 1636 1332 operis
1656 1279 1795 1318 mer-

214 1354 339 1407 cede
359 1360 673 1407 teneantur.
702 1351 897 1405 Audite
916 1351 1044 1421 quid
1068 1350 1285 1422 sapiens
1315 1351 1566 1407 Salomon
1610 1354 1789 1408 dicat:

215 1442 577 1512 Quodcunque
613 1450 779 1511 potest
811 1458 999 1496 manus
1028 1451 1120 1495 tua
1165 1441 1357 1511 facere,
1388 1445 1641 1499 instanter
1677 1462 1797 1515 ope-

212 1550 325 1585 rare
346 1546 365 1583 :
401 1531 529 1604 quia
562 1546 655 1584 nec
688 1547 837 1598 opus,
870 1546 960 1587 nec
983 1518 1139 1596 iatio,
1168 1547 1261 1585 nec
1302 1533 1540 1599 scientia,
1582 1551 1673 1589 nec
1709 1551 1797 1588 sa-

212 1622 407 1693 pientia
431 1629 581 1675 erant
628 1619 768 1690 apud
808 1619 1024 1690 inferos,
1067 1634 1190 1703 quo.
1213 1631 1271 1677 tu
1314 1639 1567 1694 properas
1602 1624 1792 1698 (Eccli.

215 1730 290 1776 Ix,
324 1712 438 1782 l0).
488 1711 625 1781 Quia
650 1726 781 1783 ergo
819 1714 1129 1767 adventura:
1172 1714 1364 1769 mortis
1393 1722 1603 1785 tempus
1642 1716 1796 1787 igno-

1891 522 2059 578 locata
2085 536 2170 578 est
2204 538 2266 577 ea
2292 522 2619 584 conditione,
2658 531 2717 576 ut
2757 522 3042 578 reddamus
3074 520 3303 577 Domino
3341 521 3455 578 fru-

1890 627 2036 675 ctum
2080 614 2410 687 temporibus
2448 614 2581 678 suis,
2611 623 2667 668 et
2702 615 2936 670 sciamus
2971 628 3292 684 unoquoque
3321 625 3456 670 tem-

1889 722 2021 776 pore
2048 706 2175 775 quid
2208 711 2453 774 oporteat
2478 718 2576 756 nos
2608 702 2752 773 loqui
2776 703 2858 757 vel
2884 703 3082 759 facere.
3106 723 3125 757 I
3154 702 3290 761 Nota
3312 706 3455 775 quod

1891 798 1957 855 de
1993 797 2219 868 singulis
2243 796 2575 869 temporibus
2615 795 2840 857 Domino
2875 795 3080 853 fructus
3123 796 3276 852 bona:
3309 796 3458 853 locu-

1891 890 2074 955 tionis,
2101 889 2187 944 vel
2221 890 2374 944 bona:
2412 888 2638 945 actionis
2676 888 2928 944 reddendi
2966 896 3109 945 sunt.
3153 890 3456 946 Excludun-

1893 986 1982 1033 tur
1998 993 2126 1050 ergo
2153 986 2393 1050 tempora
2421 976 2756 1040 detrahendi,
2783 976 3117 1047 perjurandi,
3138 979 3453 1046 mentiendi,
3544 992 3547 997 ‘

1891 1068 2083 1124 falsum
2111 1068 2474 1124 testimonium
2499 1066 2824 1139 proferendi,
2851 1065 3193 1137 turpiloquio,
3222 1077 3278 1123 et
3306 1086 3458 1125 scur-

1894 1158 2099 1223 rilitati,
2136 1167 2191 1212 et
2230 1140 2506 1223 conviciis,
2545 1167 2598 1212 et
2642 1159 2832 1215 otiosis
2873 1158 3232 1224 sermonibus,
3264 1170 3320 1215 et
3355 1177 3459 1217 cte-

1893 1249 2022 1303 teri‘s
2055 1247 2457 1319 quampluribus
2484 1248 2813 1305 vanitatibus
2852 1249 3099 1312 vacandi,
3131 1260 3187 1304 et
3204 1250 3461 1322 jubentur

1892 1340 2047 1396 nobis
2085 1349 2322 1411 tempora
2351 1344 2472 1395 vita:
2495 1350 2691 1396 nostra:
2720 1340 2772 1394 in
2801 1342 2936 1397 bene
2978 1340 3265 1411 loquendo,
3292 1352 3346 1398 et
3380 1343 3460 1397 la-

1894 1429 2104 1495 ciendo,
2171 1432 2375 1502 absque
2422 1430 2811 1500 interruptione
2853 1430 3119 1487 malarum
3167 1431 3460 1490 dictionum

1893 1530 1949 1576 et
1975 1523 2246 1578 actionum
2276 1523 2490 1579 deduci.
2663 1520 2666 1523 ’

1963 1611 2116 1680 Quod
2142 1622 2322 1671 autem
2354 1614 2642 1683 unicuique
2675 1614 2744 1669 ob
2784 1614 2867 1670 sui
2903 1615 3205 1674 custodiam
3241 1618 3463 1689 angelus

1894 1703 1966 1760 sit
1993 1705 2303 1773 deputatus,
2333 1703 2587 1776 pnefatus
2613 1704 2971 1779 Hieronymus
2997 1707 3054 1762 in
3091 1708 3280 1762 eodem
3305 1710 3467 1765 Com-

216 1801 415 1866 ramus,
447 1813 505 1858 et
541 1811 663 1873 post
693 1811 921 1857 mortem
968 1805 1181 1874 operari
1212 1820 1321 1863 non
1364 1821 1666 1879 possumus,
1699 1825 1789 1863 su-
1817 1805 1863 1865 B
1890 1796 2154 1852 mentario
2190 1798 2378 1853 scribit
2406 1815 2419 1851 :
2454 1815 2472 1849 ι
2499 1797 2665 1854 Amen
2700 1798 2815 1853 dico
2846 1799 2987 1853 vobis
3036 1801 3162 1871 quia
3202 1802 3462 1872 angelico-

213 1904 394 1967 perest
430 1902 492 1948 ιιι
533 1904 659 1949 ante
713 1903 940 1949 mortem
969 1903 1210 1966 tempora
1251 1897 1453 1951 indulta
1499 1900 1792 1971 rapiamus.

215 1988 299 2041 Sic
326 1987 478 2040 enim
505 2001 652 2041 mors
681 1986 795 2056 ipsa
824 2001 946 2041 cum
988 1988 1216 2052 venerit,
1247 1988 1511 2057 vincetur,
1534 1992 1578 2045 si
1618 1990 1797 2060 prius-

136 2094 148 2117 ο
212 2088 371 2143 quam
400 2072 604 2137 veniat,
627 2072 899 2127 timeatur.
922 2090 940 2122 ι

282 2163 524 2233 Prosper
543 2175 569 2203 ει
597 2180 611 2215 :
641 2180 661 2213 ι
689 2161 750 2218 Si
777 2177 862 2228 eo,
894 2162 1086 2233 inquit,
1116 2170 1376 2233 tempore,
1400 2178 1505 2233 quo
1529 2165 1651 2234 quis
1674 2179 1811 2237 ρος-ι

213 2270 336 2309 care
368 2254 666 2320 deliberat,
709 2268 843 2309 sana
887 2262 1064 2310 mente
1104 2256 1408 2311 consideret
1469 2271 1588 2326 quze
1634 2271 1792 2327 poena

213 2354 497 2415 exspectet
534 2344 591 2399 in
631 2345 743 2400 suis
787 2344 1116 2403 facinoribus
1151 2360 1217 2401 ac
1252 2345 1469 2417 ﬂagitiis
1496 2348 1794 2419 deprehen—

214 2451 325 2501 sos,
358 2436 506 2506 quod
536 2436 856 2508 supplicium
900 2438 1175 2493 convictos
1212 2439 1516 2506 excruciet;
1546 2440 1636 2511 qui
1684 2447 1794 2494 tre-

219 2542 337 2580 mor
386 2527 632 2597 quatiat,
678 2527 849 2598 pallor
892 2543 986 2611 or?
1034 2527 1350 2599 perfundat;
1396 2540 1657 2599 quantum
1699 2532 1793 2589 de.

214 2619 380 2687 nique
431 2619 716 2683 humiliet,
765 2627 822 2673 et
868 2620 1231 2677 exsecrabiles
1273 2624 1523 2677 omnibus
1571 2624 1789 2691 reddat,

211 2708 380 2760 etiam
418 2708 596 2776 ipsum
622 2708 850 2762 sordidze
883 2710 1155 2779 Opinionis
1186 2712 1564 2781 opprobrium,
1608 2714 1792 2770 nescio

212 2814 278 2851 an
327 2798 506 2867 possit
555 2798 881 2869 quibuslibet
923 2801 1072 2857 vitiis
1115 2804 1524 2859 accommodare
1562 2820 1791 2863 consen~

212 2905 352 2943 sum.
392 2909 412 2941 ι
944 2882 951 2885 ’

281 2980 520 3035 Exstant
545 2991 599 3037 et
627 2980 730 3035 alia
769 2982 1180 3040 innumerabilia
1210 2985 1532 3042 documenta
1564 2990 1629 3044 de
1654 2989 1789 3044 hora

207 3071 317 3126 diei
374 3072 580 3126 ultima:
621 3073 825 3145 jugiter
860 3075 1177 3144 cogitanda,
1206 3086 1261 3131 et
1305 3087 1431 3134 ante
1472 3079 1656 3135 oculos
1695 3096 1790 3150 po-

1896 1906 2011 1944 rum
2047 1905 2246 1956 semper
2293 1887 2465 1945 rident
2510 1889 2699 1958 faciem
2748 1891 2933 1960 patris.
2963 1890 3174 1963 .Magna
3229 1892 3461 1962 dignitas

1893 1981 2217 2047 animarum,
2243 1990 2303 2036 ut
2328 1997 2661 2054 unaquzeque
2684 1983 2879 2039 habeat
2906 1984 2974 2039 ab
3006 1994 3129 2038 ortu
3164 1984 3460 2041 nativitatis

1894 2070 1947 2124 in
1974 2072 2270 2127 custodiam
2307 2074 2390 2127 sui
2427 2073 2672 2143 angelum
2699 2074 3019 2145 delegatum.
3046 2074 3198 2132 Unde
3232 2075 3460 2151 legimus

1893 2162 1948 2217 in
1980 2162 2298 2234 Apocalypsi
2332 2162 2577 2219 Joannis:
2612 2165 2801 2236 angelo
2835 2166 3050 2236 Ephesi,
3089 2166 3382 2238 Thyatiraa,
3409 2177 3458 2223 et

1892 2250 2081 2322 angelo
2108 2251 2511 2323 Philadelphia),
2543 2262 2598 2309 et
2624 2255 2833 2325 angelis
2871 2264 3103 2325 quatuor
3134 2256 3460 2329 reliquarum

1891 2342 2256 2401 Ecclesiarum
2295 2346 2471 2402 scribe
2512 2347 2689 2403 haec.»
2718 2346 2884 2403 Beda
2924 2349 3088 2419 igitur
3125 2350 3180 2404 in
3234 2350 3462 2421 Exposi~
3516 2402 3527 2411 .

1893 2441 2040 2496 tione
2084 2439 2315 2496 Actuum
2346 2442 2707 2513 apostolorum
2737 2444 2810 2499 ita
2842 2443 3069 2500 scribit:
3107 2463 3126 2495 ι
3158 2444 3315 2500 Nunc
3354 2445 3464 2498 scio

1891 2548 2004 2589 vere
2037 2534 2163 2603 quia
2190 2533 2329 2587 misit
2356 2533 2612 2593 Dominus
2638 2533 2877 2605 angelum
2901 2551 3072 2599 suum,
3099 2544 3147 2589 et
3171 2534 3359 2606 eripuit
3385 2550 3466 2588 me

1891 2623 1956 2676 de
1994 2639 2155 2679 manu
2200 2621 2534 2690 Herodic,'et
2571 2624 2799 2696 reliqua.
2845 2625 3115 2698 (Act.xn,
3157 2625 3268 2698 il.)
3311 2625 3465 2692 Quod

1891 2716 2261 2786 unusquisque
2308 2725 2551 2775 nostrum
2600 2718 2796 2774 habeat
2848 2718 3068 2789 angelos
3108 2725 3163 2773 et
3200 2718 3253 2772 in
3299 2717 3461 2772 Libro

1892 2806 2151 2874 Pastoris,
2179 2819 2236 2864 et
2269 2809 2323 2864 in
2359 2809 2545 2865 multis
2569 2820 2770 2866 sancta:
2807 2810 3099 2880 Scriptura:
3136 2810 3268 2865 locis
3308 2811 3459 2864 inve-

1892 2897 2055 2950 nitur.
2084 2895 2217 2957 Nam
2255 2906 2311 2952 et
2348 2898 2606 2955 Dominus
2628 2901 2696 2955 de
2724 2900 3000 2971 parvulis:
3027 2899 3234 2970 Angeli,
3268 2900 3459 2970 inquit,

1891 3001 2069 3039 eorum
2096 3002 2299 3057 semper
2324 2988 2496 3043 vident
2518 2989 2707 3058 faciem
2734 2988 2912 3045 Patris
2934 2991 3036 3045 mei
3063 2989 3280 3062 (Matth.
3304 3006 3462 3059 xvttt,

1895 3077 2005 3150 10).
2033 3077 2100 3132 Ει
2136 3077 2303 3134 Jacob
2339 3080 2405 3136 de
2436 3078 2494 3137 se
2530 3082 2791 3152 loquitur,
2820 3084 3045 3155 Angelus
3085 3085 3173 3155 qui
3206 3086 3340 3140 eruit
3382 3101 3464 3141 me

212 3163 424 3216 nenda.
456 3161 551 3217 His
576 3163 739 3233 igitur
765 3163 1050 3235 diligenter
1070 3166 1479 3233 animadversis,
1511 3170 1636 3225 dum
1673 3187 1796 3245 pos-
1822 3161 1865 3224 C
1896 3165 1961 3221 de
1985 3168 2184 3223 cunctis
2216 3167 2369 3223 malis
2401 3166 2550 3241 (Gen.
2576 3187 2763 3240 XLVIII,
2791 3172 2897 3246 lli).
2923 3173 2990 3231 Et
3015 3173 3071 3229 hi
3096 3174 3339 3246 discipuli
3365 3190 3465 3230 an-

214 3268 437 3317 sumus,
467 3260 522 3306 et
553 3261 762 3324 tempus
790 3253 1073 3321 habemus,
1113 3256 1255 3312 bona
1283 3258 1649 3316 indeficienter
1670 3277 1796 3334 ope-

212 3361 423 3408 remur,
453 3342 606 3412 juxta
630 3346 757 3401 illud
776 3345 1019 3418 Apostoli
1044 3366 1056 3402 :
1077 3347 1305 3415 Bonum,
1331 3351 1526 3421 inquit,
1547 3352 1795 3422 facientes

212 3450 315 3487 non
346 3432 659 3501 deﬁciamus
680 3450 699 3489 :
726 3444 952 3505 tempore
979 3437 1115 3490 enim
1149 3447 1245 3492 suo
1274 3449 1520 3496 metemus
1549 3458 1652 3496 non
1698 3443 1794 3499 tle-

211 3525 454 3592 ﬁcientes
484 3522 628 3594 (Gal.
648 3538 719 3588 vt,
751 3521 829 3590 9).
855 3525 911 3579 ln
937 3529 1186 3597 praesenti
1213 3530 1355 3585 enim
1384 3532 1493 3586 vita
1532 3532 1615 3590 est
1660 3542 1794 3588 tem-

211 3630 311 3684 pus
358 3616 664 3671 seminandi
683 3655 699 3681 ,
741 3616 795 3670 id
824 3627 927 3683 est,
957 3619 1112 3675 home
1138 3622 1531 3691 operationis...
1559 3625 1792 3681 fructum

213 3706 538 3776 recipiendi.
569 3706 739 3774 Quam
774 3717 1008 3779 segetem
1048 3727 1205 3767 nemo
1222 3708 1412 3783 "potest
1456 3725 1659 3771 metere
1701 3717 1785 3773 de-

212 3794 405 3851 ficiens
432 3813 448 3848 :
474 3795 577 3863 Qui
604 3798 747 3851 enim
777 3803 1197 3870 perseveraverit,
1223 3803 1350 3859 dicit
1390 3804 1674 3873 Dominus,
1703 3824 1791 3862 us-

213 3902 310 3957 que
331 3888 392 3941 in
417 3885 602 3956 ﬁnem,
625 3888 905 3948 hicsalvus
931 3880 1049 3946 erit.
1671 3903 1680 3918 ‘

770 4008 775 4017 ’
808 4019 1035 4077 CAPUT
1069 4022 1206 4079 XIII.

214 4118 371 4180 Quod
396 4116 470 4204 ξε
497 4117 1058 4204 .si‘ngulistemporibus
1089 4122 1342 4204 quidquid
1380 4122 1499 4204 boni
1534 4122 1674 4204 loqui
1698 4135 1790 4178 aut

282 4176 446 4256 ageﬁ
475 4176 767 4253 debuimus,
807 4176 1035 4257 fructum
1059 4176 1262 4245 a'nobis
1296 4176 1550 4247 Dominus
1574 4176 1639 4246 s'it
1657 4176 1792 4247 eam;

283 4269 473 4334 cturus
497 4266 590 4334 :_et
615 4259 755 4328 quod
785 4260 1060 4330 unicuique
1094 4262 1157 4317 ob
1186 4263 1269 4315 sui
1310 4263 1598 4318 custodiam
1633 4280 1789 4334 ange-

283 4324 367 4379 lus
401 4327 473 4379 sit
504 4324 801 4396 deputatus.

286 4430 519 4485 Vineam
553 4438 693 4503 (qum
728 4435 1054 4507 tropologice
1087 4438 1322 4493 animam
1359 4448 1600 4497 nostram
1626 4442 1787 4514 signi-

216 4523 372 4587 ficat,
421 4538 581 4591 quam
635 4523 891 4585 Dominus
941 4528 1008 4582 de
1063 4529 1342 4585 tenebrosa
1396 4530 1555 4609 hujus
1602 4533 1785 4589 mundi

215 4610 458 4683 Egypto
488 4611 755 4679 liberavit,
798 4625 853 4670 et
894 4631 991 4686 per
1020 4632 1173 4674 mare
1202 4619 1454 4684 rubrum,
1488 4620 1540 4675 id
1569 4629 1653 4676 est
1687 4623 1799 4677 ba-r

215 4707 500 4777 ptisutum,
528 4706 848 4772 transvexit,
890 4722 1110 4776 suaeque
1148 4707 1271 4765 lidei
1307 4710 1505 4765 annulo
1533 4712 1787 4767 subarra-

215 4800 311 4863 vit,
347 4806 412 4851 et
442 4796 496 4852 in
539 4798 755 4869 specula
782 4814 895 4855 sua:
921 4800 1245 4871 cognitionis
1266 4810 1321 4856 et
1344 4803 1568 4859 visionis
1596 4806 1792 4861 consti-

216 4890 351 4959 tuit)
404 4900 713 4943 sanctorum
756 4905 979 4959 operum
1025 4891 1294 4947 continuis
1326 4895 1649 4952 cultionibus
1695 4913 1790 4951 nc-

214 4995 369 5032 cesse
408 4987 493 5031 est
521 4979 851 5040 excolamus,
888 4988 947 5034 ut
973 4995 1095 5036 cum
1131 4983 1335 5039 venerit
1363 4984 1479 5054 ejus
1507 4985 1785 5053 Dominus,

215 5069 280 5123 de
325 5068 560 5139 singulis
601 5071 933 5140 temporibus
962 5072 1152 5143 dignos
1185 5074 1234 5129 ei
1276 5072 1485 5130 fructus
1526 5076 1789 5131 bonorum

215 5175 445 5232 cperam
495 5159 718 5218 reddere
758 5164 1067 5230 valeamus;
1112 5166 1253 5221 sicut
1296 5165 1484 5222 beatus
1534 5166 1792 5240 Hieronya

219 5268 338 5309 tuus
379 5254 433 5308 in
460 5253 878 5311 Commentariis
920 5255 1157 5327 Mattbaai
1184 5257 1525 5325 evangelista:
1560 5258 1788 5314 scribit:

222 5361 241 5393 ι
272 5341 410 5402 Cum
447 5360 572 5416 ergo
611 5347 822 5411 venerit,
855 5347 1045 5417 inquit,
1071 5347 1313 5404 dominus
1343 5349 1524 5414 uineae,
1555 5350 1681 5418 quid
1711 5351 1794 5419 fa-

217 5430 315 5481 ciet
365 5430 571 5481 colonis
610 5429 757 5492 illis,
807 5440 865 5484 et
929 5430 1134 5501 reliqua
1197 5428 1436 5502 (Matth.
1485 5451 1598 5501 XXI,
1652 5437 1721 5493 40
1748 5439 1789 5507 ).

220 5512 547 5593 Interrogat,
582 5524 777 5595 inquit,
809 5539 902 5581 eus
939 5526 1196 5583 dominus
1232 5541 1337 5582 non
1379 5533 1523 5598 quod
1580 5532 1793 5603 ignoret

219 5616 343 5684 quid
405 5617 716 5684 responsuri
788 5618 942 5680 sint,
993 5619 1084 5675 sed
1138 5629 1197 5675 ut
1272 5625 1490 5692 propria
1568 5642 1787 5698 respon.

283 5742 312 5770 ι
350 5731 427 5787 De
462 5730 585 5787 Vita
617 5742 914 5805 contemp,
941 5733 1038 5789 lib.
1077 5750 1157 5803 ιιι,
1185 5752 1233 5792 c.
1270 5736 1357 5804 ll,
1383 5720 1609 5797 in'nted.

1896 3258 2074 3330 gelum
2100 3260 2328 3332 apostoli
2349 3260 2496 3318 Petri
2523 3263 2709 3319 venire
2735 3265 3046 3320 credebant.
3068 3284 3088 3318 ι

1967 3348 2103 3417 Quia
2143 3364 2272 3422 ergo
2315 3359 2529 3407 constat
2562 3368 2662 3408 nos
2705 3353 3015 3425 angelorum
3052 3355 3303 3426 praesidio
3344 3358 3463 3431 mu;

1899 3438 2026 3506 niri,
2059 3440 2278 3512 dignum
2320 3449 2375 3498 et
2404 3442 2769 3498 necessarium
2804 3451 2889 3498 est
2929 3452 2991 3500 ut
3026 3460 3212 3500 eorum
3239 3454 3462 3518 aspectu

1893 3546 2069 3602 neque
2103 3532 2158 3587 in
2196 3528 2543 3604 cogitatione,
2580 3551 2757 3607 neque
2787 3536 2841 3591 in
2873 3536 3160 3603 locutione,
3200 3554 3373 3609 neque
3400 3540 3455 3594 in

1892 3636 2055 3691 opere
2084 3637 2184 3677 nos
2219 3624 2607 3694 quodammodo
2651 3628 2898 3699 indignos
2933 3628 3216 3686 faciamus.
3246 3614 3461 3698 Quanto

1892 3722 2073 3768 autem
2102 3716 2273 3787 magis
2301 3716 2504 3773 illicitis
2529 3721 2969 3793 cogitationibus,
2996 3732 3052 3780 et
3074 3724 3457 3791 locutionibus,

1893 3810 1948 3858 et
1976 3806 2156 3873 pravis
2181 3807 2434 3876 operibus
2463 3809 2781 3876 insistimus,
2818 3820 2970 3877 tanto
2997 3828 3028 3868 a
3056 3815 3212 3870 nobis
3245 3814 3461 3886 longius

1890 3896 2173 3960 recedunt,
2205 3906 2260 3951 et
2285 3897 2466 3954 hostes
2490 3901 2792 3956 animarum
2824 3911 3132 3958 nostrarum
3172 3906 3459 3976 appropin.

1892 3993 2080 4056 quant.
2112 3986 2245 4041 Cum
2280 4004 2410 4044 vero
2432 3990 2570 4045 bene
2597 3991 2883 4061 loquendo,
2913 4004 2970 4049 et
3001 3995 3137 4050 bene
3163 3996 3455 4068 aperando,

1888 4093 1991 4133 nos
2014 4077 2234 4135 festivos
2256 4081 2591 4153 mundosque
2624 4084 2903 4150 efﬁcimus,
2930 4102 3038 4143 non
3064 4087 3236 4143 solum
3268 4102 3457 4148 eorum

1888 4170 2206 4238 praesidio...
2252 4187 2441 4228 verum
2495 4175 2659 4230 etiam
2711 4192 2897 4233 eorum
2951 4182 3257 4251 conspectui
3318 4185 3458 4255 grati

1889 4259 2193 4325 existimus,
2235 4271 2295 4316 ut
2340 4265 2532 4321 merito
2575 4281 2697 4322 cum
2739 4266 3023 4328 Psalmista
3054 4273 3233 4330 dicere
3276 4276 3454 4331 valea-

1888 4368 2009 4407 mus
2032 4371 2045 4407 :
2071 4353 2137 4407 In
2160 4365 2430 4425 conspectu
2452 4356 2753 4427 angelorum
2772 4360 2992 4430 psallam
3017 4362 3109 4421 tibi
3117 4403 3133 4431 ,
3157 4363 3292 4419 Deus
3312 4382 3458 4422 meus

1889 4440 2058 4513 (Psal.
2086 4459 2299 4499 cxxxvn
2318 4485 2333 4509 ,
2363 4443 2437 4517 1).
2480 4443 2539 4500 Si
2574 4462 2705 4502 vero
2737 4449 2870 4507 tales
2889 4452 3272 4519 exstiterimus,
3304 4464 3363 4510 ut
3401 4457 3457 4517 in

1888 4547 2175 4607 conspectu
2208 4538 2515 4612 angelorum
2543 4541 2775 4610 psallere
2803 4543 2912 4603 Deo
2938 4554 3124 4601 nostro
3147 4546 3306 4619 digne
3334 4565 3460 4621 pos-

1887 4633 2076 4697 simus,
2102 4642 2157 4691 et
2184 4633 2235 4688 in
2268 4635 2367 4688 hac
2392 4634 2500 4690 vita
2525 4636 2708 4691 eorum
2734 4637 2974 4692 custodia
3005 4640 3225 4706 muniri,
3252 4651 3307 4697 et
3335 4659 3456 4700 cum

1889 4736 1955 4776 ex
1988 4721 2089 4775 hac
2111 4723 2536 4792 migraverimus,
2563 4726 2759 4794 Spretis
2781 4726 3121 4786 inimicorum
3146 4739 3455 4788 nostrorum

1889 4810 2228 4866 irrisionibus
2258 4810 2350 4882 (de
2384 4813 2579 4881 quibus
2601 4813 2881 4871 PsalmiSta
2911 4817 3022 4873 ait:
3048 4818 3184 4873 Deus
3215 4837 3378 4885 meus,
3403 4822 3457 4876 in

1889 4911 1938 4956 te
1967 4901 2194 4970 conﬁdo,
2229 4919 2331 4957 non
2371 4905 2665 4959 erubescam
2691 4922 2710 4960 ε
2747 4924 2907 4979 neque
2950 4909 3204 4966 irrideant
3231 4930 3312 4969 me
3340 4914 3456 4970 ini-

1892 4990 2013 5044 ntici
2053 4992 2153 5049 mei
2187 4989 2358 5063 [PsaL
2385 5009 2533 5059 xxtv,
2555 4991 2659 5064 2]),
2685 4994 2753 5050 ad
2776 5010 2963 5051 eorum
2982 5002 3311 5059 consortium
3341 5003 3453 5060 folio

1895 5083 2030 5137 citer
2054 5085 2285 5139 transire
2311 5086 2653 5140 merebimur.

2472 5173 2696 5231 CAPUT
2742 5176 2878 5232 XIV.

1950 5260 2027 5316 De
2055 5263 2273 5330 inﬁrmis
2303 5263 2571 5318 risitandis
2588 5266 2808 5335 oleoque
2827 5281 3005 5324 sancto
3032 5273 3394 5344 perungendt's.

1969 5353 2117 5408 Sicut
2168 5354 2294 5408 tuba
2349 5356 2659 5424 evangelica
2716 5360 3032 5415 terribiliter
3087 5364 3447 5434 pronuntiat:

1896 5441 2028 5498 Cum
2066 5445 2252 5499 sederit
2298 5444 2439 5513 ﬁlius
2490 5448 2711 5504 hominis
2760 5452 2815 5505 in
2858 5452 2977 5507 sede
3020 5453 3303 5521 majestatis
3342 5472 3453 5512 sunt

1897 5536 2110 5606 (Matth.
2142 5553 2251 5601 xix,
2276 5536 2401 5610 28);
2431 5538 2632 5596 idcirco
2663 5542 2830 5598 malos
2853 5544 2919 5598 ad
2948 5543 3220 5600 sinistram
3249 5548 3453 5623 positu~

1899 5641 1989 5679 rus
2031 5635 2141 5687 est.
2187 5627 2313 5696 quia
2345 5627 2397 5681 in
2436 5643 2528 5685 sex
2559 5632 2810 5700 operibus
2836 5633 3213 5693 misericordia
3241 5640 3452 5697 steriles
