3956 6186
496 283 599 342 159

1480 264 1489 267 μ
1547 264 1740 327 IGNE
1779 256 2324 320 AURELIANENSIS
2362 253 2664 314 EPISCOPI

3610 234 3742 293 930

493 398 738 462 liter-unt;
775 391 978 450 idcirco
1011 391 1183 445 bonos
1228 386 1294 442 ad
1326 384 1638 448 dexteram,
1670 382 1795 453 quia
1842 380 1926 433 bis
1965 380 2135 443 (ιθ-Α
2230 374 2367 429 Sunt
2413 373 2575 428 etiam
2610 369 2850 441 plerique
2890 373 2947 421 et
2986 360 3314 420 sublimioris
3356 368 3410 415 et
3454 357 3746 413 inferioris

464 491 593 546 ‘rditi
637 490 882 551 fuerunt;
909 500 940 539 e
972 484 1166 553 quibus
1207 493 1370 533 unum
1415 488 1524 541 est,
1554 476 1791 545 inﬁrmos
1827 473 2059 536 visitare,

2159 463 2364 519 ordinis
2392 462 2655 525 homines,
2680 459 2770 528 qui
2799 457 3111 514 infirmitate
3140 451 3336 508 mentis
3362 451 3751 521 praepediente

485 583 642 637 sicut
685 581 799 648 ipse
841 579 894 631 in
932 577 1118 631 eodem
1151 571 1375 645 pavendi
1422 568 1683 624 examinis
1712 567 1798 621 die
1824 565 2063 619 dicturus
2163 558 2410 617 inﬁrmos
2433 555 2654 611 visitare
2678 553 2964 624 refugiunt,
2994 557 3241 605 verentes
3276 562 3344 602 ne
3372 545 3571 615 aliquid
3599 561 3755 601 conv

480 680 614 727 est:
650 670 896 738 Inﬁrmus
923 666 1025 737 fui,
1062 674 1107 718 et
1146 662 1391 717 visitastis
1430 676 1510 713 me
1555 656 1766 726 (Matth.
1803 670 1927 718 xxv,
1950 652 2063 725 55).

2166 649 2366 719 tagium
2387 663 2455 703 ex
2489 646 2605 717 ipsa
2650 644 2957 703 visitatione
2987 641 3220 701 trahant,
3250 637 3404 708 quasi
3442 651 3589 693 mors
3624 651 3759 690 non

484 763 631 815 Cum
663 760 748 814 ille
795 775 926 829 ergo
961 774 1064 813 non
1109 758 1179 813 sit
1218 754 1560 826 personarum
1591 759 1863 820 acceptor,
1888 749 1981 818 qui
2012 747 2066 801 in
2162 739 2334 810 possit
2364 752 2456 794 eos
2498 736 2759 799 invenire,
2795 734 2897 788 nisi
2941 732 2994 786 in
3045 729 3377 784 inﬁrmorum
3404 727 3755 787 visitatione,

489 848 731 907 infirmis
767 814 970 901 visitari
1000 862 1057 900 se
1086 814 1274 907 voluit,
1313 844 1550 913 quidam,
1578 814 2070 912 quod-Christianis
2167 838 2223 885 et
2262 828 2362 899 ipsi
2408 834 2634 882 mortem
2673 823 2881 894 possint
2924 816 3310 888 subterfugere,
3343 829 3505 885 quam
3551 814 3762 873 nulla.—

493 957 612 1001 .non
659 940 929 1004 convenit,
970 941 1071 994 hoc
1110 904 1434 1007 praacepttim
1461 904 1816 1011 personaliter
1841 937 1897 984 et
1922 927 2071 982 favo—
2169 927 2327 974 tenus
2361 917 2500 972 ullus
2529 914 2834 971 mortalium
2869 918 3047 982 potest
3087 909 3277 963 vitare.
3317 907 3466 962 Unde
3495 906 3573 959 ait
3619 904 3765 974 qui—

508 1030 750 1086 rabiliter
778 1028 1066 1098 adimplere
1095 1028 1358 1085 videntur.
1388 1024 1643 1081 Potentes
1675 1021 1870 1092 quippe
1902 1027 1956 1073 et
1995 1017 2075 1071 di-

506 1122 643 1175 vites
684 1136 805 1175 eum
840 1120 1198 1182 inﬁrmantur,
1245 1132 1349 1170 non
1390 1130 1420 1169 a
1464 1112 1807 1184 pauperibus,
1849 1121 2075 1178 quorum

502 1226 740 1281 persona
782 1209 847 1264 ad
884 1207 1017 1262 tales
1061 1206 1356 1261 visitandos
1403 1220 1508 1258 non
1554 1201 1878 1264 admittitur,
1912 1196 2005 1252 sed
2046 1210 2078 1250 a

513 1299 627 1354 suis
669 1297 930 1355 similibus
957 1296 1275 1360 \zisitantur;
1305 1302 1364 1348 ut
1391 1293 1599 1349 scilicet
1640 1289 1742 1345 sibi
1784 1289 1837 1343 in
1884 1285 2081 1341 talibus

503 1389 689 1444 vvicem
729 1388 1025 1457 rependant
1056 1401 1071 1441 :
1109 1400 1369 1455 pauperes
1399 1397 1527 1437 vero
1565 1383 1655 1435 vix
1701 1396 1731 1434 a
1774 1377 2084 1449 potentibus

518 1479 724 1535 visitari
749 1478 945 1533 solent.
973 1477 1125 1532 Sicut
1153 1478 1296 1531 enim
1327 1490 1515 1533 omnes
1540 1472 1848 1531 conditione
1878 1476 2085 1523 naturae

520 1568 755 1638 aequales
806 1566 1077 1630 existunt,
1122 1565 1195 1619 ita
1236 1563 1516 1633 aequaliter
1556 1575 1679 1615 cum
1727 1558 2083 1620 inﬁrmantur,

512 1657 820 1729 postposita
848 1670 1213 1727 personarum
1254 1653 1597 1723 acceptione,
1639 1648 1892 1707 visitaudi
1941 1654 2085 1702 sunt.

525 1727 642 1803 Non
671 1748 843 1805 solum
870 1755 1048 1801 autem
1094 1746 1338 1805 inﬁrmus
1363 1759 1483 1799 cum
1520 1743 1791 1805 visitatur,
1820 1746 1876 1793 ut
1915 1739 1968 1793 in
1998 1736 2090 1791 lla-
2116 1727 2163 1787 B

511 1840 676 1913 .gellis
700 1838 794 1892 Dei
825 1851 1161 1909 nequaquam
1188 1842 1504 1898 murmuret,
1529 1833 1623 1888 sed
1665 1831 1845 1903 potius
1869 1837 2088 1900 propter

515 1937 746 2002 peccata
767 1943 864 1987 sua
884 1942 941 1983 se
962 1924 1212 1995 ﬂagellari
1239 1931 1602 1996 recognoscat,
1628 1921 1973 1990 Creatorique
1992 1933 2091 1974 suo

518 2021 730 2093 gratias
763 2017 998 2083 referat,
1030 2026 1114 2076 eat
1141 2015 1547 2070 admouendus:
1581 2010 1768 2068 verum
1805 2011 1968 2070 etiam
2005 2010 2092 2070 his

529 2113 726 2184 quibus
752 2110 972 2178 indiget.
1005 2106 1489 2164 adminiculandus.

603 2197 672 2255 Ut
714 2206 891 2260 autem
921 2193 1170 2264 superbia
1196 2208 1380 2249 eorum
1413 2190 1853 2255 confunderetur,
1890 2188 1982 2264 qui
2016 2188 2097 2242 fa-

518 2302 619 2351 ;stn
656 2280 907 2364 palantia
948 2296 1003 2343 et
1031 2286 1229 2345 divitiis
1258 2283 1572 2348 tmnet'acti,
1611 2290 1856 2353 potentes
1897 2280 2098 2363 θυμιω-

534 2350 694 2439 modo
734 2388 789 2433 et
818 2376 1013 2437 divites
1050 2376 1300 2440 visitant,
1329 2383 1385 2429 et
1413 2350 1773 2442 adpauperes
1813 2371 1891 2427 ire
1919 2350 2096 2439 despi-

522 2471 717 2534 eiunt,
748 2468 948 2523 idcirco
977 2466 1234 2523 Dominus
1280 2464 1348 2518 ad
1380 2463 1548 2521 lilium
1578 2461 1747 2533 reguli
1788 2461 1867 2517 ire
1907 2460 2097 2527 noluit,

528 2570 599 2619 act
621 2559 688 2614 ad
724 2573 940 2615 servum
969 2554 1301 2617 centurionis
1322 2570 1382 2615 se
1425 2554 1626 2616 iturum
1667 2550 1934 2621 promisit,
1962 2549 2104 2607 sicut

541 2652 733 2711 beatus
761 2664 893 2719 papa
919 2646 1209 2719 Gregorius
1231 2645 1286 2701 in
1312 2644 1531 2707 humilia
1560 2641 1798 2712 ejusdem
1833 2640 2102 2712 Evangelii

536 2743 766 2813 (Homil.
791 2743 918 2813 28):
952 2760 983 2825 «ἱ
1000 2741 1137 2809 Quid
1175 2748 1284 2804 est,
1314 2738 1523 2810 inquit,
1553 2738 1696 2810 quod
1724 2752 1846 2793 eum
1893 2735 2105 2806 regulus

539 2844 715 2908 rogat,
743 2844 802 2890 ut
828 2835 896 2890 ad
925 2833 1041 2903 ejus
1091 2831 1253 2892 lilium
1284 2831 1482 2896 veniat,
1512 2839 1568 2885 et
1596 2837 1774 2883 tamen
1805 2828 1884 2882 ire
1905 2841 2107 2896 'corpou

540 2928 726 2983 raliter
752 2933 996 2989 recusat;
1028 2922 1096 2977 ad
1121 2936 1354 2981 servum
1400 2919 1733 2976 centurionis
1763 2934 1867 2973 non
1914 2917 2110 2971 invita-

543 3028 655 3082 tur,
682 3024 739 3073 et
767 3025 945 3075 tamen
992 3028 1050 3070 se
1079 3012 1429 3083 corporaliter
1460 3011 1538 3067 ire
1571 3008 1883 3085 pollicetur?
1918 3006 2106 3077 Reguli

2172 1012 2295 1067 dam
2330 1025 2346 1064 :

2297 1179 2414 1238 Quis
2431 1190 2523 1229 non
2549 1189 2579 1223 e
2601 1176 2779 1229 timidis
2800 1173 2918 1232 aegri
2938 1172 3157 1230 contagia
3171 1171 3317 1238 vitat,

2365 1232 2577 1292 Vicinum
2600 1227 2826 1293 metuens
2842 1227 2907 1284 ne
2925 1227 3217 1284 trabat'tnde
3236 1227 3439 1280 malum?

2252 1394 2390 1451 Sunt
2412 1394 2539 1449 item
2572 1393 2815 1464 plerique
2844 1390 2937 1469 qui
2970 1390 3093 1446 dum
3130 1388 3469 1443 iuiirmantur
3495 1393 3586 1438 aut
3622 1384 3765 1455 ipsi,

2183 1495 2276 1542 aut
2318 1501 2501 1541 eorum
2539 1491 2788 1554 parentes
2821 1488 2877 1536 et
2905 1479 3213 1551 propinqui,
3248 1493 3353 1531 non
3394 1474 3496 1530 sibi
3529 1474 3773 1545 presbyt-

2186 1590 2330 1636 teros
2363 1577 2613 1637 Ecclesia:
2657 1573 2868 1639 induci,
2910 1586 3076 1641 seque
3129 1564 3468 1627 sanctiﬁcato
3504 1567 3627 1621 oleo
3663 1581 3770 1618 sc-

2188 1671 2420 1726 cundum
2453 1667 2790 1723 traditionem
2838 1662 3216 1734 apostolicam.
3243 1669 3298 1714 et
3331 1667 3530 1719 sanctae
3573 1655 3776 1710 Eccle-

2191 1761 2283 1816 sia:
2314 1773 2516 1814 morem
2577 1756 2833 1825 perungi;
2875 1751 2966 1808 sed
3010 1751 3179 1822 magis
3213 1750 3423 1807 divinos
3448 1747 3775 1825 et_diviua-

2188 1850 2373 1915 trices,
2406 1849 2513 1902 imo
2540 1820 2595 1901 in
2632 1845 2735 1899 illis
2752 1820 3030 1899 diabolum
3059 1820 3340 1899 consulere
3367 1820 3651 1909 expetunt,
3692 1836 3781 1899 si-

2187 1941 2349 2011 bique
2393 1935 2621 1997 divinari
2648 1950 2757 2006 quo
2785 1948 2911 1988 casu
2942 1933 3188 1994 morbum
3218 1928 3549 1986 inﬁrmitatis
3581 1928 3780 1982 incur.

2191 2033 2379 2097 rerint,
2404 2039 2457 2086 et
2485 2038 2660 2084 utrum
2683 2025 2927 2082 eamdem
2967 2020 3336 2084 inﬁrmitatem
3372 2021 3602 2075 evadere
3637 2033 3781 2088 pos-

2192 2124 2331 2186 sint,
2363 2134 2549 2175 necne.
2578 2117 2730 2192 Quod
2769 2115 2867 2185 qui,
2910 2113 3137 2173 faciunt,
3168 2109 3473 2180 exemplum
3508 2098 3776 2165 Ochozize

2191 2210 2401 2282 profani
2430 2210 2568 2279 regis
2600 2207 2898 2270 imitantur,
2939 2205 3030 2273 qui
3075 2216 3175 2275 pro
3210 2216 3275 2256 eo
3298 2198 3440 2271 quod
3466 2198 3635 2253 Deum
3684 2198 3775 2258 ls-

2195 2301 2306 2359 rael
2329 2297 2630 2368 dereliquit,
2654 2305 2710 2352 et
2734 2293 3033 2350 Beelzebub
3059 2294 3215 2347 deum
3240 2289 3485 2346 Acheron
3507 2305 3608 2360 per
3633 2304 3782 2345 nun-

2199 2390 2301 2445 tios
2329 2387 2619 2453 consuluit,
2649 2385 2843 2458 merito
2882 2399 2913 2438 a
2944 2381 3169 2438 Domino
3208 2395 3306 2461 per
3336 2379 3505 2434 Eliam
3540 2377 3789 2453 prophe-

2201 2489 2309 2535 tam
2355 2478 2594 2539 audivit:
2624 2477 2700 2537 De
2741 2474 2930 2530 lectulo
2972 2490 3126 2544 super
3151 2488 3301 2542 quem
3342 2468 3637 2531 ascendisti,
3667 2484 3788 2521 non

2201 2571 2495 2635 descendes,
2533 2566 2623 2623 sed
2659 2575 2821 2621 morte
2864 2564 3103 2619 morieris
3145 2559 3256 2633 (IV
3290 2559 3417 2631 Reg.
3447 2557 3592 2631 μὶ).
3643 2556 3787 2612 Saul

2203 2676 2415 2741 quoque
2446 2675 2536 2713 rex
2580 2665 2797 2737 propter
2840 2652 3250 2711 inobedientiam
3291 2649 3574 2709 derelictus
3603 2662 3634 2700 a
3673 2647 3791 2702 Do-

2207 2737 2370 2816 mino,
2397 2751 2521 2826 quia
2548 2747 2779 2807 divinari
2807 2745 2910 2800 sibi
2943 2758 2972 2798 a
2997 2741 3311 2822 pythonissa
3358 2737 3667 2815 postulavit,
3699 2738 3791 2791 itl—

2206 2843 2351 2899 circo
2380 2840 2564 2896 audire
2589 2835 2918 2910 promeruit:
2953 2834 3109 2888 Dabit
3140 2832 3279 2886 Deus
3316 2832 3472 2884 etiam
3497 2838 3665 2885 tecum
3693 2826 3786 2880 Is—

2210 2933 2318 2988 rael
2342 2933 2398 2991 in
2424 2946 2612 2984 manus
2646 2925 3098 2987 Philisthinorum.
3140 2922 3268 2977 Cras
3294 2921 3449 2984 enim,
3493 2918 3690 2988 inquit,
3723 2926 3788 2974 tu

2210 3033 2257 3078 et
2285 3023 2383 3091 [iiii
2410 3021 2484 3075 tui
2513 3034 2712 3079 mecum
2737 3017 2880 3071 eritis
2912 3013 2964 3086 (I
2994 3013 3122 3084 Reg.
3150 3028 3336 3074 xxviii,
3367 3010 3478 3081 l9).

544 3074 659 3172 tilio
686 3123 787 3179 per
829 3074 1547 3176 corporalern-prmsentiam
1571 3074 1692 3156 'non
1737 3101 1987 3171 dignatur
2005 3074 2111 3152 ad-

2218 3074 2251 3078 ﬁ
2285 3074 2437 3182 Quod
2469 3074 2597 3165 vero
2635 3074 3001 3181 huiuscemodi
3038 3074 3389 3166 divinationes
3428 3074 3498 3157 ab
3533 3101 3793 3159 omnibus

541 3215 690 3266 esse,
739 3197 1072 3260 centurionis
1113 3209 1271 3251 servo
1318 3207 1426 3269 non
1463 3191 1781 3261 dedignatur
1807 3204 2112 3255 occurrere.

550 3290 690 3360 Quid
716 3298 800 3345 est
833 3288 969 3344 hoc?
997 3287 1097 3345 nisi
1122 3285 1264 3355 quod
1292 3283 1542 3355 superbia
1570 3290 1754 3338 nostra
1795 3281 2116 3346 retunditur,

544 3380 644 3451 qui
684 3378 738 3433 in
783 3375 1088 3437 hominibus
1128 3390 1234 3431 non
1278 3381 1543 3451 naturam,
1571 3386 1678 3443 qua
1709 3370 1778 3425 ad
1824 3370 2116 3438 imaginem

552 3471 653 3527 Dei
678 3469 801 3525 iacti
828 3482 1037 3533 sumus,
1066 3466 1159 3522 sed
1186 3466 1421 3524 honores
1445 3473 1501 3518 et
1527 3463 1741 3521 divitias
1765 3476 2117 3516 veneramur:

557 3575 794 3630 cumque
828 3573 1116 3630 pensamus
1151 3570 1271 3628 quae
1297 3554 1441 3615 circa
1480 3570 1572 3612 eos
1604 3562 1744 3617 sunt,
1774 3552 2014 3625 profecto
2041 3554 2124 3607 ἰηι-

555 3654 757 3709 teriora
788 3650 1008 3709 minime
1046 3648 1419 3722 praevidemus,
1448 3647 1573 3703 dum
1615 3661 1679 3703 ea
1723 3645 2125 3702 consideramus

556 3760 679 3816 qua:
719 3744 772 3798 in
810 3741 1123 3812 corporibus
1162 3740 1410 3817 despecta
1456 3746 1601 3799 sunt.
1638 3737 1965 3808 Redemptor
1998 3750 2125 3790 vero

560 3844 766 3901 noster,
805 3839 868 3887 ut
894 3829 1234 3893 ostenderet,
1280 3829 1405 3897 quia
1432 3842 1552 3898 qua:
1596 3827 1702 3885 alta
1742 3836 1865 3881 sunt
1899 3825 2128 3883 hornini-

562 3926 684 3989 bus,
718 3923 919 3978 sanctis
963 3920 1304 3992 despicienda
1329 3926 1477 3983 sunt,
1504 3924 1560 3973 et
1580 3931 1702 3988 quae
1729 3917 1977 3987 despecta
2005 3921 2130 3977 sunt

565 4002 892 4077 hominibus,
921 4010 1263 4082 despicienda
1308 4016 1615 4073 non‘sunt;
1646 4007 1714 4063 ad
1740 4006 1911 4064 lilium
1958 4003 2132 4076 reguli

564 4108 647 4165 ire
675 4107 844 4169 noluit
872 4105 1010 4161 illius
1032 4105 1151 4171 Dei,
1175 4104 1242 4158 ad
1273 4118 1486 4159 servum
1514 4101 1841 4160 centurionis
1863 4101 1942 4155 ire
1974 4112 2133 4169 para-

571 4209 657 4255 tus
683 4198 799 4253 fuit.
826 4198 1104 4266 increpata
1129 4205 1211 4250 est
1237 4209 1365 4265 ergo
1398 4193 1644 4263 superbia
1670 4200 1874 4253 nostra,
1903 4204 2021 4259 qua:
2046 4204 2135 4243 ne-

560 4291 679 4350 scit
707 4304 931 4361 pensare
964 4287 1210 4342 homines
1254 4295 1473 4355 propter
1501 4284 1767 4347 homines,
1796 4281 1930 4346 sola,
1962 4289 2021 4335 ut
2055 4280 2135 4335 di-

570 4383 765 4441 ximus,
791 4392 909 4448 quae
934 4376 1284 4431 circumstant
1306 4373 1628 4435 hominibus,
1652 4379 1861 4440 pensat,
1887 4378 2135 4425 naturam

570 4485 680 4535 non
722 4467 932 4537 aspicit,
960 4465 1219 4519 honorem
1249 4461 1342 4522 Dei
1381 4461 1436 4519 in
1475 4454 1776 4515 hominibus
1821 4474 1926 4513 non
1971 4471 2137 4528 agno-

579 4561 706 4618 scit.
734 4560 873 4619 Ecce
902 4558 978 4611 ire
1014 4570 1119 4610 non
1152 4552 1263 4608 vult
1302 4551 1470 4607 Filius
1510 4549 1602 4603 Dei
1647 4549 1713 4603 ad
1742 4548 1909 4603 lilium
1946 4547 2134 4616 reguli,

575 4660 632 4709 et
661 4659 836 4706 tamen
862 4647 1048 4702 venire
1080 4652 1299 4715 paratus
1326 4651 1407 4698 est
1437 4642 1503 4696 ad
1531 4640 1761 4697 salutem
1790 4642 1952 4696 servi.
1984 4638 2142 4695 Certe

577 4743 622 4799 si
668 4756 766 4799 nos
805 4738 1100 4810 cuiuspiam
1136 4751 1323 4795 servus
1354 4740 1569 4805 rogaret
1601 4740 1660 4786 ut
1686 4733 1754 4787 ad
1788 4747 1910 4789 eum
1938 4731 2019 4791 ire
2056 4732 2144 4787 de-

576 4834 844 4893 beremus,
871 4828 1114 4899 protinus
1153 4826 1308 4890 nobis
1349 4831 1538 4879 nostra
1566 4822 1813 4893 superbia
1859 4822 1915 4881 in
1942 4822 2143 4895 cogita.

581 4922 726 4978 tione
758 4919 917 4978 tacita
964 4918 1311 4988 responderet
1339 4917 1522 4972 dicens
1550 4934 1563 4969 :
1592 4914 1708 4969 Non
1752 4928 1863 4980 eas,
1894 4916 2019 4987 quia
2058 4926 2141 4970 te-

581 5012 864 5081 metipsum
913 5008 1226 5082 degeneras,
1270 5008 1442 5064 honor
1486 5015 1608 5065 tuus
1646 5006 1953 5076 despicitur.
1991 5006 2144 5067 locus

582 5103 816 5161 vilescit.
844 5100 984 5158 Ecce
1009 5099 1076 5154 de
1102 5099 1240 5153 caelo
1266 5098 1433 5162 venit,
1460 5097 1551 5167 qui
1587 5110 1744 5157 servo
1775 5112 2060 5159 occurrere
2090 5097 2144 5152 in

584 5205 733 5254 terra
762 5207 871 5251 non
899 5190 1155 5262 despicit;
1181 5198 1237 5245 et
1263 5187 1736 5273 tamen‘bumiliari
1764 5187 1817 5241 in
1844 5195 1985 5247 terra
2019 5203 2148 5243 con-

588 5283 1011 5355 temnimus,’qui
1033 5283 1098 5338 de
1125 5292 1268 5341 terra
1288 5296 1493 5338 sumus.
1514 5279 1651 5347 Quid
1674 5294 1801 5335 vero
1822 5279 1960 5348 apud
1981 5278 2147 5335 Deum

590 5377 770 5444 vilius,
797 5377 929 5447 quid
950 5386 1067 5433 esse
1091 5372 1391 5446 despectius
1414 5378 1608 5439 potest,
1631 5384 1790 5440 quam
1819 5383 2031 5427 servare
2057 5372 2153 5423 bo-

593 5482 782 5523 norem
815 5465 955 5536 apud
1002 5464 1264 5528 homines,
1310 5470 1365 5516 et
1398 5460 1594 5517 interni
1639 5457 1787 5517 testis
1823 5457 2004 5515 oculos
2046 5474 2151 5516 non

597 5557 791 5619 timere
803 5558 828 5610 ?
847 5577 866 5610 ι

672 5681 704 5711 γε
732 5668 791 5725 .ln
815 5666 978 5741 Epist.
998 5667 1139 5723 beati
1164 5665 1366 5732 Jacobi,
1390 5678 1440 5721 .c.
1471 5679 1521 5719 ν.

2216 3217 2437 3276 prorsus
2475 3200 2706 3257 vitanda:
2738 3197 2865 3260 sint,
2896 3206 2950 3252 et
2988 3195 3170 3259 unctio
3204 3192 3524 3252 sanctilicati
3551 3191 3655 3246 olei
3684 3204 3791 3248 ex-

2220 3295 2473 3369 petenda,
2511 3276 3086 3361 Marcusievangclista
3130 3287 3332 3342 indicat
3367 3305 3381 3343 :
3413 3285 3481 3339 Et
3519 3293 3792 3349 exeuntes,

2224 3388 2427 3460 inquit,
2470 3383 2821 3457 pra‘dicabant
2861 3392 2915 3436 ut
2941 3379 3290 3452 paenitentiam
3329 3387 3567 3451 agerent,
3596 3385 3644 3428 et
3684 3375 3799 3428 du!-

2220 3480 2394 3534 monia
2414 3475 2578 3532 multa
2604 3473 2897 3545 ejiciebant,
2924 3481 2969 3524 et
2994 3468 3255 3538 angebant
3280 3465 3389 3520 oleo
3410 3465 3600 3527 multos
3624 3470 3794 3533 (egro;

2221 3579 2322 3633 tos,
2354 3576 2402 3621 et
2434 3564 2687 3619 sanabant
2715 3561 2906 3634 (Marc.
2931 3575 3009 3624 vr,
3040 3557 3146 3629 l2).
3174 3556 3325 3612 Unde
3355 3563 3517 3635 patet,
3556 3563 3616 3608 ut
3644 3553 3793 3615 Beda

2225 3658 2412 3715 scribit
2434 3669 2483 3720 δ,
2519 3656 2661 3710 hunc
2687 3660 2886 3708 sanctae
2928 3648 3180 3707 Ecclesia:
3225 3660 3427 3702 morem
3453 3659 3574 3699 esse
3622 3644 3784 3699 tradi.

2227 3760 2357 3815 tum,
2389 3757 2449 3802 ut
2477 3745 2844 3816 energumeni,
2872 3741 2957 3797 vel
2985 3741 3074 3801 alii
3097 3738 3321 3812 quilibet
3344 3736 3554 3805 aegroti,
3584 3751 3795 3804 ungan-

2226 3850 2313 3896 tur
2361 3839 2479 3894 oleo
2520 3834 2812 3907 pontiﬁcali
2847 3832 3218 3887 benedictione
3256 3835 3593 3884 consecrato.
3630 3827 3799 3889 Docet

2226 3943 2438 4000 quoque
2471 3925 2705 3981 Iacobus
2746 3921 3018 3994 apostolus
3053 3921 3237 3979 dicens
3272 3933 3286 3971 :
3328 3916 3642 3995 lnﬁrmatur
3678 3916 3798 3988 quis

2227 4021 2284 4079 in
2311 4018 2488 4073 vobis?
2524 4017 2737 4070 inducat
2778 4012 3096 4085 presbyteros
3126 4007 3393 4072 Ecclesiw,
3423 4016 3482 4061 ut
3522 4016 3668 4061 orent
3707 4022 3802 4067 stt.-

2228 4127 2320 4182 per
2361 4125 2512 4173 eum,
2561 4115 2806 4177 augentes
2845 4119 2961 4157 eum
2991 4101 3103 4156 oleo
3141 4101 3196 4153 in
3245 4097 3449 4157 nomine
3485 4095 3723 4159 Domini,
3748 4104 3803 4156 et

2232 4200 2399 4257 oratio
2429 4198 2552 4268 ﬁdei
2594 4195 2813 4255 ralvabit
2859 4193 3143 4268 inﬁmum.
3172 4200 3219 4244 et
3253 4187 3493 4243 allevabit
3537 4203 3654 4241 eum
3690 4186 3806 4241 Dos-

2231 4292 2403 4345 minus
2425 4302 2444 4341 :
2474 4272 2530 4342 et.
2563 4289 2608 4341 si
2646 4288 2701 4341 in
2744 4286 2965 4356 peccatis
3008 4284 3094 4345 sit,
3125 4281 3446 4341 dimittentur
3480 4280 3526 4333 ei
3564 4277 3708 4348 (Jac.
3746 4294 3803 4347 τ’,

2238 4382 2347 4456 Η).
2375 4382 2524 4450 Quod
2550 4382 2713 4436 etiam
2741 4376 2997 4455 praefatus
3025 4375 3166 4430 Beda
3200 4374 3273 4428 ita
3301 4371 3515 4448 exponit
3541 4388 3555 4425 :
3599 4388 3618 4421 ι
3649 4369 3807 4433 Sicut

2238 4474 2485 4537 dederat,
2534 4472 2740 4541 inquit,
2788 4469 3125 4533 contt'istato,
3157 4465 3236 4520 sic
3276 4465 3370 4518 dat
3403 4474 3457 4518 et
3505 4460 3807 4521 inﬁrmanti

2238 4563 2552 4627 consilium,
2608 4559 2840 4636 qualiter
2885 4572 2944 4613 se
2995 4572 3025 4617 a
3086 4552 3525 4615 murmurationis
3572 4550 3810 4611 stultitia

2238 4664 2462 4719 tutetur,
2483 4651 2744 4722 iuxtaque
2788 4651 3002 4705 modum
3036 4648 3289 4711 vulneris,
3318 4645 3531 4704 modum
3559 4643 3714 4713 ponit
3746 4652 3807 4706 et

2243 4745 2481 4810 medelas,
2513 4743 2723 4799 tristato
2765 4740 3102 4815 pnncipiens,
3129 4747 3189 4792 ut
3227 4738 3339 4807 ipse
3369 4750 3466 4807 pro
3515 4748 3574 4790 se
3601 4743 3723 4791 oret
3754 4743 3812 4799 et

2243 4836 2463 4913 psallat;
2494 4833 2781 4893 inﬁrmanti
2810 4841 2985 4891 autem
3011 4830 3093 4886 vel
3123 4841 3371 4898 corpore,
3400 4824 3484 4880 vel
3515 4823 3620 4880 (ide
3650 4840 3811 4879 man-

2243 4929 2395 4994 dans,
2425 4926 2593 5001 utqui
2622 4924 2878 5005 maiorem
2907 4922 3159 4979 sustinuit
3193 4919 3421 4991 plagam,
3454 4916 3811 4987 plurimorum

2244 5035 2303 5075 se
2346 5016 2635 5088 adiutorio,
2664 5024 2719 5071 et
2749 5016 2851 5070 hoc
2900 5014 3203 5076 seniorum,
3241 5009 3419 5064 curari
3467 5008 3810 5081 meminerit;

2246 5123 2420 5180 neque
2454 5107 2519 5160 ad
2542 5106 2786 5179 iuniores
2815 5104 3098 5174 minusque
3131 5103 3318 5157 doctos
3348 5114 3533 5155 curam
3564 5114 3676 5161 suae
3717 5099 3819 5151 ini-

2248 5196 2553 5255 bccillitatis
2592 5194 2811 5257 referat,
2842 5210 2909 5249 ne
2935 5192 3071 5248 forte
3097 5191 3223 5262 quid
3265 5205 3361 5261 per
3398 5204 3493 5244 eos
3535 5188 3819 5250 allocutio-

2252 5286 2335 5347 nis
2368 5296 2461 5341 aut
2482 5285 2689 5348 consilii
2714 5286 2955 5341 nocentis
2982 5284 3227 5353 accipiat.
3260 5281 3324 5335 Et
3353 5287 3499 5341 orent
3518 5294 3676 5349 super
3703 5295 3818 5331 eum

2250 5385 2498 5446 augentes
2525 5391 2642 5435 eum
2671 5374 2783 5428 oleo
2825 5375 2880 5427 in
2919 5374 3126 5427 nomine
3164 5371 3374 5425 Domini
3419 5368 3605 5442 (lbid.,
3632 5386 3678 5423 ν.
3708 5368 3820 5437 Η).

2256 5464 2369 5523 Hoc
2408 5472 2461 5520 et
2494 5464 2719 5534 apostoli
2774 5464 2827 5518 in
2875 5462 3163 5534 Evangelio
3213 5461 3461 5532 leguntur
3506 5460 3724 5526 fecisse,
3772 5467 3828 5523 et

2258 5569 2397 5615 nunc
2426 5555 2678 5617 Ecclesia:
2702 5554 3033 5612 consuetudo
3055 5560 3222 5619 tenet,
3248 5559 3310 5609 ut
3333 5549 3530 5611 inllrmi
3559 5549 3682 5609 oleo
3702 5564 3825 5605 con:
