4030 6190
316 310 395 382 2'6
410 333 424 385 ι

1317 329 1404 383 DE
1441 329 1914 388 INSTITUTIONE
1953 333 2237 390 lAlCALl.
2278 366 2346 374 ο-
2385 335 2512 389 LIB.
2553 334 2642 389 Ill.

3449 344 3553 400 262

312 448 539 497 secrato
558 447 829 510 uagantur
847 454 878 492 a
903 439 1246 510 presbyteris,
1266 450 1320 495 et
1339 444 1580 498 oratione
1602 445 1889 498 comitante
1917 452 1962 506 Α
1991 456 2299 501 sanctorum
2326 459 2641 519 martyrum,
2667 449 2760 503 sed
2786 449 3026 508 etiamin
3049 453 3275 510 aliorum
3302 471 3551 526 quorum-

316 540 605 585 sanentur.
638 549 656 581 ι

391 620 511 672 Non
537 620 706 673 solum
744 619 1092 690 presbyteris,
1123 622 1235 685 sed,
1268 629 1327 674 ut
1366 621 1709 678 Innocentius
1747 640 1885 694 papa

313 723 340 750 ³
376 710 616 778 scripsit,
646 710 808 763 etiam
837 711 1087 764 omnibus
1115 711 1436 767 Christianis
1463 715 1539 767 uti
1565 713 1770 768 licitum
1801 724 1886 770 est

311 803 372 856 in
421 801 615 855 eodem
647 801 786 864 loco,
833 801 886 854 in
922 816 1015 854 sua
1059 810 1151 855 aut
1179 817 1398 856 suorum
1430 805 1750 860 necessitate
1785 823 1885 864 un-

311 891 497 962 gendi.
526 891 678 958 Quod
708 897 887 946 tamen
918 892 1094 944 oleum
1126 907 1230 946 non
1262 893 1366 948 nisi
1408 894 1476 949 ab
1510 896 1773 966 episcOpis
1817 897 1882 954 li~

311 991 401 1036 cet
431 981 648 1035 conﬁci.
692 978 822 1034 Nam
853 981 995 1048 quod
1039 982 1134 1045 ait,
1170 982 1288 1036 oleo
1331 983 1384 1038 in
1426 985 1641 1039 nomine
1673 987 1882 1045 Domini

311 1086 658 1147 consecrato,
690 1075 771 1128 vel
801 1083 946 1128 certe
987 1075 1110 1144 quia
1139 1077 1298 1130 etiam
1339 1093 1460 1131 cum
1501 1089 1702 1147 ungunt
1735 1081 1884 1134 inﬁr-

310 1186 460 1223 mum
483 1210 497 1232 ,
533 1184 732 1222 nomen
771 1168 980 1222 Domini
1029 1183 1189 1236 super
1214 1185 1335 1223 eum
1388 1171 1636 1224 invocare
1678 1173 1884 1239 pariter

308 1259 530 1316 debent.
559 1267 607 1311 et
630 1258 676 1310 si
705 1259 760 1310 in
792 1243 1009 1326 peccatis
1035 1259 1118 1321 sit,
1149 1258 1470 1312 dimittentur
1495 1262 1562 1312 ei.
1591 1259 1736 1314 Multi
1763 1277 1882 1330 pro-

307 1357 428 1420 pter
459 1357 680 1418 peccata
721 1349 772 1401 in
809 1351 988 1401 animo
1035 1347 1194 1412 facta,
1236 1347 1562 1410 inﬁrmitate,
1592 1357 1683 1403 aut
1715 1351 1878 1421 etiam

307 1447 484 1492 morte
511 1437 816 1507 plectuntur
835 1437 1096 1506 corporis.
1128 1437 1279 1491 Unde
1306 1445 1360 1492 et
1385 1438 1670 1507 Apostolus
1691 1440 1880 1494 Corin-

306 1530 456 1591 thiis,
489 1529 612 1598 quia
657 1543 849 1598 corpus
894 1527 1101 1582 Domini
1140 1528 1356 1597 indigne
1400 1529 1680 1597 percipere
1721 1538 1878 1584 erant

304 1619 482 1673 soliti:
514 1619 653 1681 ideo,
688 1618 877 1686 inquit,
920 1618 1056 1670 inter
1084 1634 1168 1671 vos
1210 1618 1361 1671 multi
1403 1617 1595 1686 inﬁrmi
1632 1629 1677 1672 et
1720 1620 1877 1674 imbe-

1988 534 2115 588 libet
2157 536 2508 592 cadaveribus
2536 539 2856 608 sepeliendis
2880 543 3126 600 devotam
3154 545 3544 606 humanitatem

1986 625 2342 694 praebuerunt.

2053 714 2180 780 Qua:
2210 729 2330 768 cum
2363 715 2434 768 ita
2473 715 2612 779 sint,
2651 717 2804 771 multi
2851 719 3009 774 hodie
3047 731 3170 778 sunt
3215 723 3549 782 Christiano-

1984 818 2137 868 rum,
2167 805 2257 872 qui
2293 803 2448 871 hujus
2490 805 2730 859 muneris
2778 805 3026 862 solatium
3059 826 3350 881 pauperum
3397 817 3548 869 fune-

1982 891 2129 946 ribus
2161 893 2501 957 subtrahunt,
2531 903 2586 951 ct
2613 895 2946 952 solummodo
2972 899 3216 967 divitum,
3249 915 3545 973 potentum,

1981 998 2306 1053 suorumque
2353 998 2633 1050 carorum,
2680 986 2731 1040 id
2775 989 3136 1056 spectabiliter
3165 1000 3324 1060 atque
3372 997 3545 1050 ambi-

1981 1072 2133 1137 tiose,
2159 1089 2277 1126 cum
2308 1074 2482 1128 omnis
2504 1076 2746 1140 ambitio,
2771 1086 2824 1130 ut
2853 1078 3043 1133 beatus
3065 1080 3140 1134 ait
3168 1082 3544 1153 Hieronymus,

1979 1163 2032 1216 in
2064 1172 2237 1217 morte
2266 1179 2480 1217 cessare
2514 1165 2724 1230 debeat,
2769 1167 3098 1236 impendunt.
3133 1170 3202 1225 Ut
3227 1172 3368 1226 enim
3398 1175 3548 1230 dives

1977 1261 2033 1306 et
2061 1268 2264 1322 pauper
2305 1269 2456 1324 aeque
2501 1256 2568 1310 ab
2608 1257 2859 1311 omnibus
2899 1257 3218 1314 Christianis
3266 1271 3392 1316 sunt
3423 1265 3548 1318 visi-

1957 1344 2144 1408 'tandi,
2183 1345 2254 1398 ita
2301 1345 2649 1400 nihilominus
2691 1346 2758 1400 ab
2786 1349 3034 1404 omnibus
3062 1361 3183 1404 sunt
3222 1353 3543 1420 sepeliendi;

1979 1434 2230 1502 quoniam
2262 1434 2567 1503 quicunque
2595 1450 2660 1489 ex
2702 1452 2878 1490 massa
2924 1439 3129 1508 peccati
3159 1439 3287 1494 Adae
3319 1457 3547 1496 nascun-

1977 1531 2085 1588 tur,
2117 1539 2335 1578 neccssc
2364 1534 2448 1578 est
2478 1525 2796 1580 moriantur.
2819 1525 2950 1586 ,Hoc
2979 1543 3168 1597 nempe
3207 1529 3444 1584 debitqu
3471 1531 3545 1585 ita

1973 1621 2059 1668 est
2099 1613 2404 1668 inevitabile
2451 1623 2614 1684 atque
2663 1615 3034 1682 ineluctabile,
3077 1628 3137 1672 ut
3183 1619 3358 1674 nullus
3403 1620 3540 1675 ﬁlio-

303 1709 473 1772 cilles,
501 1717 551 1762 et
585 1707 847 1760 dormiunt
875 1705 1023 1758 multi
1053 1705 1101 1777 (1
1131 1705 1250 1760 Cor.
1278 1723 1355 1768 χι,
1391 1706 1501 1777 '50).
1531 1706 1588 1761 Si
1633 1724 1761 1780 ergo
1796 1709 1876 1763 in-
1974 1720 2092 1760 rum
2121 1705 2290 1762 Adam
2320 1707 2391 1760 ab
2415 1721 2480 1760 eo
2509 1707 2761 1764 immunis
2784 1721 2902 1761 esse
2939 1710 3137 1779 possit;
3170 1710 3370 1766 Christi
3397 1714 3542 1771 enim

304 1799 447 1852 ﬁrmi
479 1800 532 1852 in
563 1797 799 1868 peccatis
842 1797 977 1858 sint,
1008 1805 1062 1850 et
1101 1797 1216 1852 htec
1255 1799 1582 1868 presbyteris
1621 1800 1871 1854 Ecclesiae
1900 1799 1945 1856 Β
1973 1784 2190 1868 sanguis
2223 1810 2253 1848 ει
2290 1805 2566 1866 perpetua.
2597 1812 2703 1852 non
2733 1813 2762 1850 τι
2792 1800 3061 1853 communi
3089 1816 3187 1856 nos
3214 1812 3384 1856 morte
3414 1803 3544 1857 libe-

302 1889 539 1944 conl'essi
593 1887 820 1952 fuerint,
870 1904 933 1942 ac
982 1887 1222 1956 perfecto
1266 1891 1429 1944 corde
1460 1906 1523 1946 ea
1571 1891 1873 1961 relinquere
1972 1895 2076 1940 rat.
2121 1887 2176 1939 ln
2219 1885 2389 1939 Adam
2431 1886 2584 1956 juxta
2628 1886 2942 1956 Apostolum
3013 1905 3200 1945 omnes
3239 1892 3542 1958 morimur;

301 1992 466 2051 atque
495 1980 795 2034 emendare
832 1979 1156 2048 sategerint,
1190 1981 1527 2038 dimittentur
1562 1985 1660 2040 eis.
1690 1984 1872 2053 Neque
1971 1980 2065 2034 sed
2101 1979 2155 2033 in
2185 1977 2400 2034 Christo
2439 1977 2793 2034 viviﬁcamur.
2826 1979 2882 2034 ln
2909 1979 3079 2038 Adam
3112 1982 3274 2060 igitur
3311 1983 3540 2048 ruimus,

299 2074 446 2127 enim
473 2073 590 2126 sine
619 2071 954 2125 confessione
985 2071 1395 2136 emendationis,
1425 2083 1642 2143 peccata
1670 2083 1875 2144 queunt
1970 2069 2064 2124 sed
2093 2070 2147 2124 in
2174 2069 2392 2124 Christo
2429 2071 2838 2126 resurreximus.
2870 2070 3010 2142 Ergo
3053 2073 3245 2126 melius
3271 2082 3393 2142 post
3433 2074 3547 2128 rui.

298 2147 526 2216 dimitti:
556 2160 735 2216 Multis
773 2175 1004 2231 namque
1037 2169 1258 2232 propter
1281 2162 1658 2231 ignorantiam,
1689 2166 1870 2221 multis

298 2265 522 2329 propter
561 2253 844 2318 incuriam,
870 2253 983 2307 haec
1019 2252 1121 2310 olei
1165 2254 1348 2308 unctio
1385 2255 1453 2308 ab
1486 2270 1584 2310 usu
1621 2256 1866 2311 recessit.

299 2345 510 2412 Quibus
555 2351 733 2397 autem
775 2343 829 2396 in
871 2357 969 2396 usu
1013 2357 1118 2396 non
1143 2351 1258 2407 est,
1302 2356 1522 2398 necesse
1569 2353 1654 2398 est
1708 2352 1767 2399 ut
1814 2361 1865 2399 in

306 2449 462 2487 usum
495 2431 695 2489 veniat.
734 2429 886 2486 Unde
907 2438 1119 2499 oportet
1158 2439 1217 2483 ut
1243 2431 1457 2500 quando
1481 2432 1602 2500 quis
1631 2431 1868 2486 inﬁrma-

299 2533 408 2586 tur,
440 2537 548 2574 non
593 2535 624 2574 a
652 2519 846 2578 divinis
869 2528 926 2574 et
958 2519 1381 2586 divinatricihus,
1417 2537 1536 2591 quze
1560 2522 1746 2591 utique
1773 2523 1867 2576 ha-

297 2615 586 2669 bitationes
630 2619 756 2666 sunt
795 2610 1132 2677 (immnum,
1170 2613 1264 2667 sed
1302 2613 1369 2668 ab
1409 2613 1680 2679 Ecclesia,
1720 2612 1864 2680 ejus-

296 2718 405 2774 que
459 2701 874 2766 sacerdotibus,
923 2709 978 2755 et
1033 2703 1286 2756 unctione
1342 2703 1657 2758 sanctiﬁcati
1715 2703 1863 2769 olei,

294 2795 397 2851 sibi
448 2791 742 2849 remedium
786 2807 889 2847 non
935 2791 1105 2848 solum
1156 2792 1211 2847 in
1263 2807 1521 2864 corpore,
1565 2793 1658 2850 sed
1698 2795 1861 2850 etiam

294 2889 350 2942 in
400 2887 580 2940 anima
633 2900 664 2939 a
714 2885 943 2940 Domino
987 2883 1111 2940 Jesu
1163 2884 1378 2941 Christo
1428 2887 1662 2957 postulet
1707 2886 1864 2942 adfu-

296 2989 501 3034 turum.

891 3067 1118 3128 CAPUT
1157 3069 1272 3126 XV.

1972 2176 2097 2218 nam
2125 2161 2415 2217 crevimus.
2447 2159 2552 2216 Sed
2595 2161 2718 2230 quia
2751 2170 2892 2216 terra
2919 2177 3121 2227 sumus,
3153 2171 3208 2218 et
3249 2165 3303 2216 in
3340 2172 3539 2218 terram

1967 2251 2264 2323 redigendi,
2297 2253 2816 2322 resurrectionisque
2851 2262 3090 2324 tempore
3119 2255 3171 2309 in
3218 2255 3410 2312 melius
3455 2271 3542 2311 re-

1965 2343 2210 2413 parandi,
2242 2343 2399 2398 debet
2443 2341 2752 2398 Christiana
2790 2343 2961 2416 pietas
2999 2358 3092 2412 spe
3122 2345 3543 2400 resurrectionis.

1964 2444 2144 2491 erecta
2171 2435 2224 2489 in
2256 2434 2573 2505 sepeliendis
2599 2434 2844 2498 mortuis,
2867 2450 3106 2505 curaque
3128 2450 3226 2505 pro
3249 2437 3534 2492 animabus

1963 2542 2148 2583 eorum
2192 2527 2446 2598 gerenda,
2477 2527 2878 2583 devotissimam
2909 2527 3109 2584 habere
3153 2529 3541 2586 misericordia:-

1965 2618 2316 2689 diligentiam.
2360 2616 2512 2677 Unde
2557 2618 2633 2674 ait
2676 2620 2867 2674 beatus
2921 2618 3250 2690 Augustinus
3291 2621 3344 2675 in
3399 2621 3541 2678 libro

1965 2723 2276 2764 sermonum
2307 2709 2335 2748 ι)
2365 2726 2379 2763 :
2414 2727 2431 2759 ι
2462 2708 2546 2762 Sit
2589 2724 2688 2778 pro
2716 2709 2918 2764 viribus
2955 2725 3084 2764 cura
3127 2711 3447 2780 sepeliendi,
3477 2725 3534 2767 et

1964 2797 2205 2869 sepulcra
2239 2797 2610 2864 construendi,
2635 2798 2760 2868 quia
2788 2806 2842 2852 et
2869 2799 2983 2852 haec
3009 2799 3062 2852 in
3095 2799 3390 2870 Scripturis
3412 2817 3537 2855 san-

1963 2890 2064 2944 etis
2111 2889 2251 2942 inter
2277 2889 2414 2943 bona
2459 2904 2622 2956 opera
2661 2886 2913 2957 deputata
2954 2895 3096 2942 sunt.
3130 2888 3238 2943 Nec
3276 2889 3447 2944 solum
3478 2891 3533 2949 in

1962 2979 2276 3050 corporibus
2319 2979 2782 3049 patriarcharum,
2831 2979 3164 3050 aliorumque
3218 2990 3532 3042 sanctorum

1963 3080 2019 3125 et
2061 3070 2312 3124 humanis
2337 3069 2690 3124 cadaveribus
2720 3083 3052 3140 quorumque
3077 3070 3372 3141 iacentium
3391 3113 3406 3138 ,
3439 3087 3530 3129 ve-

292 3160 380 3219 De
409 3161 624 3217 mortuis
663 3159 988 3231 sepeliendis,
1023 3169 1069 3214 et
1099 3176 1225 3232 cura
1267 3176 1361 3230 pro
1388 3177 1565 3215 eorum
1593 3160 1864 3216 animabus
1891 3137 1935 3200 (ἶ
1967 3179 2086 3218 rum
2114 3163 2274 3218 etiam
2304 3163 2359 3218 in
2391 3161 2559 3232 ipsius
2587 3137 2796 3218 Domini
2843 3137 3093 3231 corpore-
3117 3137 3398 3232 praadicati
3447 3174 3529 3218 at-

957 3230 1204 3300 gerenda.

369 3343 426 3397 In
474 3342 791 3414 sepeliendis
843 3343 1214 3408 cadaveribus,
1261 3357 1367 3396 non
1420 3342 1591 3398 solum
1644 3343 1865 3400 aﬁ‘ectus

293 3435 443 3489 circa
480 3435 692 3498 charos,
727 3433 820 3488 sed
854 3434 1017 3488 etiam
1060 3433 1370 3488 humanitas
1398 3434 1719 3503 generaliter
1754 3435 1859 3489 im-

191 3515 214 3524 ’
293 3523 577 3597 pandenda
629 3531 712 3576 est
764 3522 906 3576 circa
961 3537 1149 3580 omnes
1201 3521 1498 3577 defunctos.
1550 3522 1606 3576 In
1669 3522 1862 3577 Vetere

294 3614 492 3684 quippe
515 3624 570 3667 et
597 3612 650 3666 in
677 3611 824 3666 Novo
848 3611 1189 3666 Testamento
1215 3612 1421 3683 magnis
1450 3612 1693 3668 laudibus
1721 3630 1859 3684 pra:-

296 3704 549 3757 dicantur
586 3701 662 3754 illi
700 3702 789 3770 qui
819 3716 944 3772 erga
977 3711 1216 3759 mortuos
1252 3702 1584 3771 scpeliendos
1623 3703 1862 3759 devotis-

295 3797 489 3850 simam
525 3795 865 3850 exhibuerint
909 3795 1314 3850 humanitatem.
1369 3796 1424 3850 in
1467 3797 1660 3852 Vetere
1706 3814 1860 3856 nam-

294 3903 422 3957 que,
462 3888 604 3942 sicut
632 3887 800 3944 habes
838 3886 904 3941 de
943 3887 1145 3945 Tobia:
1179 3887 1499 3955 Esurientes,
1535 3889 1725 3958 inquit,
1754 3889 1862 3944 ale-

296 3980 406 4044 bat,
443 3979 596 4037 nudis
638 3981 935 4034 vestimenta
970 3981 1227 4050 prwbebat
1257 3980 1465 4052 (Tob.t,
1493 3982 1604 4053 20).
1632 3984 1698 4038 Et
1740 3991 1860 4054 post

294 4085 467 4142 pauca
493 4088 506 4124 :
533 4068 761 4139 Cumque
783 4070 1009 4136 abiisset,
1039 4087 1264 4125 reversus
1309 4073 1560 4127 nuntiavit
1602 4091 1763 4128 unum
1795 4088 1861 4130 ea:

292 4162 420 4230 [iliis
456 4159 626 4214 Israel
643 4159 942 4230 jugulatum
970 4161 1147 4230 jacere
1171 4162 1226 4216 in
1251 4161 1444 4232 platea,
1475 4164 1749 4234 statimque
1776 4179 1860 4219 ex-

294 4252 472 4308 siliens
501 4250 566 4303 de
594 4250 834 4303 accubitu
861 4267 975 4312 suo,
1013 4251 1302 4321 relinquens
1349 4251 1625 4321 prandium
1653 4251 1858 4320 jejunus

294 4341 524 4412 peruenit
550 4339 619 4392 ad
645 4356 850 4409 corpus,
876 4348 922 4392 et
949 4339 1130 4394 tollens
1154 4339 1304 4402 illud,
1332 4341 1551 4410 portavit
1574 4339 1626 4393 in
1649 4340 1858 4397 domum

294 4449 447 4486 suam
484 4429 699 4494 occulte,
730 4441 784 4483 ut
813 4431 935 4484 dum
961 4429 1038 4485 sol
1067 4431 1406 4496 occubuisset,
1444 4440 1593 4485 caute
1624 4431 1856 4502 sepeliret

292 4540 417 4578 eum
453 4521 603 4593 (Tob.
629 4537 690 4581 ιι,
716 4521 792 4590 5).
821 4520 887 4574 Ει
922 4531 1041 4590 post
1075 4522 1339 4590 quaedam,
1383 4522 1604 4592 angelus
1644 4523 1710 4577 ad
1755 4524 1858 4579 To-

295 4614 480 4668 biam:
512 4611 754 4677 Quando,
799 4611 990 4681 inquit,
1019 4611 1204 4665 arabas
1241 4628 1360 4665 cum
1401 4611 1666 4682 lacrymis,
1693 4621 1739 4666 et
1780 4629 1860 4668 se-

291 4701 520 4772 peliebas
558 4710 811 4766 mortuas,
849 4710 896 4754 et
944 4700 1329 4772 derelinquebas
1364 4703 1642 4774 prandium
1679 4714 1854 4770 tuum,

291 4803 341 4846 et
366 4801 598 4844 mortuos
621 4790 966 4846 ubscondebas
985 4807 1076 4860 per
1096 4792 1229 4846 diem
1251 4793 1304 4846 in
1325 4793 1476 4849 domo
1499 4804 1611 4860 tua,
1638 4802 1685 4847 et
1713 4805 1859 4848 nocte

290 4881 577 4951 sepeliebas
624 4898 730 4945 eos,
775 4898 866 4950 ego
908 4881 1070 4935 obtuli
1112 4884 1393 4937 orationem
1446 4894 1588 4938 tuam
1635 4884 1857 4940 Domino

295 4971 453 5042 (Tob.
494 4988 602 5038 xu,
630 4973 738 5044 12).
786 4972 960 5027 Habes
989 4974 1148 5027 etiam
1178 4983 1231 5029 et
1261 4975 1363 5032 alia
1409 4976 1572 5029 multa
1611 4977 1854 5047 exempla

295 5068 352 5122 in
406 5064 593 5118 eodem
634 5063 978 5120 Testamento
1008 5066 1072 5120 de
1105 5066 1189 5120 his
1219 5066 1309 5136 qui
1353 5067 1496 5120 circa
1528 5068 1854 5136 sepulturam

298 5169 522 5224 regum,
563 5161 616 5207 et
662 5154 1065 5224 prophetarum,
1092 5164 1148 5210 et
1191 5165 1504 5216 caeterorum
1549 5168 1857 5212 sanctorum

293 5251 540 5302 virorum
583 5246 934 5301 liberalissimi
980 5262 1042 5300 ac
1072 5246 1398 5300 devotissimi
1435 5248 1775 5302 exstiterunt.
1802 5248 1858 5303 in

293 5341 450 5398 Novo
493 5351 668 5396 autem
714 5341 1074 5406 Testamento,
1125 5357 1228 5394 non
1271 5341 1441 5395 solum
1491 5340 1722 5412 Ioseph,
1765 5343 1856 5410 qui

291 5446 496 5500 corpus
523 5430 719 5487 Christi
753 5432 970 5486 involvit
994 5432 1046 5485 in
1077 5432 1321 5493 sindone,
1349 5438 1402 5484 et
1428 5430 1480 5484 in
1512 5443 1856 5487 monumento

293 5537 400 5575 suo
425 5535 567 5574 novo
595 5521 872 5592 sepelivit,
909 5535 1094 5574 verum
1130 5519 1293 5574 etiam
1323 5518 1410 5572 alii
1440 5519 1855 5577 innumerabiles

293 5622 426 5666 sunt
453 5612 628 5666 sancti
658 5611 756 5665 viri
784 5610 875 5664 tibi
905 5609 1304 5685 iniexemplum,
1331 5609 1422 5677 qui
1454 5625 1557 5664 non
1601 5609 1767 5664 solum
1799 5610 1852 5663 in

371 5735 398 5761 ι
436 5721 603 5792 Epist.
639 5737 674 5785 ι,
702 5736 748 5791 c.
775 5720 838 5787 8;
865 5731 919 5775 et
946 5719 1082 5774 Beda
1107 5719 1194 5773 ubi
1227 5733 1404 5789 supra.

1964 3269 2069 3324 que
2113 3253 2315 3309 laudati
2363 3261 2488 3308 sunt
2531 3252 2621 3321 qui
2657 3252 2762 3307 ista
2808 3251 3065 3308 fecerunt.
3111 3253 3370 3324 Impleant
3414 3255 3528 3310 haec

1960 3347 2204 3406 homines
2230 3361 2360 3413 erga
2400 3361 2525 3400 suos
2551 3344 2723 3401 ollicia
2767 3346 3025 3415 postremi
3067 3347 3329 3413 muneris,
3357 3356 3410 3403 et
3447 3348 3528 3408 sui

1960 3437 2184 3492 humani
2241 3436 2474 3495 lamenta
2536 3436 2853 3491 maeroris»:
2909 3435 3305 3492 Contristamur
3350 3439 3529 3508 itaque

1959 3528 2246 3582 amissione
2275 3541 2526 3581 carorum
2572 3535 2905 3590 nostrorum,
2931 3534 2990 3580 et
3021 3526 3277 3597 erigimur
3319 3543 3414 3598 spe
3443 3528 3525 3582 fu-

1959 3624 2092 3671 turze
2132 3615 2568 3678 immortalitatis,
2613 3613 2861 3683 donoque
2893 3615 3303 3670 resurrectionis
3332 3615 3530 3670 hilare-

1959 3709 2160 3764 scimus
2214 3715 2270 3762 et
2315 3706 2675 3761 consolamur.
2725 3705 2992 3760 Admonet
3026 3705 3222 3775 quippe
3263 3721 3360 3761 nos
3384 3707 3529 3778 Apo-

1958 3797 2148 3861 stolus,
2173 3806 2229 3850 ut
2252 3797 2316 3850 de
2339 3791 2731 3859 dormientibus,
2768 3795 2870 3850 hoc
2903 3804 2985 3849 est
3008 3796 3254 3860 mortuis,
3283 3813 3386 3850 non
3407 3813 3533 3850 cons

1957 3889 2241 3952 tristemur,
2267 3889 2398 3941 sicut
2427 3887 2599 3940 cwteri
2629 3888 2718 3957 qui
2747 3903 2886 3955 spem
2922 3902 3026 3939 non
3054 3886 3239 3940 habent
3267 3885 3320 3957 (I
3344 3885 3535 3943 Thess-

1957 3993 2030 4044 iv,
2062 3977 2178 4045 12).
2209 3977 2370 4046 Spem
2415 3976 2618 4033 scilicet
2645 3975 3054 4029 resurrectionis
3085 3983 3141 4030 et
3171 3975 3528 4045 incorruptio-

1956 4069 2042 4124 nis
2077 4075 2308 4123 teternze.
2349 4064 2495 4132 Quos
2525 4071 2703 4118 autem
2747 4064 3073 4122 dormientes
3094 4065 3347 4136 appellat,
3368 4075 3424 4122 et
3453 4066 3532 4122 vi-

1956 4157 2212 4227 gilaturos
2237 4154 2452 4209 tandem
2473 4153 2825 4211 demonstrat.

2026 4249 2158 4303 item
2187 4248 2514 4318 Augustinus
2547 4245 2598 4299 in
2623 4245 2808 4300 eodem
2823 4245 2959 4303 libro
2988 4247 3156 4318 (σαμε
3181 4288 3196 4311 ,
3219 4246 3309 4319 2):
3339 4265 3358 4298 ί
3387 4247 3528 4302 Con-

1957 4340 2257 4401 tristamur,
2285 4338 2476 4407 inquit,
2505 4351 2603 4391 nos
2633 4336 2685 4392 in
2715 4344 3020 4400 nostrorum
3048 4337 3310 4402 mortibus
3335 4352 3516 4393 neces-

1960 4432 2116 4486 sitate
2141 4427 2438 4493 amittendi,
2483 4427 2574 4482 sed
2597 4441 2720 4480 cum
2747 4441 2842 4496 spe
2867 4426 3190 4496 recipiendi.
3249 4426 3375 4483 lude
3422 4444 3520 4484 θη-

1881 4488 1934 4547 D
1958 4520 2152 4590 gimur,
2182 4518 2307 4572 hinc
2329 4515 2688 4571 consolamur.
2731 4515 2857 4573 lude
2885 4515 3168 4570 inﬁrmitas
3189 4514 3371 4582 allicit,
3398 4517 3523 4576 hinc

1958 4611 2091 4666 ﬁdes
2117 4609 2308 4664 reﬁcit.
2341 4608 2468 4663 inde
2496 4607 2640 4662 dolet
2672 4607 2903 4661 humana
2936 4607 3190 4670 conditio,
3214 4608 3340 4662 hinc
3369 4617 3522 4666 sanat

1957 4703 2139 4758 divina
2170 4701 2476 4772 promissio.
2534 4699 2762 4754 Proinde
2812 4693 3006 4768 pompa
3029 4697 3252 4764 funeris,
3306 4699 3520 4768 agmina

1957 4795 2360 4864 exsequiarum,
2387 4799 2694 4862 sumptuosa
2713 4791 2982 4861 diligentia
3012 4789 3318 4859 sepulturae,
3337 4806 3523 4846 monu.

1957 4894 2258 4940 mentorum
2287 4884 2537 4952 opulenta
2569 4881 2916 4942 constructio,
2944 4881 3185 4935 vivorum
3218 4891 3341 4936 sunt
3387 4898 3522 4951 qua.

1955 4977 2238 5046 liacunque
2286 4976 2500 5041 solatia,
2556 4990 2660 5028 non
2691 4973 2952 5041 adjutoria
2983 4983 3334 5030 mortuorum.
3382 4974 3518 5029 Ora.

1958 5068 2192 5122 tionibus
2219 5082 2346 5120 vero
2364 5071 2560 5121 sanctae
2589 5063 2864 5129 Ecclesiae,
2899 5072 2953 5118 et
2987 5063 3252 5123 sacriﬁcio
3272 5065 3518 5128 salutari,

1957 5167 2012 5214 et
2038 5157 2407 5226 eleemosynis,
2443 5169 2561 5224 quae
2586 5170 2684 5224 pro
2699 5169 2884 5208 eorum
2906 5155 3182 5224 spiritibus
3209 5163 3516 5225 erogantur,

1958 5263 2063 5301 non
2110 5255 2192 5302 est
2235 5244 2580 5300 dubitandum
2619 5251 2856 5298 mortuos
2887 5243 3278 5314 adjuvarizsed
3325 5243 3518 5304 talibus

1959 5336 2050 5407 qui
2074 5337 2144 5390 ita
2166 5335 2806 5398 vixeruntantemortem,
2834 5342 2894 5388 ut
2911 5334 3116 5404 possint
3128 5334 3206 5388 eis
3229 5333 3343 5388 haec
3367 5334 3516 5393 utilia

1958 5438 2078 5479 esse
2131 5431 2252 5492 post
2278 5431 2522 5476 mortem.
2573 5421 2688 5477 Non
2710 5438 2838 5492 ergo
2881 5423 3106 5479 mortuis
3154 5439 3288 5479 nova
3325 5426 3513 5481 merita

1959 5523 2359 5584 comparantur,
2398 5528 2521 5567 cum
2560 5529 2658 5582 pro
2682 5513 2760 5568 eis
2790 5513 2912 5567 boni
2935 5512 3135 5581 aliquid
3163 5515 3362 5584 agitur,
3417 5517 3510 5572 sed

1956 5620 2141 5659 eorum
2170 5604 2589 5674 przecedentibus
2618 5603 2823 5658 meritis
2859 5603 3235 5669 consequentia
3267 5610 3364 5660 ista
3397 5607 3517 5659 red.

2032 5719 2058 5758 δ
2098 5718 2170 5776 De
2207 5717 2382 5771 verbis
2409 5728 2602 5784 apost.,
2633 5731 2793 5772 serm.
2819 5713 2907 5777 52,
2941 5729 2987 5767 c.
3016 5713 3068 5768 5.
