3956 6186
525 271 631 329 263

1578 233 1769 329 iam
1804 271 2356 331 meammeam
2393 269 2696 329 EPISCOPI

3642 278 3759 335 εει

524 396 740 448 duntur.
780 412 799 444 ι
859 366 1279 460 Patet'namque
1325 389 1447 471 quia
1485 390 1537 444 iu
1566 390 1849 445 humandis
1892 403 2087 458 corpo-
2114 392 2162 448 Α
2188 385 2281 438 sed
2307 386 2415 441 Deo
2442 386 2562 451 soli,
2590 387 2674 440 cui
2702 386 3079 444 citatissimum
3127 385 3447 445 sacriﬁcium
3472 397 3578 457 est,
3607 406 3747 460 opus

524 486 671 540 ribus
706 483 954 538 humanis
1001 497 1134 550 opus
1166 481 1548 535 misericordia?
1586 484 1943 537 exercendum
1978 490 2079 537 est.

521 576 671 641 Quod
720 574 764 627 si
816 573 918 627 illis
966 574 1079 626 haec
1109 572 1413 627 humanitas
1458 571 1524 625 ad
1552 572 1745 626 animm
1788 572 2083 627 remedium

520 663 933 718 nanciscendam
986 678 1089 715 non
1128 661 1359 731 proﬁcit,
1413 662 1567 716 nobis
1615 663 1797 729 utique
1830 662 2080 731 proﬁcit;

517 752 625 805 etsi
644 751 959 806 facientibus
984 751 1216 820 proﬁcit,
1247 767 1344 807 nec
1367 749 1685 806 facientibus
1710 752 1888 807 ofﬁcit.
1920 752 2084 823 Igitur

516 843 558 896 si
587 843 729 911 pium
764 852 847 897 est
874 852 1112 896 mortuos
1132 841 1374 915 sepelire,
1402 842 1623 912 impium
1649 850 1704 896 et
1730 843 2082 897 inhumanum

516 942 599 986 est
634 948 737 986 non
768 932 1012 1001 sepelire.

585 1021 719 1087 Quid
743 1037 901 1090 porro
930 1022 995 1076 de
1026 1021 1127 1075 illis
1156 1022 1447 1091 putandum
1476 1030 1580 1085 est,
1629 1022 1719 1090 qui
1750 1029 1988 1075 mortuos
2023 1023 2077 1076 in

514 1111 657 1180 agris
687 1112 798 1164 suis
857 1127 956 1165 nec
997 1111 1275 1181 si-peliunt,
1332 1127 1429 1164 nec
1467 1111 1691 1181 sepelire
1716 1112 1915 1174 sinunt,
1961 1113 2079 1167 sine

515 1200 799 1268 etalicujus
830 1202 1068 1256 muneris
1098 1202 1354 1271 pecunia?
1378 1201 1657 1255 Imitantur
1677 1201 1871 1271 quippe
1887 1201 1961 1263 hi,
1987 1202 2076 1270 qui

504 1293 681 1364 gratis
710 1293 761 1347 in
797 1293 941 1363 agris
974 1292 1085 1346 suis
1127 1299 1361 1346 mortuos
1403 1291 1685 1360 sepeliant,
1729 1290 1946 1360 Joseph.
1983 1291 2072 1360 qui

511 1399 704 1453 corpus
731 1383 939 1437 Domini
976 1383 1025 1436 in
1049 1381 1292 1452 sepulcro
1319 1396 1415 1435 suo
1439 1374 1704 1451 sepelivit.
1734 1381 1809 1435 Illi
1833 1396 1959 1435 vero
1984 1382 2075 1451 qui

511 1481 797 1528 testuantes
826 1472 1051 1526 avaritia
1080 1480 1318 1524 mortuos
1358 1470 1410 1523 in
1439 1470 1583 1540 agris
1603 1469 1716 1523 suis
1754 1468 1955 1537 absque
1981 1484 2076 1538 pe-

511 1563 682 1619 cunia:
710 1563 882 1631 pretio
927 1559 1153 1631 sepelire
1188 1574 1292 1613 non
1323 1559 1523 1622 sinunt,
1577 1558 1830 1613 videntur
1875 1554 2074 1613 imitari

2176 475 2400 546 justum.
2447 495 2466 528 ι

2250 566 2473 636 Oportet
2505 582 2698 637 nempe
2745 576 2804 622 ut
2832 583 2952 623 cum
3000 567 3237 623 cmlestis
3262 569 3416 639 origo
3462 571 3740 626 materiam

2184 660 2385 723 carnis,
2418 675 2580 729 quam
2598 667 2818 714 eatenus
2845 659 3162 713 inhabitavit
3183 667 3237 713 et
3256 660 3415 724 rexit,
3446 658 3740 730 reliquerit,

2180 752 2350 821 pietas
2389 752 2621 807 humana
2655 751 2895 807 eamdem
2931 766 3037 804 non
3077 767 3107 804 a
3137 750 3266 805 feris
3303 757 3358 803 et
3385 751 3747 809 avibusdila-

2178 843 2351 898 cerari
2382 843 2543 906 sinat,
2594 842 2688 897 sed
2719 849 2875 897 terrm
2908 843 3162 897 mandare
3195 843 3434 914 vigilanti
3470 858 3595 897 cura
3622 853 3744 897 stu-

2178 934 2320 987 deat.
2379 931 2621 987 Ofﬁcium
2650 945 2881 1001 namque
2910 932 3338 990 Christianorum
3366 931 3475 996 'est,
3532 943 3593 986 ut
3631 950 3741 989 non

2177 1022 2346 1078 solum
2378 1022 2753 1079 defunctorum
2782 1038 3003 1093 corpora
3059 1024 3286 1078 sollicite
3332 1039 3397 1079 ac
3426 1024 3618 1079 devote
3649 1040 3736 1079 sc-

2176 1110 2395 1183 peliant,
2432 1114 2560 1182 quin
2611 1113 2787 1182 potius
2834 1129 3018 1168 eorum
3066 1114 3365 1183 spiritibus,
3406 1116 3742 1185 orationibus

2175 1208 2230 1255 et
2255 1202 2607 1272 eleemosynis
2641 1217 2796 1271 opem
2822 1200 3018 1262 ferant.
3060 1203 3256 1259 Verum
3288 1203 3412 1258 licet
3442 1205 3616 1260 desint
3643 1222 3744 1275 ρειπ-

2178 1299 2375 1351 rentes,
2417 1291 2696 1361 propinqui
2754 1299 2807 1345 et
2846 1292 3023 1357 amici,
3048 1292 3138 1362 qui
3169 1292 3471 1364 specialiter
3502 1295 3602 1349 ista
3639 1311 3739 1366 ge~

2175 1388 2296 1434 rant
2321 1412 2327 1416 -
2341 1395 2439 1448 pro
2466 1381 2711 1443 mortuis,
2765 1381 3086 1451 generaliter
3114 1389 3291 1436 tamen
3344 1383 3460 1437 hme
3502 1398 3598 1452 pro
3628 1384 3739 1440 illis

2173 1470 2351 1526 facere
2372 1486 2475 1525 non
2497 1478 2675 1525 cessat
2698 1479 2868 1525 mater
2894 1470 3148 1536 Ecclesia,
3174 1488 3293 1542 qua:
3315 1488 3408 1527 eos
3420 1474 3741 1543 spiritaliter

2172 1560 2354 1630 genuit
2391 1576 2405 1622 ;
2446 1560 2585 1615 unde
2619 1560 2758 1615 sicut
2808 1560 2862 1619 in
2897 1560 3033 1615 libro
3069 1575 3378 1619 sermonum
3420 1562 3608 1618 beatus
3657 1567 3743 1623 ait

511 1653 747 1722 Ephron,
773 1649 864 1720 qui
895 1665 925 1704 a
953 1648 1150 1705 famulo
1176 1648 1266 1702 Dei
1293 1648 1564 1702 Abraham
1590 1647 1869 1717 pecuniam
1890 1654 2073 1716 postu-
2170 1649 2499 1720 Augustinus
2539 1649 2634 1704 :tA
2660 1649 2859 1704 sanctis
2894 1648 3140 1725 Patrihus
3178 1650 3432 1706 traditum
3483 1652 3736 1709 universa

508 1744 638 1800 lavit
661 1751 716 1797 et
746 1743 971 1811 accepit,
1005 1750 1060 1797 et
1093 1756 1277 1811 agrum
1305 1740 1395 1798 ubi
1422 1749 1693 1797 mortuum
1722 1755 1878 1794 suum
1907 1754 2066 1811 sepe-
2100 1725 2146 1785 Β
2173 1744 2425 1799 observat
2452 1744 2708 1809 Ecclesia,
2743 1752 2802 1799 ut
2830 1759 2928 1813 pro
2956 1744 3035 1799 eis
3085 1744 3175 1813 qui
3204 1745 3255 1799 in
3282 1747 3523 1815 corporis
3541 1756 3745 1801 etsan-

508 1834 649 1899 liret,
680 1832 936 1888 vendidit.
1098 1849 1143 1867 ·ι
1186 1857 1198 1863 ν·
1460 1893 1466 1898 ,
2169 1834 2348 1905 guinis
2390 1834 2588 1889 Christi
2620 1835 2992 1890 communione
3038 1834 3274 1891 defuncti
3302 1845 3444 1900 sunt,
3498 1852 3623 1892 eum
3662 1839 3737 1892 ad

580 1926 643 1981 lli
676 1940 803 1980 vero
830 1924 917 1999 qui
948 1923 1206 1978 cadavera
1233 1929 1566 1978 mortuorum
1606 1920 1665 1976 in
1697 1920 1934 1976 basilicis
1977 1935 2067 1975 se-
2169 1925 2339 1994 ipsum
2363 1923 2682 1979 sacriﬁcium
2706 1924 2824 1981 loco
2851 1939 2948 1979 suo
2984 1933 3486 1989 commemorantur,
3518 1935 3733 1992 oretur,

506 2016 682 2092 peliri,
713 2023 765 2070 et
793 2014 1014 2089 sepultis
1041 2013 1371 2077 fructuosum
1398 2027 1517 2068 esse
1547 2010 1862 2080 dijudicant,
1890 2010 2069 2080 legant
2168 2030 2232 2071 ac
2258 2031 2357 2085 pro
2384 2015 2489 2070 illis
2515 2029 2725 2084 quoque
2754 2015 2807 2069 id
2835 2013 3013 2070 oﬁ'erri
3043 2024 3500 2071 commemoretur.
3518 2016 3735 2071 tNulla-
3828 2044 3834 2049 -

506 2110 700 2166 librum
727 2108 1089 2178 Dialogorum,
1121 2120 1146 2147 ε·
1177 2115 1232 2161 et
1262 2107 1534 2162 invenient
1555 2106 1749 2175 quibus
1777 2105 1950 2175 prosit
1976 2119 2067 2159 se-
2167 2113 2321 2159 tenus
2342 2105 2517 2175 itaque
2541 2104 2787 2159 audiendi
2813 2106 2937 2159 sunt
2955 2105 3054 2169 illi,
3084 2106 3173 2176 qui
3196 2106 3536 2176 dicuntquoc‘
3565 2107 3734 2162 nullas

506 2199 660 2270 peliri
694 2214 745 2253 tn
769 2198 1013 2261 ecclesia,
1040 2206 1095 2251 et
1113 2196 1305 2268 quibus
1329 2195 1490 2251 obsit.
1521 2190 1907 2263 Sunt'namque
1937 2208 2070 2248 non-
2165 2193 2283 2248 aliae
2306 2194 2658 2266 eleemosynaa
2684 2194 2933 2264 opitulari
2966 2197 3173 2265 possint
3189 2196 3474 2262 defunctis,
3498 2198 3600 2253 nisi
3634 2214 3735 2253 so-

509 2290 635 2344 uulli
667 2291 755 2359 qui
812 2286 1042 2359 propter
1056 2287 1241 2342 domos
1269 2287 1371 2341 sibi
1405 2285 1656 2356 pulchras
1701 2278 2063 2347 aediﬁcandas,

506 2381 747 2451 sepulcra
773 2389 1108 2435 mortuorum
1128 2376 1359 2432 effodere
1381 2392 1485 2430 non
1509 2376 1797 2446 trepidant,
1829 2389 2059 2443 ossaque

504 2483 560 2528 et
584 2475 790 2529 cineres
814 2488 997 2528 eorum
1044 2472 1111 2526 ad
1137 2471 1302 2526 solem
1329 2466 1616 2539 projiciunt
1653 2485 1666 2521 :
1705 2476 1760 2521 et
1789 2467 1905 2521 haec
1930 2481 2065 2521 con-

497 2566 728 2623 suetudo
748 2566 801 2621 in
828 2574 1034 2623 tantum
1061 2563 1377 2636 quibusdam
1404 2560 1636 2631 irrepsit,
1689 2568 1748 2614 ut
1782 2575 1840 2615 se
1879 2559 1933 2615 in
1960 2561 2063 2615 hoc

504 2656 647 2710 facto
681 2671 904 2727 peccare
940 2672 1044 2712 non
1073 2654 1389 2727 intelligant,
1436 2652 1672 2707 dicentes
1701 2649 1834 2705 nihil
1870 2651 2063 2708 obesse

506 2750 635 2811 illis,
684 2765 912 2820 quorum
947 2764 1068 2804 ossa
1101 2722 1357 2818 impiant;
1386 2760 1507 2800 cum
1535 2744 1717 2812 utique
1751 2742 1798 2796 si
1826 2741 1930 2796 illis
1955 2756 2061 2796 non

501 2839 664 2901 ohsit,
722 2839 1011 2907 plurimum
1047 2837 1147 2892 sibi
1173 2844 1352 2891 tamen
1378 2841 1585 2889 noceat.
1622 2830 1764 2886 Nihil
1794 2830 1935 2886 enim
1967 2846 2063 2884 no-

499 2927 611 2980 cuit
637 2928 959 2997 martyribus
984 2941 1106 2980 cum
1123 2942 1308 2981 eorum
1336 2938 1561 2993 corpora
1583 2920 1772 2977 bestiis
1797 2927 1852 2974 et
1875 2919 2061 2975 avibus

501 3016 803 3071 dilanianda
861 3014 1097 3084 projecta
1144 3015 1400 3078 fuerunt;
1443 3012 1545 3067 illis
1582 3012 1673 3081 qui
1718 3009 2059 3080 proiecerunt

2164 2283 2434 2341 lummodo
2467 2301 2584 2355 quae
2619 2287 2986 2343 sacerdotibus
3005 2289 3218 2354 dantur,
3244 2299 3297 2345 et
3315 2290 3573 2350 sacriﬁcia
3602 2307 3733 2360 quzn

2161 2390 2260 2444 per
2276 2390 2371 2431 eos
2418 2375 2527 2431 Deo
2549 2375 2866 2432 offeruntur.
2920 2377 3032 2433 Hoc
3077 2379 3167 2448 qui
3195 2379 3419 2436 credunt
3441 2380 3730 2446 etdieunt,

2162 2475 2256 2521 aut
2281 2468 2599 2539 ignorantia,
2630 2476 2723 2523 aut
2749 2479 2895 2525 certe
2914 2469 3140 2525 aliorum
3168 2470 3511 2541 persuasione
3530 2470 3732 2531 fallun-

2163 2564 2267 2612 tur.
2313 2557 2577 2615 Credibile
2618 2574 2746 2615 sane
2782 2567 2867 2615 est
2917 2561 3061 2630 quod
3104 2561 3218 2616 haec
3266 2561 3559 2631 persuasio,
3610 2576 3729 2630 qua

2161 2648 2427 2718 simplices
2465 2649 2518 2705 id
2555 2651 2775 2705 credere
2823 2658 2876 2705 et
2928 2652 3107 2708 dicere
3152 2653 3416 2718 videntur,
3469 2668 3531 2707 ex
3569 2652 3732 2709 fonte

2159 2742 2398 2797 avaritiae
2413 2743 2766 2812 processerit.
2789 2753 2972 2799 sancta
2993 2743 3187 2814 quippe
3208 2752 3263 2798 et
3286 2752 3457 2799 mater
3479 2742 3729 2803 Ecclesia

2159 2846 2256 2900 pro
2280 2830 2544 2886 defunctis
2585 2831 2698 2886 suis
2732 2848 2838 2886 non
2866 2832 3035 2887 solum
3072 2832 3335 2888 sacriﬁcia
3359 2831 3562 2896 altaris,
3619 2834 3729 2888 sed

2158 2921 2319 2991 etiam
2366 2937 2711 2992 quascunque
2765 2923 2898 2977 alias
2934 2922 3296 2994 eiecmosynas
3338 2923 3531 2979 offerre
3578 2938 3724 2980 mlh

2159 3010 2365 3067 suevit.
2397 3011 2547 3067 Unde
2580 3019 2634 3067 et
2666 3013 2903 3082 quotidie
2949 3027 3046 3083 pro
3075 3028 3259 3068 eorum
3286 3012 3579 3083 spiritibus,
3621 3012 3723 3083 qui

502 3104 789 3179 plurimum
839 3073 1075 3163 obfdisse
1120 3105 1338 3159 dubium
1382 3118 1487 3158 non
1542 3073 1655 3156 est.
1702 3101 2055 3156 Inhumanum
2084 3073 2128 3137 δ
2159 3116 2244 3156 res
2285 3117 2410 3156 suas
2453 3103 2563 3158 Deo
2588 3073 2916 3166 obtulerunt,
2950 3073 3261 3159 .oﬂ‘ert'mtur
3288 3073 3396 3159 Deo
3424 3073 3719 3167 sacriﬁcia,

501 3208 691 3263 nempe
721 3204 802 3248 est
826 3203 1154 3248 mortuorum
1180 3208 1405 3262 corpora
1431 3190 1686 3256 effodere,
1712 3200 1768 3245 et
1795 3190 1861 3244 ad
1890 3190 2056 3249 solem

501 3283 778 3359 projicere,
821 3291 876 3338 et
913 3283 1206 3338 humanum
1229 3283 1480 3352 piumque
1507 3297 1569 3337 ea
1599 3292 1758 3336 terra:
1787 3281 2055 3336 mandare.

500 3373 812 3442 Quicunque
837 3372 998 3444 igitur
1036 3372 1278 3442 sepulcra
1303 3381 1633 3426 mortuorum
1673 3371 1872 3440 absque
1890 3369 2059 3425 inevi-

501 3465 651 3519 tabili
692 3465 1011 3518 necessitate
1039 3463 1354 3534 pietatisque
1377 3463 1580 3518 honore
1598 3461 1800 3516 violant
1854 3470 1907 3515 et
1929 3461 2057 3516 eﬂ‘o—

500 3556 670 3617 diunt,
714 3555 908 3610 merito
934 3553 1171 3626 Assyriis
1198 3561 1599 3624 comparantur,
1635 3552 1726 3623 qui
1752 3551 1902 3621 juxta
1928 3552 2054 3608 olim

495 3644 825 3716 praemissam
852 3643 1054 3699 Domini
1069 3642 1557 3707 comminationem,
1582 3642 2054 3712 projeceruutossa

496 3751 704 3805 regum,
735 3742 790 3788 et
810 3735 1216 3811 prophetarum,
1265 3742 1322 3788 et
1347 3747 1531 3788 eorum
1561 3733 1654 3802 qui
1680 3733 2055 3787 habitaverunt

500 3831 554 3885 in
584 3826 939 3890 Hierusalem,
977 3827 1043 3881 de
1071 3824 1330 3897 sepulcris
1353 3824 1486 3886 suis,
1523 3830 1579 3879 et
1598 3823 1664 3878 ad
1693 3821 1855 3878 solem
1880 3822 2054 3892 proje-

491 3928 704 3974 cerunt.
738 3917 867 3984 Qua:
902 3916 1151 3992 impietas
1179 3915 1320 3970 inter
1345 3922 1538 3969 caetera
1566 3927 1686 3984 quae
1713 3912 1904 3983 populo
1934 3911 2048 3979 Dei,

491 4012 564 4064 ob
611 4025 798 4064 eorum
843 4015 1061 4079 peccata
1106 4005 1422 4070 intulerunt,
1496 4012 1751 4073 quantum
1818 4002 2052 4073 Assyriis

490 4100 744 4164 obfucrit,
785 4099 861 4153 rei
882 4106 1104 4158 eventus
1135 4096 1398 4167 probavit.
1436 4094 1691 4149 Desinant
1724 4108 1851 4164 ergo
1880 4092 2051 4148 homi-

493 4205 593 4247 nes
626 4189 849 4258 impiare
877 4203 1005 4242 ossa
1037 4194 1390 4248 mortuorum,
1438 4191 1492 4238 et
1519 4184 1698 4239 sinant
1720 4198 1785 4237 ea
1824 4183 1877 4238 in
1902 4182 2049 4238 urnis

492 4282 607 4339 suis
651 4281 790 4335 diem
827 4276 1232 4332 resurrectionis
1275 4282 1584 4344 exspectare
1612 4289 1627 4328 :
1653 4274 2049 4346 exhibeantque

493 4369 670 4445 potius
699 4367 910 4438 pietatis
929 4379 1062 4434 Opus
1089 4379 1214 4434 erga
1248 4375 1487 4418 mortuos
1523 4363 1871 4433 sepeliendos.

2155 3202 2210 3247 et
2232 3180 2539 3249 multifariae
2563 3193 2972 3263 supplicationes
3015 3201 3175 3264 atque
3202 3194 3494 3258 orationes,
3530 3192 3723 3263 hospi-

2156 3292 2267 3339 tum
2305 3286 2661 3355 receptiones.
2704 3294 2760 3341 et
2786 3301 3079 3357 pauperum
3119 3287 3498 3351 recreationes,
3544 3285 3729 3357 capti-

2155 3386 2337 3429 vorum
2373 3374 2794 3445 redemptiones,
2828 3382 2882 3430 et
2907 3376 3024 3435 alia.
3041 3376 3318 3431 innumera
3356 3376 3663 3446 adjumenta
3695 3394 3715 3440 ς

2152 3464 2246 3518 sed
2277 3473 2453 3519 tamen
2479 3464 2584 3521 illis
2612 3474 2838 3536 prosunt
2860 3465 2951 3535 qui
2974 3466 3046 3521 ita
3082 3467 3353 3532 vixerunt,
3403 3475 3465 3524 ut
3498 3468 3721 3537 possint

2149 3554 2311 3611 etiam
2356 3555 2456 3611 ista
2480 3556 2561 3611 eis
2588 3556 2840 3626 prodesse
2875 3565 2995 3626 post
3028 3566 3275 3622 mortem,
3326 3557 3465 3614 sicut
3514 3558 3722 3616 beatus

2147 3642 2475 3713 Augustinus
2528 3645 2581 3699 in
2634 3644 2772 3701 libro
2815 3645 3105 3701 Enchiridii
3158 3644 3307 3718 (Cap.
3358 3646 3476 3708 1.09,
3532 3647 3716 3718 HO):

2154 3751 2173 3784 ι
2217 3733 2447 3802 Tempus
2491 3744 2690 3799 autem,
2735 3734 2926 3804 inquit,
2966 3733 3107 3805 quod
3137 3736 3279 3791 inter
3303 3736 3534 3794 hominis
3561 3753 3722 3793 utor.

2149 3832 2257 3879 tem
2304 3832 2359 3879 et
2408 3825 2646 3880 ultimam
2704 3827 3147 3884 resurrectionem
3184 3829 3553 3899 interpositum
3599 3840 3717 3895 est,

2132 3915 2353 3969 animas
2381 3915 2574 3975 abditis
2606 3917 2954 3986 receptaculis
2985 3919 3250 3980 continet:
3284 3919 3424 3978 sicut
3447 3936 3717 3991 unaqua-

2145 4018 2251 4074 que
2288 4006 2443 4079 digna
2470 4013 2556 4060 est
2577 4006 2659 4061 vel
2699 4007 2885 4077 requie
2927 4008 3011 4062 vel
3043 4023 3299 4075 aerumna,
3350 4024 3449 4079 pro
3472 4025 3540 4066 eo
3561 4013 3719 4082 quod

2146 4094 2331 4150 sertita
2358 4104 2441 4152 est
2488 4096 2539 4149 in
2569 4111 2732 4151 carne
2778 4111 2901 4154 cum
2925 4097 3145 4154 viveret.
3177 4098 3360 4169 Neque
3401 4104 3718 4172 negandum

2145 4194 2245 4249 est,
2294 4183 2663 4240 defunctorum
2691 4186 2901 4241 animas
2924 4187 3122 4257 pietate
3147 4203 3364 4243 suorum
3400 4189 3710 4252 viventium

2145 4272 2388 4339 relevari,
2425 4290 2542 4328 cum
2568 4290 2664 4344 pro
2692 4274 2817 4330 illis‘
2837 4276 3158 4332 sacriﬁcium
3185 4279 3497 4338 mediatoris
3540 4280 3717 4339 oil'er.

2147 4370 2255 4429 tur,
2302 4364 2383 4419 vel
2431 4364 2780 4435 eleemosynae
2808 4367 2861 4420 in
2895 4366 3131 4422 Ecclesia
3151 4366 3302 4428 ﬁunt.
3353 4368 3457 4425 Sed
3481 4370 3602 4429 haec
3628 4374 3716 4431 eis

568 4452 641 4509 De
663 4423 767 4523 qua
794 4470 853 4508 re
879 4423 1304 4507 ita-Lactantius
1351 4451 1404 4504 in
1432 4423 1679 4506 libro.de
1702 4452 1925 4522 Opiﬁcio
1953 4453 2046 4509 Dei
2071 4423 2123 4483 D
2147 4423 2388 4522 prosunt,
2441 4455 2530 4524 qui
2559 4424 2679 4511 cum
2706 4456 2968 4521 viverent,
3003 4464 3063 4511 ut
3087 4458 3201 4513 hate
3230 4423 3333 4515 sibi

490 4543 684 4601 scribit
709 4544 736 4583 ιι
776 4560 789 4596 :
842 4560 860 4592 ι
907 4539 1019 4595 Non
1042 4554 1188 4608 ergo,
1215 4540 1405 4608 inquit,
1448 4541 1714 4609 patiamur
1746 4541 1968 4612 ﬁguram
1992 4550 2049 4597 et

496 4635 801 4702 ﬁgmentum
828 4631 922 4686 Dei
943 4629 1071 4684 feris
1099 4643 1164 4683 ac
1182 4628 1484 4684 volucribus
1518 4630 1571 4683 in
1593 4629 1825 4700 pnedam
1841 4631 2044 4701 jacere,

493 4726 588 4783 sed
615 4725 896 4780 reddamus
919 4723 974 4777 id
999 4731 1155 4777 terrm
1185 4722 1324 4775 unde
1343 4732 1520 4776 ortum
1554 4732 1658 4778 est.
1712 4723 1780 4778 Et
1801 4726 2045 4795 quamvis

494 4820 548 4876 in
599 4818 812 4872 homine
861 4816 1043 4886 ignoto
1099 4813 1526 4870 necessariorum
1572 4830 1765 4871 munus
1803 4816 2047 4885 implevi-

492 4926 611 4969 mus
629 4908 722 4973 ;'in
749 4921 973 4977 quorum
1009 4905 1204 4970 locum,
1240 4904 1364 4975 quia
1404 4904 1617 4969 desunt,
1668 4906 1917 4960 succedat
1942 4905 2043 4960 hu.

491 5000 742 5062 manitas,
773 5006 826 5053 et
852 4996 1151 5065 ubicunque
1174 4996 1333 5049 homo
1361 4994 1773 5060 desiderabitur;
1805 4996 1879 5050 ibi
1904 4997 2045 5069 exigi

488 5091 720 5149 oﬂlcium
763 5096 1001 5143 nostrum
1043 5084 1369 5154 putabimus.
1420 5084 1473 5139 ln
1509 5099 1616 5154 quo
1670 5095 1846 5141 autem
1877 5088 2046 5158 magis

483 5180 704 5255 justitite
746 5177 884 5232 ratio
912 5174 1175 5239 consistit,
1227 5189 1387 5243 quam
1420 5173 1473 5227 in
1504 5189 1590 5235 eo.
1636 5184 1697 5229 ut
1723 5176 1863 5245 quod
1911 5192 2046 5247 prte-

491 5275 695 5328 stamus
732 5265 929 5322 nostris
968 5278 1063 5332 per
1086 5260 1355 5323 affectum,
1409 5272 1722 5331 praestemus
1746 5264 1932 5319 alienis
1952 5279 2048 5334 per

492 5355 907 5419 humanitatem,
960 5367 1079 5422 qure
1124 5357 1208 5405 est
1252 5350 1451 5404 certior
1506 5351 1670 5406 multo
1709 5352 2042 5423 justiorque;

490 5458 612 5498 cum
663 5445 772 5516 jam
826 5459 930 5499 non
968 5440 1166 5497 homini
1200 5449 1514 5510 praestamus
1554 5441 1643 5512 qui
1687 5442 1814 5496 nihil
1862 5444 2043 5508 sentit,

563 5624 588 5653 ι
618 5612 676 5668 Β.
709 5610 1023 5680 Gregorius,
1050 5610 1253 5681 Dialog.
1281 5608 1371 5663 lib.
1406 5624 1476 5674 iv,
1509 5625 1626 5680 cap.
1655 5611 1723 5665 50
1750 5627 1864 5685 seq.

2147 4549 2266 4596 sent
2293 4543 2564 4610 prodesse,
2596 4554 2922 4602 meruerunt.
2957 4545 3052 4600 Est
3074 4545 3218 4601 enim
3242 4547 3457 4619 quidam
3487 4550 3720 4608 vivendi

2147 4631 2356 4697 modus,
2411 4648 2507 4689 nec
2547 4642 2653 4687 tam
2703 4634 2893 4710 bonus,
2936 4643 2997 4691 ut
3034 4651 3139 4691 non
3165 4638 3400 4709 requirat
3424 4638 3531 4694 ista
3581 4654 3723 4713 post

2145 4730 2368 4781 mortem
2393 4742 2406 4776 :
2435 4732 2517 4779 est
2538 4739 2666 4777 vero
2695 4724 2815 4782 talis
2836 4725 2888 4779 in
2913 4718 3075 4793 bono,
3096 4736 3156 4784 ut
3177 4744 3282 4785 non
3303 4731 3547 4801 requirat
3568 4733 3676 4790 ista
3691 4751 3723 4805 ;

2145 4818 2228 4864 est
2255 4827 2438 4866 rursus
2475 4811 2594 4866 talis
2621 4813 2672 4867 in
2692 4813 2855 4877 malo,
2889 4823 2949 4868 ut
2974 4830 3073 4871 nec
3097 4818 3180 4877 his
3206 4818 3398 4883 valeat,
3428 4835 3553 4878 cum
3589 4824 3727 4885 tunc

2144 4901 2253 4954 vita
2277 4902 2567 4968 transierit,
2596 4901 2854 4972 adjuvari.
2885 4903 3147 4971 Quocirca
3175 4908 3262 4963 hic
3275 4924 3432 4967 omne
3446 4913 3725 4973 meritum

2147 5001 2502 5061 comparatur,
2520 5008 2624 5062 quo
2644 4994 2813 5062 possit
2833 5007 2953 5064 post
2973 4996 3110 5052 hanc
3132 4998 3291 5055 vitam
3314 5000 3539 5058 relevari
3562 5005 3729 5072 quis.

2141 5081 2302 5150 piam,
2329 5081 2412 5135 vel
2441 5082 2675 5152 gravari.
2709 5080 2874 5139 Nemo
2902 5096 3082 5146 autem
3120 5103 3177 5144 se
3222 5098 3400 5159 speret
3424 5093 3569 5160 quod
3609 5094 3722 5153 hic

2146 5169 2399 5240 neglexit,
2430 5186 2551 5229 cum
2581 5172 2794 5239 obierit,
2837 5177 2975 5246 apud
3013 5178 3174 5233 Deum
3218 5182 3536 5248 promereri.
3577 5181 3727 5243 Non

2148 5259 2308 5332 igitur
2358 5262 2458 5316 ista
2507 5277 2626 5331 qua:
2674 5279 2772 5336 pro
2802 5263 3066 5321 defunctis
3108 5269 3546 5325 commendandis
3596 5268 3734 5331 fre-

2148 5361 2368 5422 quentat
2410 5351 2670 5419 Ecclesia,
2715 5355 2789 5412 illi
2818 5357 3117 5426 apostolica:
3147 5369 3271 5415 sunt
3306 5360 3530 5416 adversa
3577 5377 3739 5420 seu-

2147 5443 2345 5508 tentiaz,
2370 5458 2475 5513 qua
2497 5442 2697 5499 dictum
2718 5452 2802 5499 est
2826 5463 2839 5499 :
2866 5443 3053 5501 Omnes
3095 5448 3237 5503 enim
3268 5449 3553 5507 astabimus
3582 5465 3751 5512 ante

2219 5615 2247 5655 ὶν
2284 5615 2327 5670 1)
2386 5613 2525 5671 Ver)
2554 5616 2718 5673 cultu.
2749 5615 2839 5673 lib.
2874 5633 2946 5673 vi.
2982 5616 3060 5677 12.
