4030 6190
294 309 397 366 ξιιε

1259 304 1346 359 DE
1383 301 1864 359 INSTITUTIONE
1899 301 2186 356 LAICALI.
2226 331 2295 340 —
2332 302 2460 356 LIB.
2501 303 2582 357 III.

3420 307 3531 366 206

296 419 528 476 tribunal
546 416 763 482 Christi,
803 428 858 470 ut
890 416 1078 485 referat
1100 418 1447 486 unusquisque
1480 416 1762 469 secundum
1799 431 1861 467 ea
1889 419 1937 476 Λ
1964 422 2288 469 mortuorum
2316 429 2418 467 non
2438 425 2532 479 est,
2563 429 2724 484 neque
2746 413 2982 470 Christus
3011 431 3313 475 resurrexit.
3341 421 3528 482 Inanis

297 528 412 580 qua:
429 526 521 580 per
543 525 730 578 corpus
751 508 928 578 gessit,
951 509 1057 561 sive
1100 507 1311 570 bonum,
1336 509 1439 560 sive
1467 506 1660 559 malum
1675 504 1894 578 (II-Cor.

303 603 370 650 ν»
436 597 560 661 10);
591 596 718 666 quia
751 597 915 651 etiam
955 597 1057 651 hoc
1076 596 1328 650 meritum
1366 594 1465 649 sibi
1493 595 1718 664 quisque
1743 610 1863 648 cum

300 689 351 742 in
397 702 626 756 corpore
662 686 888 750 viveret,
941 687 1294 755 comparavit,
1345 695 1405 739 ut
1445 685 1494 740 ei
1522 686 1728 754 possint
1762 685 1866 739 ista

298 778 573 848 prodesse.
605 775 720 829 Non
740 776 883 829 enim
908 775 1158 830 omnibus
1186 784 1427 845 prosunt.
1473 775 1538 828 Et
1563 788 1731 842 quare
1759 788 1864 828 non

298 865 547 920 omnibus
568 872 810 934 prosunt,
837 865 939 919 nisi
961 864 1545 934 propterditl'erentiam
1566 865 1688 917 vitae
1704 879 1866 932 quam

300 955 520 1023 quisque
540 955 708 1024 gessit
749 953 801 1006 in
831 953 1088 1022 corpore?
1114 951 1246 1007 Cum
1275 967 1402 1024 ergo
1443 952 1710 1007 sacriﬁcia
1752 953 1866 1006 sive

301 1047 508 1110 altaris,
580 1046 694 1100 sive
742 1058 1184 1114 quarumcunque
1235 1044 1698 1114 elecmosynarum
1767 1056 1867 1112 pro

299 1135 582 1204 baptizatis
627 1132 895 1188 defunctis
935 1134 1182 1188 omnibus
1205 1132 1522 1196 oderuntur,
1572 1146 1670 1201 pro
1714 1131 1868 1184 valde

298 1224 453 1279 bonis
493 1224 788 1292 gratiarum
819 1223 1058 1277 actiones
1091 1231 1245 1287 sunt;
1273 1237 1370 1292 pro
1399 1236 1504 1276 non
1534 1221 1688 1276 valde
1711 1222 1868 1276 malis

298 1315 706 1386 pmpitiationes
741 1323 898 1380 sunt;
925 1329 1024 1385 pro
1053 1315 1204 1370 valde
1234 1314 1413 1378 malis,
1468 1313 1682 1369 etiamsi
1719 1313 1866 1368 nulla

299 1417 412 1463 sunt
439 1408 749 1478 adjumenta
788 1417 1144 1471 mortuorum,
1195 1406 1597 1476 qualescunque
1623 1406 1866 1461 vivorum

297 1498 692 1553 consolationes
715 1506 858 1554 sunt.
909 1497 1114 1564 Quibus
1151 1504 1331 1550 autem
1358 1503 1604 1565 prosunt,
1653 1509 1760 1550 non
1800 1494 1868 1548 ad

299 1589 396 1644 hoc
418 1597 669 1658 prosunt,
696 1597 756 1644 ut
785 1589 855 1644 sit
879 1588 1033 1659 plena
1057 1587 1320 1651 remissio,
1360 1594 1453 1641 aut
1478 1593 1624 1640 certe
1649 1594 1708 1639 ut
1734 1585 1869 1641 tole—

299 1678 520 1733 rabilior
551 1678 645 1732 liat
665 1679 779 1748 ipsa
809 1678 1102 1734 damnatio.
1138 1696 1157 1728 ι

1964 503 2100 555 enim
2138 513 2211 556 est
2232 503 2536 572 prazdicatio
2567 515 2745 558 nostra
2767 519 2786 556 :
2813 506 2984 560 inanis
3012 525 3134 578 ergo
3172 520 3220 563 et
3246 511 3377 579 ﬁdes
3443 534 3530 572 vev

1964 604 2092 648 stra.
2126 593 2429 648 Inveniatur
2451 596 2586 649 enim
2631 605 2679 650 et
2699 596 2822 665 falsi
2848 607 2994 652 testes
3021 599 3136 665 Dei,
3179 604 3426 671 quoniam
3454 615 3529 662 te-

1963 685 2263 738 stimonium
2300 684 2529 739 diximus
2569 685 2813 740 adversus
2849 686 3036 754 Deum,
3074 691 3212 760 quod
3251 695 3530 751 suseitave.

1967 771 2033 826 rit
2061 769 2344 836 Christum,
2372 789 2520 842 quem
2557 791 2659 828 non
2679 777 2964 842 suscitavit,
3017 779 3063 831 si
3095 782 3287 834 mortui
3328 799 3432 839 non
3453 801 3531 843 rev

1964 876 2202 934 surgunt.
2263 866 2403 920 Nam
2427 869 2472 921 si
2493 869 2681 923 mortui
2711 885 2813 925 non
2840 882 3134 940 resurgunt,
3192 891 3351 946 neque
3380 877 3532 937 Chri-

1963 963 2073 1008 stus
2103 958 2399 1008 resurrexit.
2436 958 2585 1020 Cuod
2603 959 2648 1011 si
2677 956 2910 1014 Christus
2938 977 3040 1016 non
3058 967 3357 1032 surrexerit,
3397 985 3530 1026 vana

1965 1055 2038 1098 est
2062 1045 2191 1112 ﬁdes
2227 1056 2393 1099 vestra
2416 1059 2435 1098 .‘
2471 1048 2641 1100 adhuc
2683 1050 2820 1102 enim
2841 1052 2960 1104 estis
3005 1052 3060 1106 in
3083 1057 3304 1120 peccatis
3329 1060 3526 1116 vestris.

1965 1133 2106 1204 Ergo
2149 1144 2194 1188 et
2228 1135 2318 1204 qui
2344 1135 2664 1192 dormierunt
2697 1139 2751 1190 in
2785 1138 3010 1204 Christo,
3057 1136 3339 1210 perierunt.
3381 1145 3442 1202 Si
3476 1149 3530 1202 in

1966 1224 2063 1278 hac
2096 1225 2201 1279 vita
2217 1235 2417 1280 tantum
2461 1228 2514 1279 in
2541 1225 2742 1281 Christo
2774 1242 3036 1298 sperantes
3069 1250 3268 1300 sumus,
3321 1237 3534 1292 misera.

1967 1312 2176 1368 biliores
2232 1331 2412 1371 sumus
2463 1319 2698 1374 omnibus
2749 1320 3059 1378 hominibus.
3124 1324 3283 1383 Nunc
3356 1340 3530 1387 autem

1967 1401 2200 1458 Christus
2225 1409 2507 1460 resurrexit
2538 1425 2569 1460 a
2598 1411 2832 1476 mortuis,
2863 1414 3108 1480 primitia:
3133 1415 3533 1482 dormientium;

1965 1495 2211 1562 quoniam
2243 1511 2336 1563 per
2361 1497 2618 1552 hominem
2664 1516 2825 1564 mors,
2883 1511 2932 1555 et
2959 1520 3051 1571 per
3075 1505 3332 1561 hominem
3367 1524 3536 1563 resurv

1969 1585 2124 1638 rectio
2150 1596 2495 1640 mortuorum.
2544 1587 2612 1641 Et
2648 1590 2783 1643 sicut
2809 1592 2863 1644 in
2901 1591 3068 1646 Adam
3105 1610 3281 1650 omnes
3301 1598 3533 1656 maritat.

1968 1681 2072 1737 tur,
2109 1674 2183 1727 ita
2210 1684 2256 1727 et
2292 1675 2346 1730 in
2375 1673 2579 1730 Christo
2601 1694 2776 1732 omnes
2799 1679 3208 1747 viviﬁcabuntur.
3242 1682 3533 1755 Unusquis-

363 1765 420 1819 Si
449 1767 567 1835 quis
594 1767 757 1835 igitur
787 1767 853 1820 de
882 1766 983 1820 hac
1006 1780 1066 1820 re
1107 1765 1318 1835 plenius
1348 1773 1402 1820 et
1423 1765 1690 1835 copiosius
1715 1778 1872 1819 nosse
1899 1759 1945 1816 B
1971 1776 2071 1830 que
2117 1772 2289 1815 autem
2344 1762 2400 1814 in
2433 1779 2528 1816 suo
2554 1765 2752 1828 ordine,
2800 1765 3043 1832 primitiis
3059 1765 3330 1836 Christus:
3348 1770 3534 1828 deinde

297 1851 584 1912 desiderat.
631 1853 777 1922 legat
811 1852 1004 1906 librum
1041 1852 1281 1922 ejusdem
1308 1852 1452 1907 beati
1477 1851 1762 1922 Augustini
1806 1851 1872 1906 de

297 1940 432 1996 Cura
471 1942 707 2013 gerenda
734 1956 832 2010 pro
854 1941 1102 1996 mortuis.

899 2052 1123 2108 CAPUT
1155 2051 1293 2106 XVI.

298 2145 450 2210 Quod
470 2143 536 2198 de
566 2143 950 2264 resurrectione;
961 2152 1286 2266 nzortuzrum
1312 2140 1549 2210 ﬁdelibus
1574 2141 1785 2195 minime
1803 2149 1871 2194 stt

955 2229 988 2264 ιι
1024 2221 1132 2264 itan
1172 2227 1282 2265 um.

955 2221 1282 2265 ubitandum.

365 2302 690 2371 Quanquam
727 2300 890 2372 igitur
927 2299 1234 2355 conditione
1261 2298 1421 2353 illane
1446 2297 1637 2354 mortis
1671 2296 1872 2355 allicia-

298 2409 437 2456 mur,
514 2407 612 2462 spe
658 2399 838 2447 tamen
892 2389 1087 2445 futurae
1131 2388 1547 2446 resurrectionis
1589 2387 1866 2458 erigimur.

298 2485 430 2550 Quia
463 2497 594 2554 ergo
618 2498 649 2537 a
674 2482 991 2554 quibusdam
1017 2481 1082 2537 de
1101 2481 1490 2538 resurrectione
1514 2486 1865 2541 mortuorum,

301 2573 615 2628 inﬁrmitate
639 2573 836 2628 mentis
862 2572 1245 2642 praepediente,
1293 2570 1603 2641 ambigitur,
1647 2581 1870 2625 necesse

298 2673 381 2720 est
428 2671 490 2717 ut
519 2664 660 2733 quod
688 2664 752 2719 de
772 2678 837 2719 ea
878 2663 1100 2720 minime
1143 2662 1213 2716 sit
1231 2661 1629 2732 ambigendum,
1668 2659 1870 2715 utrius-

298 2771 402 2824 que
430 2754 764 2813 Testamenti
810 2755 1020 2826 paginis
1058 2762 1114 2810 et
1144 2762 1454 2810 sanctorum
1481 2753 1702 2809 Patrum
1739 2767 1866 2811 sen-

301 2844 490 2899 tentiis
542 2843 960 2898 demonstretur.

363 2935 459 2987 Ait
487 2947 676 3004 nempe
705 2933 962 2988 Dominus
997 2931 1050 2987 in
1072 2932 1188 3002 lege
1218 2950 1230 2988 :
1259 2931 1372 3003 Ego
1391 2948 1505 2986 sum
1537 2930 1679 2986 Deus
1701 2931 1869 2986 Abra-

296 3027 447 3089 ham,
492 3021 634 3077 Deus
677 3022 852 3090 Isaac,
900 3023 1041 3078 Deus
1078 3024 1266 3088 Iacob,
1307 3040 1411 3078 non
1450 3033 1523 3078 est
1567 3024 1706 3078 Deus
1729 3039 1867 3076 mor-

1968 1853 2056 1921 qui
2085 1860 2206 1906 sunt
2237 1851 2430 1906 Christi
2479 1855 2534 1907 in
2559 1854 2780 1910 adventu
2818 1855 2932 1924 ejus
2955 1870 2974 1908 :
2997 1855 3184 1910 deinde
3215 1858 3362 1926 ﬁnis,
3413 1875 3530 1916 cum

1970 1940 2242 1995 tradiderit
2273 1957 2488 2011 regnum
2517 1941 2624 1998 Deo
2643 1953 2691 1996 et
2714 1942 2886 1997 Patri.
2922 1943 3054 1999 Item
3083 1945 3136 2000 in
3158 1949 3348 2002 eadem
3377 1961 3396 2000 :
3425 1948 3531 2004 Sed

1969 2030 2094 2083 dicit
2121 2030 2311 2100 aliquis
2336 2049 2354 2085 :
2386 2030 2655 2097 Quomodo
2706 2042 2978 2104 resurgunt
2998 2036 3229 2091 mortui?
3254 2036 3412 2103 Quali
3438 2056 3534 2092 au-

1969 2128 2070 2175 tem
2099 2137 2310 2190 corpore
2331 2121 2584 2176 venient?
2603 2122 2883 2194 Insipiens,
2924 2135 2980 2178 tu
3015 2127 3154 2200 quod
3177 2129 3402 2187 seminus
3432 2145 3534 2184 non

1970 2210 2280 2280 viviﬁcatur,
2309 2212 2409 2268 nisi
2435 2213 2579 2282 prius
2604 2216 2879 2281 moriatur,
2905 2226 2953 2270 et
2976 2217 3114 2289 quod
3136 2219 3383 2285 seminus,
3427 2235 3534 2275 non

1969 2316 2155 2370 corpus
2179 2302 2316 2371 quod
2338 2301 2572 2372 futurum
2597 2313 2673 2359 est
2693 2306 2939 2372 seminas,
2962 2308 3051 2363 sed
3066 2297 3262 2364 nudum
3288 2326 3532 2380 granum.

1969 2388 2038 2444 Et
2075 2389 2214 2444 inira
2252 2408 2265 2444 :
2310 2390 2416 2447 Sed
2462 2392 2569 2448 alia
2613 2394 2821 2463 quidem
2859 2395 3136 2453 celestium
3187 2397 3376 2469 gloria,
3427 2401 3535 2457 alia

1971 2487 2145 2536 autem
2202 2482 2568 2548 terrestrium;
2605 2483 2714 2538 alia
2767 2485 2979 2543 claritas
3013 2487 3172 2553 solis,
3223 2487 3332 2542 alia
3372 2488 3536 2554 lunw,

1969 2568 2078 2623 alia
2110 2569 2323 2626 claritas
2361 2572 2654 2628 stellarum.
2707 2572 2873 2630 Stella
2911 2577 3048 2631 enim
3073 2578 3138 2631 ab
3173 2579 3324 2634 stella
3361 2579 3538 2649 diﬁ'ert

1968 2657 2024 2712 in
2059 2658 2227 2729 gloria
2271 2677 2289 2714 :
2332 2663 2407 2716 sic
2455 2673 2503 2716 et
2537 2667 2844 2719 resurrectio
2896 2677 3240 2724 mortuorum.
3303 2669 3548 2728 Semina-

1967 2759 2058 2803 tur
2096 2752 2152 2806 in
2191 2756 2540 2825 corruptione,
2591 2767 2765 2827 surget
2808 2760 2863 2813 in
2909 2761 3314 2834 incorruptione.
3373 2765 3554 2822 Semi-

1969 2849 2128 2895 natur
2173 2845 2228 2897 in
2257 2843 2596 2912 ignobilitate,
2626 2857 2800 2919 surget
2824 2852 2878 2904 in
2898 2850 3086 2921 gloria.
3133 2851 3436 2910 Seminatur
3479 2859 3537 2912 in

1967 2929 2290 2998 inﬁrmitate,
2316 2943 2489 3004 surget
2528 2936 2583 2991 in
2609 2939 2814 2994 virtute.
2848 2939 3148 2999 Seminatur
3187 2960 3378 3015 corpus
3421 2949 3540 3003 ani-

1969 3019 2126 3086 male,
2155 3031 2382 3092 resurget
2425 3041 2613 3095 corpus
2637 3027 2871 3097 spiritale
2896 3029 2950 3100 (1
2977 3030 3099 3087 Cor.
3137 3037 3228 3098 ‘xv,
3259 3034 3348 3100 12,
3381 3035 3537 3107 seq.).

293 3124 534 3178 tuorum,
577 3112 668 3166 sed
715 3113 1160 3185 vivorumUllarc.
1204 3130 1298 3177 xu,
1324 3114 1425 3176 27;
1452 3112 1581 3167 Luc.
1624 3129 1715 3178 xx,
1750 3111 1864 3183 38).
1893 3093 1938 3154 Ο
1973 3111 2301 3181 Augustinus
2356 3113 2410 3166 in
2455 3093 2591 3168 libro
2646 3093 2938 3174 Enchiridii
2967 3117 3118 3189 (Cap.
3160 3093 3251 3192 8i)
3288 3141 3301 3176 :
3335 3093 3371 3176 ἰ

298 3203 365 3261 Et
385 3201 512 3267 Job,
547 3201 690 3268 Scio,
716 3202 908 3271 inquit,
924 3202 1060 3271 quod
1086 3202 1395 3274 Redemptor
1415 3219 1558 3257 meus
1581 3202 1720 3268 vivit,
1745 3211 1794 3256 et
1815 3204 1870 3256 in

295 3293 576 3348 novissimo
604 3291 688 3348 die
713 3294 777 3348 de
794 3303 933 3348 terra
951 3303 1276 3351 surrecturus
1296 3310 1430 3358 sum,
1455 3304 1502 3348 et
1532 3310 1738 3348 rursum
1769 3293 1871 3351 cir-

293 3383 587 3438 cumdabor
630 3383 761 3452 pelle
786 3400 918 3447 mea,
960 3395 1008 3439 et
1053 3387 1106 3438 in
1133 3401 1289 3439 carne
1335 3401 1448 3440 mea
1477 3385 1654 3441 videbo
1677 3385 1865 3440 Deum.

297 3477 466 3542 Quem
512 3477 720 3530 visurus
762 3493 876 3530 sum
909 3494 1000 3547 ego
1041 3479 1168 3548 ipse,
1211 3488 1258 3532 et
1299 3495 1400 3532 non
1420 3478 1555 3532 alius
1586 3495 1605 3533 :
1643 3488 1690 3532 et
1733 3479 1870 3536 oculi

296 3567 397 3620 mei
446 3566 772 3635 conspecturi
798 3575 938 3630 sunt,
999 3577 1047 3621 et
1086 3569 1309 3636 reposita
1341 3577 1414 3624 est
1459 3569 1569 3622 lucc
1607 3585 1720 3638 spes
1754 3584 1870 3622 mea

299 3655 348 3707 in
372 3656 496 3708 sinu
523 3671 634 3708 meo
669 3653 792 3725 (Iob
819 3653 1066 3727 xrx,25).
1096 3655 1228 3713 Item
1263 3674 1275 3709 :
1315 3657 1525 3713 Cunctis
1555 3659 1735 3713 diebus
1754 3660 1869 3728 qui—

296 3745 390 3798 bus
419 3761 557 3797 nunc
583 3745 770 3808 milito,
797 3755 1031 3816 exspecto
1064 3745 1226 3801 donec
1251 3747 1417 3802 veniat
1440 3749 1730 3801 immutatio
1756 3766 1870 3803 mea

297 3833 423 3900 (Iob
447 3849 556 3895 xlv,
592 3832 700 3903 M).
731 3833 979 3889 Ezechiel
1008 3852 1020 3887 :
1056 3833 1210 3899 Ossa,
1253 3835 1443 3905 inquit,
1484 3837 1658 3901 arida,
1695 3837 1870 3894 audite

297 3925 510 3977 verbum
547 3923 776 3980 Domini.
837 3923 963 3980 llwc
1013 3925 1137 3979 dicit
1180 3925 1434 3979 Dominus
1490 3926 1626 3980 Deus
1673 3927 1871 3981 ossibus

297 4015 377 4068 his
403 4030 420 4066 :
454 4014 594 4068 Ecce
629 4031 720 4084 ego
749 4015 1089 4071 intromittam
1126 4017 1181 4070 in
1208 4033 1292 4070 vos
1311 4019 1548 4086 spiritum
1588 4028 1634 4072 et
1665 4021 1869 4084 vivetis;

297 4116 343 4158 et
363 4105 509 4158 dabo
530 4120 683 4173 super
709 4119 795 4181 vos
818 4120 1020 4169 nervos,
1065 4113 1112 4160 et
1141 4122 1459 4160 succrescere
1497 4106 1690 4175 faciam
1716 4124 1870 4176 super

297 4212 383 4248 vos
427 4210 637 4258 carnes,
674 4201 722 4247 et
746 4194 1172 4263 superextendam
1203 4195 1257 4248 in
1281 4195 1420 4249 vobis
1441 4205 1628 4259 cutem,
1665 4205 1714 4249 et
1735 4196 1869 4249 dabo

296 4285 562 4351 spiritum,
603 4291 651 4335 et
702 4283 872 4337 scietis
920 4285 1042 4354 quia
1070 4299 1161 4353 ego
1202 4283 1478 4347 Dominus,
1516 4291 1624 4337 etc.
1651 4283 1866 4353 (Ezech.

300 4391 510 4440 xxxvii,
524 4373 578 4439 4,
594 4374 747 4447 seq.).
764 4375 818 4428 In
834 4375 1118 4446 Evangelio
1136 4393 1148 4430 :
1166 4375 1313 4430 Sicut
1328 4376 1464 4429 enim
1485 4372 1642 4429 Pater
1655 4377 1868 4429 suscitat

297 4478 559 4530 mortuos,
616 4476 662 4519 et
692 4466 932 4533 vivi/ient,
996 4467 1070 4518 sic
1099 4474 1145 4519 et
1179 4463 1348 4518 Filius
1395 4480 1524 4535 quos
1561 4463 1664 4518 vult
1709 4465 1872 4534 vivi/l-

297 4566 381 4607 cat
413 4554 602 4624 (Ioan.
635 4570 687 4617 ν,
718 4552 828 4624 21).
851 4553 982 4609 Item
1008 4571 1021 4606 :
1056 4552 1183 4608 Ha'c
1203 4563 1276 4608 est
1304 4553 1440 4607 enim
1476 4553 1711 4608 voluntas
1758 4554 1873 4623 ejus

293 4646 386 4714 qui
432 4644 574 4697 misit
605 4659 685 4696 me
720 4641 919 4707 Patris,
968 4652 1022 4696 ut
1052 4658 1199 4696 omne
1222 4642 1359 4712 quod
1393 4641 1533 4695 dedit
1571 4641 1715 4704 mihi,
1770 4658 1872 4695 non

293 4734 516 4800 perdam
545 4747 610 4784 ea:
650 4747 730 4794 eo,
777 4730 866 4784 sed
895 4731 1190 4784 r'esuscitem
1228 4729 1360 4784 illud
1401 4731 1454 4783 in
1485 4730 1761 4784 novissimo
1790 4731 1874 4784 die

295 4824 483 4894 (Ioan.
516 4840 588 4885 vl,
615 4822 724 4890 59).
775 4823 907 4878 Item
938 4842 949 4876 :
982 4823 1083 4888 Qui
1111 4824 1390 4878 manducet
1430 4841 1638 4878 carnem
1680 4841 1869 4887 meam,

293 4927 341 4968 et
383 4916 515 4968 bibit
547 4915 854 4984 sanguinem
890 4931 1080 4978 meum,
1131 4914 1278 4968 habet
1312 4915 1467 4967 vitam
1501 4925 1746 4967 mternam
1777 4927 1795 4964 :
1823 4923 1870 4967 et

287 5022 385 5074 ego
434 5003 752 5058 resuscitabo
795 5019 912 5055 eum
945 5003 999 5054 in
1036 5003 1310 5056 novissima
1350 5003 1434 5056 die
1483 5002 1644 5072 (Ibid.
1680 5019 1727 5056 v.
1756 5001 1868 5072 55).

295 5096 500 5149 Paulus
528 5093 595 5146 ad
616 5092 1121 5146 Thessalonicenses
1151 5105 1168 5142 :
1193 5091 1254 5147 Si
1292 5093 1449 5155 enim,
1487 5092 1680 5161 inquit,
1706 5092 1872 5144 credi-

292 5203 412 5239 mus
442 5183 584 5253 quod
604 5181 758 5235 Iesus
785 5191 1017 5238 mortuus
1036 5193 1131 5246 est,
1156 5193 1203 5237 et
1227 5184 1543 5246 resurrexit;
1570 5184 1643 5235 ita
1668 5193 1714 5236 et
1731 5181 1870 5235 Deus

292 5294 380 5329 eos
439 5276 530 5344 qui
572 5274 893 5326 dormierunt
938 5289 1029 5342 per
1069 5273 1250 5327 Iesum
1309 5273 1530 5327 adducet
1572 5291 1689 5326 cum
1729 5291 1786 5327 eo
1817 5274 1868 5343 (I

295 5365 485 5420 Thess.
522 5379 594 5426 tv,
625 5363 733 5431 15).
784 5361 915 5420 Item
939 5361 1079 5415 idem
1109 5362 1175 5414 ad
1197 5361 1502 5416 Corinthios
1529 5379 1542 5413 :
1570 5360 1627 5414 Si
1673 5370 1865 5425 autem,

294 5454 504 5522 inquit,
557 5451 794 5506 Christus
828 5451 1144 5520 prwdicatur
1168 5451 1305 5519 quod
1354 5451 1632 5502 resurrexit
1675 5467 1705 5502 a
1731 5467 1870 5504 mor-

293 5544 428 5607 tuis,
480 5542 738 5611 quomodo
771 5541 983 5610 quidam
1035 5540 1212 5592 dicunt
1242 5542 1296 5593 in
1325 5540 1465 5593 vobis
1494 5540 1739 5608 quoniam
1793 5557 1871 5593 re-

294 5637 560 5689 surrectio
605 5643 927 5688 mortuorum
983 5650 1082 5686 non
1112 5634 1238 5687 est?
1279 5633 1338 5688 Si
1382 5637 1516 5689 enim
1562 5637 1867 5691 resurrectio

709 5727 984 5786 Parnm.
1034 5725 1190 5786 CVI.

1899 4425 1949 4483 D

1970 3213 2117 3264 vero,
2181 3199 2374 3270 inquit,
2424 3203 2492 3274 de
2539 3205 2933 3262 resurrectione
2979 3209 3192 3275 carnis,
3246 3227 3352 3267 non
3401 3215 3546 3272 sicut

1970 3286 2190 3355 quidam
2224 3299 2659 3356 resurrexerunt,
2687 3291 2990 3363 iterumque
3020 3306 3144 3352 sunt
3176 3302 3395 3364 mortui.
3443 3304 3539 3360 sed

1970 3378 2025 3431 in
2059 3386 2319 3434 aeternam
2350 3380 2514 3436 vitam
2567 3382 2929 3440 sicutChristi
2974 3386 3143 3456 ipsius
3171 3405 3299 3448 caro
3349 3408 3537 3453 resur-

1971 3470 2133 3533 rexit,
2176 3471 2622 3539 quemadmodum
2656 3475 2856 3542 possim
2880 3476 3115 3532 breviter
3139 3478 3436 3550 disputare,
3484 3478 3568 3539 et'

1968 3558 2215 3612 omnibus
2263 3559 2667 3627 questionibus,
2716 3577 2836 3631 quae
2875 3563 2942 3617 de
2978 3565 3080 3620 hac
3104 3580 3162 3620 re
3198 3569 3405 3624 moveri
3447 3585 3540 3627 as-

1969 3637 2160 3714 solent,
2201 3648 2528 3712 satisfacere,
2569 3663 2675 3707 non
2705 3650 2938 3706 invenio.
2981 3651 3424 3712 Resurrecturam
3462 3667 3541 3714 ta-

1971 3750 2092 3790 men
2120 3750 2359 3802 carnem,
2407 3737 2498 3806 qui
2527 3738 2638 3796 nati
2675 3748 2800 3794 sunt
2825 3741 3132 3807 hominum,
3177 3751 3270 3802 aut
3312 3760 3540 3805 nascen-

1974 3835 2080 3890 tur,
2121 3827 2318 3883 mortui
2346 3837 2654 3898 suntatque
2688 3831 3006 3898 morientur,
3037 3834 3182 3890 nullo
3203 3837 3362 3892 modo
3382 3838 3543 3894 debet

1971 3915 2216 3971 dubitare
2259 3916 2618 3975 Christianus.
2672 3936 2690 3967 ι
2747 3919 2814 3972 Et
2862 3921 3020 3990 paulo
3049 3932 3171 3991 post
3223 3923 3375 3996 (Cap.
3403 3927 3536 3999 86):

1977 4024 1996 4055 ι
2043 4006 2122 4060 Ex
2167 4019 2273 4074 quo
2334 4015 2534 4071 autem,
2576 4006 2772 4075 inquit,
2809 4008 2995 4081 incipit
3040 4013 3200 4067 homo
3245 4014 3449 4082 vivere,
3470 4032 3540 4072 ex

1972 4095 2061 4150 illo
2101 4097 2284 4164 utique
2307 4097 2418 4166 jam
2441 4098 2579 4152 mori
2609 4107 2805 4168 potest.
2851 4099 3088 4157 Mortuus
3128 4119 3278 4172 vero,
3315 4105 3538 4162 ubicun-

1971 4201 2075 4254 que
2103 4187 2176 4243 illi
2221 4201 2366 4241 mors
2389 4189 2623 4258 potuerit
2653 4191 2892 4256 evenire,
2944 4194 3210 4260 quomodo
3261 4196 3328 4250 ad
3363 4212 3542 4252 resur~

1973 4274 2266 4330 rectionem
2311 4292 2414 4332 non
2449 4277 2720 4346 pertineat
2747 4288 3102 4347 mortuorum,
3154 4285 3392 4352 reperire
3428 4303 3535 4345 non

1973 4381 2211 4435 possum.
2259 4387 2276 4417 ι
2312 4367 2380 4422 Ει
2405 4368 2566 4436 paulo
2602 4378 2726 4439 post
2775 4370 2927 4442 (Cap.
2959 4371 3048 4445 88)
3082 4391 3095 4426 :
3135 4393 3155 4426 ι
3197 4375 3314 4431 Non
3355 4386 3536 4434 autem

1974 4458 2118 4526 perit
2177 4458 2288 4513 Deo
2335 4467 2550 4516 terrena
2598 4463 2883 4529 materies,
2957 4465 3022 4518 de
3067 4480 3172 4534 qua
3231 4469 3536 4524 mortalium

1975 4553 2190 4600 creatur
2225 4562 2390 4614 caro;
2429 4548 2522 4603 sed
2565 4549 2619 4603 in
2647 4552 2942 4619 quemlibet
2973 4554 3248 4622 pulverem
3277 4557 3547 4612 cinerem-

1975 4651 2079 4706 que
2107 4637 2362 4704 solvatur,
2408 4639 2460 4693 in
2482 4640 2747 4708 quoslibet
2780 4643 2939 4698 alitus
2982 4659 3249 4715 aurasque
3275 4647 3538 4717 diil‘ugial,

1975 4725 2029 4778 in
2085 4740 2459 4795 quamcunque
2528 4729 2754 4784 aliorum
2803 4745 3086 4800 corporum
3147 4735 3540 4797 substantiam,

1977 4816 2060 4870 vel
2105 4817 2158 4871 in
2206 4818 2319 4886 ipsa
2365 4819 2628 4874 elementa
2675 4830 2936 4887 vertatur,
2991 4825 3042 4876 in
3097 4841 3542 4895 quorumcunquc

1976 4908 2307 4973 animalium,
2368 4911 2531 4964 etiam
2573 4912 2847 4966 hominum
2876 4913 3055 4969 cibqu
3087 4915 3260 4978 cedat,
3292 4931 3540 4969 carnem-

1974 5011 2078 5064 que
2128 5005 2405 5062 mutetur;
2457 4997 2530 5051 illi
2583 4998 2762 5050 anima
2810 4999 3042 5053 humana
3090 5002 3142 5056 in
3169 5012 3366 5070 puncto
3405 5012 3541 5057 tem-

1973 5089 2123 5156 poris
2172 5090 2364 5154 reddit,
2423 5089 2515 5157 qui
2565 5087 2707 5145 illam
2753 5088 3023 5157 primitus,
3067 5097 3125 5142 ut
3158 5091 3316 5144 homo
3365 5089 3536 5154 fieret,

1973 5189 2263 5242 cresceret,
2318 5179 2540 5242 viveret,
2601 5178 2875 5232 animavit.
2952 5176 3102 5248 (Cap.
3139 5178 3250 5243 89.)
3291 5178 3402 5248 Ipsa
3433 5179 3539 5232 ita-

1975 5285 2078 5338 que
2125 5279 2335 5324 terrena
2383 5269 2653 5331 materies,
2715 5285 2835 5338 qua:
2884 5269 3190 5323 discedente
3237 5269 3415 5322 anima
3484 5270 3543 5328 lit

1976 5362 2224 5424 cadaver,
2284 5377 2387 5414 non
2437 5362 2510 5414 ita
2554 5362 2950 5416 resurrectione
3013 5360 3350 5428 reparabitur
3394 5367 3452 5413 ut
3475 5378 3541 5416 ea

1975 5470 2092 5523 quae
2118 5453 2442 5514 dilabuntur,
2484 5459 2540 5504 et
2565 5452 2618 5504 in
2642 5451 2775 5506 alias
2809 5458 2969 5519 atque
3020 5449 3155 5504 alias
3184 5449 3408 5506 aliarum
3454 5464 3542 5505 re-

1975 5559 2093 5597 rum
2149 5542 2356 5611 species
2410 5541 2715 5611 formasque
2781 5547 3083 5604 vertuntur,
3153 5540 3398 5610 quamvis
3473 5540 3540 5594 ad

1974 5635 2169 5709 corpus
2217 5633 2455 5700 redeant,
2488 5633 2627 5690 unde
2670 5633 2869 5707 dilapsa
2897 5639 3038 5697 sunt,
3071 5631 3137 5686 ad
3166 5632 3380 5686 easdem
3411 5645 3548 5704 quu-

3113 5723 3150 5782 9
