4030 6190
485 316 590 380 267

1538 315 1729 375 ,ΙΟΝᾹΞ
1768 314 2320 373 AUllELlANENSlS
2358 312 2663 370 EPISCOPI
2708 338 2719 351 ο

3620 317 3725 373 2(ίὸ

486 454 591 512 que
621 424 859 508 corporis
884 440 1085 506 partes,
1113 434 1204 488 ubi
1231 432 1473 497 fuerunt,
1514 432 1696 486 redire
1727 444 1947 485 necesse
1969 428 2059 483 sit.
2091 434 2141 490 Α
2164 430 2273 482 Aut
2305 429 2433 498 quid
2465 428 2657 482 mirum
2695 442 2738 481 sn
2765 428 3037 482 hominem
3068 443 3132 483 ex
3171 427 3393 498 pulvere
3420 431 3726 493 resuscitat.

483 524 735 601 Alioquin
767 528 811 584 si
837 529 890 583 in
915 524 1122 597 capillis
1150 526 1289 581 redit
1308 525 1450 596 quod
1482 533 1589 578 tam
1613 523 1803 579 crebro
1832 530 2054 577 tonsura

486 621 738 683 detraxit,
769 618 829 676 ,si
862 616 1127 688 unguibus
1157 619 1301 686 quod
1328 616 1488 670 toties
1523 614 1756 683 dempsit
1796 612 2052 676 cxsectio,

485 705 838 768 immoderata
868 717 924 763 et
963 708 1216 763 indecens
1244 706 1603 778 cogitantibus
1642 712 1698 759 et
1726 703 1844 758 ideo
1878 717 2056 757 resur-

486 800 782 855 rectionem
810 796 991 853 carnis
1027 801 1133 850 non
1174 795 1513 850 credentibus
1550 792 1787 848 occurrit
1814 790 2057 845 informi-

487 897 594 944 tas.
629 886 735 943 Sed
780 884 1229 956 quemadmodum
1257 884 1302 938 si
1333 890 1513 938 statua
1544 879 1831 950 cujuslibet
1859 879 2057 934 solubi-

485 980 555 1037 lis
575 978 777 1035 metalli
804 985 898 1033 aut
933 976 1055 1047 igne
1085 975 1442 1046 liquesceret,
1483 981 1578 1027 aut
1601 976 1977 1026 contereretur
2002 969 2058 1023 in

486 1072 786 1143 pulverem,
836 1076 931 1123 aut
978 1067 1396 1124 confunderetur
1443 1067 1498 1120 in
1550 1076 1802 1120 massam.
1849 1069 1904 1116 et
1938 1075 2059 1115 eam

490 1163 654 1220 vellet
702 1160 893 1219 artifex
940 1173 1161 1214 rursum
1202 1172 1272 1212 ex
1303 1157 1447 1211 illius
1492 1153 1733 1209 materiae
1756 1151 2060 1222 quantitate

491 1253 753 1324 reparari,
787 1249 920 1307 nihil
958 1249 1246 1303 interesset
1290 1246 1359 1301 ad
1395 1245 1515 1316 ejus
1543 1243 1905 1313 integritatem
1942 1255 2062 1309 qua:

490 1341 755 1413 particula
785 1338 1027 1394 materia:
1069 1334 1266 1404 cuique
1294 1334 1540 1389 membro
1578 1339 1769 1386 stature
1804 1328 2058 1383 reddere-

494 1437 606 1493 tur,
641 1430 763 1485 dum
788 1435 966 1482 tamen
1000 1431 1170 1479 totum
1201 1437 1268 1477 ex
1295 1436 1403 1491 quo
1431 1420 1722 1476 constituta
1748 1417 1942 1482 fuerat,
1978 1431 2064 1471 re-

496 1525 798 1573 sumeretur
826 1532 840 1569 :
866 1515 940 1568 ita
969 1512 1134 1578 Deus,
1172 1510 1494 1565 mirabiliter
1533 1515 1694 1577 atque
1720 1505 2064 1561 ineil'abilite’r

495 1604 717 1670 artifex,
737 1603 805 1659 de
830 1596 943 1659 toto
963 1615 1069 1672 quo
1081 1615 1211 1655 caro
1241 1607 1429 1655 nostra
1450 1596 1790 1661 constiterat,
1817 1609 1937 1650 eam
1965 1593 2066 1647 mi—

496 1695 653 1751 rabili
694 1701 855 1763 atque
894 1686 1145 1746 ineffabili
1190 1687 1467 1743 celeritate
1493 1684 1764 1740 restituet.
1809 1680 1920 1737 Nec
1961 1680 2062 1735 ali-

496 1785 626 1855 quid
668 1780 915 1838 attinebit
952 1779 1020 1834 ad
1054 1778 1172 1849 ejus
1212 1774 1722 1844 redintegrationcm
1754 1779 1937 1826 utrum
1976 1785 2065 1824 ca-

494 1874 607 1947 pilli
637 1873 705 1928 ad
731 1870 952 1941 capillos
974 1868 1216 1931 redeant,
1259 1874 1316 1922 et
1356 1879 1565 1936 ungues
1608 1863 1676 1918 ad
1709 1877 1948 1932 ungues,
1993 1876 2064 1916 an

497 1960 757 2038 quidquid
799 1972 987 2018 eorum
1029 1958 1267 2030 perierat
1308 1964 1545 2012 mutetur
1591 1955 1645 2009 in
1690 1967 1873 2018 carne,
1917 1961 1973 2008 et
1999 1954 2067 2007 ad

497 2067 682 2129 partes
733 2054 866 2109 alias
917 2049 1160 2120 corporis
1213 2056 1519 2108 revocetur,
1575 2053 1800 2099 curante
1843 2042 2069 2098 artificis

496 2128 780 2216 prudentia
807 2154 875 2194 ne
906 2140 1036 2209 quid
1059 2136 1313 2192 indecens
1342 2133 1454 2189 ﬁat.
1470 2132 1645 2205 (Cap.
1670 2128 1784 2203 90.)
1802 2129 1912 2185 Nec
1937 2130 2070 2184 illud

497 2241 582 2288 cst
612 2241 948 2298 consequens
986 2235 1047 2280 ut
1086 2225 1210 2279 ideo
1248 2222 1461 2278 diversa
1489 2228 1697 2274 statura
1738 2219 1812 2273 sit
1849 2217 2071 2272 revivis-

498 2318 735 2374 centium
758 2314 1112 2386 singulorum,
1140 2310 1265 2381 quia
1293 2308 1470 2363 fuerat
1503 2307 1713 2363 diversa
1747 2307 2066 2371 viventium,

500 2416 594 2463 aut
621 2405 790 2461 macri
809 2406 934 2461 cum
962 2400 1150 2458 eadem
1187 2398 1394 2464 macie,
1441 2404 1535 2452 aut
1563 2396 1790 2466 pingues
1829 2410 1951 2451 cum
1979 2409 2072 2449 ea-

499 2498 621 2552 dem
645 2492 971 2567 pinguedine
992 2486 1335 2546 reviviscant.
1363 2486 1470 2543 Sed
1498 2487 1544 2543 si
1573 2487 1677 2542 hoc
1702 2493 1787 2542 est
1810 2487 1863 2540 in
1894 2486 2073 2541 consi-

500 2585 574 2640 lio
614 2582 913 2647 Creatoris,
954 2587 1014 2635 ut
1045 2579 1098 2634 in
1133 2576 1305 2649 elligie
1344 2591 1440 2632 sua
1478 2575 1737 2647 cujusque
1763 2574 2073 2646 proprietas

499 2668 554 2726 et
577 2667 934 2726 discernibilis
952 2652 1250 2722 Similitudo
1283 2672 1553 2730 servetur,
1578 2664 1634 2719 in
1655 2662 1867 2719 creteris
1892 2668 2072 2716 autem

502 2754 820 2828 corporibus
842 2756 998 2812 bonis
1015 2753 1244 2825 aequalia
1263 2761 1454 2808 cuncta
1477 2752 1789 2818 reddantur,
1818 2752 1892 2807 ita
1920 2766 2074 2811 mun-

501 2848 809 2904 dillcabitur
840 2840 896 2902 in
947 2845 1038 2901 illa
1074 2845 1127 2899 in
1177 2842 1499 2914 unoquoque
1542 2843 1816 2910 materies,
1866 2850 1926 2898 ut
1966 2856 2069 2898 nec

501 2936 703 3006 aliquid
743 2950 813 2991 ex
856 2948 920 2991 ea
956 2941 1162 3004 pereat,
1208 2940 1264 2988 et
1302 2931 1450 3003 quod
1500 2931 1660 2989 alicui
1703 2930 1954 2998 defuerit,
1987 2931 2076 2988 ille

459 3056 465 3061 -
502 3023 768 3096 suppleat,
794 3021 887 3092 qui
914 3021 1078 3078 etiam
1098 3019 1167 3076 de
1190 3019 1359 3077 nihilo
1382 3019 1558 3091 p0tuit
1583 3020 1727 3090 quod
1748 3019 2073 3090 voluit‘ope-

2120 535 2125 540 ‘
2157 521 2248 588 qui
2294 518 2452 575 simul
2490 520 2671 574 omnia
2716 524 2781 574 ex
2823 519 2993 574 nihilo
3035 520 3280 574 creavit?
3308 520 3609 575 Mirabilius
3647 534 3731 577 est

2158 609 2269 663 Deo
2305 607 2502 663 crelum
2544 623 2607 662 ac
2637 616 2836 662 terram
2863 621 2930 661 ex
2960 608 3120 663 nullis
3156 608 3511 663 existentibus
3551 612 3732 664 condi-

2148 699 2332 764 disse,
2386 712 2548 767 quam
2588 699 2760 767 ipsum
2812 698 3083 752 hominem
3124 713 3197 753 ex
3255 707 3402 754 terra
3451 712 3729 768 reparare.

2157 785 2296 853 Quid
2326 786 2524 840 mirum
2551 794 2636 841 est
2660 786 2705 840 si
2734 800 2881 851 ossa,
2907 801 3123 851 nervos,
3152 802 3368 842 carnem
3403 789 3735 858 capillosque

2158 878 2300 933 Deus
2326 878 2547 932 reducat
2590 892 2654 931 ex
2680 877 2918 947 pulvere,
2950 878 3043 946 qui
3086 878 3309 947 lignum,
3344 876 3576 944 fructus,
3608 878 3733 934 folia

2159 971 2215 1024 in
2262 985 2455 1041 magna
2492 970 2632 1025 mole
2682 970 2891 1025 arboris
2936 985 3004 1024 ex
3046 984 3216 1039 parvo
3244 969 3482 1039 quotidie
3529 971 3738 1025 semine

2159 1060 2461 1115 restaurct?
2479 1059 2615 1115 Cum
2632 1073 2759 1130 ergo
2780 1058 3031 1113 dubitans
3060 1058 3273 1112 animus
3297 1059 3362 1113 de
3389 1059 3736 1113 resurrectio-

2159 1151 2245 1204 nis
2274 1150 2509 1219 potentia
2548 1149 2811 1206 rationum
2848 1150 3071 1219 quaarit,
3110 1148 3421 1204 earumdem
3455 1149 3506 1203 ei
3549 1162 3734 1203 rerum

2160 1240 2485 1309 quaestiones
2542 1238 2835 1293 inferendae
2899 1247 3062 1301 sunt,
3117 1253 3238 1307 quas
3286 1245 3341 1291 ct
3397 1237 3739 1292 incessanter

2161 1327 2315 1394 fiunt,
2362 1335 2417 1383 ct
2461 1336 2640 1381 tamen
2695 1327 2903 1382 ratione
2949 1326 3177 1397 exprimi
3226 1340 3565 1396 nequaquam
3610 1340 3739 1392 pos-

2161 1416 2315 1483 sunt;
2355 1425 2416 1471 ut
2466 1417 2591 1470 dum
2633 1432 2739 1470 non
2775 1417 2919 1471 valet
2967 1432 3034 1471 ex
3081 1417 3291 1472 visione
3332 1417 3408 1472 rei
3450 1425 3740 1486 penetrare

2162 1508 2304 1579 quod
2359 1506 2668 1577 conspicit,
2721 1507 2787 1561 de
2835 1508 3191 1577 promissione
3240 1508 3436 1563 divinae
3480 1509 3739 1578 potentia:

2163 1599 2350 1654 credat
2369 1597 2509 1668 quod
2540 1596 2710 1652 audit.
2751 1595 2906 1666 Saepe
2931 1596 3077 1651 infidi
3110 1596 3359 1652 homines
3388 1598 3514 1652 dum
3549 1599 3737 1669 pulve-

2167 1701 2283 1741 rem
2326 1685 2688 1756 putrescentis
2736 1686 2916 1740 carnis
2966 1685 3252 1754 aspiciunt,
3314 1677 3502 1741 dicunt
3535 1707 3547 1739 :
3586 1689 3737 1744 Unda

2091 1762 2138 1822 Β
2165 1789 2287 1830 ossa
2317 1783 2372 1830 et
2418 1773 2683 1839 medullze,
2736 1773 2885 1829 unde
2911 1788 3039 1828 caro
3071 1782 3128 1829 et
3172 1774 3353 1844 capilli
3384 1784 3638 1847 poterunt
3683 1779 3740 1833 in

2166 1865 2563 1919 resurrectione
2625 1864 2914 1933 reparari?
2977 1864 3103 1920 Hmc
3166 1864 3350 1936 itaque
3405 1869 3744 1937 requirentes

2166 1970 2331 2026 parva
2358 1955 2563 2010 semina
2599 1954 3175 2026 ingentium-arborum
3205 1958 3443 2024 videant,
3482 1968 3664 2029 atque,
3690 1961 3739 2016 si

2166 2055 2412 2119 possunt,
2445 2047 2626 2101 dicant
2662 2046 2752 2101 ubi
2779 2047 2834 2101 in
2861 2046 2943 2102 eis
2966 2047 3094 2102 latet
3124 2056 3272 2104 tanta
3303 2050 3473 2106 moles
3503 2051 3742 2117 roboris,

2170 2146 2319 2192 tanta
2342 2134 2626 2192 diversitas
2664 2151 2956 2201 ramorum,
3004 2146 3154 2193 tanta
3186 2138 3473 2194 multitudo
3512 2154 3578 2194 ac
3606 2141 3737 2195 viri-

2170 2226 2313 2281 ditas
2343 2225 2611 2290 foliorum,
2657 2234 2805 2280 tanta
2838 2227 3046 2295 species
3076 2225 3293 2293 ﬂorum,
3343 2236 3491 2282 tanta
3522 2230 3749 2286 ubertas

2170 2330 2422 2385 saporum
2449 2324 2610 2385 atque
2630 2318 2772 2372 ‘odor
2794 2315 3096 2371 fructuum?
3129 2316 3505 2388 Nunquidnam
3531 2301 3744 2376 semina

2172 2421 2235 2459 ar
2270 2418 2427 2460 orum
2474 2406 2695 2462 odorem
2738 2406 2820 2460 vel
2866 2422 3114 2477 saporem
3160 2409 3361 2464 habent
3409 2426 3567 2480 quem
3612 2411 3749 2482 ipsae

2172 2503 2295 2565 post
2322 2495 2545 2551 arbores
2571 2495 2627 2549 in
2652 2497 2764 2551 suis
2788 2496 3053 2555 fructibus
3083 2497 3395 2568 proferunt?
3420 2501 3476 2556 Si
3508 2517 3613 2556 non
3636 2518 3738 2574 po-

2173 2592 2257 2640 tes
2285 2585 2698 2640 resurrectionis
2732 2584 2982 2641 ellcctum
3028 2588 3234 2644 ratione
3261 2592 3746 2659 comprehendere.

2173 2675 2446 2745 perpende
2468 2690 2627 2746 quam
2661 2672 2826 2730 multa
2846 2686 2995 2742 sunt,
3030 2684 3281 2747 quat-non
3304 2679 3578 2752 intelligis,
3609 2697 3750 2752 qua-

2174 2762 2301 2819 liter
2317 2764 2445 2830 sint,
2493 2773 2759 2821 et‘tamen
2806 2781 2926 2823 esse
2971 2782 3075 2822 non
3119 2768 3350 2825 dubitas.
3400 2769 3754 2829 Resurrectio

2174 2853 2333 2923 plane
2361 2864 2696 2910 mortuorum
2739 2857 2824 2912 his
2862 2866 2917 2911 et
2956 2857 3078 2912 aliis
3117 2859 3527 2929 quamplurimis
3560 2876 3748 2916 citem»

2174 2941 2296 3012 plis,
2356 2950 2411 2996 et
2462 2942 2799 3013 potissimum
2860 2944 3028 3012 ipsius
3074 2945 3265 3014 capitis
3309 2946 3478 3000 nostri
3529 2945 3748 3002 Domini

2179 3030 2352 3086 nostri
2386 3029 2513 3087 Iesu
2542 3031 2742 3087 Christi
2767 3033 3189 3097 resurrectione,
3231 3034 3419 3104 in-quo
3442 3044 3632 3090 omnes
3656 3050 3755 3090 re-

503 3115 637 3171 ιἐιτί·
668 3112 726 3169 Si
755 3120 933 3168 amem
972 3112 1026 3166 in
1072 3109 1389 3181 corporibus
1427 3109 1819 3181 resurgentium
1847 3110 2077 3164 raliom‘
2102 3092 2148 3157 Ο
2179 3121 2512 3177 surreximus
2537 3129 2594 3176 et
2619 3122 3080 3188 convivificamur,
3123 3124 3292 3178 astrui
3323 3124 3589 3178 veraciter
3613 3123 3745 3179 tide-

504 3205 629 3261 hilis
658 3201 995 3273 inaequalitas
1024 3201 1130 3255 erit
1148 3238 1164 3266 ,
1214 3199 1357 3254 sicut
1381 3206 1465 3254 est
1492 3213 1685 3255 vocum
1715 3213 1838 3253 cum
1878 3199 2075 3269 quibus

433 3282 442 3291 ”
507 3291 761 3364 impletur
783 3298 973 3348 cantus
1005 3308 1018 3343 :
1044 3291 1146 3345 huc
1172 3288 1265 3344 ﬁet
1292 3287 1582 3357 unicuique
1610 3287 1677 3343 de
1703 3287 1930 3343 materia
1961 3301 2075 3342 cor-

504 3384 654 3455 poris
692 3383 797 3448 sui,
827 3382 970 3452 quod
1007 3388 1064 3436 et
1093 3378 1368 3434 hominem
1398 3377 1588 3434 reddat
1630 3376 1887 3448 angelicis
1926 3376 2078 3432 cteti-

452 3503 459 3509 ο
509 3477 631 3538 bus,
667 3482 722 3528 et
764 3472 898 3527 nihil
925 3469 1311 3527 inconveniens
1335 3482 1523 3524 eorum
1565 3467 1776 3539 ingerat
1806 3466 2073 3522 sensibus.

509 3562 824 3618 lndecorum
845 3560 1045 3632 quippe
1069 3559 1270 3630 aliquid
1299 3559 1374 3615 ibi
1397 3574 1503 3614 non
1532 3559 1658 3624 erit,
1695 3558 1789 3614 sed
1820 3557 2078 3628 quidquid

512 3650 751 3708 futurum
792 3654 893 3714 est,
935 3649 1038 3705 hoc
1059 3648 1298 3713 decebit,
1336 3647 1589 3718 quianec
1614 3645 1861 3702 futurum
1880 3655 1987 3713 est,
2030 3646 2077 3702 si

514 3755 621 3798 non
647 3740 892 3796 decebat.
923 3735 1087 3811 (Cap.
1124 3736 1248 3810 91.)
1276 3736 1578 3808 Resurgent
1609 3752 1738 3809 ergo
1764 3746 2077 3792 sanctorum

514 3844 742 3901 corpora
787 3829 906 3884 sine
939 3828 1046 3882 ullo
1066 3827 1219 3892 vitio,
1259 3828 1377 3883 sine
1402 3826 1509 3881 ulla
1538 3826 1908 3890 deformitate,
1939 3826 2079 3880 sicut

513 3925 631 3977 sine
658 3920 763 3975 ulla
792 3920 1160 3989 corruptione,
1199 3932 1391 3984 onere,
1436 3916 1765 3973 difﬁcultate.
1797 3917 1855 3971 ln
1883 3917 2078 3986 quibus

514 4021 662 4067 tanta
690 4011 942 4076 facilitas,
970 4018 1171 4079 quanta
1199 4008 1427 4064 felicitas
1454 4008 1578 4063 erit.
1605 4007 1833 4077 Propter
1853 4007 1996 4075 quod
2021 4014 2079 4059 et

514 4101 776 4171 spiritalia
807 4102 946 4156 dicta
978 4107 1122 4164 sunt,
1156 4113 1277 4153 cum
1303 4097 1491 4168 procul
1519 4097 1683 4152 dubio
1707 4110 1935 4166 corpora
1970 4095 2079 4150 sint

516 4191 715 4256 futura,
745 4205 851 4244 non
880 4189 1120 4259 spiritus.
1154 4186 1260 4242 Sed
1289 4188 1430 4241 sicut
1459 4194 1586 4239 tunc
1610 4198 1805 4254 corpus
1848 4182 2079 4237 animale

515 4281 735 4344 dicitur,
780 4278 921 4347 quod
960 4284 1141 4329 tamen
1188 4286 1403 4344 corpus,
1455 4288 1563 4328 non
1610 4274 1787 4327 anima
1832 4283 1952 4336 est;
2004 4272 2078 4327 ita

518 4384 658 4423 nunc
705 4367 947 4438 spiritale
1000 4379 1236 4435 corpus,
1290 4373 1468 4417 tamen
1522 4378 1628 4417 non
1676 4364 1897 4433 spiritus
1952 4364 2075 4418 erit.

2174 3209 2404 3279 litcrque
2444 3217 2643 3279 potest.
2672 3208 2811 3277 Quid
2846 3210 2988 3263 enim
3015 3211 3396 3278 congruentius
3428 3226 3571 3265 sanae
3597 3211 3753 3277 fidei,

2175 3298 2372 3369 quidve
2402 3298 2731 3364 credibilius,
2764 3314 2924 3368 quam
2952 3308 3009 3354 ut
3034 3300 3273 3355 membra
3310 3309 3471 3369 caput
3508 3314 3748 3369 sequan-

2176 3388 2296 3443 turl
2343 3387 2461 3455 Quo
2502 3387 2632 3442 illud
2678 3388 2840 3458 igitur
2866 3389 3161 3458 praecessit,
3194 3388 3432 3443 membra
3452 3395 3753 3457 sequantur

2175 3492 2400 3533 necesse
2430 3486 2531 3533 εει.
2568 3497 2588 3529 D

2245 3567 2399 3635 Quod
2427 3582 2557 3622 vero
2594 3568 2923 3623 resurrectio
2951 3567 3073 3622 aliis
3112 3567 3180 3621 ad
3209 3569 3397 3633 vitam,
3422 3568 3545 3623 aliis
3579 3568 3653 3624 sit
3682 3570 3757 3623 ad

2125 3679 2129 3682 ν
2174 3673 2428 3729 penam,
2475 3664 2704 3712 testatur
2744 3656 2931 3712 Daniel
2975 3659 3238 3727 propheta
3271 3677 3286 3713 :
3317 3659 3503 3724 Multi,
3552 3658 3753 3728 inquit,

2175 3749 2264 3820 qui
2285 3748 2549 3802 dormiunt
2572 3748 2627 3802 in
2661 3758 2814 3802 terra:
2852 3746 3076 3819 pulvere,
3101 3748 3436 3817 evigilabunt,
3475 3747 3568 3802 alii
3605 3748 3659 3801 in
3682 3751 3758 3802 vi-

2175 3845 2284 3889 tam
2306 3844 2575 3900 ceternam,
2614 3834 2707 3888 alii
2732 3836 2787 3889 in
2811 3835 3142 3906 opprobrium
3174 3835 3333 3906 (Dan.
3357 3852 3456 3902 xu,
3490 3836 3567 3908 2).
3600 3837 3657 3891 In
3689 3837 3758 3891 li-

2175 3924 2275 3979 bro
2308 3925 2552 3978 secundo
2598 3923 3069 3978 Machabaeorum:
3105 3924 3184 3977 Tu
3217 3926 3450 3995 quidem,
3489 3926 3750 3981 scelestis-

2176 4010 2327 4076 sime,
2350 4012 2405 4064 in
2426 4011 2667 4080 prementi
2705 4012 2811 4064 vita
2851 4027 2944 4065 nos
2970 4011 3143 4081 perdis
3167 4025 3185 4063 :
3206 4012 3296 4066 sed
3323 4028 3416 4067 rea:
3455 4015 3635 4068 mundi
3655 4015 3753 4068 de-

2178 4099 2381 4169 functos
2422 4117 2515 4155 nos
2555 4117 2649 4170 pro
2688 4101 2797 4155 suis
2821 4101 3017 4172 legibus
3051 4101 3106 4156 in
3137 4111 3346 4172 (eterna:
3384 4104 3502 4157 vitae
3523 4120 3755 4158 recurre-

2179 4189 2346 4242 ctione
2371 4188 2638 4241 suscitabit
2669 4186 2765 4260 (ΙΙ
2803 4187 2978 4243 Mach.
3016 4204 3111 4251 vn,
3141 4188 3225 4261 9).
3252 4190 3383 4245 Item
3412 4209 3427 4247 :
3452 4190 3636 4245 Potius
3668 4202 3753 4247 est

2178 4278 2243 4330 ab
2265 4277 2559 4331 hominibus
2581 4279 2735 4332 morti
2758 4278 2908 4332 datos
2929 4295 3068 4348 spem
3088 4290 3383 4348 exspectare
3407 4281 3519 4346 Dei,
3559 4283 3755 4336 iterum

2179 4366 2243 4419 ab
2272 4367 2383 4434 ipso
2422 4367 2828 4432 resuscitandas,
2867 4368 2958 4421 tibi
2988 4370 3126 4422 enim
3153 4371 3459 4424 resurrectio
3486 4371 3555 4424 ad
3594 4373 3753 4425 citant

517 4434 750 4512 Proinde
802 4464 1059 4526 quantum
1110 4456 1300 4509 attinet
1354 4455 1421 4510 ad
1474 4456 1904 4525 corruptionem,
1960 4434 2156 4525 qua:D
2182 4473 2283 4511 non
2328 4458 2425 4510 erit
2464 4457 2642 4528 (Ibid.
2675 4476 2722 4512 υ.
2757 4458 2865 4529 14).
2913 4458 2979 4512 Et
3013 4458 3272 4515 Dominus
3316 4460 3370 4515 in
3412 4460 3752 4529 Evangelio:

442 4568 449 4573 ·
517 4562 661 4603 nunc
688 4553 944 4618 aggravat
969 4544 1226 4609 animam,
1254 4553 1309 4598 et
1337 4543 1466 4598 vitia
1509 4544 1703 4613 quibus
1731 4560 1860 4599 caro
1885 4545 2079 4599 adver-

450 4670 455 4679 ι
518 4650 613 4690 sus
637 4634 885 4704 spiritum
927 4632 1274 4700 concupiscit,
1330 4641 1457 4686 tunc
1507 4646 1612 4686 non
1649 4632 1756 4685 erit
1798 4646 1947 4696 caro,
1987 4634 2082 4687 sed

448 4756 453 4763 ι
518 4738 746 4792 corpus,
793 4723 918 4791 quia
976 4729 1031 4776 et
1083 4720 1323 4775 cmlestia
1374 4734 1605 4789 corpora
1647 4722 2017 4790 perhibentur.
2057 4742 2075 4774 ι

590 4824 616 4853 ιι
643 4809 933 4879 Gregorius
961 4809 1014 4863 in
1040 4808 1331 4863 Moralibus
1359 4828 1371 4861 :
1408 4829 1425 4861 ι
1449 4810 1585 4866 Sunt
1606 4810 1845 4866 nonnulli
1879 4811 1971 4879 qui
2016 4810 2072 4866 dt
2120 4858 2123 4861 .

2185 4546 2361 4600 Nolite
2396 4548 2579 4600 mirari
2620 4549 2744 4619 quia
2784 4549 2920 4601 venit
2962 4549 3091 4602 hora
3131 4549 3188 4602 in
3227 4564 3333 4620 qua
3355 4565 3529 4603 omnes
3565 4551 3658 4620 qui
3697 4566 3757 4605 ut

2184 4636 2528 4689 monumentis
2556 4647 2697 4700 sunt,
2731 4637 2944 4689 audient
2972 4653 3142 4690 vocem
3176 4635 3306 4691 Filii
3335 4636 3452 4701 Dei,
3495 4648 3544 4691 et
3573 4654 3759 4708 proce-

2181 4724 2299 4777 dent
2340 4727 2428 4793 qui
2469 4724 2601 4777 bona
2643 4724 2872 4792 fecerunt
2908 4724 2964 4777 in
3008 4726 3433 4779 resurrectionem
3474 4724 3618 4790 vitw,
3665 4726 3759 4795 qui

2182 4830 2298 4868 vero
2324 4814 2465 4867 mala
2486 4824 2724 4884 egerunt,
2749 4815 2805 4866 in
2825 4816 3249 4869 resurrectionem
3262 4814 3454 4884 judicii
3477 4812 3496 4885 (
3516 4813 3551 4868 .1
3555 4830 3679 4868 oan.
3698 4829 3753 4879 v,

520 4902 914 4959 resurrectione
937 4901 1116 4957 carnis
1144 4902 1339 4957 incerti
1364 4910 1508 4966 sunt,
1540 4910 1596 4957 et
1622 4901 1747 4957 dum
1774 4916 1994 4958 carnem
2024 4902 2077 4956 in
2175 4901 2289 4973 28).
2312 4901 2442 4956 item
2470 4919 2484 4956 :
2517 4900 2674 4956 Ibunt
2703 4903 2756 4955 lii
2781 4903 2836 4956 in
2860 4902 3171 4973 supplicium
3213 4912 3486 4969 ceterorum,
3499 4903 3636 4973 justi
3657 4919 3758 4957 au-

515 4992 852 5064 putredinem
872 5004 1102 5061 ossaque
1125 4992 1177 5046 in
1201 4991 1476 5062 pulverem
1498 4993 1668 5065 redigi
1709 5007 1807 5062 per
1833 4993 2077 5064 sepulcra

518 5081 884 5151 conspiciunt,
936 5080 1176 5150 reparari
1214 5096 1279 5135 ex
1325 5079 1547 5150 pulvere
1593 5094 1810 5137 carnem
1862 5091 1918 5138 et
1957 5098 2079 5138 ossa

517 5170 790 5237 dillidunt;
857 5170 1042 5239 sicque
1090 5170 1227 5240 apud
1273 5184 1331 5225 se
1376 5172 1534 5240 quasi
1584 5173 1972 5228 ratiocinantes
2001 5173 2083 5228 di-

518 5270 648 5316 cunt
678 5277 691 5316 :
720 5261 943 5329 Quando
972 5276 1037 5316 ex
1066 5260 1286 5330 pulvere
1313 5261 1472 5316 homo
1495 5262 1791 5327 reducitur,
1813 5263 2081 5331 quomodo

519 5354 697 5422 agitur
730 5361 790 5406 ut
821 5351 958 5408 cinis
997 5350 1304 5405 animetur?
1326 5351 1509 5421 Longe
1549 5354 1726 5406 minus
1750 5361 1834 5407 est
1861 5353 1971 5407 Deo
1998 5367 2083 5405 re-

518 5457 711 5511 parare
755 5444 897 5512 quod
943 5441 1063 5507 fuit,
1106 5457 1267 5511 quam
1315 5456 1531 5497 creasse
1579 5444 1724 5514 quod
1760 5459 1865 5499 non
1894 5444 2077 5498 fuerit.

2178 5002 2279 5045 tem
2317 4992 2371 5045 in
2407 4992 2563 5045 vitam
2597 5002 2864 5047 (sternam.
2893 4993 2960 5048 Et
2987 4985 3262 5064 apostolus
3287 4993 3484 5049 Paulus
3512 5013 3527 5048 :
3557 4993 3757 5049 Omnes

2178 5080 2385 5150 quidem
2437 5095 2760 5149 resurgentus
2787 5120 2803 5146 ,
2848 5082 2939 5136 sed
2993 5099 3097 5137 non
3142 5099 3317 5137 omnes
3359 5083 3761 5137 immutabimur

2182 5167 2234 5240 (Ι
2258 5167 2378 5222 Cor.
2405 5184 2493 5234 xv,
2524 5168 2634 5239 51).
2656 5168 2962 5241 Resurgent
2993 5172 3209 5240 quidem
3247 5185 3437 5226 omnes
3459 5178 3514 5225 et
3536 5169 3670 5238 justi
3697 5179 3759 5225 et

2187 5259 2390 5328 injusti,
2442 5259 2535 5313 sed
2556 5258 2688 5327 justi
2719 5268 2778 5314 ut
2818 5262 3187 5326 immutentur,
3220 5261 3273 5315 id
3316 5269 3417 5324 est,
3465 5260 3533 5315 de
3570 5275 3759 5315 corm-

2186 5349 2366 5417 ptione
2402 5349 2467 5403 ad
2514 5349 2999 5420 incorruptionem;
3054 5349 3239 5418 injusti
3290 5357 3470 5405 autem
3516 5349 3588 5403 de
3630 5364 3758 5405 eor-

2189 5440 2434 5509 ruptionc
2468 5440 2534 5493 ad
2561 5449 2870 5509 perpetuam
2902 5450 2955 5495 ct
2984 5440 3302 5494 inellabilem
3327 5441 3756 5506 corruptionem.

594 5570 618 5596 ιι
653 5557 984 5628 Exdiversis
1012 5564 1167 5612 tract.
1202 5567 1410 5624 sumpta
1442 5569 1706 5628 suntquae
1744 5566 2077 5628 sequuntur:
2121 5553 2305 5607 Moral.
2332 5553 2382 5605 in
2408 5551 2527 5616 Joh,
2550 5550 2642 5605 lih.
2675 5567 2784 5616 xiv,
2810 5567 2857 5606 c.
2889 5550 2958 5605 ‘28
2984 5564 2997 5602 :
3020 5550 3145 5604 item
3207 5549 3298 5602 lib.
3344 5564 3379 5601 ιι
3414 5549 3465 5601 in
3531 5547 3759 5604 Ezech..

523 5625 706 5680 homil.
730 5627 828 5693 9.0;
860 5639 913 5683 ct
938 5629 1119 5683 homil.
1152 5629 1219 5682 9.7
1247 5630 1300 5682 in
1327 5630 1522 5697 Evang.
1580 5698 1585 5701 _
