4030 6190
458 225 559 286 169

1412 225 1501 311 DE
1537 224 2020 283 lNSTlTUTlONE
2060 227 2352 287 LAlCALl.
2392 261 2461 273 —
2498 230 2627 287 LlB.
2666 230 2748 291 Ill.

3572 231 3677 288 270

453 334 531 388 De
575 330 770 401 quibus
815 342 911 400 per
954 331 1274 400 prophetam
1320 329 1562 395 dicitur:
1600 331 1801 386 Vermis
1843 350 2016 387 eorum

2109 348 2324 399 brorum
2351 355 2399 399 ct
2420 347 2686 417 caliginis,
2716 345 2825 399 dies
2841 343 3045 411 nebula:
3070 351 3118 398 et
3141 342 3387 409 turbinis,
3412 344 3521 398 dies
3540 346 3677 397 tuba!

452 441 554 477 non
578 422 848 481 morietur,
879 432 924 474 et
966 421 1098 490 ignis
1127 437 1305 474 eorum
1330 418 1447 475 non
1484 423 1841 493 exstinguetur
1876 423 2019 492 (Isa.

448 526 597 572 uri.
626 508 742 580 25).
780 496 1011 564 Proinde
1057 509 1308 565 omnibus
1341 512 1692 581 satagendum
1727 522 1809 568 est
1842 522 1902 568 ut
1939 530 2024 569 re-

447 599 713 653 surrectio
738 598 892 654 nobis
922 599 988 653 ad
1018 598 1266 671 gloriam,
1314 616 1419 654 non
1450 600 1515 655 ad
1540 602 1884 671 opprobrium
1909 620 1925 669 ;
1956 603 2022 656 ad

448 688 928 760 incurruptionem,
957 704 1063 743 non
1089 690 1156 743 ad
1192 690 1613 760 corruptionem,
1652 692 1948 761 proveniat.

1021 778 1248 835 CAPUT
1284 779 1443 834 XVII.

1033 868 1110 923 Dc
1131 868 1214 921 die
1227 869 1442 939 judieii.
1614 868 1621 876 ’
1752 918 1762 928 .

513 956 571 1010 ln
621 956 883 1012 tremendi
918 955 1107 1025 iudicii
1161 958 1250 1017 die
1295 957 1494 1029 nullius
1542 958 1657 1014 fere
1691 961 2021 1016 conscientia

443 1060 634 1100 secura
681 1060 802 1100 esse
841 1055 1037 1115 potest,
1088 1047 1388 1116 praesertim
1419 1063 1542 1102 cum
1586 1064 1693 1106 non
1742 1048 1917 1107 solum
1954 1051 2022 1107 de

441 1149 629 1204 opere,
665 1148 852 1189 verum
884 1136 1045 1193 etiam
1077 1135 1142 1190 de
1180 1136 1355 1193 otioso
1390 1151 1641 1193 sermone
1674 1136 1747 1191 ibi
1790 1137 1899 1193 Deo
1929 1154 2020 1192 ra-

443 1224 618 1281 tiones
655 1223 767 1295 sint
799 1223 1098 1279 reddendae.
1143 1224 1189 1285 Α
1232 1224 1387 1284 nobis
1433 1233 1612 1281 autem
1660 1225 1905 1297 quibusa
1929 1227 2021 1281 de-

441 1312 671 1369 lectatur
696 1313 948 1379 mundus,
980 1322 1034 1367 et
1062 1314 1501 1383 concupiscentia
1540 1314 1677 1385 ejus,
1710 1317 1801 1387 qui
1832 1317 1887 1371 in
1909 1327 2021 1373 sta-

438 1405 531 1459 dio
558 1404 703 1459 illius
733 1413 1013 1463 currentes
1038 1413 1095 1459 et
1122 1405 1175 1459 in
1204 1420 1375 1476 agone
1411 1414 1707 1474 certantes,
1747 1408 1816 1465 de
1845 1410 2019 1479 perci-

438 1494 635 1567 pienda
671 1508 876 1549 corona
917 1493 1347 1553 immortalitatis
1376 1493 1553 1552 adhuc
1586 1495 1777 1551 incerti
1816 1497 2020 1558 insisti-

438 1600 582 1650 mus,
612 1584 706 1655 qui
746 1584 913 1643 etiam
951 1583 1005 1643 in
1033 1584 1217 1641 multis
1237 1584 1580 1653 oll'endimus,
1609 1595 1664 1642 et
1688 1588 2037 1658 quotidianis=

2115 445 2163 490 et
2184 436 2447 508 clangoris
2477 436 2658 508 (Soph.
2698 453 2737 500 ι,
2763 436 2874 505 id).
2933 434 3009 491 De
3041 435 3143 491 hac
3177 436 3325 491 enim
3359 436 3449 491 die
3479 437 3678 492 iterum

2106 537 2203 590 per
2222 523 2542 592 prophetam
2570 523 2772 579 dicitur
2800 541 2815 577 :
2842 522 3024 577 Adhuc
3049 526 3207 576 semel
3241 532 3290 576 et
3321 538 3412 593 ego
3444 524 3677 588 movebo,

2105 626 2207 665 non
2261 610 2433 665 solum
2480 620 2698 677 terram,
2740 612 2832 669 sed
2875 614 3033 665 etiam
3062 612 3246 666 caelum
3287 613 3537 683 (ι199.ιι,
3586 613 3678 682 22)

2107 698 2237 763 Item
2267 713 2281 752 :
2317 697 2547 762 Ululate,
2580 700 2706 769 quia
2740 714 2898 769 prope
2916 708 2990 752 est
3016 700 3126 753 dies
3164 698 3376 757 Domini
3411 700 3541 769 (Isa.
3563 717 3678 763 sui,

2104 786 2183 856 6).
2215 786 2281 841 Et
2305 786 2568 841 Dominus
2610 789 2665 842 in
2689 787 2987 856 Evangelio
3019 802 3034 838 :
3066 786 3229 845 Filius
3274 796 3435 855 enim,
3478 790 3674 859 inquit,

2103 875 2327 928 hominis
2342 883 2589 930 venturus
2616 883 2691 929 est
2709 875 2763 929 in
2778 872 2949 944 gloria
2983 873 3155 929 Patris
3179 892 3294 933 cum
3313 870 3510 947 angelis
3536 881 3675 942 suis;

2099 969 2150 1014 et
2181 970 2305 1015 tunc
2326 963 2506 1015 reddet
2538 962 2820 1032 unicuique
2844 963 3129 1015 secundum
3152 979 3280 1034 opus
3306 964 3419 1032 ejus
3459 965 3673 1034 (Matth.

2101 1062 2214 1110 XVI,
2244 1047 2356 1117 27).
2388 1046 2453 1100 Et
2475 1048 2603 1102 alibi
2635 1066 2648 1102 :
2688 1046 2836 1102 Sicut
2866 1048 3005 1101 enim
3026 1047 3206 1118 fulgur
3233 1049 3337 1102 exit
3372 1049 3435 1104 ab
3455 1054 3674 1118 oriente,

2100 1143 2154 1190 et
2186 1144 2337 1206 paret
2361 1136 2591 1207 usquein
2611 1136 2953 1199 occidentem,
2977 1136 3052 1189 ita
3072 1136 3173 1189 erit
3206 1146 3254 1190 et
3280 1137 3535 1192 adventus
3570 1140 3675 1205 ﬁlii

2102 1225 2351 1279 hominis.
2373 1221 2677 1295 Ubicunque
2692 1224 2854 1293 fuerit
2876 1239 3087 1294 corpus,
3116 1224 3189 1279 ibi
3213 1228 3678 1297 congregabantur

2102 1324 2152 1368 et
2178 1313 2397 1383 aquila’.
2429 1311 2624 1369 Statim
2670 1320 2849 1364 autem
2895 1319 3011 1379 post
3049 1311 3439 1368 tribulationem
3470 1316 3678 1370 dierum

2099 1401 2318 1455 illorum
2359 1400 2442 1455 sol
2485 1390 2875 1465 obscurabitur,
2921 1407 2968 1452 et
2994 1397 3125 1452 luna
3164 1415 3269 1454 non
3308 1400 3455 1455 dabit
3501 1407 3678 1458 lutnen

2099 1498 2291 1554 tuum;
2323 1499 2371 1542 et
2393 1488 2561 1543 stetlte
2586 1487 2778 1543 cadent
2821 1487 2886 1540 de
2925 1486 3076 1549 caelo,
3105 1494 3155 1540 et
3171 1488 3387 1543 virtutes
3425 1489 3676 1552 caelorum

2097 1571 2588 1637 commovebuntur;
2628 1579 2677 1623 et
2717 1577 2842 1623 tunc
2864 1570 3066 1638 parebit
3086 1570 3293 1637 signum
3323 1570 3423 1637 lilii
3446 1573 3675 1627 hominis

434 1653 783 1745 peccatorum
808 1673 1219 1733 remissionibus
1246 1674 1570 1746 indigemus,
1610 1653 1805 1733 merito
1826 1679 2013 1734 eadem
2044 1657 2155 1746 Βξη
2173 1658 2325 1746 αι”θχ
2342 1663 2390 1708 ⁸³
2409 1664 2532 1746 ΨΜ
2544 1653 2798 1746 ιζίιξησεῖιξ
2818 1667 2875 1746 ⁸⁴ῗ
2890 1667 3066 1745 om?“
3085 1653 3252 1746 "illi"
3269 1662 3449 1746 mrf’
3465 1663 3514 1707 ⁸³
3534 1654 3674 1746 "i4"

435 1763 557 1817 dies
602 1764 882 1821 tremenda
927 1764 1150 1819 timetur
1177 1774 1235 1820 et
1279 1766 1674 1835 expavescitnr.
1708 1766 1841 1826 Cum
1869 1768 2015 1823 enim

431 1850 586 1921 juxta
621 1853 955 1923 Apostolum,
1006 1853 1198 1910 Omnes
1236 1866 1357 1910 ante
1394 1856 1625 1913 tribunal
1652 1856 1848 1917 Christi
1880 1870 2018 1915 asta-

431 1941 609 1997 bimus
628 1942 712 2014 (ll
733 1946 859 2002 Cor.
881 1942 1042 2017 v,10)
1059 1944 1317 2000 reddituri
1340 1947 1600 2002 rationem
1613 1949 1679 2007 de
1692 1949 1779 2005 his
1790 1967 1909 2021 quae
1919 1967 2017 2021 per

433 2045 637 2101 corpus
671 2032 956 2104 gessimus,
1016 2033 1131 2089 sive
1173 2035 1397 2100 bonum,
1444 2036 1561 2091 sive
1611 2037 1832 2103 malum,
1867 2050 2017 2112 patet

435 2122 680 2197 profecto
704 2123 847 2192 quod
872 2139 1030 2181 nemo
1050 2126 1360 2186 mortalium
1384 2128 1437 2182 in
1466 2130 1796 2187 transitoriis
1824 2141 1880 2188 et
1906 2132 2014 2189 cito

433 2212 841 2284 perhibentibus
886 2217 1046 2272 rebus
1094 2232 1338 2274 amorem
1376 2219 1691 2280 intentionis
1733 2238 1866 2290 suae,
1917 2222 2014 2281 sed

433 2306 617 2377 potius
640 2305 699 2361 in
741 2306 1076 2375 cmlestibus,
1106 2310 1236 2365 totis
1274 2310 1483 2367 nisibus
1519 2312 1709 2369 debeat
1736 2314 1919 2387 ﬁgere,
1959 2325 2015 2373 et

434 2397 511 2450 ita
542 2410 601 2451 se
628 2396 695 2451 ad
722 2406 1046 2455 conventum
1084 2399 1246 2453 talem
1275 2408 1590 2471 tantumque
1629 2414 1914 2473 prmparet,
1950 2415 2015 2477 et
2060 2472 2065 2475 _

433 2501 624 2543 coram
654 2485 872 2543 Christo
912 2489 1023 2545 Deo
1048 2487 1233 2561 judice
1257 2491 1442 2547 taliter
1462 2493 1701 2553 rationes
1722 2495 1897 2552 valeat
1922 2498 2015 2553 de—

433 2577 656 2640 ducere,
679 2585 742 2633 ut
771 2592 881 2632 non
907 2578 975 2634 de
1004 2579 1161 2635 malis
1189 2580 1457 2648 damnari,
1501 2584 1595 2639 sed
1623 2584 1797 2655 magis
1822 2586 1888 2641 de
1913 2587 2012 2642 bo-
2060 2656 2065 2661 ι

433 2667 525 2723 uis
570 2675 845 2723 mereatur
893 2670 1254 2729 remunerari.
1304 2670 1389 2728 Ab
1442 2671 1548 2727 illis
1593 2682 1774 2729 autem
1818 2675 2014 2748 quibus

433 2767 621 2811 carcer
652 2754 756 2810 iste
799 2755 1052 2823 mundus,
1081 2768 1137 2812 et
1163 2772 1271 2813 non
1295 2774 1397 2829 pro
1424 2760 1622 2831 patria,
1662 2763 1758 2818 sed
1781 2779 1880 2834 pro
1913 2780 2011 2837 pe-
2062 2832 2065 2833 γ

432 2843 803 2914 regrinatione
843 2846 1130 2912 habeatur,
1176 2849 1370 2918 quibus
1412 2858 1591 2911 antea)
1616 2852 1792 2928 ipsum
1832 2854 2015 2911 vivere

431 2933 595 2991 taedio
618 2942 733 3000 est;
760 2948 990 3005 quorum
1018 2937 1225 2999 scilicet
1257 2941 1600 3001 conversatio
1631 2942 1685 2996 in
1720 2944 1873 3001 uelis
1892 2955 2008 3019 est;

2097 1743 2227 1796 bunt
2245 1740 2415 1809 ﬁlium
2430 1738 2652 1793 hominis
2672 1731 2962 1790 venientem
2976 1735 3031 1789 in
3054 1737 3280 1790 nubibus
3297 1736 3413 1791 caeli
3435 1754 3551 1792 cum
3568 1741 3674 1794 vir.

2100 1836 2213 1884 tute
2263 1840 2489 1894 magna,
2527 1830 2577 1875 et
2630 1819 2912 1887 majestate
2941 1831 2960 1870 :
2995 1828 3043 1871 et
3076 1820 3248 1873 mittet
3307 1820 3524 1891 angelos
3549 1840 3671 1883 suos

2097 1934 2218 1977 cum
2250 1917 2377 1969 tuba
2415 1923 2466 1968 et
2492 1927 2614 1967 voce
2660 1926 2894 1982 magna;
2955 1918 3004 1964 et
3047 1910 3439 1981 congregabunt
3486 1912 3673 1968 electos

2098 2009 2215 2079 ejus
2252 2024 2286 2061 a
2314 2015 2546 2077 quatuor
2569 2004 2760 2070 ventis,
2808 2020 2843 2056 a
2869 2002 3088 2058 summis
3118 2002 3376 2059 emlorum
3402 2020 3566 2077 usque
3605 2008 3676 2065 ad

2100 2099 2349 2155 terminos
2372 2111 2554 2151 eorum
2583 2094 2792 2165 (Matth.
2812 2108 2963 2155 xstv,
2988 2093 3079 2160 ‘27,
3108 2094 3282 2182 seqq.)

2180 2216 2249 2275 Et
2271 2216 2560 2288 Apostolus
2592 2238 2605 2273 :
2636 2217 2847 2275 Gratias
2880 2237 3032 2294 agere
3064 2225 3309 2279 debemus
3345 2240 3547 2296 semper
3578 2225 3692 2281 Deo

2111 2322 2204 2376 pro
2229 2307 2388 2375 vobis,
2412 2309 2622 2378 fratres,
2662 2312 2738 2366 ita
2764 2320 2821 2371 ut
2841 2312 3056 2383 dignum
3095 2322 3189 2377 est,
3219 2315 3464 2385 quoniam
3492 2321 3684 2387 seniper

2112 2399 2295 2452 crescit
2323 2398 2455 2468 fides
2474 2400 2662 2465 vestra,
2687 2412 2736 2456 et
2773 2402 3005 2456 abundat
3026 2403 3254 2458 charitas
3280 2404 3692 2478 uniuscujusque

2112 2497 2336 2543 vestrum
2355 2489 2410 2543 in
2431 2490 2668 2555 invicem,
2692 2492 2767 2545 ita
2790 2500 2845 2545 ut
2871 2500 2918 2545 et
2940 2507 3032 2546 nos
3052 2491 3152 2561 ipsi
3176 2492 3232 2546 in
3250 2492 3387 2547 vobis
3406 2493 3693 2564 gloriemur

2112 2575 2165 2629 in
2192 2574 2441 2632 Ecclesiis
2469 2577 2568 2633 Dei
2590 2595 2684 2649 pro
2708 2579 2960 2649 patientia
2988 2588 3176 2645 vestra,
3207 2588 3257 2634 et
3282 2580 3408 2649 fide,
3440 2581 3496 2637 in
3523 2598 3697 2637 ommv

2111 2665 2208 2720 bus
2257 2668 2699 2738 persc'cutionibus
2754 2670 2932 2724 vestris
2981 2678 3029 2723 et
3080 2668 3499 2724 tribulationibus
3556 2687 3689 2742 quas

2111 2756 2376 2811 sustinetis
2413 2758 2470 2813 in
2504 2755 2796 2827 exemplum
2813 2757 2950 2827 justi
2966 2755 3160 2825 judicii
3190 2754 3306 2819 Dei,
3348 2766 3403 2811 ut
3426 2757 3572 2829 digni
3591 2761 3689 2813 Ita-

2112 2844 2334 2898 beamini
2378 2844 2436 2898 in
2466 2856 2622 2917 regno
2646 2845 2766 2910 Dei,
2794 2861 2887 2915 pro
2920 2861 3022 2915 quo
3052 2854 3101 2899 et
3133 2846 3376 2916 patimini
3396 2860 3415 2898 .'
3437 2848 3482 2901 si
3512 2857 3688 2902 tamen

2102 2932 2311 3002 justum
2348 2942 2423 2987 est
2470 2934 2611 3002 apud
2654 2933 2935 2989 Dominum
2973 2933 3253 2990 retribuere
3297 2936 3688 2997 retributionem

430 3023 502 3078 de
522 3023 719 3092 quibus
750 3032 869 3091 erat
895 3024 983 3080 ille
1018 3026 1111 3100 qui
1152 3027 1370 3089 dicebat
1391 3027 1413 3101 (
1427 3027 1571 3091 Phil,
1614 3046 1651 3097 ι,
1683 3031 1774 3103 25)
1801 3049 1813 3089 ς
1840 3031 2005 3103 θηρία
2035 3031 2079 3092 C
2110 3022 2191 3075 his
2210 3022 2299 3103 qui
2320 3037 2404 3076 vos
2431 3020 2708 3087 tribulant,
2735 3032 2784 3076 et
2813 3022 2955 3077 vobis
2979 3022 3069 3094 qui
3096 3022 3420 3079 tribulamini
3461 3026 3690 3097 requiem

429 3111 646 3169 dissolvi
666 3120 716 3166 et
736 3129 847 3167 esse
872 3129 991 3168 cum
1019 3114 1259 3183 Christo;
1291 3124 1348 3172 et
1371 3116 1511 3174 idem
1543 3118 1670 3175 alibi
1702 3134 1717 3174 :
1744 3119 1831 3192 (II
1874 3120 2008 3179 Tim.

430 3215 510 3266 iv,
542 3200 597 3272 'l)
628 3220 642 3256 :
670 3200 877 3257 Bonum
901 3243 917 3267 ,
958 3203 1177 3282 inquit,
1222 3216 1483 3277 certamen
1530 3210 1753 3276 certari;
1800 3226 2011 3265 cursum

432 3291 807 3356 :nnsunnnavi,
847 3290 1006 3360 ﬁdem
1055 3295 1274 3348 servavi.
1319 3294 1397 3350 De
1430 3294 1624 3366 reliquo
1666 3300 1891 3367 reposita
1937 3310 2012 3355 est

429 3395 628 3434 corona
656 3381 885 3450 justitia:
907 3422 923 3448 ,
959 3399 1117 3455 quam
1145 3385 1323 3439 reddet
1361 3386 1490 3440 mihi
1524 3386 1782 3444 Dominus
1830 3390 1885 3443 in
1930 3390 2014 3444 die

428 3469 527 3526 illa
556 3471 737 3539 justus
756 3471 927 3542 judea:
957 3486 976 3524 :
1006 3489 1109 3528 non
1135 3474 1302 3529 solum
1339 3486 1511 3531 autem
1544 3479 1688 3541 mihi,
1727 3480 1817 3533 sed
1854 3490 1901 3534 et
1931 3481 2013 3537 his

427 3559 523 3630 qui
548 3558 773 3631 diligunt
812 3560 1091 3623 adventum
1133 3564 1281 3633 ejus;
1314 3580 1420 3619 non
1451 3573 1654 3623 tantum
1691 3578 1951 3637 quantum
1980 3586 2011 3625 a

431 3651 609 3715 nobis,
649 3651 741 3721 qui
775 3651 935 3723 longe
970 3651 1242 3710 inferioris
1270 3655 1448 3711 meriti
1480 3673 1687 3724 sumus,
1716 3660 1804 3717 ille
1844 3663 2012 3733 perti-

428 3738 696 3798 mescitur
741 3739 877 3794 dies.
921 3736 1188 3799 Credibile
1224 3751 1311 3799 est
1343 3745 1506 3814 igitur
1542 3747 1686 3816 quod
1722 3762 1753 3802 a
1794 3758 2012 3806 sancto-

432 3844 556 3884 rum
595 3829 891 3898 spiritibus,
928 3832 1123 3900 quibus
1163 3841 1249 3889 cst
1288 3833 1571 3894 sabbatum
1608 3845 1884 3909 perpetuae
1923 3853 2009 3893 re-

427 3920 744 3991 quietionis,
787 3923 1227 3993 exspectantibus
1253 3939 1539 3994 corporum
1577 3941 1798 3982 suorum
1829 3943 2009 3983 resur-

430 4009 731 4070 rectionem
784 4013 1043 4081 quazritur
1077 4028 1206 4072 vera
1246 4013 1586 4074 circumcisio
1629 4031 1896 4087 verosque
1919 4016 2009 4085 ju-

427 4100 644 4166 bikeus,
679 4104 893 4172 quando
919 4112 1259 4161 revertentur
1297 4105 1364 4159 ad
1394 4106 1670 4180 antiquam
1707 4108 2007 4176 posscssio-

427 4207 580 4257 nem,
623 4195 913 4264 accepturi,
935 4195 1091 4265 juxta
1116 4195 1512 4267 Apocalypsim,
1555 4198 1711 4253 binas
1739 4199 1925 4264 stolas,
1953 4208 2010 4254 et

428 4277 748 4350 implebitur
775 4284 831 4337 in
857 4284 937 4341 eis
966 4283 1095 4344 illud
1133 4286 1503 4355 propheticum
1534 4301 1549 4341 :
1574 4286 1755 4342 Sancti
1779 4289 1833 4342 in
1863 4299 2003 4343 terra

2115 3094 2475 3179 vobiscum,in
2498 3109 2859 3171 revelationem
2891 3111 3103 3169 Domini
3140 3114 3304 3169 nostri
3336 3113 3465 3169 Iesu
3492 3094 3691 3173 Christi

2114 3198 2179 3252 de
2213 3198 2366 3261 uelo,
2402 3214 2522 3252 cum
2564 3197 2764 3268 angelis
2800 3199 3006 3256 virtutis
3030 3201 3165 3272 ejus,
3195 3200 3252 3257 in
3295 3203 3511 3273 ﬂamma
3553 3204 3691 3275 ignis

2113 3289 2291 3346 dantis
2317 3288 2602 3350 vindictam
2623 3290 2686 3344 de
2705 3290 2787 3365 Itis
2811 3292 2901 3361 qui
2919 3308 3023 3347 non
3039 3302 3286 3349 noverunt
3307 3294 3496 3362 Deum,
3522 3304 3573 3351 et
3596 3299 3689 3369 qui

2114 3396 2216 3433 non
2230 3379 2475 3433 obediunt
2498 3379 2782 3450 Evangelia
2795 3378 3006 3437 Domini
3024 3381 3192 3438 nostri
3200 3381 3239 3436 Ι
3238 3400 3330 3439 esu
3349 3383 3561 3440 Christi.
3582 3384 3687 3452 Qui

2112 3482 2289 3537 pinnas
2314 3467 2511 3522 dabunt
2533 3468 2588 3523 in
2613 3469 2884 3527 interitum
2901 3479 3122 3527 teternas
3150 3488 3183 3526 a
3206 3472 3343 3543 {acie
3379 3475 3613 3541 Domini,
3635 3487 3686 3531 ct

2113 3571 2147 3607 a
2168 3553 2338 3625 gloria
2357 3554 2560 3610 virtutis
2582 3556 2719 3625 ejus,
2743 3572 2862 3610 cum
2881 3559 3073 3612 venerit
3100 3558 3387 3630 gloriﬁcari
3413 3562 3465 3616 in
3484 3566 3683 3620 sanctis

2112 3643 2249 3711 eius,
2277 3652 2327 3696 et
2357 3642 2682 3715 admirabilis
2713 3644 2831 3712 ﬁeri
2867 3645 2926 3699 in
2964 3647 3202 3703 omnibus
3232 3644 3320 3719 qui
3352 3650 3684 3706 crediderunt

2097 3729 2179 3800 (11
2191 3730 2368 3786 Thess.
2392 3747 2433 3797 ι,
2458 3731 2539 3804 5).
2563 3730 2756 3797 Petrus
2786 3751 2801 3789 :
2827 3734 3075 3791 Adveniet
3109 3736 3220 3792 dies
3244 3739 3457 3794 Domini
3484 3751 3538 3795 ut
3569 3742 3678 3812 fur,

2110 3822 2165 3875 in
2189 3838 2291 3892 quo
2316 3822 2429 3878 caeli
2470 3841 2658 3895 magno
2698 3827 2890 3895 impetu
2920 3828 3171 3882 transient
3204 3846 3227 3894 ;
3271 3828 3524 3887 elementa
3561 3850 3683 3889 vero

2111 3909 2286 3964 calore
2306 3910 2569 3965 solventur
2594 3911 2681 3978 (11
2708 3909 2850 3966 Petr.
2869 3929 2953 3979 nt,
2979 3912 3087 3985 10).
3106 3914 3163 3971 In
3190 3915 3506 3989 Apocalypsi
3533 3938 3549 3974 :
3575 3919 3680 3974 Tu-

2108 4002 2263 4056 midis
2283 4012 2458 4056 autem
2485 4012 2533 4056 et
2557 4003 2861 4067 incredulis.
2892 4015 2942 4059 et
2977 4012 3281 4075 exsecratis,
3309 4021 3358 4065 et
3381 4013 3678 4081 homicidis,

2107 4098 2155 4143 et
2180 4089 2604 4159 fornicatoribus,
2633 4100 2681 4145 et
2718 4093 2973 4162 veneﬁcis,
3003 4104 3052 4148 et
3091 4096 3403 4164 idololatris,
3432 4108 3480 4154 et
3509 4104 3682 4156 omni-

2109 4182 2202 4235 bus
2240 4182 2594 4247 mendacibus,
2626 4199 2749 4252 pars
2790 4184 3001 4241 illorum
3034 4188 3135 4242 erit
3153 4189 3207 4243 in
3250 4199 3437 4261 stagno
3474 4192 3682 4247 ardenti

2107 4270 2224 4340 igne
2245 4280 2291 4324 et
2316 4270 2582 4342 sulphure,
2596 4274 2735 4343 quod
2755 4285 2829 4328 est
2848 4290 2984 4330 mors
2998 4277 3227 4332 secunda
3238 4277 3423 4349 (Apoc.
3446 4297 3537 4336 ιιι
3568 4322 3582 4348 ,
3599 4281 3677 4353 8).

427 4386 533 4426 sua
559 4370 793 4440 duplicia
822 4373 1154 4441 possidebunt
1171 4373 1304 4444 (Isa.
1335 4390 1443 4438 ut,
1474 4374 1559 4448 7);
1584 4387 1881 4433 memorata
1910 4393 2001 4433 no-

2175 4362 2407 4432 Prosper
2435 4362 2463 4403 ιι
2495 4382 2508 4416 :
2542 4382 2562 4415 ‹
2595 4364 2707 4436 Age
2735 4360 2870 4433 jam,
2920 4366 3115 4437 inquit,
3150 4365 3369 4424 cum'ad
3392 4368 3522 4425 illud
3552 4371 3680 4426 ulti-

428 4459 523 4519 bis
548 4459 830 4515 tremenda
857 4460 972 4515 dies
997 4461 1731 4535 incxplicabiliterdiligitur,
1759 4476 1814 4520 et
1837 4474 1896 4521 ut
1916 4483 2004 4522 ve-

428 4550 550 4604 niat
571 4549 927 4607 desideratur.

505 4637 654 4704 Quod
691 4648 872 4694 autem
913 4641 1100 4696 eadem
1132 4642 1247 4702 dies
1284 4644 1491 4700 cunctis
1523 4646 1839 4707 mortalibus
1881 4656 2006 4707 ante

423 4729 619 4784 oculos
656 4730 729 4784 sit
761 4732 1034 4803 ponenda,
1074 4741 1132 4791 et
1170 4734 1258 4790 die
1298 4743 1567 4811 noctuque
1606 4736 1908 4801 tractanda,
1952 4745 2007 4791 et

426 4817 669 4873 timenda
724 4828 885 4891 atque
944 4823 1345 4892 expavescenda
1370 4863 1384 4889 ,
1455 4824 1764 4884 testimonia
1816 4825 2003 4880 subter

415 4908 657 4973 ,collecta
677 4909 928 4967 inuuunt.
956 4910 1032 4966 De
1058 4911 1161 4967 bac
1179 4913 1377 4990 quippe
1399 4913 1487 4968 die
1511 4914 1589 4968 ait
1615 4914 1874 4970 Dominus
1902 4930 2001 4987 per

423 4999 746 5074 prophetam
773 5017 787 5053 :
812 5000 978 5055 Juxta
1003 5011 1101 5066 est,
1131 5002 1325 5072 inquit,
1362 5004 1475 5061 dies
1503 5003 1712 5058 Domini
1745 5021 1935 5075 magna
1956 5013 2005 5059 et

424 5106 618 5143 amara
644 5091 816 5147 nimis.
850 5089 963 5147 Vox
989 5092 1095 5146 diei
1121 5091 1332 5147 Domini
1364 5109 1548 5147 amara
1576 5092 1753 5158 valde,
1782 5093 2002 5147 tribula-

421 5178 573 5231 bitur
602 5178 673 5232 ibi
701 5179 852 5249 fortis
877 5196 902 5242 ;
932 5181 1044 5235 dies
1072 5181 1186 5247 irae,
1218 5180 1329 5235 dies
1359 5180 1473 5244 illa,
1517 5181 1628 5235 dies
1654 5182 2002 5236 tribulationis

424 5280 479 5322 et
509 5272 768 5340 angustia:
789 5311 804 5337 ,
850 5272 960 5326 dies
993 5271 1306 5327 calamitatis
1334 5281 1381 5326 et
1410 5272 1633 5325 miserim
1657 5311 1671 5335 ,
1718 5272 1828 5325 dies
1865 5282 2004 5326 tone-

503 5409 529 5436 ι
571 5396 870 5452 Delectatur
912 5400 1157 5454 mundus.
1212 5398 1560 5454 Delectatur?
1602 5399 1710 5451 imo
1750 5397 2002 5465 luctatur,

424 5475 598 5539 alqui?
641 5468 714 5521 ita
739 5466 928 5528 Jonam
978 5470 1259 5539 scripsisse
1297 5483 1511 5523 censeo.
1541 5467 1681 5522 Infra
1726 5466 1817 5520 ille
1840 5472 2003 5536 perti-

2109 4469 2257 4508 mum
2299 4453 2561 4524 judicium
2612 4454 2939 4522 venerimus,
2987 4456 3054 4512 ab
3088 4471 3153 4512 eo
3188 4455 3368 4525 judice
3400 4459 3678 4529 judicandi

2114 4546 2200 4613 qui
2228 4560 2327 4600 nec
2371 4544 2483 4599 falli
2523 4544 2879 4600 occultatione
2913 4546 3201 4601 criminum
3243 4557 3439 4617 potest,
3477 4565 3580 4606 nec
3608 4552 3676 4612 ad

2107 4634 2482 4703 impunitatem
2526 4632 2939 4703 promerendam
2982 4634 3207 4704 alicujus
3247 4636 3520 4693 oblatione
3560 4653 3681 4695 cor-

2109 4723 2305 4800 rumpi,
2341 4739 2464 4778 cum
2511 4724 2776 4795 cmperint
2818 4724 3059 4785 omnium
3091 4734 3298 4782 secreta
3344 4728 3593 4793 revelari,
3620 4738 3677 4787 et

2109 4827 2214 4866 non
2240 4812 2411 4867 solum
2438 4819 2591 4867 actus
2620 4827 2684 4867 ac
2712 4812 2898 4879 verba,
2929 4815 3021 4868 sed
3049 4814 3217 4873 etiam
3244 4814 3374 4885 ipsa":
3394 4817 3675 4886 cogitatio-

2109 4918 2207 4962 nes
2234 4902 2465 4958 ostendi.
2503 4901 2649 4975 Quid
2678 4902 2939 4959 faciemus
2976 4904 3077 4962 sub
3110 4905 3241 4959 tanti
3270 4903 3470 4973 iudicis
3511 4905 3675 4972 majev

2109 4992 2290 5049 state?
2319 4992 2456 5059 Quid
2483 4991 2850 5047 excusationis
2885 4991 3178 5047 obtendere
3204 4995 3532 5062 poterimus?
3557 4995 3673 5061 Qua

2109 5100 2209 5140 nos
2254 5082 2582 5141 defensionis
2625 5090 2743 5136 arte
2768 5082 3148 5152 purgabimus?
3188 5084 3320 5151 Qua:
3357 5085 3512 5140 nobis
3552 5087 3674 5141 sul»

2106 5180 2335 5227 ventura
2379 5179 2464 5229 est
2499 5170 2836 5238 pmnitentia,
2891 5185 3052 5239 quam
3099 5170 3153 5228 in
3195 5172 3297 5226 hac
3337 5164 3501 5229 carne
3543 5188 3669 5232 con—

2107 5258 2457 5330 tcmpsimus?
2496 5257 2627 5325 Quae
2668 5273 2770 5315 nos
2817 5259 3103 5315 defensura
3147 5267 3271 5313 sunt
3301 5273 3465 5333 opera
3509 5261 3669 5330 bona,

2108 5395 2353 5448 mescitur
2382 5394 2617 5464 reposui,
2649 5393 2735 5449 ubi
2781 5394 2834 5449 id
2859 5404 2931 5448 est
2956 5394 3333 5465 pertimescitur
3358 5393 3516 5465 antea
3564 5398 3680 5462 edi,

2109 5472 2447 5588 Lut]:lilicni'ita
2476 5543 2745 5611 conlemp.
2778 5535 2869 5597 lib.
2904 5550 2984 5598 ιιι.
3014 5549 3132 5606 cap.
3171 5534 3253 5595 12.
