4030 6190
441 336 538 391 271

1532 329 1721 387 ΙΟΝΑΞ
1760 327 2309 386 AIIREIJANENSIS
2348 326 2654 383 EPISCOPI

3574 326 3678 381 ’ΜΞ

440 462 563 517 qua:
592 444 645 499 in
687 445 789 501 hac
834 443 943 497 vita
984 455 1090 498 non
1135 441 1393 498 fecimus?
1427 440 1505 495 Ad
1543 457 1679 512 quos
1716 440 2009 511 apostolos,
2036 444 2083 501 Λ
2110 441 2324 501 ducare,
2351 447 2455 493 etc.
2504 437 2523 510 (
2569 441 2711 498 Ibid.
2738 478 2755 504 ,
2794 439 2883 495 bl.
2947 437 2968 511 )
3012 438 3251 496 Alterum
3285 453 3470 495 eorum
3500 444 3590 511 qui
3619 446 3679 497 li-

442 545 536 590 aut
565 534 632 589 ad
666 548 802 603 quos
833 531 968 586 alios
1011 540 1229 588 sanctos
1273 531 1595 600 confugituri
1635 544 1842 594 sumus,
1869 544 2003 597 quo-

440 640 562 677 rum
586 621 829 692 exempla
863 619 1019 675 simul
1056 636 1122 676 ac
1143 621 1306 676 verba
1352 619 1735 691 despeximus?
1762 617 1843 672 An
1877 617 2012 670 forte

434 711 650 780 aliquos
688 710 761 765 ibi
806 708 1073 779 fragilitas
1096 708 1339 778 corporis
1364 706 1678 762 excusabit?
1726 705 1823 763 sed
1851 720 2013 759 excu-

440 802 637 857 sationi
685 815 872 855 eorum
914 799 1283 854 reclamabant
1314 799 1554 855 omnium
1598 796 1842 865 exempla
1889 810 2013 850 san-

440 902 675 953 ctorum,
704 891 795 960 qui
817 904 941 944 eum
971 888 1260 960 fragilitate
1284 889 1465 944 carnis
1485 888 1539 941 in
1558 901 1722 943 carne
1749 887 2007 947 viventes.

438 980 783 1050 fragilitatem
825 979 1005 1033 carnis
1046 979 1101 1032 in
1142 993 1304 1033 carne
1333 979 1630 1042 vincentes,
1679 976 1823 1046 quod
1874 975 2015 1029 fece-

438 1077 582 1134 runt,
638 1068 826 1138 utique
874 1065 994 1121 ﬁeri
1031 1080 1189 1136 posse
1229 1068 1526 1122 docuerunt
1556 1080 1571 1119 :
1600 1065 1839 1120 maxime
1886 1063 2013 1134 quia

438 1176 538 1216 nec
564 1159 665 1229 ipsi
704 1167 926 1229 peccato
949 1173 1045 1213 sua
1071 1159 1289 1223 virtute,
1331 1158 1425 1213 sed
1463 1154 1674 1212 Domini
1708 1154 2015 1210 miserantis

435 1250 639 1304 auxilio
658 1249 1003 1312 restiterunt;
1044 1248 1136 1317 qui
1172 1262 1235 1313 se
1271 1262 1377 1303 non
1405 1247 1769 1317 quarentibus
1796 1254 1855 1299 ut
1876 1258 2015 1313 qua:-

440 1348 582 1403 rant,
619 1347 780 1410 atque
811 1338 865 1392 iu
903 1352 1025 1393 eum
1068 1344 1128 1391 ut
1160 1336 1434 1401 credatur,
1474 1335 1745 1400 ostendit;
1790 1342 1846 1388 et
1889 1347 2012 1389 cre-

435 1429 627 1484 dentes
656 1430 709 1482 in
740 1444 821 1493 se,
866 1442 935 1482 ne
970 1442 1001 1482 a
1036 1438 1260 1498 peccato
1303 1427 1603 1491 vincantur,
1651 1426 1848 1481 invicta
1889 1438 2015 1495 pro-

439 1518 669 1572 tectione
703 1516 959 1571 defendit.
991 1515 1129 1581 Quid
1167 1530 1300 1586 ergo
1342 1513 1652 1583 responsuri
1681 1523 1824 1577 sunt,
1864 1514 1909 1566 si
1935 1512 2015 1566 eis

427 1610 693 1664 Dominus
737 1607 925 1664 dicat:
956 1607 1014 1663 Si
1051 1608 1323 1672 potuistis,
1375 1620 1544 1676 quare
1588 1620 1693 1660 non
1742 1603 2015 1659 restitistis

433 1700 718 1756 desideriis
742 1700 1121 1771 peccatorum?
1147 1699 1205 1754 Si
1228 1715 1333 1755 non
1350 1699 1621 1769 potuistis,
1638 1714 1808 1768 quare
1832 1712 2012 1752 meum

2115 533 2236 586 dem
2282 540 2335 585 et
2371 536 2626 601 mysteria
2672 530 2895 594 Christi,
2924 530 3006 584 vel
3054 545 3328 599 nunquam
3370 547 3680 603 suscepere,

2113 621 2197 675 vel
2228 631 2474 689 suscepta
2506 635 2603 689 per
2628 620 2951 688 apostasiam
2979 618 3247 687 reiecero;
3279 620 3346 673 de
3374 621 3572 689 quibus
3601 622 3683 675 di—

2114 712 2230 766 cit:
2266 710 2368 776 Qui
2396 720 2567 763 autem
2603 726 2706 762 non
2743 709 2905 763 credit
2937 711 3055 779 jam
3097 709 3374 779 judicatus
3406 721 3515 774 est,
3557 712 3683 781 quia

2116 817 2219 854 non
2265 800 2425 853 credit
2460 800 2512 853 in
2541 800 2749 853 nomine
2784 800 3038 869 unigeniti
3082 798 3210 853 Filii
3246 800 3506 869 ejus;qui
3549 815 3686 868 quo-
3766 828 3767 831 η

2114 890 2261 944 niam
2296 904 2402 943 non
2448 888 2612 943 verbo
2653 898 2809 943 tenus
2838 888 3013 944 colere
3056 888 3325 944 Christum
3374 890 3685 953 voluerunt,

2114 994 2215 1034 nec
2246 979 2406 1033 verba
2449 978 2641 1033 saltem
2667 976 2803 1045 ejus,
2849 978 3046 1047 quibus
3071 986 3434 1048 coarguantur
3464 979 3517 1032 in
3539 978 3687 1046 iudi-

2115 1068 2221 1133 cio,
2247 1076 2522 1123 merentur
2545 1067 2766 1122 audire:
2799 1068 2891 1122 sed
2917 1066 2983 1121 ad
3005 1066 3108 1122 hoc
3139 1076 3349 1123 tantum
3378 1068 3593 1123 venient
3630 1069 3684 1121 in

2107 1158 2391 1229 judicium,
2431 1168 2489 1213 ut
2512 1174 2633 1214 cum
2663 1159 2743 1213 eis
2766 1158 2857 1229 qui
2882 1155 3193 1225 indicantur
3224 1158 3601 1228 peccatoribus
3627 1158 3683 1211 in

2114 1250 2511 1306 damnationem
2533 1249 2813 1305 mittantur
2835 1256 3113 1303 mternam.
3148 1266 3167 1299 ›

2183 1340 2421 1397 Isidorus
2444 1341 2497 1395 in
2527 1340 2666 1394 lihro
2690 1338 3090 1394 Sententiarum
3122 1338 3257 1407 (Lib.
3282 1355 3364 1403 ill,
3388 1356 3505 1409 cap.
3534 1339 3627 1409 50)
3664 1358 3677 1393 :
3724 1386 3725 1389 η

2119 1449 2137 1482 ι
2165 1430 2295 1485 Dure
2340 1440 2486 1494 sunt,
2520 1429 2715 1498 inquit,
2744 1429 3080 1493 dilfercntiaa,
3104 1429 3189 1483 vel
3229 1430 3454 1485 ordines
3501 1431 3682 1485 homi-

2112 1535 2243 1575 num
2272 1521 2324 1575 in
2364 1518 2591 1588 iudicio,
2621 1522 2724 1575 hoc
2746 1528 2830 1574 est
2856 1520 3153 1575 electorum
3196 1529 3254 1575 et
3301 1523 3681 1591 reproborum,

2113 1612 2205 1682 qui
2230 1620 2410 1665 tamen
2431 1611 2740 1666 dividuntur
2775 1611 2827 1664 in
2859 1620 3111 1680 quatuor.
3137 1610 3514 1667 Perfectorum
3547 1615 3685 1668 ordo

2114 1715 2257 1755 unus
2285 1709 2386 1764 est,
2426 1699 2519 1769 qui
2557 1714 2680 1754 cum
2710 1700 2937 1755 Domino
2958 1699 3185 1769 iudicat,
3208 1708 3263 1755 et
3292 1700 3430 1757 alius
3474 1703 3565 1773 qui
3595 1703 3684 1773 in-

433 1801 622 1847 contra
652 1800 874 1863 peccata
906 1807 1012 1845 non
1042 1790 1313 1860 quaesistis
1341 1788 1633 1843 auxilium?
1660 1787 1788 1850 Aut,
1823 1787 2009 1842 vulne-
2040 1806 2085 1866 Β
2113 1790 2345 1856 dicatur,
2377 1790 2592 1857 utrique
2618 1797 2796 1843 tamen
2842 1802 2963 1842 cum
2993 1788 3211 1844 Christo
3243 1791 3565 1861 regnahunt.
3596 1791 3684 1846 Si-

435 1884 560 1948 rati,
594 1898 766 1952 quare
801 1881 1113 1952 paenitendo
1154 1895 1259 1935 non
1297 1878 1618 1935 adhibuistis
1662 1876 1870 1930 vulneri
1916 1891 2009 1931 ve-

431 1982 547 2028 stro
592 1973 925 2027 remedium?
964 1970 1154 2027 Nonne
1190 1970 1259 2025 ad
1301 1972 1416 2029 haec
1452 1968 1901 2031 obmutescentes,
1954 1973 2013 2021 et

430 2061 560 2130 quid
588 2060 950 2116 excusationis
979 2059 1218 2115 referant
1241 2074 1346 2113 non
1374 2059 1652 2122 habentes,
1699 2056 1845 2112 dicet
1872 2073 1886 2107 :
1913 2055 2008 2110 Li-

432 2158 554 2220 gate
576 2165 669 2205 eos
713 2150 963 2204 manibus
1000 2156 1056 2204 et
1092 2148 1339 2219 pedibus,
1389 2154 1445 2203 et
1467 2147 1652 2200 mittite
1679 2146 1735 2199 in
1772 2146 2009 2199 tenebras

431 2240 736 2304 exteriores,
764 2238 837 2292 ibi
865 2239 1145 2307 erit.fletus
1184 2245 1231 2290 et
1270 2236 1466 2290 stridor
1490 2234 1720 2290 dentium
1759 2232 1777 2304 (
1812 2232 2006 2287 Matth.

436 2346 589 2394 xxn,»
621 2328 741 2401 15),
791 2328 876 2381 ubi
918 2327 1105 2381 vermis
1131 2340 1311 2380 eorum
1354 2341 1459 2378 non
1497 2323 1765 2388 morietur,
1796 2331 1844 2375 et
1874 2320 2008 2392 ignis

432 2436 611 2477 eorum
649 2434 752 2472 nan
791 2416 1195 2487 exstinguetur?
1221 2434 1241 2467 ι
1275 2413 1420 2485 (lsa.
1453 2428 1598 2477 vat,
1624 2411 1749 2483 24).

504 2507 639 2575 Quia
667 2522 799 2577 ergo
828 2515 904 2561 tot
929 2504 1347 2562 evidentissimis
1376 2502 1696 2558 testimoniis
1723 2500 1838 2555 dies
1862 2499 2010 2568 iudi-

430 2597 499 2653 cii
522 2596 836 2655 terribiliter
854 2594 1223 2660 denuntiatur,
1245 2601 1301 2649 et
1318 2592 1473 2648 nobis
1493 2592 1668 2648 nullus
1690 2590 2007 2664 suli‘ugiendi

431 2690 638 2764 patebit
666 2688 868 2754 aditus,
909 2687 1040 2758 quin
1075 2687 1144 2742 ad
1180 2700 1305 2741 eum
1332 2683 1596 2740 reddituri
1643 2684 1885 2739 rationes
1913 2697 2008 2737 ve-

429 2781 666 2844 niamus,
697 2778 981 2847 nullusque
1006 2776 1079 2835 ibi
1119 2775 1223 2833 erit
1253 2773 1584 2845 paenitentiae
1612 2773 1900 2829 fructuosae
1924 2772 2006 2827 lo-

402 2860 548 2933 ‘cus,
580 2867 846 2939 nullasque
885 2866 1115 2922 inducite
1152 2862 1468 2935 paenitendi,
1516 2862 1724 2917 nullum
1751 2860 2006 2932 eli‘ugium

429 2959 497 3013 ad
543 2966 854 3015 sanctorum
895 2954 1148 3027 suli‘ragia
1185 2954 1498 3024 poscenda:
1529 2960 1701 3009 restat
1738 2962 1829 3017 ut,
1877 2953 2005 3007 dum

432 3050 681 3116 vivimus,
708 3047 913 3105 indulta
940 3054 1181 3118 tempora
1204 3044 1536 3115 poenitentia:
1562 3044 1618 3100 in
1640 3058 1868 3101 vacuum
1897 3057 2005 3098 non

2111 1880 2313 1936 utiliter
2335 1880 2469 1934 ordo
2490 1879 2842 1950 reproborum
2870 1880 3103 1950 partitur
3127 1881 3181 1936 in
3211 1882 3442 1947 duobus,
3469 1883 3593 1938 dum
3624 1883 3683 1939 hi

2110 1971 2201 2040 qui
2250 1970 2391 2024 intra
2437 1968 2733 2023 Ecclesium
2774 1979 2899 2024 sunt
2958 1969 3110 2032 mali,
3162 1971 3439 2041 iudicandi
3470 1981 3598 2027 sunt
3629 1982 3687 2027 et

2110 2058 2427 2124 damnandi;
2488 2058 2579 2129 qui
2629 2073 2758 2112 vero
2804 2068 2957 2113 extra
3014 2051 3311 2115 Ecclesiam
3374 2061 3679 2117 inveniendi

2109 2158 2255 2214 sunt,
2310 2165 2417 2203 non
2465 2156 2591 2203 sunt
2618 2146 2916 2217 iudicandi,
2958 2149 3054 2203 sed
3113 2155 3320 2204 tantum
3366 2148 3680 2223 damnandi.

2108 2239 2322 2294 Primus
2350 2252 2480 2308 ergo
2509 2239 2641 2292 ordo
2674 2252 2860 2292 eorum
2900 2239 2991 2306 qui
3016 2237 3330 2306 indicantur
3350 2249 3405 2295 et
3432 2251 3682 2309 pereunt,

2108 2329 2397 2398 opponitur
2417 2327 2491 2381 illi
2517 2327 2692 2382 ordini
2724 2328 3007 2393 bonorum,
3033 2329 3099 2383 de
3131 2344 3238 2398 quo
3279 2339 3406 2385 sunt
3426 2329 3681 2400 qniiuali-

2108 2427 2301 2471 cantur
2335 2424 2390 2469 et
2436 2425 2678 2486 regnant.
2731 2415 3009 2473 Secundus
3048 2418 3181 2472 ordo
3209 2434 3397 2473 eorum
3439 2420 3530 2490 qui
3577 2436 3684 2475 non

2100 2505 2420 2575 iudicantur
2465 2516 2520 2561 et
2558 2515 2804 2579 pereunt,
2844 2509 3132 2577 opponitur
3173 2509 3249 2564 illi
3300 2510 3475 2564 ordini
3500 2510 3683 2581 perfe-

2107 2605 2339 2663 ctorum,
2365 2597 2416 2651 in
2444 2613 2550 2669 quo
2574 2606 2703 2653 sunt
2723 2598 2757 2652 ii
2776 2598 2868 2669 qui
2897 2614 2999 2653 non
3016 2597 3330 2667 indicantur
3350 2608 3407 2655 et
3433 2610 3683 2672 regnant.

2108 2688 2328 2743 Tertius
2361 2689 2494 2743 ordo
2524 2702 2709 2743 eorum
2741 2689 2833 2758 qui
2859 2687 3173 2755 iudicantur
3221 2696 3276 2744 et
3326 2699 3573 2761 regnant,
3608 2691 3684 2746 illi

2107 2778 2284 2833 ordini
2329 2786 2413 2833 est
2450 2778 2756 2833 contrarius
2785 2778 2851 2833 de
2875 2793 2981 2847 quo
3002 2787 3127 2835 sunt
3160 2779 3253 2850 qui
3295 2778 3608 2847 iudicantur
3631 2789 3689 2837 et

2106 2875 2352 2938 pereunt.
2385 2866 2623 2934 Quartus
2669 2882 2857 2922 eorum
2896 2867 2986 2937 qui
3027 2883 3135 2921 non
3166 2867 3483 2938 iudicantur
3514 2878 3569 2925 et
3596 2885 3686 2924 rc-

2109 2967 2296 3030 gnant,
2336 2959 2623 3028 opponitur
2676 2958 2751 3014 illi
2813 2960 3084 3014 contrario
3131 2960 3307 3015 ordini
3344 2961 3396 3015 in
3450 2977 3560 3032 quo
3609 2960 3685 3017 illi

2107 3057 2235 3104 sunt
2257 3049 2350 3120 qui
2381 3064 2485 3103 non
2502 3048 2816 3119 iudicantur
2835 3057 2891 3103 et
2914 3056 3158 3118 pereunt.
3198 3068 3216 3101 ι

428 3140 792 3204 deducamus;
825 3137 921 3193 sed
947 3136 1076 3192 dum
1097 3149 1407 3206 possumus,
1438 3141 1496 3190 et
1518 3132 1804 3190 Dominum
1837 3146 2006 3206 prope
2033 3134 2111 3198 C’
2180 3137 2247 3194 Hi
2272 3148 2506 3209 quatuor
2530 3138 2769 3205 ordines,
2799 3138 2905 3193 duo
2939 3137 3230 3203 metuendi,
3260 3148 3314 3194 et
3341 3140 3445 3195 duo
3475 3155 3577 3211 pro
3604 3142 3684 3197 vi-

429 3227 712 3294 habemus,
733 3227 801 3281 ad
827 3240 976 3292 eum,
999 3240 1030 3280 a
1052 3239 1159 3295 quo
1196 3222 1469 3295 peccando
1493 3221 1618 3294 fuga
1639 3221 1774 3293 lapsi
1797 3237 2006 3289 sumus,

426 3314 739 3388 pmnitendo
761 3316 1036 3384 vitamque
1062 3313 1119 3368 in
1148 3312 1342 3368 melius
1363 3310 1765 3375 commutando,
1805 3326 2008 3367 mores-

427 3420 534 3475 que
582 3405 918 3477 corrigendo,
955 3402 1267 3474 confugium
1298 3401 1592 3467 faciamus;
1634 3405 1903 3474 quatenus
1951 3402 2007 3457 in

428 3495 618 3551 eodem
668 3495 756 3551 die
798 3508 922 3551 eum
958 3492 1200 3566 iudicem
1249 3492 1598 3549 mitissimum
1645 3492 1850 3549 sentire
1897 3506 2010 3547 tne—

429 3601 667 3643 reamur.

996 3671 1224 3730 CAPUT
1265 3670 1450 3729 XVIII.

592 3768 669 3822 De
680 3775 905 3839 quatuor
933 3765 1205 3822 ordinibus
1234 3765 1291 3819 in
1318 3765 1402 3819 die
1420 3764 1617 3835 judicii
1637 3762 1849 3834 futuris.

500 3855 744 3924 Quatuor
766 3868 888 3911 esse
921 3854 1141 3909 ordines
1175 3853 1228 3908 in
1254 3852 1482 3923 pavendi
1510 3852 1780 3909 examinis
1809 3853 1896 3908 die
1922 3851 2008 3906 fu-

436 3960 586 4003 turos
605 3947 661 4003 in
687 3945 976 4017 Evangelio
998 3944 1283 4018 perspicue
1306 3943 1710 4000 demonstratur
1738 3959 1754 3997 :
1781 3942 2009 3997 duorum

431 4038 639 4094 scilicet
670 4036 968 4092 electorum
1004 4044 1061 4090 et
1104 4035 1331 4091 duorum
1361 4033 1731 4102 reproborum.
1783 4031 1859 4087 De
1891 4032 2012 4100 qui-

433 4129 533 4182 bus
580 4126 636 4180 in
691 4124 911 4181 homilia
957 4123 1234 4195 Evangelii
1260 4134 1310 4177 ι.
1363 4141 1382 4175 t
1418 4121 1754 4185 Notandum,
1812 4120 2007 4189 inquit,

432 4218 574 4287 quod
598 4217 706 4273 duo
742 4224 869 4272 sunt
906 4214 1125 4271 ordines
1154 4214 1448 4270 electorum
1494 4214 1546 4268 in
1569 4212 1776 4281 iudicio
1804 4211 2007 4277 futuro,

434 4306 950 4375 nnusiudicantium
992 4320 1115 4359 cum
1148 4304 1398 4369 Domino,
1438 4304 1505 4359 de
1528 4304 1724 4374 quibus
1752 4303 1854 4359 hoc
1895 4303 2010 4358 loco

434 4404 788 4461 memoratur,
838 4394 931 4464 qui
978 4393 1313 4462 reliquerunt
1356 4392 1538 4449 omnia
1579 4400 1635 4446 et
1677 4393 1845 4447 secuti
1885 4400 2012 4447 sunt

2109 3230 2261 3288 ribus
2287 3238 2413 3286 sunt
2452 3230 2717 3285 imitandi.
2759 3229 3014 3301 Quisquis
3045 3231 3100 3309 in
3138 3245 3326 3286 eorum
3365 3248 3589 3287 numero
3617 3234 3686 3288 de

2106 3321 2302 3391 quibus
2322 3322 2524 3379 dictum
2552 3328 2637 3377 est
2664 3338 2678 3378 ;
2712 3320 2818 3387 Qui
2844 3338 2947 3378 non
2968 3322 3131 3376 credit
3167 3322 3283 3393 jam
3306 3323 3578 3394 judicatus
3607 3335 3686 3379 est

2109 3410 2290 3483 (Joan.
2356 3426 2440 3475 ιιι,
2498 3410 2608 3481 l8),
2647 3411 2800 3468 timet
2839 3411 3061 3475 ascisei,
3105 3413 3376 3469 veraciter
3405 3415 3688 3485 percipere

2107 3502 2303 3559 debeat
2347 3501 2504 3557 ﬁdem
2544 3501 2769 3567 Christi,
2798 3512 3094 3575 caveatque
3121 3518 3189 3560 ne
3224 3505 3291 3559 ab
3319 3520 3381 3560 ea
3429 3520 3528 3575 per
3555 3522 3661 3576 apo

2107 3591 2330 3649 stasiam
2379 3592 2596 3661 penitus
2642 3593 2876 3647 aberret.
2909 3592 3165 3663 Quisquis
3200 3609 3332 3649 vero
3382 3594 3451 3648 ab
3494 3611 3685 3651 eorum

2106 3696 2334 3737 numero
2353 3690 2502 3752 optat
2526 3682 2733 3737 secerni
2760 3681 2955 3752 quibus
2974 3683 3170 3738 dicitur
3195 3702 3209 3737 :
3244 3683 3504 3739 Discedite
3524 3703 3557 3739 a
3578 3703 3682 3750 me,

2106 3775 2391 3841 maledicti,
2431 3775 2486 3829 in
2512 3777 2683 3844 ignem
2720 3786 2991 3843 teternum,
3016 3786 3121 3834 etc.
3152 3777 3366 3850 (Dlattb.
3393 3796 3523 3850 xxv,
3554 3786 3616 3841 ιι
3640 3782 3683 3855 ).

2106 3874 2269 3922 recta:
2299 3866 2423 3923 ﬁdei
2451 3876 2598 3922 recta
2621 3882 2788 3937 opera
2819 3867 3076 3937 adiungat
3105 3884 3324 3926 necesse
3345 3879 3449 3937 est,
3477 3872 3686 3927 scilicet

2106 3965 2299 4013 utnon
2325 3956 2544 4021 sterilis,
2576 3959 2671 4013 sed
2701 3958 2938 4013 liberalis
2959 3966 3122 4029 atque
3145 3960 3332 4016 hilaris
3353 3961 3405 4016 in
3431 3962 3685 4018 omnibus

2106 4046 2360 4116 operibus
2401 4047 2789 4115 misericordiae
2827 4048 2941 4106 flat.
2981 4050 3122 4106 Ecce
3146 4052 3378 4121 qualiter
3406 4067 3436 4106 a
3471 4052 3681 4110 duobus

2106 4134 2386 4189 ordinibus
2415 4135 2763 4204 reproborum
2795 4137 2952 4193 valde
3001 4140 3305 4196 metuendis
3331 4134 3389 4196 et
3423 4144 3682 4212 pavendis

2107 4226 2284 4282 omnis
2316 4226 2633 4291 catholicus,
2663 4227 2843 4282 divina
2869 4215 3238 4286 misericordia
3268 4234 3601 4301 praecedente
3626 4245 3683 4290 ct

2108 4317 2493 4386 subsequente,
2526 4332 2722 4387 expers
2752 4318 2867 4373 fieri
2897 4328 3075 4388 potest
3103 4337 3115 4374 :
3149 4329 3359 4376 restant
3390 4324 3514 4388 duo,
3541 4324 3682 4378 alter

2107 4407 2492 4477 perfectorum,
2529 4409 2638 4465 imo
2665 4425 2979 4480 paucorum,
3011 4411 3147 4469 alter
3180 4414 3505 4484 generaliter
3527 4426 3684 4472 ciete-

437 4485 619 4551 illum;
668 4484 805 4539 alius
821 4481 1145 4574 iudicandus
1166 4496 1197 4535 a
1223 4480 1471 4542 Domino,
1511 4481 1618 4574 qui
1643 4496 1749 4574 non
1791 4480 2006 4549 quidem
2036 4477 2087 4537 D
2113 4518 2296 4574 mrum
2314 4504 2602 4574 ίηειοιιωη,

435 4575 618 4635 omnia
666 4589 765 4631 sua
795 4572 1001 4643 pariter
1044 4572 1409 4642 reliquerunt,
1465 4569 1559 4624 sed
1587 4570 1653 4624 de
1693 4570 1777 4625 his
1827 4578 2004 4624 tamen

437 4680 557 4736 quae
586 4664 853 4721 habebant
879 4662 1224 4732 quotidianas
1257 4661 1386 4716 dare
1412 4658 1780 4730 eleemosynas
1807 4674 2008 4729 paupe-

436 4758 589 4815 ribus
617 4756 821 4813 Christi
846 4753 1129 4810 curabant.
1161 4753 1313 4810 Unde
1343 4752 1578 4806 audituri
1620 4766 1806 4807 sumus
1841 4752 1892 4806 in
1914 4750 2005 4820 iu-

439 4850 580 4904 dicio
608 4865 621 4901 :
659 4846 861 4912 Venite,
888 4846 1137 4905 benedicti
1162 4842 1340 4898 Patris
1366 4844 1490 4908 mei,
1514 4843 1759 4914 percipite
1790 4859 2006 4913 regnum

437 4939 577 5010 quod
628 4936 768 4992 vobis
815 4943 1168 5005 prarparatum
1213 4943 1289 4988 est
1330 4949 1363 4986 a
1410 4931 1771 4997 constitutione
1821 4931 2004 4985 mundi

442 5034 461 5099 (
477 5029 667 5084 Matth.
696 5041 825 5092 xxv,
866 5026 978 5100 54).
1004 5025 1110 5081 Sed
1138 5034 1193 5081 et
1237 5025 1585 5094 reproborum
1615 5039 1828 5092 quoque
1870 5025 2005 5077 duos

442 5122 514 5177 ibi
536 5121 747 5177 futuros
767 5118 1005 5183 ordines,
1033 5117 1261 5172 Domino
1286 5122 1562 5180 narrante,
1587 5116 1951 5183 comperimus
1986 5132 1999 5168 :

443 5226 609 5265 unum
635 5224 822 5266 eorum
851 5208 944 5279 qui
988 5206 1112 5264 fidei
1135 5205 1456 5263 Christianae
1493 5207 1768 5276 mysteriis
1808 5205 2003 5259 initiati

441 5316 605 5369 opera
646 5301 768 5361 ﬁdei
795 5314 1050 5357 exercere
1078 5306 1449 5363 contemnunt,
1494 5298 1690 5369 quibus
1719 5297 2004 5351 dicendum

446 5391 497 5441 in
538 5388 741 5456 iudicio
789 5397 1019 5445 testatur
1056 5406 1067 5440 :
1101 5387 1359 5441 Discedite
1399 5405 1432 5441 a
1460 5404 1572 5450 me,
1607 5387 1902 5451 maledicti,
1952 5388 2008 5440 in

444 5477 611 5544 ignem
652 5487 921 5541 aeternum,
962 5478 1052 5547 qui
1078 5486 1403 5547 prtcparatus
1432 5488 1507 5529 est
1534 5474 1742 5529 diabolo
1775 5483 1822 5528 et
1852 5476 2006 5527 sociis

447 5568 640 5635 angelis
664 5569 798 5635 ejus.
827 5568 1033 5622 Esurivi
1061 5568 1220 5632 enim,
1259 5576 1306 5620 et
1338 5584 1441 5620 non
1473 5568 1686 5622 dedistis
1715 5567 1841 5619 mihi
1863 5582 2008 5619 man-

2178 4593 2433 4662 Quisquis
2462 4604 2641 4650 autem
2666 4597 2731 4651 ad
2759 4598 2969 4653 culmen
2996 4597 3343 4668 perfectionis
3375 4601 3552 4657 divina
3574 4616 3679 4670 ope

2110 4684 2430 4756 suffragatus
2468 4689 2760 4744 ascendere
2779 4689 2941 4753 valet,
2980 4699 3042 4745 ut
3088 4691 3296 4746 scilicet
3339 4707 3524 4747 amore
3549 4708 3682 4763 apo-

2110 4776 2313 4830 stolicae
2346 4777 2469 4830 vitm
2492 4779 2672 4832 omnia
2714 4794 2810 4834 sua
2839 4780 3124 4849 relinquat,
3155 4790 3210 4836 et
3247 4796 3450 4851 pauper
3474 4797 3681 4851 paupe-

2111 4878 2223 4918 rem
2262 4863 2536 4920 Christum
2570 4875 2846 4935 sequatur,
2872 4869 2961 4923 hic
3004 4869 3192 4938 procul
3222 4870 3383 4925 dubio
3412 4885 3537 4924 cum
3570 4871 3684 4926 Deo

2109 4953 2163 5007 in
2181 4952 2384 5022 iudicio
2429 4969 2534 5008 non
2556 4952 2920 5023 iudicabitur,
2960 4959 3056 5012 sed
3092 4965 3152 5011 ut
3192 4958 3417 5026 indicet,
3448 4959 3679 5014 sedebit.

2107 5042 2157 5097 Is
2179 5042 2340 5112 igitur
2363 5044 2453 5111 qui
2487 5044 2555 5099 ad
2584 5060 2763 5100 arcem
2795 5048 3136 5115 spcculativae
3158 5049 3280 5102 vite
3311 5036 3682 5104 conscendere

2110 5133 2316 5200 nequit,
2346 5134 2390 5187 si
2415 5134 2468 5188 in
2509 5135 2705 5189 actuali
2735 5137 2847 5191 vita
2873 5139 3128 5206 operibus
3156 5138 3543 5193 misericordite
3578 5140 3678 5193 de-

2112 5221 2258 5277 ditus
2284 5221 2465 5287 fuerit,
2507 5224 2560 5277 in
2588 5225 2774 5279 eodem
2796 5225 2986 5294 iudicii
3018 5228 3102 5281 die
3134 5242 3164 5280 a
3194 5229 3545 5296 reproborum
3580 5245 3681 5283 uu-

2113 5328 2265 5367 mero
2302 5314 2510 5368 secerni
2538 5324 2593 5368 et
2624 5315 2676 5369 in
2708 5331 2896 5372 eorum
2922 5317 3130 5371 admitti
3160 5317 3453 5372 merebitur
3479 5318 3681 5387 quibus

2113 5404 2321 5458 dicatur
2351 5423 2363 5457 :
2397 5404 2652 5474 Percipite
2692 5424 2903 5476 regnum
2951 5408 3066 5472 Dei,
3098 5409 3237 5478 quod
3270 5407 3409 5462 vobis
3433 5418 3680 5479 paratum

2113 5505 2183 5548 est
2214 5495 2276 5548 ab
2301 5496 2497 5561 origine
2516 5497 2715 5552 mundi.

519 5685 543 5715 ιι
571 5670 627 5723 In
656 5672 838 5726 homil.
887 5690 1045 5742 super
1070 5689 1256 5743 evang.
1301 5674 1431 5727 Ecce
1467 5692 1572 5738 nos,
1608 5684 1735 5739 ete.,
1771 5675 1821 5727 in
1867 5674 2003 5729 festo
2040 5678 2097 5730 S.
2128 5675 2421 5742 Benedicti,
2453 5691 2644 5746 nempe
2674 5676 2900 5745 Biscopi.
