  <div class='ocr_page' id='page_1' title='image "/cluster/home/n/w/nwhite01/storage/ocr_20150623/106/hvd.32044054759717/142.png"; bbox 0 0 3956 6186; ppageno 0'>
   <div class='ocr_carea' id='block_1_1' title="bbox 273 340 387 396">
    <p class='ocr_par' dir='ltr' id='par_1_1' title="bbox 273 340 387 396">
     <span class='ocr_line' id='line_1_1' title="bbox 273 340 387 396; baseline 0.018 -3"><span class='ocrx_word' id='word_1_1' title='bbox 273 340 387 396; x_wconf 71' lang='lat'><strong>373</strong></span> 
     </span>
    </p>
   </div>
   <div class='ocr_carea' id='block_1_2' title="bbox 866 451 1268 509">
    <p class='ocr_par' dir='ltr' id='par_1_2' title="bbox 866 451 1268 509">
     <span class='ocr_line' id='line_1_2' title="bbox 866 451 1268 509; baseline 0 -2"><span class='ocrx_word' id='word_1_2' title='bbox 866 451 1091 509; x_wconf 73' lang='lat' dir='ltr'><strong>LAI‘UT</strong></span> <span class='ocrx_word' id='word_1_3' title='bbox 1135 452 1268 508; x_wconf 75' lang='lat' dir='ltr'><strong>XIX.</strong></span> 
     </span>
    </p>
   </div>
   <div class='ocr_carea' id='block_1_3' title="bbox 578 542 1558 617">
    <p class='ocr_par' dir='ltr' id='par_1_3' title="bbox 578 542 1558 617">
     <span class='ocr_line' id='line_1_3' title="bbox 578 542 1558 617; baseline 0.002 -21"><span class='ocrx_word' id='word_1_4' title='bbox 578 542 654 597; x_wconf 83' lang='lat' dir='ltr'><strong>be</strong></span> <span class='ocrx_word' id='word_1_5' title='bbox 673 546 886 598; x_wconf 78' lang='lat' dir='ltr'><strong>a&#39;ternis</strong></span> <span class='ocrx_word' id='word_1_6' title='bbox 907 545 1172 615; x_wconf 75' lang='lat' dir='ltr'><strong>suppliciis</strong></span> <span class='ocrx_word' id='word_1_7' title='bbox 1204 548 1558 617; x_wconf 85' lang='lat' dir='ltr'><strong>reproborum.</strong></span> 
     </span>
    </p>
   </div>
   <div class='ocr_carea' id='block_1_4' title="bbox 343 634 1856 705">
    <p class='ocr_par' dir='ltr' id='par_1_4' title="bbox 343 634 1856 705">
     <span class='ocr_line' id='line_1_4' title="bbox 343 634 1856 705; baseline -0.002 -14"><span class='ocrx_word' id='word_1_8' title='bbox 343 636 499 703; x_wconf 81' lang='lat' dir='ltr'><strong>Quod</strong></span> <span class='ocrx_word' id='word_1_9' title='bbox 542 634 768 705; x_wconf 64' lang='lat' dir='ltr'><strong>puemia</strong></span> <span class='ocrx_word' id='word_1_10' title='bbox 805 634 1078 704; x_wconf 71' lang='lat' dir='ltr'><strong>iustorum</strong></span> <span class='ocrx_word' id='word_1_11' title='bbox 1124 637 1233 692; x_wconf 90' lang='lat' dir='ltr'><strong>sint</strong></span> <span class='ocrx_word' id='word_1_12' title='bbox 1276 636 1568 692; x_wconf 74' lang='lat' dir='ltr'><strong>inetl‘abilia</strong></span> <span class='ocrx_word' id='word_1_13' title='bbox 1627 645 1856 691; x_wconf 85' lang='lat' dir='ltr'><strong>testatur</strong></span> 
     </span>
    </p>
   </div>
   <div class='ocr_carea' id='block_1_5' title="bbox 267 725 1855 794">
    <p class='ocr_par' dir='ltr' id='par_1_5' title="bbox 267 725 1855 794">
     <span class='ocr_line' id='line_1_5' title="bbox 267 725 1855 794; baseline -0.001 -15"><span class='ocrx_word' id='word_1_14' title='bbox 267 726 604 794; x_wconf 80' lang='lat' dir='ltr'><strong>evangelista</strong></span> <span class='ocrx_word' id='word_1_15' title='bbox 634 725 824 781; x_wconf 89' lang='lat' dir='ltr'><strong>dicens</strong></span> <span class='ocrx_word' id='word_1_16' title='bbox 852 744 867 778; x_wconf 93' lang='lat'><strong>:</strong></span> <span class='ocrx_word' id='word_1_17' title='bbox 902 726 1054 792; x_wconf 85' lang='lat' dir='ltr'><strong>Quod</strong></span> <span class='ocrx_word' id='word_1_18' title='bbox 1082 744 1172 781; x_wconf 85' lang='lat' dir='ltr'><strong>nec</strong></span> <span class='ocrx_word' id='word_1_19' title='bbox 1206 726 1387 780; x_wconf 86' lang='lat' dir='ltr'><strong>oculus</strong></span> <span class='ocrx_word' id='word_1_20' title='bbox 1418 727 1565 791; x_wconf 77' lang='lat' dir='ltr'><strong>vidit,</strong></span> <span class='ocrx_word' id='word_1_21' title='bbox 1592 744 1681 781; x_wconf 82' lang='lat' dir='ltr'><strong>nec</strong></span> <span class='ocrx_word' id='word_1_22' title='bbox 1709 726 1855 779; x_wconf 85' lang='lat' dir='ltr'><strong>auris</strong></span> 
     </span>
    </p>
   </div>
   <div class='ocr_carea' id='block_1_6' title="bbox 266 816 1854 888">
    <p class='ocr_par' dir='ltr' id='par_1_6' title="bbox 266 816 1854 888">
     <span class='ocr_line' id='line_1_6' title="bbox 266 816 1854 888; baseline 0.001 -21"><span class='ocrx_word' id='word_1_23' title='bbox 266 817 494 879; x_wconf 74' lang='lat' dir='ltr'><strong>audivit,</strong></span> <span class='ocrx_word' id='word_1_24' title='bbox 519 833 612 869; x_wconf 74' lang='lat' dir='ltr'><strong>nec</strong></span> <span class='ocrx_word' id='word_1_25' title='bbox 653 817 709 869; x_wconf 88' lang='lat' dir='ltr'><strong>in</strong></span> <span class='ocrx_word' id='word_1_26' title='bbox 734 832 825 870; x_wconf 87' lang='lat' dir='ltr'><strong>cor</strong></span> <span class='ocrx_word' id='word_1_27' title='bbox 863 818 1090 871; x_wconf 85' lang='lat' dir='ltr'><strong>hominis</strong></span> <span class='ocrx_word' id='word_1_28' title='bbox 1119 819 1349 871; x_wconf 77' lang='lat' dir='ltr'><strong>ascendit</strong></span> <span class='ocrx_word' id='word_1_29' title='bbox 1386 834 1503 887; x_wconf 79' lang='lat' dir='ltr'><strong>qua:</strong></span> <span class='ocrx_word' id='word_1_30' title='bbox 1541 816 1854 888; x_wconf 56' lang='lat' dir='ltr'><strong>pra’paravit</strong></span> 
     </span>
    </p>
   </div>
   <div class='ocr_carea' id='block_1_7' title="bbox 270 903 1855 977">
    <p class='ocr_par' dir='ltr' id='par_1_7' title="bbox 270 903 1855 977">
     <span class='ocr_line' id='line_1_7' title="bbox 270 903 1855 977; baseline 0.003 -21"><span class='ocrx_word' id='word_1_31' title='bbox 270 903 411 957; x_wconf 81' lang='lat' dir='ltr'><strong>Deus</strong></span> <span class='ocrx_word' id='word_1_32' title='bbox 432 905 773 975; x_wconf 83' lang='lat' dir='ltr'><strong>diligentibus</strong></span> <span class='ocrx_word' id='word_1_33' title='bbox 796 922 852 960; x_wconf 85' lang='lat' dir='ltr'><strong>se</strong></span> <span class='ocrx_word' id='word_1_34' title='bbox 882 905 935 976; x_wconf 91' lang='grc'><strong>(1</strong></span> <span class='ocrx_word' id='word_1_35' title='bbox 955 904 1077 960; x_wconf 88' lang='lat' dir='ltr'><strong>Cor.</strong></span> <span class='ocrx_word' id='word_1_36' title='bbox 1111 922 1171 971; x_wconf 89' lang='grc' dir='ltr'>ιι,</span> <span class='ocrx_word' id='word_1_37' title='bbox 1193 907 1270 977; x_wconf 88' lang='grc'><strong>9).</strong></span> <span class='ocrx_word' id='word_1_38' title='bbox 1306 906 1457 963; x_wconf 87' lang='lat' dir='ltr'>Unde</span> <span class='ocrx_word' id='word_1_39' title='bbox 1481 908 1644 962; x_wconf 89' lang='lat' dir='ltr'><strong>etiam</strong></span> <span class='ocrx_word' id='word_1_40' title='bbox 1678 907 1855 962; x_wconf 88' lang='lat' dir='ltr'><strong>credi-</strong></span> 
     </span>
    </p>
   </div>
   <div class='ocr_carea' id='block_1_8' title="bbox 266 992 1854 1064">
    <p class='ocr_par' dir='ltr' id='par_1_8' title="bbox 266 992 1854 1064">
     <span class='ocr_line' id='line_1_8' title="bbox 266 992 1854 1064; baseline 0.002 -17"><span class='ocrx_word' id='word_1_41' title='bbox 266 993 371 1047; x_wconf 86' lang='lat' dir='ltr'><strong>bile</strong></span> <span class='ocrx_word' id='word_1_42' title='bbox 397 1001 485 1048; x_wconf 86' lang='lat' dir='ltr'><strong>est</strong></span> <span class='ocrx_word' id='word_1_43' title='bbox 519 994 662 1064; x_wconf 87' lang='lat' dir='ltr'><strong>quod</strong></span> <span class='ocrx_word' id='word_1_44' title='bbox 685 995 828 1049; x_wconf 91' lang='lat' dir='ltr'><strong>sicut</strong></span> <span class='ocrx_word' id='word_1_45' title='bbox 862 995 1081 1063; x_wconf 56' lang='lat' dir='ltr'><strong>praemia</strong></span> <span class='ocrx_word' id='word_1_46' title='bbox 1093 992 1365 1064; x_wconf 88' lang='lat' dir='ltr'><strong>justorum</strong></span> <span class='ocrx_word' id='word_1_47' title='bbox 1388 1004 1516 1051; x_wconf 89' lang='lat' dir='ltr'><strong>sunt</strong></span> <span class='ocrx_word' id='word_1_48' title='bbox 1536 996 1854 1051; x_wconf 79' lang='lat' dir='ltr'><strong>mortalibus</strong></span> 
     </span>
    </p>
   </div>
   <div class='ocr_carea' id='block_1_9' title="bbox 266 1081 1852 1155">
    <p class='ocr_par' dir='ltr' id='par_1_9' title="bbox 266 1081 1852 1155">
     <span class='ocr_line' id='line_1_9' title="bbox 266 1081 1852 1155; baseline 0.003 -20"><span class='ocrx_word' id='word_1_49' title='bbox 266 1081 838 1152; x_wconf 75' lang='lat' dir='ltr'><strong>incomprehensibilia</strong></span> <span class='ocrx_word' id='word_1_50' title='bbox 863 1125 879 1149; x_wconf 94' lang='lat'><strong>,</strong></span> <span class='ocrx_word' id='word_1_51' title='bbox 930 1084 1005 1139; x_wconf 90' lang='lat' dir='ltr'><strong>ita</strong></span> <span class='ocrx_word' id='word_1_52' title='bbox 1046 1085 1209 1139; x_wconf 90' lang='lat' dir='ltr'><strong>etiam</strong></span> <span class='ocrx_word' id='word_1_53' title='bbox 1262 1093 1527 1140; x_wconf 88' lang='lat' dir='ltr'><strong>tormenta</strong></span> <span class='ocrx_word' id='word_1_54' title='bbox 1564 1087 1852 1155; x_wconf 73' lang='lat' dir='ltr'><strong>impiorum</strong></span> 
     </span>
    </p>
   </div>
   <div class='ocr_carea' id='block_1_10' title="bbox 268 1172 1851 1246">
    <p class='ocr_par' dir='ltr' id='par_1_10' title="bbox 268 1172 1851 1246">
     <span class='ocr_line' id='line_1_10' title="bbox 268 1172 1851 1246; baseline 0.004 -20"><span class='ocrx_word' id='word_1_55' title='bbox 268 1172 378 1226; x_wconf 88' lang='lat' dir='ltr'><strong>sint</strong></span> <span class='ocrx_word' id='word_1_56' title='bbox 409 1172 725 1228; x_wconf 71' lang='lat' dir='ltr'><strong>ineliabilia.</strong></span> <span class='ocrx_word' id='word_1_57' title='bbox 761 1173 897 1241; x_wconf 82' lang='lat' dir='ltr'><strong>Quia</strong></span> <span class='ocrx_word' id='word_1_58' title='bbox 928 1175 1093 1246; x_wconf 80' lang='lat' dir='ltr'><strong>igitur</strong></span> <span class='ocrx_word' id='word_1_59' title='bbox 1117 1183 1346 1246; x_wconf 88' lang='lat' dir='ltr'><strong>utraque</strong></span> <span class='ocrx_word' id='word_1_60' title='bbox 1386 1176 1627 1231; x_wconf 80' lang='lat' dir='ltr'><strong>existunt</strong></span> <span class='ocrx_word' id='word_1_61' title='bbox 1649 1177 1851 1232; x_wconf 90' lang='lat' dir='ltr'><strong>incom-</strong></span> 
     </span>
    </p>
   </div>
   <div class='ocr_carea' id='block_1_11' title="bbox 268 1265 1851 1336">
    <p class='ocr_par' dir='ltr' id='par_1_11' title="bbox 268 1265 1851 1336">
     <span class='ocr_line' id='line_1_11' title="bbox 268 1265 1851 1336; baseline 0.003 -18"><span class='ocrx_word' id='word_1_62' title='bbox 268 1265 684 1334; x_wconf 69' lang='lat' dir='ltr'><strong>pcehensibilia,</strong></span> <span class='ocrx_word' id='word_1_63' title='bbox 710 1282 934 1323; x_wconf 89' lang='lat' dir='ltr'><strong>necesse</strong></span> <span class='ocrx_word' id='word_1_64' title='bbox 961 1278 1047 1324; x_wconf 88' lang='lat' dir='ltr'><strong>est</strong></span> <span class='ocrx_word' id='word_1_65' title='bbox 1075 1278 1136 1323; x_wconf 91' lang='lat' dir='ltr'><strong>ut</strong></span> <span class='ocrx_word' id='word_1_66' title='bbox 1170 1267 1443 1324; x_wconf 81' lang='lat' dir='ltr'><strong>ferventer</strong></span> <span class='ocrx_word' id='word_1_67' title='bbox 1477 1269 1543 1323; x_wconf 88' lang='lat' dir='ltr'><strong>ad</strong></span> <span class='ocrx_word' id='word_1_68' title='bbox 1577 1267 1851 1336; x_wconf 87' lang='lat' dir='ltr'><strong>justorum</strong></span> 
     </span>
    </p>
   </div>
   <div class='ocr_carea' id='block_1_12' title="bbox 261 1355 1848 1428">
    <p class='ocr_par' dir='ltr' id='par_1_12' title="bbox 261 1355 1848 1428">
     <span class='ocr_line' id='line_1_12' title="bbox 261 1355 1848 1428; baseline 0.003 -20"><span class='ocrx_word' id='word_1_69' title='bbox 261 1355 490 1424; x_wconf 75' lang='lat' dir='ltr'><strong>przemia</strong></span> <span class='ocrx_word' id='word_1_70' title='bbox 535 1357 800 1426; x_wconf 87' lang='lat' dir='ltr'><strong>capienda</strong></span> <span class='ocrx_word' id='word_1_71' title='bbox 836 1360 1148 1424; x_wconf 82' lang='lat' dir='ltr'><strong>tendamus;</strong></span> <span class='ocrx_word' id='word_1_72' title='bbox 1178 1368 1232 1414; x_wconf 92' lang='lat' dir='ltr'><strong>et</strong></span> <span class='ocrx_word' id='word_1_73' title='bbox 1259 1359 1612 1428; x_wconf 90' lang='lat' dir='ltr'><strong>reproborum</strong></span> <span class='ocrx_word' id='word_1_74' title='bbox 1642 1359 1848 1428; x_wconf 91' lang='lat' dir='ltr'><strong>suppli-</strong></span> 
     </span>
    </p>
   </div>
   <div class='ocr_carea' id='block_1_13' title="bbox 260 1446 1848 1520">
    <p class='ocr_par' dir='ltr' id='par_1_13' title="bbox 260 1446 1848 1520">
     <span class='ocr_line' id='line_1_13' title="bbox 260 1446 1848 1520; baseline 0.003 -21"><span class='ocrx_word' id='word_1_75' title='bbox 260 1446 372 1507; x_wconf 83' lang='lat' dir='ltr'><strong>cia,</strong></span> <span class='ocrx_word' id='word_1_76' title='bbox 398 1446 530 1500; x_wconf 91' lang='lat' dir='ltr'><strong>dum</strong></span> <span class='ocrx_word' id='word_1_77' title='bbox 549 1462 839 1516; x_wconf 87' lang='lat' dir='ltr'><strong>possumus</strong></span> <span class='ocrx_word' id='word_1_78' title='bbox 859 1457 915 1503; x_wconf 92' lang='lat' dir='ltr'><strong>et</strong></span> <span class='ocrx_word' id='word_1_79' title='bbox 939 1458 1149 1519; x_wconf 86' lang='lat' dir='ltr'><strong>tempus</strong></span> <span class='ocrx_word' id='word_1_80' title='bbox 1174 1450 1454 1514; x_wconf 90' lang='lat' dir='ltr'><strong>habemus,</strong></span> <span class='ocrx_word' id='word_1_81' title='bbox 1481 1451 1618 1505; x_wconf 90' lang='lat' dir='ltr'><strong>bene</strong></span> <span class='ocrx_word' id='word_1_82' title='bbox 1640 1449 1848 1520; x_wconf 86' lang='lat' dir='ltr'><strong>agendo</strong></span> 
     </span>
    </p>
   </div>
   <div class='ocr_carea' id='block_1_14' title="bbox 258 1536 1843 1609">
    <p class='ocr_par' dir='ltr' id='par_1_14' title="bbox 258 1536 1843 1609">
     <span class='ocr_line' id='line_1_14' title="bbox 258 1536 1843 1609; baseline 0.003 -21"><span class='ocrx_word' id='word_1_83' title='bbox 258 1550 574 1595; x_wconf 80' lang='lat' dir='ltr'><strong>caveamus.</strong></span> <span class='ocrx_word' id='word_1_84' title='bbox 634 1536 711 1590; x_wconf 86' lang='lat' dir='ltr'><strong>De</strong></span> <span class='ocrx_word' id='word_1_85' title='bbox 767 1538 1043 1607; x_wconf 85' lang='lat' dir='ltr'><strong>suppliciis</strong></span> <span class='ocrx_word' id='word_1_86' title='bbox 1100 1549 1281 1594; x_wconf 90' lang='lat' dir='ltr'><strong>autem</strong></span> <span class='ocrx_word' id='word_1_87' title='bbox 1345 1541 1697 1609; x_wconf 88' lang='lat' dir='ltr'><strong>reproborum</strong></span> <span class='ocrx_word' id='word_1_88' title='bbox 1763 1541 1843 1594; x_wconf 86' lang='lat' dir='ltr'><strong>ait</strong></span> 
     </span>
    </p>
   </div>
   <div class='ocr_carea' id='block_1_15' title="bbox 258 1623 1844 1702">
    <p class='ocr_par' dir='ltr' id='par_1_15' title="bbox 258 1623 1844 1702">
     <span class='ocr_line' id='line_1_15' title="bbox 258 1623 1844 1702; baseline 0.006 -24"><span class='ocrx_word' id='word_1_89' title='bbox 258 1623 435 1679; x_wconf 81' lang='lat' dir='ltr'><strong>Isaias</strong></span> <span class='ocrx_word' id='word_1_90' title='bbox 454 1625 718 1694; x_wconf 74' lang='lat' dir='ltr'><strong>propheta</strong></span> <span class='ocrx_word' id='word_1_91' title='bbox 748 1644 762 1679; x_wconf 92' lang='lat'><strong>:</strong></span> <span class='ocrx_word' id='word_1_92' title='bbox 798 1625 997 1681; x_wconf 82' lang='lat' dir='ltr'><strong>Vermis</strong></span> <span class='ocrx_word' id='word_1_93' title='bbox 1017 1645 1198 1682; x_wconf 75' lang='lat' dir='ltr'><strong>eorum</strong></span> <span class='ocrx_word' id='word_1_94' title='bbox 1221 1646 1324 1683; x_wconf 87' lang='lat' dir='ltr'><strong>non</strong></span> <span class='ocrx_word' id='word_1_95' title='bbox 1345 1631 1615 1694; x_wconf 86' lang='lat' dir='ltr'><strong>morietur,</strong></span> <span class='ocrx_word' id='word_1_96' title='bbox 1635 1642 1683 1686; x_wconf 86' lang='lat' dir='ltr'><strong>et</strong></span> <span class='ocrx_word' id='word_1_97' title='bbox 1706 1633 1844 1702; x_wconf 88' lang='lat' dir='ltr'><strong>ignis</strong></span> 
     </span>
    </p>
   </div>
   <div class='ocr_carea' id='block_1_16' title="bbox 256 1716 1844 1790">
    <p class='ocr_par' dir='ltr' id='par_1_16' title="bbox 256 1716 1844 1790">
     <span class='ocr_line' id='line_1_16' title="bbox 256 1716 1844 1790; baseline 0.006 -24"><span class='ocrx_word' id='word_1_98' title='bbox 256 1730 445 1767; x_wconf 74' lang='lat' dir='ltr'><strong>eorum</strong></span> <span class='ocrx_word' id='word_1_99' title='bbox 474 1730 580 1767; x_wconf 82' lang='lat' dir='ltr'><strong>non</strong></span> <span class='ocrx_word' id='word_1_100' title='bbox 607 1716 964 1784; x_wconf 69' lang='lat' dir='ltr'><strong>exstinguetur</strong></span> <span class='ocrx_word' id='word_1_101' title='bbox 986 1716 1122 1788; x_wconf 87' lang='lat' dir='ltr'><strong>(lsa.</strong></span> <span class='ocrx_word' id='word_1_102' title='bbox 1155 1735 1301 1785; x_wconf 75' lang='lat' dir='ltr'><strong>um,</strong></span> <span class='ocrx_word' id='word_1_103' title='bbox 1336 1719 1451 1790; x_wconf 67' lang='grc'><strong>24).</strong></span> <span class='ocrx_word' id='word_1_104' title='bbox 1491 1720 1559 1774; x_wconf 85' lang='lat' dir='ltr'><strong>Et</strong></span> <span class='ocrx_word' id='word_1_105' title='bbox 1586 1722 1844 1776; x_wconf 86' lang='lat' dir='ltr'><strong>Dominus</strong></span> 
     </span>
    </p>
   </div>
   <div class='ocr_carea' id='block_1_17' title="bbox 1289 338 2591 400">
    <p class='ocr_par' dir='ltr' id='par_1_17' title="bbox 1289 338 2591 400">
     <span class='ocr_line' id='line_1_17' title="bbox 1289 338 2591 400; baseline 0.002 -5"><span class='ocrx_word' id='word_1_106' title='bbox 1289 341 1374 396; x_wconf 81' lang='lat' dir='ltr'><strong>DE</strong></span> <span class='ocrx_word' id='word_1_107' title='bbox 1411 338 1890 398; x_wconf 70' lang='lat' dir='ltr'><strong>lNSTlTU&#39;llONE</strong></span> <span class='ocrx_word' id='word_1_108' title='bbox 1928 340 2214 397; x_wconf 73' lang='lat' dir='ltr'><strong>LAlCALl.</strong></span> <span class='ocrx_word' id='word_1_109' title='bbox 2239 374 2308 383; x_wconf 92' lang='lat'><strong>—</strong></span> <span class='ocrx_word' id='word_1_110' title='bbox 2342 340 2468 400; x_wconf 82' lang='lat' dir='ltr'><strong>LIB.</strong></span> <span class='ocrx_word' id='word_1_111' title='bbox 2510 340 2591 398; x_wconf 89' lang='lat' dir='ltr'><strong>lll.</strong></span> 
     </span>
    </p>
   </div>
   <div class='ocr_carea' id='block_1_18' title="bbox 3421 354 3526 410">
    <p class='ocr_par' dir='ltr' id='par_1_18' title="bbox 3421 354 3526 410">
     <span class='ocr_line' id='line_1_18' title="bbox 3421 354 3526 410; baseline 0.01 -2"><span class='ocrx_word' id='word_1_112' title='bbox 3421 354 3526 410; x_wconf 66' lang='grc'><strong>274</strong></span> 
     </span>
    </p>
   </div>
   <div class='ocr_carea' id='block_1_19' title="bbox 1883 452 3527 531">
    <p class='ocr_par' dir='ltr' id='par_1_19' title="bbox 1883 452 3527 531">
     <span class='ocr_line' id='line_1_19' title="bbox 1883 452 3527 531; baseline 0.007 -27"><span class='ocrx_word' id='word_1_113' title='bbox 1883 452 1932 512; x_wconf 82' lang='grc' dir='ltr'>Λ</span> <span class='ocrx_word' id='word_1_114' title='bbox 1962 466 2084 506; x_wconf 85' lang='lat' dir='ltr'><strong>men</strong></span> <span class='ocrx_word' id='word_1_115' title='bbox 2114 466 2218 506; x_wconf 92' lang='lat' dir='ltr'><strong>non</strong></span> <span class='ocrx_word' id='word_1_116' title='bbox 2257 468 2361 506; x_wconf 89' lang='lat' dir='ltr'><strong>una</strong></span> <span class='ocrx_word' id='word_1_117' title='bbox 2408 468 2594 507; x_wconf 86' lang='lat' dir='ltr'><strong>omnes</strong></span> <span class='ocrx_word' id='word_1_118' title='bbox 2620 453 2881 522; x_wconf 90' lang='lat' dir='ltr'><strong>qualitate</strong></span> <span class='ocrx_word' id='word_1_119' title='bbox 2919 455 3207 523; x_wconf 76' lang='lat' dir='ltr'><strong>comburit,</strong></span> <span class='ocrx_word' id='word_1_120' title='bbox 3235 460 3527 531; x_wconf 82' lang='lat' dir='ltr'><strong>quiaquod</strong></span> 
     </span>
    </p>
   </div>
   <div class='ocr_carea' id='block_1_20' title="bbox 1959 541 3529 613">
    <p class='ocr_par' dir='ltr' id='par_1_20' title="bbox 1959 541 3529 613">
     <span class='ocr_line' id='line_1_20' title="bbox 1959 541 3529 613; baseline 0.008 -19"><span class='ocrx_word' id='word_1_121' title='bbox 1959 541 2048 594; x_wconf 90' lang='lat' dir='ltr'><strong>hic</strong></span> <span class='ocrx_word' id='word_1_122' title='bbox 2072 541 2184 608; x_wconf 92' lang='lat' dir='ltr'><strong>agit</strong></span> <span class='ocrx_word' id='word_1_123' title='bbox 2219 541 2396 610; x_wconf 85' lang='lat' dir='ltr'><strong>dispar</strong></span> <span class='ocrx_word' id='word_1_124' title='bbox 2420 541 2666 596; x_wconf 84' lang='lat' dir='ltr'><strong>valetudo</strong></span> <span class='ocrx_word' id='word_1_125' title='bbox 2702 558 3007 613; x_wconf 87' lang='lat' dir='ltr'><strong>corporum,</strong></span> <span class='ocrx_word' id='word_1_126' title='bbox 3031 545 3132 601; x_wconf 86' lang='lat' dir='ltr'><strong>hoc</strong></span> <span class='ocrx_word' id='word_1_127' title='bbox 3175 546 3283 603; x_wconf 90' lang='lat' dir='ltr'><strong>illic</strong></span> <span class='ocrx_word' id='word_1_128' title='bbox 3310 550 3529 607; x_wconf 76' lang='lat' dir='ltr'><strong>exhibet</strong></span> 
     </span>
    </p>
   </div>
   <div class='ocr_carea' id='block_1_21' title="bbox 1955 624 2685 699">
    <p class='ocr_par' dir='ltr' id='par_1_21' title="bbox 1955 624 2685 699">
     <span class='ocr_line' id='line_1_21' title="bbox 1955 624 2685 699; baseline 0.003 -16"><span class='ocrx_word' id='word_1_129' title='bbox 1955 624 2137 699; x_wconf 84' lang='lat' dir='ltr'><strong>dispar</strong></span> <span class='ocrx_word' id='word_1_130' title='bbox 2157 645 2318 684; x_wconf 88' lang='lat' dir='ltr'><strong>causa</strong></span> <span class='ocrx_word' id='word_1_131' title='bbox 2348 631 2685 686; x_wconf 86' lang='lat' dir='ltr'><strong>meritorum.</strong></span> 
     </span>
    </p>
   </div>
   <div class='ocr_carea' id='block_1_22' title="bbox 2026 718 3523 797">
    <p class='ocr_par' dir='ltr' id='par_1_22' title="bbox 2026 718 3523 797">
     <span class='ocr_line' id='line_1_22' title="bbox 2026 718 3523 797; baseline 0.008 -25"><span class='ocrx_word' id='word_1_132' title='bbox 2026 719 2082 773; x_wconf 89' lang='lat' dir='ltr'><strong>In</strong></span> <span class='ocrx_word' id='word_1_133' title='bbox 2134 718 2269 773; x_wconf 89' lang='lat' dir='ltr'><strong>libro</strong></span> <span class='ocrx_word' id='word_1_134' title='bbox 2307 718 2647 790; x_wconf 82' lang='lat' dir='ltr'><strong>Dialogorum</strong></span> <span class='ocrx_word' id='word_1_135' title='bbox 2682 722 2735 787; x_wconf 72' lang='grc' dir='ltr'><strong>ι»,</strong></span> <span class='ocrx_word' id='word_1_136' title='bbox 2772 722 2962 779; x_wconf 80' lang='lat' dir='ltr'><strong>Petrus</strong></span> <span class='ocrx_word' id='word_1_137' title='bbox 2999 741 3020 783; x_wconf 83' lang='lat'><strong>.&#39;</strong></span> <span class='ocrx_word' id='word_1_138' title='bbox 3064 745 3082 777; x_wconf 77' lang='grc' dir='ltr'><strong>ι</strong></span> <span class='ocrx_word' id='word_1_139' title='bbox 3124 725 3523 797; x_wconf 85' lang='lat' dir='ltr'><strong>Nunquidnam,</strong></span> 
     </span>
    </p>
   </div>
   <div class='ocr_carea' id='block_1_23' title="bbox 1954 809 3530 881">
    <p class='ocr_par' dir='ltr' id='par_1_23' title="bbox 1954 809 3530 881">
     <span class='ocr_line' id='line_1_23' title="bbox 1954 809 3530 881; baseline 0.01 -20"><span class='ocrx_word' id='word_1_140' title='bbox 1954 824 2137 878; x_wconf 63' lang='lat' dir='ltr'><strong>quaeso</strong></span> <span class='ocrx_word' id='word_1_141' title='bbox 2160 818 2231 873; x_wconf 90' lang='lat' dir='ltr'><strong>te,</strong></span> <span class='ocrx_word' id='word_1_142' title='bbox 2260 809 2490 865; x_wconf 85' lang='lat' dir='ltr'><strong>dicimus</strong></span> <span class='ocrx_word' id='word_1_143' title='bbox 2524 826 2617 866; x_wconf 91' lang='lat' dir='ltr'><strong>eos</strong></span> <span class='ocrx_word' id='word_1_144' title='bbox 2646 813 2736 881; x_wconf 90' lang='lat' dir='ltr'><strong>qui</strong></span> <span class='ocrx_word' id='word_1_145' title='bbox 2758 813 2867 869; x_wconf 90' lang='lat' dir='ltr'><strong>illic</strong></span> <span class='ocrx_word' id='word_1_146' title='bbox 2912 816 3077 870; x_wconf 81' lang='lat' dir='ltr'><strong>semel</strong></span> <span class='ocrx_word' id='word_1_147' title='bbox 3125 819 3282 872; x_wconf 89' lang='lat' dir='ltr'><strong>mersi</strong></span> <span class='ocrx_word' id='word_1_148' title='bbox 3329 818 3530 878; x_wconf 79' lang='lat' dir='ltr'><strong>fuerint</strong></span> 
     </span>
    </p>
   </div>
   <div class='ocr_carea' id='block_1_24' title="bbox 1953 902 3525 975">
    <p class='ocr_par' dir='ltr' id='par_1_24' title="bbox 1953 902 3525 975">
     <span class='ocr_line' id='line_1_24' title="bbox 1953 902 3525 975; baseline 0.007 -20"><span class='ocrx_word' id='word_1_149' title='bbox 1953 914 2165 971; x_wconf 78' lang='lat' dir='ltr'><strong>semper</strong></span> <span class='ocrx_word' id='word_1_150' title='bbox 2211 904 2467 957; x_wconf 86' lang='lat' dir='ltr'><strong>arsuros?</strong></span> <span class='ocrx_word' id='word_1_151' title='bbox 2510 902 2788 973; x_wconf 77' lang='lat' dir='ltr'><strong>Gregorius</strong></span> <span class='ocrx_word' id='word_1_152' title='bbox 2828 920 2846 957; x_wconf 91' lang='lat'><strong><em>:</em></strong></span> <span class='ocrx_word' id='word_1_153' title='bbox 2883 907 3105 963; x_wconf 86' lang='lat' dir='ltr'><strong>Constat</strong></span> <span class='ocrx_word' id='word_1_154' title='bbox 3147 906 3422 975; x_wconf 83' lang='lat' dir='ltr'><strong>nimirum,</strong></span> <span class='ocrx_word' id='word_1_155' title='bbox 3472 920 3525 966; x_wconf 91' lang='lat' dir='ltr'><strong>et</strong></span> 
     </span>
    </p>
   </div>
   <div class='ocr_carea' id='block_1_25' title="bbox 1954 990 3528 1069">
    <p class='ocr_par' dir='ltr' id='par_1_25' title="bbox 1954 990 3528 1069">
     <span class='ocr_line' id='line_1_25' title="bbox 1954 990 3528 1069; baseline 0.006 -26"><span class='ocrx_word' id='word_1_156' title='bbox 1954 990 2330 1046; x_wconf 89' lang='lat' dir='ltr'><strong>incunctanter</strong></span> <span class='ocrx_word' id='word_1_157' title='bbox 2356 1006 2541 1046; x_wconf 86' lang='lat' dir='ltr'><strong>verum</strong></span> <span class='ocrx_word' id='word_1_158' title='bbox 2569 1002 2669 1057; x_wconf 91' lang='lat' dir='ltr'><strong>est,</strong></span> <span class='ocrx_word' id='word_1_159' title='bbox 2704 995 2829 1063; x_wconf 85' lang='lat' dir='ltr'><strong>quia</strong></span> <span class='ocrx_word' id='word_1_160' title='bbox 2858 996 2999 1051; x_wconf 90' lang='lat' dir='ltr'><strong>sicut</strong></span> <span class='ocrx_word' id='word_1_161' title='bbox 3022 996 3143 1052; x_wconf 85' lang='lat' dir='ltr'><strong>linis</strong></span> <span class='ocrx_word' id='word_1_162' title='bbox 3167 1015 3273 1054; x_wconf 91' lang='lat' dir='ltr'><strong>non</strong></span> <span class='ocrx_word' id='word_1_163' title='bbox 3300 1007 3383 1055; x_wconf 87' lang='lat' dir='ltr'><strong>est</strong></span> <span class='ocrx_word' id='word_1_164' title='bbox 3398 1015 3528 1069; x_wconf 79' lang='lat' dir='ltr'><strong>gau-</strong></span> 
     </span>
    </p>
   </div>
   <div class='ocr_carea' id='block_1_26' title="bbox 1951 1078 3524 1147">
    <p class='ocr_par' dir='ltr' id='par_1_26' title="bbox 1951 1078 3524 1147">
     <span class='ocr_line' id='line_1_26' title="bbox 1951 1078 3524 1147; baseline 0.007 -16"><span class='ocrx_word' id='word_1_165' title='bbox 1951 1078 2163 1132; x_wconf 84' lang='lat' dir='ltr'><strong>diorum</strong></span> <span class='ocrx_word' id='word_1_166' title='bbox 2211 1080 2494 1147; x_wconf 90' lang='lat' dir='ltr'><strong>bonorum,</strong></span> <span class='ocrx_word' id='word_1_167' title='bbox 2534 1083 2607 1136; x_wconf 86' lang='lat' dir='ltr'><strong>ita</strong></span> <span class='ocrx_word' id='word_1_168' title='bbox 2665 1082 2787 1139; x_wconf 73' lang='lat' dir='ltr'><strong>(iiiis</strong></span> <span class='ocrx_word' id='word_1_169' title='bbox 2825 1090 2932 1138; x_wconf 89' lang='lat' dir='ltr'><strong>non</strong></span> <span class='ocrx_word' id='word_1_170' title='bbox 2981 1086 3089 1140; x_wconf 89' lang='lat' dir='ltr'><strong>erit</strong></span> <span class='ocrx_word' id='word_1_171' title='bbox 3134 1096 3524 1144; x_wconf 87' lang='lat' dir='ltr'><strong>tormentorum</strong></span> 
     </span>
    </p>
   </div>
   <div class='ocr_carea' id='block_1_27' title="bbox 1951 1167 3524 1246">
    <p class='ocr_par' dir='ltr' id='par_1_27' title="bbox 1951 1167 3524 1246">
     <span class='ocr_line' id='line_1_27' title="bbox 1951 1167 3524 1246; baseline 0.008 -25"><span class='ocrx_word' id='word_1_172' title='bbox 1951 1167 2237 1223; x_wconf 88' lang='lat' dir='ltr'><strong>malorum.</strong></span> <span class='ocrx_word' id='word_1_173' title='bbox 2288 1168 2478 1226; x_wconf 79' lang='lat' dir='ltr'><strong>Petrus</strong></span> <span class='ocrx_word' id='word_1_174' title='bbox 2507 1186 2524 1223; x_wconf 93' lang='lat'><strong><em>:</em></strong></span> <span class='ocrx_word' id='word_1_175' title='bbox 2555 1172 2706 1227; x_wconf 88' lang='lat' dir='ltr'><strong>Scire</strong></span> <span class='ocrx_word' id='word_1_176' title='bbox 2736 1173 2897 1237; x_wconf 84' lang='lat' dir='ltr'><strong>velim</strong></span> <span class='ocrx_word' id='word_1_177' title='bbox 2925 1177 3194 1244; x_wconf 87' lang='lat' dir='ltr'><strong>quomodo</strong></span> <span class='ocrx_word' id='word_1_178' title='bbox 3221 1176 3427 1246; x_wconf 89' lang='lat' dir='ltr'><strong>justum</strong></span> <span class='ocrx_word' id='word_1_179' title='bbox 3454 1179 3524 1234; x_wconf 85' lang='lat' dir='ltr'><strong>sit</strong></span> 
     </span>
    </p>
   </div>
   <div class='ocr_carea' id='block_1_28' title="bbox 1951 1252 3522 1335">
    <p class='ocr_par' dir='ltr' id='par_1_28' title="bbox 1951 1252 3522 1335">
     <span class='ocr_line' id='line_1_28' title="bbox 1951 1252 3522 1335; baseline 0.007 -26"><span class='ocrx_word' id='word_1_180' title='bbox 1951 1252 2010 1309; x_wconf 86' lang='lat' dir='ltr'><strong>ut</strong></span> <span class='ocrx_word' id='word_1_181' title='bbox 2031 1257 2182 1327; x_wconf 90' lang='lat' dir='ltr'><strong>culpa</strong></span> <span class='ocrx_word' id='word_1_182' title='bbox 2213 1273 2333 1326; x_wconf 67' lang='lat' dir='ltr'><strong>quae</strong></span> <span class='ocrx_word' id='word_1_183' title='bbox 2363 1274 2483 1314; x_wconf 92' lang='lat' dir='ltr'><strong>cum</strong></span> <span class='ocrx_word' id='word_1_184' title='bbox 2526 1259 2631 1315; x_wconf 83' lang='lat' dir='ltr'><strong>line</strong></span> <span class='ocrx_word' id='word_1_185' title='bbox 2655 1271 2959 1331; x_wconf 85' lang='lat' dir='ltr'><strong>perpetrata</strong></span> <span class='ocrx_word' id='word_1_186' title='bbox 2994 1272 3080 1319; x_wconf 88' lang='lat' dir='ltr'><strong>est</strong></span> <span class='ocrx_word' id='word_1_187' title='bbox 3125 1265 3242 1320; x_wconf 88' lang='lat' dir='ltr'><strong>sine</strong></span> <span class='ocrx_word' id='word_1_188' title='bbox 3274 1271 3378 1320; x_wconf 87' lang='lat' dir='ltr'><strong>line</strong></span> <span class='ocrx_word' id='word_1_189' title='bbox 3422 1282 3522 1335; x_wconf 93' lang='lat' dir='ltr'><strong>pu-</strong></span> 
     </span>
    </p>
   </div>
   <div class='ocr_carea' id='block_1_29' title="bbox 1951 1348 3524 1423">
    <p class='ocr_par' dir='ltr' id='par_1_29' title="bbox 1951 1348 3524 1423">
     <span class='ocr_line' id='line_1_29' title="bbox 1951 1348 3524 1423; baseline 0.008 -22"><span class='ocrx_word' id='word_1_190' title='bbox 1951 1349 2150 1403; x_wconf 88' lang='lat' dir='ltr'><strong>niatur.</strong></span> <span class='ocrx_word' id='word_1_191' title='bbox 2188 1348 2473 1420; x_wconf 71' lang='lat' dir='ltr'><strong>Gregorius</strong></span> <span class='ocrx_word' id='word_1_192' title='bbox 2499 1368 2519 1406; x_wconf 87' lang='lat'><strong><em>:</em></strong></span> <span class='ocrx_word' id='word_1_193' title='bbox 2547 1352 2660 1407; x_wconf 88' lang='lat' dir='ltr'><strong>lloc</strong></span> <span class='ocrx_word' id='word_1_194' title='bbox 2686 1364 2831 1409; x_wconf 89' lang='lat' dir='ltr'><strong>recte</strong></span> <span class='ocrx_word' id='word_1_195' title='bbox 2852 1356 3145 1423; x_wconf 70' lang='lat' dir='ltr'><strong>diceretur,</strong></span> <span class='ocrx_word' id='word_1_196' title='bbox 3177 1358 3222 1413; x_wconf 89' lang='lat' dir='ltr'><strong>si</strong></span> <span class='ocrx_word' id='word_1_197' title='bbox 3247 1358 3524 1414; x_wconf 83' lang='lat' dir='ltr'><strong>districtus</strong></span> 
     </span>
    </p>
   </div>
   <div class='ocr_carea' id='block_1_30' title="bbox 1942 1438 3520 1519">
    <p class='ocr_par' dir='ltr' id='par_1_30' title="bbox 1942 1438 3520 1519">
     <span class='ocr_line' id='line_1_30' title="bbox 1942 1438 3520 1519; baseline 0.01 -27"><span class='ocrx_word' id='word_1_198' title='bbox 1942 1438 2107 1509; x_wconf 79' lang='lat' dir='ltr'><strong>judex</strong></span> <span class='ocrx_word' id='word_1_199' title='bbox 2138 1458 2242 1496; x_wconf 91' lang='lat' dir='ltr'><strong>non</strong></span> <span class='ocrx_word' id='word_1_200' title='bbox 2272 1444 2435 1497; x_wconf 89' lang='lat' dir='ltr'><strong>corda</strong></span> <span class='ocrx_word' id='word_1_201' title='bbox 2476 1445 2774 1509; x_wconf 81' lang='lat' dir='ltr'><strong>hominum.</strong></span> <span class='ocrx_word' id='word_1_202' title='bbox 2803 1450 2898 1504; x_wconf 91' lang='lat' dir='ltr'><strong>sed</strong></span> <span class='ocrx_word' id='word_1_203' title='bbox 2938 1448 3081 1504; x_wconf 80' lang='lat' dir='ltr'><strong>facta</strong></span> <span class='ocrx_word' id='word_1_204' title='bbox 3104 1461 3378 1519; x_wconf 81' lang='lat' dir='ltr'><strong>pensaret.</strong></span> <span class='ocrx_word' id='word_1_205' title='bbox 3412 1454 3520 1507; x_wconf 87' lang='lat' dir='ltr'><strong>lni-</strong></span> 
     </span>
    </p>
   </div>
   <div class='ocr_carea' id='block_1_31' title="bbox 1948 1529 3526 1609">
    <p class='ocr_par' dir='ltr' id='par_1_31' title="bbox 1948 1529 3526 1609">
     <span class='ocr_line' id='line_1_31' title="bbox 1948 1529 3526 1609; baseline 0.008 -26"><span class='ocrx_word' id='word_1_206' title='bbox 1948 1530 2039 1598; x_wconf 89' lang='lat' dir='ltr'><strong>qui</strong></span> <span class='ocrx_word' id='word_1_207' title='bbox 2068 1529 2213 1583; x_wconf 90' lang='lat' dir='ltr'><strong>enim</strong></span> <span class='ocrx_word' id='word_1_208' title='bbox 2258 1530 2379 1586; x_wconf 87' lang='lat' dir='ltr'><strong>ideo</strong></span> <span class='ocrx_word' id='word_1_209' title='bbox 2406 1547 2526 1587; x_wconf 91' lang='lat' dir='ltr'><strong>cum</strong></span> <span class='ocrx_word' id='word_1_210' title='bbox 2579 1533 2684 1589; x_wconf 87' lang='lat' dir='ltr'><strong>line</strong></span> <span class='ocrx_word' id='word_1_211' title='bbox 2722 1536 3087 1605; x_wconf 85' lang='lat' dir='ltr'><strong>deliquerunt,</strong></span> <span class='ocrx_word' id='word_1_212' title='bbox 3118 1540 3244 1609; x_wconf 88' lang='lat' dir='ltr'><strong>quia</strong></span> <span class='ocrx_word' id='word_1_213' title='bbox 3274 1556 3395 1595; x_wconf 87' lang='lat' dir='ltr'><strong>cum</strong></span> <span class='ocrx_word' id='word_1_214' title='bbox 3420 1542 3526 1597; x_wconf 84' lang='lat' dir='ltr'><strong>line</strong></span> 
     </span>
    </p>
   </div>
   <div class='ocr_carea' id='block_1_32' title="bbox 1948 1623 3522 1699">
    <p class='ocr_par' dir='ltr' id='par_1_32' title="bbox 1948 1623 3522 1699">
     <span class='ocr_line' id='line_1_32' title="bbox 1948 1623 3522 1699; baseline 0.008 -23"><span class='ocrx_word' id='word_1_215' title='bbox 1948 1623 2216 1677; x_wconf 82' lang='lat' dir='ltr'><strong>vixerunt.</strong></span> <span class='ocrx_word' id='word_1_216' title='bbox 2249 1624 2385 1678; x_wconf 87' lang='lat' dir='ltr'><strong>Nam</strong></span> <span class='ocrx_word' id='word_1_217' title='bbox 2427 1625 2724 1683; x_wconf 90' lang='lat' dir='ltr'><strong>voluissent</strong></span> <span class='ocrx_word' id='word_1_218' title='bbox 2758 1629 2944 1699; x_wconf 87' lang='lat' dir='ltr'><strong>utique</strong></span> <span class='ocrx_word' id='word_1_219' title='bbox 2990 1631 3035 1685; x_wconf 88' lang='lat' dir='ltr'><strong>si</strong></span> <span class='ocrx_word' id='word_1_220' title='bbox 3065 1632 3362 1699; x_wconf 88' lang='lat' dir='ltr'><strong>potuissent</strong></span> <span class='ocrx_word' id='word_1_221' title='bbox 3404 1635 3522 1688; x_wconf 90' lang='lat' dir='ltr'><strong>sine</strong></span> 
     </span>
    </p>
   </div>
   <div class='ocr_carea' id='block_1_33' title="bbox 1949 1715 3520 1790">
    <p class='ocr_par' dir='ltr' id='par_1_33' title="bbox 1949 1715 3520 1790">
     <span class='ocr_line' id='line_1_33' title="bbox 1949 1715 3520 1790; baseline 0.005 -22"><span class='ocrx_word' id='word_1_222' title='bbox 1949 1715 2055 1769; x_wconf 82' lang='lat' dir='ltr'><strong>line</strong></span> <span class='ocrx_word' id='word_1_223' title='bbox 2077 1716 2284 1781; x_wconf 83' lang='lat' dir='ltr'><strong>vivere,</strong></span> <span class='ocrx_word' id='word_1_224' title='bbox 2311 1725 2372 1771; x_wconf 91' lang='lat' dir='ltr'><strong>ut</strong></span> <span class='ocrx_word' id='word_1_225' title='bbox 2416 1717 2715 1786; x_wconf 87' lang='lat' dir='ltr'><strong>potuissent</strong></span> <span class='ocrx_word' id='word_1_226' title='bbox 2747 1719 2864 1775; x_wconf 88' lang='lat' dir='ltr'><strong>sine</strong></span> <span class='ocrx_word' id='word_1_227' title='bbox 2900 1720 3009 1776; x_wconf 83' lang='lat' dir='ltr'><strong>line</strong></span> <span class='ocrx_word' id='word_1_228' title='bbox 3046 1736 3290 1790; x_wconf 84' lang='lat' dir='ltr'><strong>peccare.</strong></span> <span class='ocrx_word' id='word_1_229' title='bbox 3324 1722 3520 1778; x_wconf 87' lang='lat' dir='ltr'><strong>Osten-</strong></span> 
     </span>
    </p>
   </div>
   <div class='ocr_carea' id='block_1_34' title="bbox 259 1794 3517 1882">
    <p class='ocr_par' dir='ltr' id='par_1_34' title="bbox 259 1794 3517 1882">
     <span class='ocr_line' id='line_1_34' title="bbox 259 1794 3517 1882; baseline 0.003 -25"><span class='ocrx_word' id='word_1_230' title='bbox 259 1803 316 1857; x_wconf 90' lang='lat' dir='ltr'><strong>in</strong></span> <span class='ocrx_word' id='word_1_231' title='bbox 344 1803 641 1874; x_wconf 84' lang='lat' dir='ltr'><strong>Evangelio</strong></span> <span class='ocrx_word' id='word_1_232' title='bbox 680 1823 694 1857; x_wconf 89' lang='lat'><strong>:</strong></span> <span class='ocrx_word' id='word_1_233' title='bbox 735 1804 927 1859; x_wconf 75' lang='lat' dir='ltr'><strong>Mittite</strong></span> <span class='ocrx_word' id='word_1_234' title='bbox 951 1824 1090 1870; x_wconf 85' lang='lat' dir='ltr'><strong>eum,</strong></span> <span class='ocrx_word' id='word_1_235' title='bbox 1123 1809 1318 1878; x_wconf 87' lang='lat' dir='ltr'><strong>inquit,</strong></span> <span class='ocrx_word' id='word_1_236' title='bbox 1347 1810 1400 1863; x_wconf 80' lang='lat' dir='ltr'><strong>in</strong></span> <span class='ocrx_word' id='word_1_237' title='bbox 1429 1810 1666 1864; x_wconf 82' lang='lat' dir='ltr'><strong>tenebras</strong></span> <span class='ocrx_word' id='word_1_238' title='bbox 1704 1820 1845 1865; x_wconf 70' lang='lat' dir='ltr'><strong>easte-</strong></span> <span class='ocrx_word' id='word_1_239' title='bbox 1874 1794 1921 1853; x_wconf 84' lang='grc' dir='ltr'><strong>Β</strong></span> <span class='ocrx_word' id='word_1_240' title='bbox 1949 1807 2082 1861; x_wconf 87' lang='lat' dir='ltr'><strong>dunt</strong></span> <span class='ocrx_word' id='word_1_241' title='bbox 2141 1806 2282 1860; x_wconf 90' lang='lat' dir='ltr'><strong>enim</strong></span> <span class='ocrx_word' id='word_1_242' title='bbox 2311 1806 2435 1875; x_wconf 88' lang='lat' dir='ltr'><strong>quia</strong></span> <span class='ocrx_word' id='word_1_243' title='bbox 2470 1807 2523 1861; x_wconf 93' lang='lat' dir='ltr'><strong>in</strong></span> <span class='ocrx_word' id='word_1_244' title='bbox 2558 1817 2780 1877; x_wconf 90' lang='lat' dir='ltr'><strong>peccato</strong></span> <span class='ocrx_word' id='word_1_245' title='bbox 2808 1825 3023 1880; x_wconf 89' lang='lat' dir='ltr'><strong>semper</strong></span> <span class='ocrx_word' id='word_1_246' title='bbox 3050 1812 3229 1866; x_wconf 85' lang='lat' dir='ltr'><strong>vivere</strong></span> <span class='ocrx_word' id='word_1_247' title='bbox 3274 1814 3517 1882; x_wconf 84' lang='lat' dir='ltr'><strong>cupiunt,</strong></span> 
     </span>
    </p>
   </div>
   <div class='ocr_carea' id='block_1_35' title="bbox 256 1895 1839 1971">
    <p class='ocr_par' dir='ltr' id='par_1_35' title="bbox 256 1895 1839 1971">
     <span class='ocr_line' id='line_1_35' title="bbox 256 1895 1839 1971; baseline 0.007 -26"><span class='ocrx_word' id='word_1_248' title='bbox 256 1895 431 1949; x_wconf 70' lang='lat' dir='ltr'><strong>tiores</strong></span> <span class='ocrx_word' id='word_1_249' title='bbox 456 1909 477 1947; x_wconf 91' lang='lat'><em>:</em></span> <span class='ocrx_word' id='word_1_250' title='bbox 500 1896 571 1948; x_wconf 79' lang='lat' dir='ltr'><strong>ibi</strong></span> <span class='ocrx_word' id='word_1_251' title='bbox 592 1897 687 1948; x_wconf 88' lang='lat' dir='ltr'><strong>erit</strong></span> <span class='ocrx_word' id='word_1_252' title='bbox 713 1897 869 1965; x_wconf 80' lang='lat' dir='ltr'><strong>ﬂetus</strong></span> <span class='ocrx_word' id='word_1_253' title='bbox 902 1908 949 1951; x_wconf 90' lang='lat' dir='ltr'><strong>et</strong></span> <span class='ocrx_word' id='word_1_254' title='bbox 970 1899 1168 1952; x_wconf 85' lang='lat' dir='ltr'><strong>stridor</strong></span> <span class='ocrx_word' id='word_1_255' title='bbox 1200 1902 1434 1955; x_wconf 81' lang='lat' dir='ltr'><strong>dentium</strong></span> <span class='ocrx_word' id='word_1_256' title='bbox 1463 1900 1678 1971; x_wconf 76' lang='lat' dir='ltr'><strong>(Matth.</strong></span> <span class='ocrx_word' id='word_1_257' title='bbox 1707 1918 1839 1967; x_wconf 78' lang='lat' dir='ltr'><strong>xm,</strong></span> 
     </span>
    </p>
   </div>
   <div class='ocr_carea' id='block_1_36' title="bbox 254 1985 1846 2059">
    <p class='ocr_par' dir='ltr' id='par_1_36' title="bbox 254 1985 1846 2059">
     <span class='ocr_line' id='line_1_36' title="bbox 254 1985 1846 2059; baseline 0.004 -19"><span class='ocrx_word' id='word_1_258' title='bbox 254 1987 373 2054; x_wconf 77' lang='grc'><strong>15).</strong></span> <span class='ocrx_word' id='word_1_259' title='bbox 392 1987 531 2040; x_wconf 76' lang='lat' dir='ltr'><strong>Item</strong></span> <span class='ocrx_word' id='word_1_260' title='bbox 562 2005 576 2040; x_wconf 90' lang='lat'><strong>:</strong></span> <span class='ocrx_word' id='word_1_261' title='bbox 609 1985 753 2041; x_wconf 87' lang='lat' dir='ltr'><strong>Sicut</strong></span> <span class='ocrx_word' id='word_1_262' title='bbox 780 2005 902 2059; x_wconf 88' lang='lat' dir='ltr'><strong>ergo</strong></span> <span class='ocrx_word' id='word_1_263' title='bbox 925 1988 1241 2058; x_wconf 83' lang='lat' dir='ltr'><strong>colliguntur</strong></span> <span class='ocrx_word' id='word_1_264' title='bbox 1272 1993 1479 2045; x_wconf 74' lang='lat' dir='ltr'><strong>zizauia</strong></span> <span class='ocrx_word' id='word_1_265' title='bbox 1505 2003 1551 2046; x_wconf 84' lang='lat' dir='ltr'><strong>et</strong></span> <span class='ocrx_word' id='word_1_266' title='bbox 1581 1993 1689 2059; x_wconf 84' lang='lat' dir='ltr'><strong>igni</strong></span> <span class='ocrx_word' id='word_1_267' title='bbox 1712 2009 1846 2046; x_wconf 82' lang='lat' dir='ltr'><strong>cont-</strong></span> 
     </span>
    </p>
   </div>
   <div class='ocr_carea' id='block_1_37' title="bbox 251 2076 1845 2145">
    <p class='ocr_par' dir='ltr' id='par_1_37' title="bbox 251 2076 1845 2145">
     <span class='ocr_line' id='line_1_37' title="bbox 251 2076 1845 2145; baseline 0.004 -14"><span class='ocrx_word' id='word_1_268' title='bbox 251 2076 546 2141; x_wconf 69' lang='lat' dir='ltr'><strong>buruntur,</strong></span> <span class='ocrx_word' id='word_1_269' title='bbox 586 2078 661 2132; x_wconf 84' lang='lat' dir='ltr'><strong>sic</strong></span> <span class='ocrx_word' id='word_1_270' title='bbox 701 2079 801 2131; x_wconf 88' lang='lat' dir='ltr'><strong>erit</strong></span> <span class='ocrx_word' id='word_1_271' title='bbox 862 2080 916 2133; x_wconf 89' lang='lat' dir='ltr'><strong>in</strong></span> <span class='ocrx_word' id='word_1_272' title='bbox 962 2084 1408 2136; x_wconf 85' lang='lat' dir='ltr'><strong>consummatione</strong></span> <span class='ocrx_word' id='word_1_273' title='bbox 1445 2084 1644 2145; x_wconf 64' lang='lat' dir='ltr'><strong>seaculi.</strong></span> <span class='ocrx_word' id='word_1_274' title='bbox 1676 2082 1845 2138; x_wconf 79' lang='lat' dir='ltr'><strong>Mittet</strong></span> 
     </span>
    </p>
   </div>
   <div class='ocr_carea' id='block_1_38' title="bbox 250 2168 1844 2245">
    <p class='ocr_par' dir='ltr' id='par_1_38' title="bbox 250 2168 1844 2245">
     <span class='ocr_line' id='line_1_38' title="bbox 250 2168 1844 2245; baseline 0.007 -26"><span class='ocrx_word' id='word_1_275' title='bbox 250 2168 402 2236; x_wconf 71' lang='lat' dir='ltr'><strong>ﬁlius</strong></span> <span class='ocrx_word' id='word_1_276' title='bbox 424 2169 651 2223; x_wconf 72' lang='lat' dir='ltr'><strong>hominis</strong></span> <span class='ocrx_word' id='word_1_277' title='bbox 691 2170 905 2241; x_wconf 84' lang='lat' dir='ltr'><strong>angelos</strong></span> <span class='ocrx_word' id='word_1_278' title='bbox 950 2189 1095 2238; x_wconf 89' lang='lat' dir='ltr'><strong>suos,</strong></span> <span class='ocrx_word' id='word_1_279' title='bbox 1127 2184 1174 2227; x_wconf 90' lang='lat' dir='ltr'><strong>et</strong></span> <span class='ocrx_word' id='word_1_280' title='bbox 1198 2172 1440 2244; x_wconf 83' lang='lat' dir='ltr'><strong>eolligent</strong></span> <span class='ocrx_word' id='word_1_281' title='bbox 1460 2175 1525 2228; x_wconf 81' lang='lat' dir='ltr'><strong>de</strong></span> <span class='ocrx_word' id='word_1_282' title='bbox 1548 2191 1703 2244; x_wconf 85' lang='lat' dir='ltr'><strong>regno</strong></span> <span class='ocrx_word' id='word_1_283' title='bbox 1726 2175 1844 2245; x_wconf 78' lang='lat' dir='ltr'><strong>ejus</strong></span> 
     </span>
    </p>
   </div>
   <div class='ocr_carea' id='block_1_39' title="bbox 252 2257 1842 2334">
    <p class='ocr_par' dir='ltr' id='par_1_39' title="bbox 252 2257 1842 2334">
     <span class='ocr_line' id='line_1_39' title="bbox 252 2257 1842 2334; baseline 0.004 -23"><span class='ocrx_word' id='word_1_284' title='bbox 252 2257 444 2311; x_wconf 67' lang='lat' dir='ltr'><strong>Minio</strong></span> <span class='ocrx_word' id='word_1_285' title='bbox 501 2258 776 2323; x_wconf 78' lang='lat' dir='ltr'><strong>scandala,</strong></span> <span class='ocrx_word' id='word_1_286' title='bbox 806 2270 858 2314; x_wconf 84' lang='lat' dir='ltr'><strong>et</strong></span> <span class='ocrx_word' id='word_1_287' title='bbox 896 2277 983 2315; x_wconf 88' lang='lat' dir='ltr'><strong>eos</strong></span> <span class='ocrx_word' id='word_1_288' title='bbox 1031 2261 1122 2331; x_wconf 80' lang='lat' dir='ltr'><strong>qui</strong></span> <span class='ocrx_word' id='word_1_289' title='bbox 1168 2261 1367 2331; x_wconf 79' lang='lat' dir='ltr'><strong>faciunt</strong></span> <span class='ocrx_word' id='word_1_290' title='bbox 1418 2264 1764 2334; x_wconf 81' lang='lat' dir='ltr'><strong>iniquitatem,</strong></span> <span class='ocrx_word' id='word_1_291' title='bbox 1793 2273 1842 2318; x_wconf 89' lang='lat' dir='ltr'><strong>et</strong></span> 
     </span>
    </p>
   </div>
   <div class='ocr_carea' id='block_1_40' title="bbox 248 2348 1844 2423">
    <p class='ocr_par' dir='ltr' id='par_1_40' title="bbox 248 2348 1844 2423">
     <span class='ocr_line' id='line_1_40' title="bbox 248 2348 1844 2423; baseline 0.006 -25"><span class='ocrx_word' id='word_1_292' title='bbox 248 2348 470 2400; x_wconf 74' lang='lat' dir='ltr'><strong>mittent</strong></span> <span class='ocrx_word' id='word_1_293' title='bbox 497 2363 585 2401; x_wconf 80' lang='lat' dir='ltr'><strong>eos</strong></span> <span class='ocrx_word' id='word_1_294' title='bbox 619 2348 675 2402; x_wconf 89' lang='lat' dir='ltr'><strong>in</strong></span> <span class='ocrx_word' id='word_1_295' title='bbox 703 2350 965 2404; x_wconf 82' lang='lat' dir='ltr'><strong>caminum</strong></span> <span class='ocrx_word' id='word_1_296' title='bbox 982 2351 1119 2422; x_wconf 88' lang='lat' dir='ltr'><strong>ignis</strong></span> <span class='ocrx_word' id='word_1_297' title='bbox 1148 2368 1166 2406; x_wconf 88' lang='lat'><strong><em>:</em></strong></span> <span class='ocrx_word' id='word_1_298' title='bbox 1190 2351 1261 2406; x_wconf 88' lang='lat' dir='ltr'><strong>ibi</strong></span> <span class='ocrx_word' id='word_1_299' title='bbox 1281 2353 1379 2406; x_wconf 88' lang='lat' dir='ltr'><strong>erit</strong></span> <span class='ocrx_word' id='word_1_300' title='bbox 1401 2350 1554 2423; x_wconf 78' lang='lat' dir='ltr'><strong>ﬂetus</strong></span> <span class='ocrx_word' id='word_1_301' title='bbox 1572 2362 1622 2408; x_wconf 90' lang='lat' dir='ltr'><strong>et</strong></span> <span class='ocrx_word' id='word_1_302' title='bbox 1648 2353 1844 2408; x_wconf 79' lang='lat' dir='ltr'><strong>stridor</strong></span> 
     </span>
    </p>
   </div>
   <div class='ocr_carea' id='block_1_41' title="bbox 246 2436 523 2506">
    <p class='ocr_par' dir='ltr' id='par_1_41' title="bbox 246 2436 523 2506">
     <span class='ocr_line' id='line_1_41' title="bbox 246 2436 523 2506; baseline 0.011 -19"><span class='ocrx_word' id='word_1_303' title='bbox 246 2436 523 2506; x_wconf 66' lang='lat' dir='ltr'><strong>dentiant.</strong></span> 
     </span>
    </p>
   </div>
   <div class='ocr_carea' id='block_1_42' title="bbox 326 2526 1843 2602">
    <p class='ocr_par' dir='ltr' id='par_1_42' title="bbox 326 2526 1843 2602">
     <span class='ocr_line' id='line_1_42' title="bbox 326 2526 1843 2602; baseline 0.005 -20"><span class='ocrx_word' id='word_1_304' title='bbox 326 2526 624 2599; x_wconf 76' lang='lat' dir='ltr'><strong>Gregorius</strong></span> <span class='ocrx_word' id='word_1_305' title='bbox 652 2543 679 2571; x_wconf 79' lang='grc' dir='ltr'><strong>ι</strong></span> <span class='ocrx_word' id='word_1_306' title='bbox 712 2548 727 2583; x_wconf 87' lang='lat'>:</span> <span class='ocrx_word' id='word_1_307' title='bbox 765 2549 785 2581; x_wconf 81' lang='grc' dir='ltr'><strong>ι</strong></span> <span class='ocrx_word' id='word_1_308' title='bbox 818 2527 1219 2601; x_wconf 86' lang='lat' dir='ltr'><strong>Omnipotentis</strong></span> <span class='ocrx_word' id='word_1_309' title='bbox 1271 2533 1367 2589; x_wconf 92' lang='lat' dir='ltr'><strong>Dei</strong></span> <span class='ocrx_word' id='word_1_310' title='bbox 1411 2531 1647 2602; x_wconf 75' lang='lat' dir='ltr'><strong>iustitia,</strong></span> <span class='ocrx_word' id='word_1_311' title='bbox 1698 2533 1843 2589; x_wconf 58' lang='lat' dir='ltr'><strong>futuc</strong></span> 
     </span>
    </p>
   </div>
   <div class='ocr_carea' id='block_1_43' title="bbox 248 2619 1842 2693">
    <p class='ocr_par' dir='ltr' id='par_1_43' title="bbox 248 2619 1842 2693">
     <span class='ocr_line' id='line_1_43' title="bbox 248 2619 1842 2693; baseline 0.006 -24"><span class='ocrx_word' id='word_1_312' title='bbox 248 2632 450 2670; x_wconf 74' lang='lat' dir='ltr'><strong>rerum</strong></span> <span class='ocrx_word' id='word_1_313' title='bbox 499 2619 739 2687; x_wconf 64' lang='lat' dir='ltr'><strong>praescia,</strong></span> <span class='ocrx_word' id='word_1_314' title='bbox 803 2619 872 2673; x_wconf 90' lang='lat' dir='ltr'><strong>ab</strong></span> <span class='ocrx_word' id='word_1_315' title='bbox 921 2621 1037 2690; x_wconf 91' lang='lat' dir='ltr'><strong>ipsa</strong></span> <span class='ocrx_word' id='word_1_316' title='bbox 1091 2622 1275 2676; x_wconf 88' lang='lat' dir='ltr'><strong>mundi</strong></span> <span class='ocrx_word' id='word_1_317' title='bbox 1329 2623 1539 2693; x_wconf 75' lang='lat' dir='ltr'><strong>origine</strong></span> <span class='ocrx_word' id='word_1_318' title='bbox 1581 2624 1842 2693; x_wconf 63' lang='lat' dir='ltr'><strong>gehennae</strong></span> 
     </span>
    </p>
   </div>
   <div class='ocr_carea' id='block_1_44' title="bbox 247 2706 1839 2781">
    <p class='ocr_par' dir='ltr' id='par_1_44' title="bbox 247 2706 1839 2781">
     <span class='ocr_line' id='line_1_44' title="bbox 247 2706 1839 2781; baseline 0.004 -21"><span class='ocrx_word' id='word_1_319' title='bbox 247 2706 447 2777; x_wconf 80' lang='lat' dir='ltr'><strong>ignem</strong></span> <span class='ocrx_word' id='word_1_320' title='bbox 481 2709 699 2773; x_wconf 84' lang='lat' dir='ltr'><strong>creavit,</strong></span> <span class='ocrx_word' id='word_1_321' title='bbox 729 2710 820 2778; x_wconf 89' lang='lat' dir='ltr'><strong>qui</strong></span> <span class='ocrx_word' id='word_1_322' title='bbox 855 2710 908 2763; x_wconf 92' lang='lat' dir='ltr'><strong>in</strong></span> <span class='ocrx_word' id='word_1_323' title='bbox 939 2726 1100 2781; x_wconf 84' lang='lat' dir='ltr'><strong>poena</strong></span> <span class='ocrx_word' id='word_1_324' title='bbox 1130 2712 1485 2781; x_wconf 89' lang='lat' dir='ltr'><strong>reproborum</strong></span> <span class='ocrx_word' id='word_1_325' title='bbox 1520 2726 1641 2767; x_wconf 88' lang='lat' dir='ltr'><strong>esse</strong></span> <span class='ocrx_word' id='word_1_326' title='bbox 1672 2712 1839 2767; x_wconf 87' lang='lat' dir='ltr'><strong>semel</strong></span> 
     </span>
    </p>
   </div>
   <div class='ocr_carea' id='block_1_45' title="bbox 246 2796 1840 2872">
    <p class='ocr_par' dir='ltr' id='par_1_45' title="bbox 246 2796 1840 2872">
     <span class='ocr_line' id='line_1_45' title="bbox 246 2796 1840 2872; baseline 0.004 -22"><span class='ocrx_word' id='word_1_327' title='bbox 246 2796 553 2866; x_wconf 85' lang='lat' dir='ltr'><strong>inciperet,</strong></span> <span class='ocrx_word' id='word_1_328' title='bbox 578 2798 671 2853; x_wconf 86' lang='lat' dir='ltr'><strong>sed</strong></span> <span class='ocrx_word' id='word_1_329' title='bbox 708 2799 959 2855; x_wconf 88' lang='lat' dir='ltr'><strong>ardorem</strong></span> <span class='ocrx_word' id='word_1_330' title='bbox 990 2815 1146 2855; x_wconf 89' lang='lat' dir='ltr'><strong>suum</strong></span> <span class='ocrx_word' id='word_1_331' title='bbox 1172 2800 1339 2856; x_wconf 88' lang='lat' dir='ltr'><strong>etiam</strong></span> <span class='ocrx_word' id='word_1_332' title='bbox 1368 2801 1485 2856; x_wconf 90' lang='lat' dir='ltr'><strong>sine</strong></span> <span class='ocrx_word' id='word_1_333' title='bbox 1511 2800 1670 2872; x_wconf 89' lang='lat' dir='ltr'><strong>lignis</strong></span> <span class='ocrx_word' id='word_1_334' title='bbox 1699 2818 1840 2857; x_wconf 91' lang='lat' dir='ltr'><strong>nun-</strong></span> 
     </span>
    </p>
   </div>
   <div class='ocr_carea' id='block_1_46' title="bbox 243 2888 1838 2964">
    <p class='ocr_par' dir='ltr' id='par_1_46' title="bbox 243 2888 1838 2964">
     <span class='ocr_line' id='line_1_46' title="bbox 243 2888 1838 2964; baseline 0.004 -23"><span class='ocrx_word' id='word_1_335' title='bbox 243 2903 427 2959; x_wconf 84' lang='lat' dir='ltr'><strong>quam</strong></span> <span class='ocrx_word' id='word_1_336' title='bbox 485 2888 681 2945; x_wconf 82' lang='lat' dir='ltr'><strong>ﬁniret.</strong></span> <span class='ocrx_word' id='word_1_337' title='bbox 722 2889 1011 2947; x_wconf 88' lang='lat' dir='ltr'><strong>Sciendum</strong></span> <span class='ocrx_word' id='word_1_338' title='bbox 1063 2902 1147 2948; x_wconf 91' lang='lat' dir='ltr'><strong>est</strong></span> <span class='ocrx_word' id='word_1_339' title='bbox 1193 2893 1338 2962; x_wconf 91' lang='lat' dir='ltr'><strong>quod</strong></span> <span class='ocrx_word' id='word_1_340' title='bbox 1379 2906 1568 2949; x_wconf 89' lang='lat' dir='ltr'><strong>omnes</strong></span> <span class='ocrx_word' id='word_1_341' title='bbox 1601 2892 1838 2964; x_wconf 89' lang='lat' dir='ltr'><strong>reprobi,</strong></span> 
     </span>
    </p>
   </div>
   <div class='ocr_carea' id='block_1_47' title="bbox 242 2982 1842 3054">
    <p class='ocr_par' dir='ltr' id='par_1_47' title="bbox 242 2982 1842 3054">
     <span class='ocr_line' id='line_1_47' title="bbox 242 2982 1842 3054; baseline 0.003 -20"><span class='ocrx_word' id='word_1_342' title='bbox 242 2997 385 3051; x_wconf 78' lang='lat' dir='ltr'><strong>quia</strong></span> <span class='ocrx_word' id='word_1_343' title='bbox 412 2996 483 3036; x_wconf 75' lang='lat' dir='ltr'><strong>ex</strong></span> <span class='ocrx_word' id='word_1_344' title='bbox 504 2982 681 3037; x_wconf 82' lang='lat' dir='ltr'><strong>anime</strong></span> <span class='ocrx_word' id='word_1_345' title='bbox 706 2983 941 3039; x_wconf 88' lang='lat' dir='ltr'><strong>simulet</strong></span> <span class='ocrx_word' id='word_1_346' title='bbox 966 2998 1128 3039; x_wconf 89' lang='lat' dir='ltr'><strong>carne</strong></span> <span class='ocrx_word' id='word_1_347' title='bbox 1149 2993 1530 3054; x_wconf 88' lang='lat' dir='ltr'><strong>peccaverunt,</strong></span> <span class='ocrx_word' id='word_1_348' title='bbox 1559 2984 1615 3038; x_wconf 92' lang='lat' dir='ltr'><strong>in</strong></span> <span class='ocrx_word' id='word_1_349' title='bbox 1638 2992 1842 3040; x_wconf 66' lang='lat' dir='ltr'><strong>aeterno</strong></span> 
     </span>
    </p>
   </div>
   <div class='ocr_carea' id='block_1_48' title="bbox 246 3069 1836 3143">
    <p class='ocr_par' dir='ltr' id='par_1_48' title="bbox 246 3069 1836 3143">
     <span class='ocr_line' id='line_1_48' title="bbox 246 3069 1836 3143; baseline 0.001 -18"><span class='ocrx_word' id='word_1_350' title='bbox 246 3069 524 3141; x_wconf 81' lang='lat' dir='ltr'><strong>supplicio</strong></span> <span class='ocrx_word' id='word_1_351' title='bbox 576 3070 629 3125; x_wconf 90' lang='lat' dir='ltr'><strong>in</strong></span> <span class='ocrx_word' id='word_1_352' title='bbox 673 3072 854 3126; x_wconf 87' lang='lat' dir='ltr'><strong>anima</strong></span> <span class='ocrx_word' id='word_1_353' title='bbox 888 3072 1094 3143; x_wconf 90' lang='lat' dir='ltr'><strong>pariter</strong></span> <span class='ocrx_word' id='word_1_354' title='bbox 1135 3081 1192 3127; x_wconf 91' lang='lat' dir='ltr'><strong>et</strong></span> <span class='ocrx_word' id='word_1_355' title='bbox 1229 3088 1394 3128; x_wconf 90' lang='lat' dir='ltr'><strong>carne</strong></span> <span class='ocrx_word' id='word_1_356' title='bbox 1428 3073 1836 3128; x_wconf 88' lang='lat' dir='ltr'><strong>eruciabuntur.</strong></span> 
     </span>
    </p>
   </div>
   <div class='ocr_carea' id='block_1_49' title="bbox 1949 1895 3523 1967">
    <p class='ocr_par' dir='ltr' id='par_1_49' title="bbox 1949 1895 3523 1967">
     <span class='ocr_line' id='line_1_49' title="bbox 1949 1895 3523 1967; baseline 0.008 -22"><span class='ocrx_word' id='word_1_357' title='bbox 1949 1895 2039 1962; x_wconf 92' lang='lat' dir='ltr'><strong>qui</strong></span> <span class='ocrx_word' id='word_1_358' title='bbox 2066 1909 2340 1963; x_wconf 74' lang='lat' dir='ltr'><strong>mntquam</strong></span> <span class='ocrx_word' id='word_1_359' title='bbox 2369 1895 2623 1951; x_wconf 88' lang='lat' dir='ltr'><strong>desinunt</strong></span> <span class='ocrx_word' id='word_1_360' title='bbox 2661 1913 2888 1967; x_wconf 89' lang='lat' dir='ltr'><strong>peccare</strong></span> <span class='ocrx_word' id='word_1_361' title='bbox 2911 1900 3037 1954; x_wconf 92' lang='lat' dir='ltr'><strong>dum</strong></span> <span class='ocrx_word' id='word_1_362' title='bbox 3065 1902 3269 1956; x_wconf 82' lang='lat' dir='ltr'><strong>vivunt.</strong></span> <span class='ocrx_word' id='word_1_363' title='bbox 3294 1901 3377 1957; x_wconf 83' lang='lat' dir='ltr'><strong>Ad</strong></span> <span class='ocrx_word' id='word_1_364' title='bbox 3405 1919 3523 1958; x_wconf 79' lang='lat' dir='ltr'><strong>ma-</strong></span> 
     </span>
    </p>
   </div>
   <div class='ocr_carea' id='block_1_50' title="bbox 1944 1985 3519 2061">
    <p class='ocr_par' dir='ltr' id='par_1_50' title="bbox 1944 1985 3519 2061">
     <span class='ocr_line' id='line_1_50' title="bbox 1944 1985 3519 2061; baseline 0.007 -24"><span class='ocrx_word' id='word_1_365' title='bbox 1944 1999 2105 2055; x_wconf 87' lang='lat' dir='ltr'><strong>gnam</strong></span> <span class='ocrx_word' id='word_1_366' title='bbox 2159 2000 2287 2055; x_wconf 84' lang='lat' dir='ltr'><strong>ergo</strong></span> <span class='ocrx_word' id='word_1_367' title='bbox 2325 1985 2595 2057; x_wconf 88' lang='lat' dir='ltr'><strong>justitiam</strong></span> <span class='ocrx_word' id='word_1_368' title='bbox 2635 1989 2959 2046; x_wconf 88' lang='lat' dir='ltr'><strong>vindicantis</strong></span> <span class='ocrx_word' id='word_1_369' title='bbox 2994 1992 3254 2061; x_wconf 89' lang='lat' dir='ltr'><strong>pertinet,</strong></span> <span class='ocrx_word' id='word_1_370' title='bbox 3284 2002 3343 2047; x_wconf 89' lang='lat' dir='ltr'><strong>nt</strong></span> <span class='ocrx_word' id='word_1_371' title='bbox 3379 2010 3519 2048; x_wconf 86' lang='lat' dir='ltr'><strong>nun-</strong></span> 
     </span>
    </p>
   </div>
   <div class='ocr_carea' id='block_1_51' title="bbox 1944 2062 3518 2152">
    <p class='ocr_par' dir='ltr' id='par_1_51' title="bbox 1944 2062 3518 2152">
     <span class='ocr_line' id='line_1_51' title="bbox 1944 2062 3518 2152; baseline 0.008 -27"><span class='ocrx_word' id='word_1_372' title='bbox 1944 2089 2107 2143; x_wconf 82' lang='lat' dir='ltr'><strong>quam</strong></span> <span class='ocrx_word' id='word_1_373' title='bbox 2156 2084 2376 2131; x_wconf 88' lang='lat' dir='ltr'><strong>careant</strong></span> <span class='ocrx_word' id='word_1_374' title='bbox 2402 2076 2688 2147; x_wconf 88' lang='lat' dir='ltr'><strong>supplicio,</strong></span> <span class='ocrx_word' id='word_1_375' title='bbox 2726 2062 2817 2149; x_wconf 77' lang='lat' dir='ltr'><strong>qui</strong></span> <span class='ocrx_word' id='word_1_376' title='bbox 2848 2078 2906 2134; x_wconf 88' lang='lat' dir='ltr'><strong>in</strong></span> <span class='ocrx_word' id='word_1_377' title='bbox 2952 2081 3055 2135; x_wconf 86' lang='lat' dir='ltr'><strong>hac</strong></span> <span class='ocrx_word' id='word_1_378' title='bbox 3081 2081 3194 2137; x_wconf 88' lang='lat' dir='ltr'><strong>vita</strong></span> <span class='ocrx_word' id='word_1_379' title='bbox 3242 2098 3518 2152; x_wconf 79' lang='lat' dir='ltr'><strong>nunquam</strong></span> 
     </span>
    </p>
   </div>
   <div class='ocr_carea' id='block_1_52' title="bbox 1943 2163 2762 2237">
    <p class='ocr_par' dir='ltr' id='par_1_52' title="bbox 1943 2163 2762 2237">
     <span class='ocr_line' id='line_1_52' title="bbox 1943 2163 2762 2237; baseline 0.006 -20"><span class='ocrx_word' id='word_1_380' title='bbox 1943 2163 2231 2219; x_wconf 85' lang='lat' dir='ltr'><strong>voluerunt</strong></span> <span class='ocrx_word' id='word_1_381' title='bbox 2256 2180 2442 2220; x_wconf 89' lang='lat' dir='ltr'><strong>carere</strong></span> <span class='ocrx_word' id='word_1_382' title='bbox 2463 2176 2706 2237; x_wconf 88' lang='lat' dir='ltr'><strong>peccato.</strong></span> <span class='ocrx_word' id='word_1_383' title='bbox 2743 2188 2762 2222; x_wconf 80' lang='grc' dir='ltr'><strong>ι</strong></span> 
     </span>
    </p>
   </div>
   <div class='ocr_carea' id='block_1_53' title="bbox 2013 2252 3517 2331">
    <p class='ocr_par' dir='ltr' id='par_1_53' title="bbox 2013 2252 3517 2331">
     <span class='ocr_line' id='line_1_53' title="bbox 2013 2252 3517 2331; baseline 0.009 -21"><span class='ocrx_word' id='word_1_384' title='bbox 2013 2252 2248 2326; x_wconf 89' lang='lat' dir='ltr'><strong>Prosper</strong></span> <span class='ocrx_word' id='word_1_385' title='bbox 2279 2268 2300 2297; x_wconf 74' lang='grc' dir='ltr'>ε</span> <span class='ocrx_word' id='word_1_386' title='bbox 2331 2275 2344 2311; x_wconf 93' lang='lat'>:</span> <span class='ocrx_word' id='word_1_387' title='bbox 2375 2277 2394 2310; x_wconf 78' lang='grc' dir='ltr'><strong>ι</strong></span> <span class='ocrx_word' id='word_1_388' title='bbox 2428 2258 2643 2324; x_wconf 87' lang='lat' dir='ltr'><strong>Fletus,</strong></span> <span class='ocrx_word' id='word_1_389' title='bbox 2694 2261 2887 2331; x_wconf 89' lang='lat' dir='ltr'><strong>inquit,</strong></span> <span class='ocrx_word' id='word_1_390' title='bbox 2926 2272 2983 2318; x_wconf 92' lang='lat' dir='ltr'><strong>et</strong></span> <span class='ocrx_word' id='word_1_391' title='bbox 3036 2266 3239 2321; x_wconf 85' lang='lat' dir='ltr'><strong>stridor</strong></span> <span class='ocrx_word' id='word_1_392' title='bbox 3276 2266 3517 2323; x_wconf 89' lang='lat' dir='ltr'><strong>dentium</strong></span> 
     </span>
    </p>
   </div>
   <div class='ocr_carea' id='block_1_54' title="bbox 1943 2348 3514 2426">
    <p class='ocr_par' dir='ltr' id='par_1_54' title="bbox 1943 2348 3514 2426">
     <span class='ocr_line' id='line_1_54' title="bbox 1943 2348 3514 2426; baseline 0.006 -24"><span class='ocrx_word' id='word_1_393' title='bbox 1943 2348 2241 2404; x_wconf 86' lang='lat' dir='ltr'><strong>acerrimos</strong></span> <span class='ocrx_word' id='word_1_394' title='bbox 2280 2363 2467 2404; x_wconf 92' lang='lat' dir='ltr'><strong>eorum</strong></span> <span class='ocrx_word' id='word_1_395' title='bbox 2504 2350 2717 2406; x_wconf 86' lang='lat' dir='ltr'><strong>dolores</strong></span> <span class='ocrx_word' id='word_1_396' title='bbox 2758 2353 3050 2409; x_wconf 89' lang='lat' dir='ltr'><strong>ostendunt</strong></span> <span class='ocrx_word' id='word_1_397' title='bbox 3096 2356 3215 2425; x_wconf 89' lang='lat' dir='ltr'><strong>qui,</strong></span> <span class='ocrx_word' id='word_1_398' title='bbox 3248 2357 3514 2426; x_wconf 70' lang='lat' dir='ltr'><strong>supplicio</strong></span> 
     </span>
    </p>
   </div>
   <div class='ocr_carea' id='block_1_55' title="bbox 1940 2439 3517 2505">
    <p class='ocr_par' dir='ltr' id='par_1_55' title="bbox 1940 2439 3517 2505">
     <span class='ocr_line' id='line_1_55' title="bbox 1940 2439 3517 2505; baseline 0.007 -14"><span class='ocrx_word' id='word_1_399' title='bbox 1940 2446 2156 2492; x_wconf 61' lang='lat' dir='ltr'><strong>aeterna:</strong></span> <span class='ocrx_word' id='word_1_400' title='bbox 2191 2439 2383 2493; x_wconf 87' lang='lat' dir='ltr'><strong>mortis</strong></span> <span class='ocrx_word' id='word_1_401' title='bbox 2402 2439 2625 2505; x_wconf 89' lang='lat' dir='ltr'><strong>addicti,</strong></span> <span class='ocrx_word' id='word_1_402' title='bbox 2662 2458 2768 2496; x_wconf 91' lang='lat' dir='ltr'><strong>non</strong></span> <span class='ocrx_word' id='word_1_403' title='bbox 2797 2443 3011 2499; x_wconf 88' lang='lat' dir='ltr'><strong>videndi</strong></span> <span class='ocrx_word' id='word_1_404' title='bbox 3037 2461 3254 2501; x_wconf 88' lang='lat' dir='ltr'><strong>sensum</strong></span> <span class='ocrx_word' id='word_1_405' title='bbox 3280 2446 3517 2502; x_wconf 87' lang='lat' dir='ltr'><strong>habituri</strong></span> 
     </span>
    </p>
   </div>
   <div class='ocr_carea' id='block_1_56' title="bbox 1943 2528 3516 2607">
    <p class='ocr_par' dir='ltr' id='par_1_56' title="bbox 1943 2528 3516 2607">
     <span class='ocr_line' id='line_1_56' title="bbox 1943 2528 3516 2607; baseline 0.006 -24"><span class='ocrx_word' id='word_1_406' title='bbox 1943 2535 2091 2593; x_wconf 90' lang='lat' dir='ltr'><strong>sunt,</strong></span> <span class='ocrx_word' id='word_1_407' title='bbox 2126 2528 2221 2583; x_wconf 89' lang='lat' dir='ltr'><strong>sed</strong></span> <span class='ocrx_word' id='word_1_408' title='bbox 2250 2529 2485 2585; x_wconf 88' lang='lat' dir='ltr'><strong>dolendi.</strong></span> <span class='ocrx_word' id='word_1_409' title='bbox 2511 2531 2751 2597; x_wconf 81' lang='lat' dir='ltr'><strong>Quorum</strong></span> <span class='ocrx_word' id='word_1_410' title='bbox 2784 2534 3074 2590; x_wconf 89' lang='lat' dir='ltr'><strong>continuus</strong></span> <span class='ocrx_word' id='word_1_411' title='bbox 3104 2538 3358 2607; x_wconf 89' lang='lat' dir='ltr'><strong>gemitus,</strong></span> <span class='ocrx_word' id='word_1_412' title='bbox 3385 2553 3516 2592; x_wconf 89' lang='lat' dir='ltr'><strong>cru-</strong></span> 
     </span>
    </p>
   </div>
   <div class='ocr_carea' id='block_1_57' title="bbox 1941 2618 3520 2694">
    <p class='ocr_par' dir='ltr' id='par_1_57' title="bbox 1941 2618 3520 2694">
     <span class='ocr_line' id='line_1_57' title="bbox 1941 2618 3520 2694; baseline 0.006 -21"><span class='ocrx_word' id='word_1_413' title='bbox 1941 2618 2115 2673; x_wconf 91' lang='lat' dir='ltr'><strong>ciatus</strong></span> <span class='ocrx_word' id='word_1_414' title='bbox 2146 2626 2401 2685; x_wconf 63' lang='lat' dir='ltr'><strong>aeternus,</strong></span> <span class='ocrx_word' id='word_1_415' title='bbox 2441 2619 2597 2675; x_wconf 88' lang='lat' dir='ltr'><strong>dolor</strong></span> <span class='ocrx_word' id='word_1_416' title='bbox 2634 2636 2896 2686; x_wconf 88' lang='lat' dir='ltr'><strong>summus,</strong></span> <span class='ocrx_word' id='word_1_417' title='bbox 2925 2625 3155 2694; x_wconf 77' lang='lat' dir='ltr'><strong>ptenalis</strong></span> <span class='ocrx_word' id='word_1_418' title='bbox 3188 2642 3380 2682; x_wconf 84' lang='lat' dir='ltr'><strong>sensus</strong></span> <span class='ocrx_word' id='word_1_419' title='bbox 3409 2637 3520 2683; x_wconf 90' lang='lat' dir='ltr'><strong>tor-</strong></span> 
     </span>
    </p>
   </div>
   <div class='ocr_carea' id='block_1_58' title="bbox 1941 2708 3529 2783">
    <p class='ocr_par' dir='ltr' id='par_1_58' title="bbox 1941 2708 3529 2783">
     <span class='ocr_line' id='line_1_58' title="bbox 1941 2708 3529 2783; baseline 0.004 -20"><span class='ocrx_word' id='word_1_420' title='bbox 1941 2716 2110 2779; x_wconf 88' lang='lat' dir='ltr'><strong>quent</strong></span> <span class='ocrx_word' id='word_1_421' title='bbox 2137 2708 2368 2774; x_wconf 89' lang='lat' dir='ltr'><strong>animos,</strong></span> <span class='ocrx_word' id='word_1_422' title='bbox 2392 2724 2492 2764; x_wconf 92' lang='lat' dir='ltr'><strong>nec</strong></span> <span class='ocrx_word' id='word_1_423' title='bbox 2512 2717 2852 2778; x_wconf 77' lang='lat' dir='ltr'><strong>extorquent,</strong></span> <span class='ocrx_word' id='word_1_424' title='bbox 2874 2713 3103 2781; x_wconf 90' lang='lat' dir='ltr'><strong>puniunt</strong></span> <span class='ocrx_word' id='word_1_425' title='bbox 3119 2728 3347 2783; x_wconf 88' lang='lat' dir='ltr'><strong>corpora</strong></span> <span class='ocrx_word' id='word_1_426' title='bbox 3372 2715 3529 2770; x_wconf 89' lang='lat' dir='ltr'><strong>dam-</strong></span> 
     </span>
    </p>
   </div>
   <div class='ocr_carea' id='block_1_59' title="bbox 1942 2799 3526 2877">
    <p class='ocr_par' dir='ltr' id='par_1_59' title="bbox 1942 2799 3526 2877">
     <span class='ocr_line' id='line_1_59' title="bbox 1942 2799 3526 2877; baseline 0.006 -25"><span class='ocrx_word' id='word_1_427' title='bbox 1942 2806 2092 2865; x_wconf 89' lang='lat' dir='ltr'><strong>nata,</strong></span> <span class='ocrx_word' id='word_1_428' title='bbox 2122 2814 2223 2853; x_wconf 85' lang='lat' dir='ltr'><strong>nec</strong></span> <span class='ocrx_word' id='word_1_429' title='bbox 2264 2799 2474 2854; x_wconf 76' lang='lat' dir='ltr'><strong>finiunt.</strong></span> <span class='ocrx_word' id='word_1_430' title='bbox 2521 2800 2667 2867; x_wconf 83' lang='lat' dir='ltr'><strong>Quos</strong></span> <span class='ocrx_word' id='word_1_431' title='bbox 2720 2801 2842 2857; x_wconf 88' lang='lat' dir='ltr'><strong>ideo</strong></span> <span class='ocrx_word' id='word_1_432' title='bbox 2895 2803 2998 2858; x_wconf 86' lang='lat' dir='ltr'><strong>sibi</strong></span> <span class='ocrx_word' id='word_1_433' title='bbox 3046 2806 3336 2874; x_wconf 79' lang='lat' dir='ltr'><strong>deputatas</strong></span> <span class='ocrx_word' id='word_1_434' title='bbox 3380 2807 3526 2877; x_wconf 84' lang='lat' dir='ltr'><strong>ignis</strong></span> 
     </span>
    </p>
   </div>
   <div class='ocr_carea' id='block_1_60' title="bbox 1942 2888 3520 2965">
    <p class='ocr_par' dir='ltr' id='par_1_60' title="bbox 1942 2888 3520 2965">
     <span class='ocr_line' id='line_1_60' title="bbox 1942 2888 3520 2965; baseline 0.006 -22"><span class='ocrx_word' id='word_1_435' title='bbox 1942 2888 2394 2960; x_wconf 82' lang='lat' dir='ltr'><strong>inexstinguibilis</strong></span> <span class='ocrx_word' id='word_1_436' title='bbox 2450 2906 2558 2946; x_wconf 92' lang='lat' dir='ltr'><strong>non</strong></span> <span class='ocrx_word' id='word_1_437' title='bbox 2609 2892 3007 2963; x_wconf 79' lang='lat' dir='ltr'><strong>exstinguitur,</strong></span> <span class='ocrx_word' id='word_1_438' title='bbox 3052 2905 3113 2949; x_wconf 87' lang='lat' dir='ltr'><strong>ut</strong></span> <span class='ocrx_word' id='word_1_439' title='bbox 3169 2907 3520 2965; x_wconf 82' lang='lat' dir='ltr'><strong>permanente</strong></span> 
     </span>
    </p>
   </div>
   <div class='ocr_carea' id='block_1_61' title="bbox 1942 2980 3521 3051">
    <p class='ocr_par' dir='ltr' id='par_1_61' title="bbox 1942 2980 3521 3051">
     <span class='ocr_line' id='line_1_61' title="bbox 1942 2980 3521 3051; baseline 0.003 -16"><span class='ocrx_word' id='word_1_440' title='bbox 1942 2980 2208 3035; x_wconf 90' lang='lat' dir='ltr'><strong>sentiendi</strong></span> <span class='ocrx_word' id='word_1_441' title='bbox 2229 2980 2359 3045; x_wconf 86' lang='lat' dir='ltr'><strong>vita,</strong></span> <span class='ocrx_word' id='word_1_442' title='bbox 2384 2995 2542 3051; x_wconf 80' lang='lat' dir='ltr'><strong>ptena</strong></span> <span class='ocrx_word' id='word_1_443' title='bbox 2563 2991 2897 3049; x_wconf 89' lang='lat' dir='ltr'><strong>permaneat,</strong></span> <span class='ocrx_word' id='word_1_444' title='bbox 2918 2991 2974 3038; x_wconf 89' lang='lat' dir='ltr'><strong>et</strong></span> <span class='ocrx_word' id='word_1_445' title='bbox 2996 2983 3063 3038; x_wconf 87' lang='lat' dir='ltr'><strong>ad</strong></span> <span class='ocrx_word' id='word_1_446' title='bbox 3089 2984 3377 3040; x_wconf 85' lang='lat' dir='ltr'><strong>dolendum</strong></span> <span class='ocrx_word' id='word_1_447' title='bbox 3405 3001 3521 3040; x_wconf 76' lang='lat' dir='ltr'><strong>ma-</strong></span> 
     </span>
    </p>
   </div>
   <div class='ocr_carea' id='block_1_62' title="bbox 1942 3071 3517 3146">
    <p class='ocr_par' dir='ltr' id='par_1_62' title="bbox 1942 3071 3517 3146">
     <span class='ocr_line' id='line_1_62' title="bbox 1942 3071 3517 3146; baseline 0.004 -21"><span class='ocrx_word' id='word_1_448' title='bbox 1942 3071 2045 3143; x_wconf 85' lang='lat' dir='ltr'><strong>gis,</strong></span> <span class='ocrx_word' id='word_1_449' title='bbox 2077 3085 2240 3141; x_wconf 90' lang='lat' dir='ltr'><strong>quam</strong></span> <span class='ocrx_word' id='word_1_450' title='bbox 2268 3072 2338 3127; x_wconf 90' lang='lat' dir='ltr'><strong>ad</strong></span> <span class='ocrx_word' id='word_1_451' title='bbox 2376 3072 2665 3127; x_wconf 89' lang='lat' dir='ltr'><strong>videndum</strong></span> <span class='ocrx_word' id='word_1_452' title='bbox 2695 3074 2915 3129; x_wconf 68' lang='lat' dir='ltr'><strong>aeternis</strong></span> <span class='ocrx_word' id='word_1_453' title='bbox 2952 3075 3269 3144; x_wconf 89' lang='lat' dir='ltr'><strong>corporibus</strong></span> <span class='ocrx_word' id='word_1_454' title='bbox 3293 3091 3517 3146; x_wconf 82' lang='lat' dir='ltr'><strong>compe-</strong></span> 
     </span>
    </p>
   </div>
   <div class='ocr_carea' id='block_1_63' title="bbox 250 3136 3522 3231">
    <p class='ocr_par' dir='ltr' id='par_1_63' title="bbox 250 3136 3522 3231">
     <span class='ocr_line' id='line_1_63' title="bbox 250 3136 3522 3231; baseline 0.002 -16"><span class='ocrx_word' id='word_1_455' title='bbox 250 3136 413 3215; x_wconf 77' lang='lat' dir='ltr'><strong>llnde</strong></span> <span class='ocrx_word' id='word_1_456' title='bbox 452 3174 548 3228; x_wconf 88' lang='lat' dir='ltr'><strong>per</strong></span> <span class='ocrx_word' id='word_1_457' title='bbox 570 3160 842 3214; x_wconf 88' lang='lat' dir='ltr'><strong>Danielem</strong></span> <span class='ocrx_word' id='word_1_458' title='bbox 873 3136 1191 3231; x_wconf 73' lang='lat' dir='ltr'><strong>prophetam</strong></span> <span class='ocrx_word' id='word_1_459' title='bbox 1224 3170 1370 3217; x_wconf 92' lang='lat' dir='ltr'><strong>recte</strong></span> <span class='ocrx_word' id='word_1_460' title='bbox 1400 3162 1635 3218; x_wconf 88' lang='lat' dir='ltr'><strong>dicitur:</strong></span> <span class='ocrx_word' id='word_1_461' title='bbox 1667 3160 1839 3217; x_wconf 86' lang='lat' dir='ltr'><strong>Panes</strong></span> <span class='ocrx_word' id='word_1_462' title='bbox 1865 3136 1911 3198; x_wconf 64' lang='grc' dir='ltr'><strong>(ἶ</strong></span> <span class='ocrx_word' id='word_1_463' title='bbox 1942 3136 2320 3224; x_wconf 38' lang='grc' dir='ltr'>ἇίιοε-ὶιίιιιειιι,</span> <span class='ocrx_word' id='word_1_464' title='bbox 2354 3162 2498 3231; x_wconf 91' lang='lat' dir='ltr'><strong>quod</strong></span> <span class='ocrx_word' id='word_1_465' title='bbox 2528 3161 2585 3217; x_wconf 89' lang='lat' dir='ltr'><strong>in</strong></span> <span class='ocrx_word' id='word_1_466' title='bbox 2618 3160 2849 3217; x_wconf 83' lang='lat' dir='ltr'><strong>ﬂammis</strong></span> <span class='ocrx_word' id='word_1_467' title='bbox 2878 3136 3154 3221; x_wconf 73' lang='lat' dir='ltr'><strong>vivacibus</strong></span> <span class='ocrx_word' id='word_1_468' title='bbox 3202 3136 3522 3221; x_wconf 68' lang='lat' dir='ltr'><strong>immortali-</strong></span> 
     </span>
    </p>
   </div>
   <div class='ocr_carea' id='block_1_64' title="bbox 246 3249 1839 3327">
    <p class='ocr_par' dir='ltr' id='par_1_64' title="bbox 246 3249 1839 3327">
     <span class='ocr_line' id='line_1_64' title="bbox 246 3249 1839 3327; baseline 0.003 -25"><span class='ocrx_word' id='word_1_469' title='bbox 246 3267 338 3303; x_wconf 80' lang='lat' dir='ltr'><strong>eos</strong></span> <span class='ocrx_word' id='word_1_470' title='bbox 360 3260 424 3303; x_wconf 72' lang='lat' dir='ltr'><strong>ut</strong></span> <span class='ocrx_word' id='word_1_471' title='bbox 446 3250 710 3304; x_wconf 83' lang='lat' dir='ltr'><strong>clibanum</strong></span> <span class='ocrx_word' id='word_1_472' title='bbox 741 3251 875 3322; x_wconf 88' lang='lat' dir='ltr'><strong>ignis</strong></span> <span class='ocrx_word' id='word_1_473' title='bbox 906 3253 958 3305; x_wconf 90' lang='lat' dir='ltr'><strong>in</strong></span> <span class='ocrx_word' id='word_1_474' title='bbox 987 3262 1223 3327; x_wconf 83' lang='lat' dir='ltr'><strong>tempore</strong></span> <span class='ocrx_word' id='word_1_475' title='bbox 1237 3252 1405 3307; x_wconf 82' lang='lat' dir='ltr'><strong>vultus</strong></span> <span class='ocrx_word' id='word_1_476' title='bbox 1432 3253 1510 3306; x_wconf 89' lang='lat' dir='ltr'><strong>tui</strong></span> <span class='ocrx_word' id='word_1_477' title='bbox 1539 3249 1709 3325; x_wconf 83' lang='lat' dir='ltr'><strong>(Psal.</strong></span> <span class='ocrx_word' id='word_1_478' title='bbox 1743 3269 1839 3318; x_wconf 82' lang='lat' dir='ltr'><strong>xx,</strong></span> 
     </span>
    </p>
   </div>
   <div class='ocr_carea' id='block_1_65' title="bbox 250 3340 1841 3412">
    <p class='ocr_par' dir='ltr' id='par_1_65' title="bbox 250 3340 1841 3412">
     <span class='ocr_line' id='line_1_65' title="bbox 250 3340 1841 3412; baseline 0.001 -17"><span class='ocrx_word' id='word_1_479' title='bbox 250 3340 367 3412; x_wconf 85' lang='lat' dir='ltr'><strong>l0).</strong></span> <span class='ocrx_word' id='word_1_480' title='bbox 397 3340 661 3396; x_wconf 82' lang='lat' dir='ltr'><strong>Clibanus</strong></span> <span class='ocrx_word' id='word_1_481' title='bbox 694 3356 926 3412; x_wconf 89' lang='lat' dir='ltr'><strong>namque</strong></span> <span class='ocrx_word' id='word_1_482' title='bbox 952 3343 1277 3398; x_wconf 88' lang='lat' dir='ltr'><strong>intrinsecus</strong></span> <span class='ocrx_word' id='word_1_483' title='bbox 1302 3344 1477 3408; x_wconf 87' lang='lat' dir='ltr'><strong>ardet,</strong></span> <span class='ocrx_word' id='word_1_484' title='bbox 1510 3344 1557 3398; x_wconf 89' lang='lat' dir='ltr'><strong>is</strong></span> <span class='ocrx_word' id='word_1_485' title='bbox 1592 3357 1721 3397; x_wconf 87' lang='lat' dir='ltr'><strong>vero</strong></span> <span class='ocrx_word' id='word_1_486' title='bbox 1748 3343 1841 3412; x_wconf 89' lang='lat' dir='ltr'><strong>qui</strong></span> 
     </span>
    </p>
   </div>
   <div class='ocr_carea' id='block_1_66' title="bbox 245 3429 1842 3504">
    <p class='ocr_par' dir='ltr' id='par_1_66' title="bbox 245 3429 1842 3504">
     <span class='ocr_line' id='line_1_66' title="bbox 245 3429 1842 3504; baseline 0.002 -21"><span class='ocrx_word' id='word_1_487' title='bbox 245 3430 318 3484; x_wconf 82' lang='lat' dir='ltr'><strong>ab</strong></span> <span class='ocrx_word' id='word_1_488' title='bbox 347 3431 478 3499; x_wconf 78' lang='lat' dir='ltr'><strong>igne</strong></span> <span class='ocrx_word' id='word_1_489' title='bbox 500 3429 815 3495; x_wconf 73' lang='lat' dir='ltr'><strong>devoratur,</strong></span> <span class='ocrx_word' id='word_1_490' title='bbox 836 3433 903 3486; x_wconf 89' lang='lat' dir='ltr'><strong>ab</strong></span> <span class='ocrx_word' id='word_1_491' title='bbox 926 3432 1197 3487; x_wconf 77' lang='lat' dir='ltr'><strong>exteriore</strong></span> <span class='ocrx_word' id='word_1_492' title='bbox 1219 3442 1372 3502; x_wconf 88' lang='lat' dir='ltr'><strong>parte</strong></span> <span class='ocrx_word' id='word_1_493' title='bbox 1399 3434 1589 3504; x_wconf 83' lang='lat' dir='ltr'><strong>incipit</strong></span> <span class='ocrx_word' id='word_1_494' title='bbox 1616 3448 1842 3488; x_wconf 90' lang='lat' dir='ltr'><strong>concre-</strong></span> 
     </span>
    </p>
   </div>
   <div class='ocr_carea' id='block_1_67' title="bbox 246 3523 1842 3587">
    <p class='ocr_par' dir='ltr' id='par_1_67' title="bbox 246 3523 1842 3587">
     <span class='ocr_line' id='line_1_67' title="bbox 246 3523 1842 3587; baseline 0.003 -11"><span class='ocrx_word' id='word_1_495' title='bbox 246 3523 394 3577; x_wconf 88' lang='lat' dir='ltr'><strong>mari</strong></span> <span class='ocrx_word' id='word_1_496' title='bbox 427 3539 444 3575; x_wconf 90' lang='lat'><strong>:</strong></span> <span class='ocrx_word' id='word_1_497' title='bbox 475 3532 537 3577; x_wconf 92' lang='lat' dir='ltr'><strong>ut</strong></span> <span class='ocrx_word' id='word_1_498' title='bbox 586 3538 741 3577; x_wconf 88' lang='lat' dir='ltr'><strong>sacra</strong></span> <span class='ocrx_word' id='word_1_499' title='bbox 773 3523 987 3587; x_wconf 86' lang='lat' dir='ltr'><strong>eloquia</strong></span> <span class='ocrx_word' id='word_1_500' title='bbox 1032 3524 1227 3579; x_wconf 88' lang='lat' dir='ltr'><strong>ardere</strong></span> <span class='ocrx_word' id='word_1_501' title='bbox 1254 3534 1310 3578; x_wconf 90' lang='lat' dir='ltr'><strong>et</strong></span> <span class='ocrx_word' id='word_1_502' title='bbox 1338 3526 1578 3580; x_wconf 78' lang='lat' dir='ltr'><strong>exterius</strong></span> <span class='ocrx_word' id='word_1_503' title='bbox 1614 3534 1670 3580; x_wconf 89' lang='lat' dir='ltr'><strong>et</strong></span> <span class='ocrx_word' id='word_1_504' title='bbox 1704 3526 1842 3581; x_wconf 88' lang='lat' dir='ltr'><strong>inte-</strong></span> 
     </span>
    </p>
   </div>
   <div class='ocr_carea' id='block_1_68' title="bbox 243 3614 1839 3687">
    <p class='ocr_par' dir='ltr' id='par_1_68' title="bbox 243 3614 1839 3687">
     <span class='ocr_line' id='line_1_68' title="bbox 243 3614 1839 3687; baseline 0.001 -20"><span class='ocrx_word' id='word_1_505' title='bbox 243 3615 364 3669; x_wconf 88' lang='lat' dir='ltr'><strong>rius</strong></span> <span class='ocrx_word' id='word_1_506' title='bbox 394 3614 662 3683; x_wconf 82' lang='lat' dir='ltr'><strong>reprobos</strong></span> <span class='ocrx_word' id='word_1_507' title='bbox 686 3614 1080 3680; x_wconf 88' lang='lat' dir='ltr'><strong>demonstrent,</strong></span> <span class='ocrx_word' id='word_1_508' title='bbox 1104 3630 1198 3670; x_wconf 91' lang='lat' dir='ltr'><strong>eos</strong></span> <span class='ocrx_word' id='word_1_509' title='bbox 1226 3624 1283 3670; x_wconf 90' lang='lat' dir='ltr'><strong>et</strong></span> <span class='ocrx_word' id='word_1_510' title='bbox 1316 3618 1385 3670; x_wconf 91' lang='lat' dir='ltr'><strong>ab</strong></span> <span class='ocrx_word' id='word_1_511' title='bbox 1419 3616 1541 3687; x_wconf 84' lang='lat' dir='ltr'><strong>igne</strong></span> <span class='ocrx_word' id='word_1_512' title='bbox 1570 3616 1839 3683; x_wconf 87' lang='lat' dir='ltr'><strong>devorari,</strong></span> 
     </span>
    </p>
   </div>
   <div class='ocr_carea' id='block_1_69' title="bbox 241 3701 1839 3773">
    <p class='ocr_par' dir='ltr' id='par_1_69' title="bbox 241 3701 1839 3773">
     <span class='ocr_line' id='line_1_69' title="bbox 241 3701 1839 3773; baseline 0.001 -17"><span class='ocrx_word' id='word_1_513' title='bbox 241 3712 303 3756; x_wconf 86' lang='lat' dir='ltr'><strong>et</strong></span> <span class='ocrx_word' id='word_1_514' title='bbox 327 3704 475 3756; x_wconf 88' lang='lat' dir='ltr'><strong>sicut</strong></span> <span class='ocrx_word' id='word_1_515' title='bbox 506 3701 754 3756; x_wconf 82' lang='lat' dir='ltr'><strong>clibanus</strong></span> <span class='ocrx_word' id='word_1_516' title='bbox 795 3702 921 3772; x_wconf 91' lang='lat' dir='ltr'><strong>poni</strong></span> <span class='ocrx_word' id='word_1_517' title='bbox 964 3711 1255 3768; x_wconf 86' lang='lat' dir='ltr'><strong>testantur,</strong></span> <span class='ocrx_word' id='word_1_518' title='bbox 1303 3712 1362 3757; x_wconf 93' lang='lat' dir='ltr'><strong>ut</strong></span> <span class='ocrx_word' id='word_1_519' title='bbox 1390 3717 1486 3773; x_wconf 90' lang='lat' dir='ltr'><strong>per</strong></span> <span class='ocrx_word' id='word_1_520' title='bbox 1510 3703 1685 3773; x_wconf 89' lang='lat' dir='ltr'><strong>ignem</strong></span> <span class='ocrx_word' id='word_1_521' title='bbox 1717 3719 1839 3758; x_wconf 90' lang='lat' dir='ltr'><strong>cru-</strong></span> 
     </span>
    </p>
   </div>
   <div class='ocr_carea' id='block_1_70' title="bbox 244 3791 1840 3862">
    <p class='ocr_par' dir='ltr' id='par_1_70' title="bbox 244 3791 1840 3862">
     <span class='ocr_line' id='line_1_70' title="bbox 244 3791 1840 3862; baseline 0 -17"><span class='ocrx_word' id='word_1_522' title='bbox 244 3791 474 3845; x_wconf 68' lang='lat' dir='ltr'><strong>cientur</strong></span> <span class='ocrx_word' id='word_1_523' title='bbox 509 3792 565 3846; x_wconf 89' lang='lat' dir='ltr'><strong>in</strong></span> <span class='ocrx_word' id='word_1_524' title='bbox 603 3806 853 3861; x_wconf 83' lang='lat' dir='ltr'><strong>corpore,</strong></span> <span class='ocrx_word' id='word_1_525' title='bbox 876 3801 933 3846; x_wconf 90' lang='lat' dir='ltr'><strong>et</strong></span> <span class='ocrx_word' id='word_1_526' title='bbox 957 3808 1055 3862; x_wconf 90' lang='lat' dir='ltr'><strong>per</strong></span> <span class='ocrx_word' id='word_1_527' title='bbox 1078 3791 1316 3846; x_wconf 87' lang='lat' dir='ltr'><strong>dolorem</strong></span> <span class='ocrx_word' id='word_1_528' title='bbox 1343 3793 1571 3846; x_wconf 90' lang='lat' dir='ltr'><strong>ardeant</strong></span> <span class='ocrx_word' id='word_1_529' title='bbox 1604 3792 1657 3846; x_wconf 90' lang='lat' dir='ltr'><strong>in</strong></span> <span class='ocrx_word' id='word_1_530' title='bbox 1687 3807 1840 3846; x_wconf 90' lang='lat' dir='ltr'><strong>men-</strong></span> 
     </span>
    </p>
   </div>
   <div class='ocr_carea' id='block_1_71' title="bbox 248 3879 1859 3951">
    <p class='ocr_par' dir='ltr' id='par_1_71' title="bbox 248 3879 1859 3951">
     <span class='ocr_line' id='line_1_71' title="bbox 248 3879 1859 3951; baseline 0.001 -17"><span class='ocrx_word' id='word_1_531' title='bbox 248 3890 323 3934; x_wconf 86' lang='lat' dir='ltr'><strong>te.</strong></span> <span class='ocrx_word' id='word_1_532' title='bbox 362 3900 382 3931; x_wconf 74' lang='grc' dir='ltr'><strong>ι</strong></span> <span class='ocrx_word' id='word_1_533' title='bbox 415 3880 476 3935; x_wconf 92' lang='lat' dir='ltr'><strong>ln</strong></span> <span class='ocrx_word' id='word_1_534' title='bbox 506 3889 750 3951; x_wconf 87' lang='lat' dir='ltr'><strong>tempore</strong></span> <span class='ocrx_word' id='word_1_535' title='bbox 772 3880 949 3935; x_wconf 85' lang='lat' dir='ltr'><strong>vultus</strong></span> <span class='ocrx_word' id='word_1_536' title='bbox 992 3881 1205 3935; x_wconf 88' lang='lat' dir='ltr'><strong>Domini</strong></span> <span class='ocrx_word' id='word_1_537' title='bbox 1237 3879 1424 3947; x_wconf 89' lang='lat' dir='ltr'><strong>injusti</strong></span> <span class='ocrx_word' id='word_1_538' title='bbox 1445 3896 1634 3936; x_wconf 90' lang='lat' dir='ltr'><strong>omnes</strong></span> <span class='ocrx_word' id='word_1_539' title='bbox 1663 3890 1722 3935; x_wconf 90' lang='lat' dir='ltr'><strong>ut</strong></span> <span class='ocrx_word' id='word_1_540' title='bbox 1748 3879 1859 3935; x_wconf 88' lang='lat' dir='ltr'><strong>cli—.</strong></span> 
     </span>
    </p>
   </div>
   <div class='ocr_carea' id='block_1_72' title="bbox 247 3971 1845 4042">
    <p class='ocr_par' dir='ltr' id='par_1_72' title="bbox 247 3971 1845 4042">
     <span class='ocr_line' id='line_1_72' title="bbox 247 3971 1845 4042; baseline 0 -17"><span class='ocrx_word' id='word_1_541' title='bbox 247 3973 433 4026; x_wconf 86' lang='lat' dir='ltr'><strong>banns</strong></span> <span class='ocrx_word' id='word_1_542' title='bbox 458 3979 737 4042; x_wconf 87' lang='lat' dir='ltr'><strong>ponuntur</strong></span> <span class='ocrx_word' id='word_1_543' title='bbox 766 3980 823 4026; x_wconf 90' lang='lat' dir='ltr'><strong>et</strong></span> <span class='ocrx_word' id='word_1_544' title='bbox 861 3972 929 4025; x_wconf 88' lang='lat' dir='ltr'><strong>ab</strong></span> <span class='ocrx_word' id='word_1_545' title='bbox 966 3973 1087 4042; x_wconf 85' lang='lat' dir='ltr'><strong>igne</strong></span> <span class='ocrx_word' id='word_1_546' title='bbox 1130 3971 1480 4036; x_wconf 71' lang='lat' dir='ltr'><strong>(levet-antur,</strong></span> <span class='ocrx_word' id='word_1_547' title='bbox 1519 3971 1645 4041; x_wconf 90' lang='lat' dir='ltr'><strong>quia</strong></span> <span class='ocrx_word' id='word_1_548' title='bbox 1680 3988 1845 4041; x_wconf 86' lang='lat' dir='ltr'><strong>appa-</strong></span> 
     </span>
    </p>
   </div>
   <div class='ocr_carea' id='block_1_73' title="bbox 249 4058 1844 4129">
    <p class='ocr_par' dir='ltr' id='par_1_73' title="bbox 249 4058 1844 4129">
     <span class='ocr_line' id='line_1_73' title="bbox 249 4058 1844 4129; baseline -0.002 -14"><span class='ocrx_word' id='word_1_549' title='bbox 249 4071 409 4115; x_wconf 85' lang='lat' dir='ltr'><strong>rcnte</strong></span> <span class='ocrx_word' id='word_1_550' title='bbox 468 4059 654 4129; x_wconf 79' lang='lat' dir='ltr'><strong>judice</strong></span> <span class='ocrx_word' id='word_1_551' title='bbox 703 4075 826 4115; x_wconf 90' lang='lat' dir='ltr'><strong>cum</strong></span> <span class='ocrx_word' id='word_1_552' title='bbox 882 4058 1087 4114; x_wconf 87' lang='lat' dir='ltr'><strong>visione</strong></span> <span class='ocrx_word' id='word_1_553' title='bbox 1139 4058 1282 4114; x_wconf 58' lang='lat' dir='ltr'><strong>illim.)</strong></span> <span class='ocrx_word' id='word_1_554' title='bbox 1332 4074 1519 4114; x_wconf 89' lang='lat' dir='ltr'><strong>eorum</strong></span> <span class='ocrx_word' id='word_1_555' title='bbox 1558 4058 1844 4113; x_wconf 88' lang='lat' dir='ltr'><strong>multitudo</strong></span> 
     </span>
    </p>
   </div>
   <div class='ocr_carea' id='block_1_74' title="bbox 249 4147 1844 4220">
    <p class='ocr_par' dir='ltr' id='par_1_74' title="bbox 249 4147 1844 4220">
     <span class='ocr_line' id='line_1_74' title="bbox 249 4147 1844 4220; baseline -0.002 -17"><span class='ocrx_word' id='word_1_556' title='bbox 249 4149 558 4220; x_wconf 75' lang='lat' dir='ltr'><strong>repellitur,</strong></span> <span class='ocrx_word' id='word_1_557' title='bbox 581 4157 639 4203; x_wconf 89' lang='lat' dir='ltr'><strong>et</strong></span> <span class='ocrx_word' id='word_1_558' title='bbox 660 4149 804 4203; x_wconf 89' lang='lat' dir='ltr'><strong>intus</strong></span> <span class='ocrx_word' id='word_1_559' title='bbox 827 4164 923 4218; x_wconf 90' lang='lat' dir='ltr'><strong>per</strong></span> <span class='ocrx_word' id='word_1_560' title='bbox 947 4148 1274 4203; x_wconf 86' lang='lat' dir='ltr'><strong>desiderium</strong></span> <span class='ocrx_word' id='word_1_561' title='bbox 1303 4148 1461 4202; x_wconf 89' lang='lat' dir='ltr'><strong>ardet</strong></span> <span class='ocrx_word' id='word_1_562' title='bbox 1485 4148 1539 4201; x_wconf 90' lang='lat' dir='ltr'><strong>in</strong></span> <span class='ocrx_word' id='word_1_563' title='bbox 1564 4147 1844 4202; x_wconf 89' lang='lat' dir='ltr'><strong>conscien-</strong></span> 
     </span>
    </p>
   </div>
   <div class='ocr_carea' id='block_1_75' title="bbox 249 4240 1843 4313">
    <p class='ocr_par' dir='ltr' id='par_1_75' title="bbox 249 4240 1843 4313">
     <span class='ocr_line' id='line_1_75' title="bbox 249 4240 1843 4313; baseline -0.001 -17"><span class='ocrx_word' id='word_1_564' title='bbox 249 4244 348 4306; x_wconf 78' lang='lat' dir='ltr'><strong>tia,</strong></span> <span class='ocrx_word' id='word_1_565' title='bbox 369 4251 431 4297; x_wconf 87' lang='lat' dir='ltr'><strong>et</strong></span> <span class='ocrx_word' id='word_1_566' title='bbox 458 4241 594 4296; x_wconf 82' lang='lat' dir='ltr'><strong>foris</strong></span> <span class='ocrx_word' id='word_1_567' title='bbox 625 4257 844 4295; x_wconf 89' lang='lat' dir='ltr'><strong>carnem</strong></span> <span class='ocrx_word' id='word_1_568' title='bbox 868 4242 1075 4295; x_wconf 89' lang='lat' dir='ltr'><strong>cruciat</strong></span> <span class='ocrx_word' id='word_1_569' title='bbox 1098 4242 1363 4313; x_wconf 89' lang='lat' dir='ltr'><strong>gehenna.</strong></span> <span class='ocrx_word' id='word_1_570' title='bbox 1389 4240 1555 4295; x_wconf 87' lang='lat' dir='ltr'><strong>Isaias</strong></span> <span class='ocrx_word' id='word_1_571' title='bbox 1582 4241 1843 4311; x_wconf 88' lang='lat' dir='ltr'><strong>prepheta</strong></span> 
     </span>
    </p>
   </div>
   <div class='ocr_carea' id='block_1_76' title="bbox 245 4329 1843 4402">
    <p class='ocr_par' dir='ltr' id='par_1_76' title="bbox 245 4329 1843 4402">
     <span class='ocr_line' id='line_1_76' title="bbox 245 4329 1843 4402; baseline -0.001 -17"><span class='ocrx_word' id='word_1_572' title='bbox 245 4335 325 4386; x_wconf 84' lang='lat' dir='ltr'><strong>ait</strong></span> <span class='ocrx_word' id='word_1_573' title='bbox 357 4352 372 4385; x_wconf 88' lang='lat'><strong>:</strong></span> <span class='ocrx_word' id='word_1_574' title='bbox 410 4329 701 4402; x_wconf 81' lang='lat' dir='ltr'><strong>Propterea</strong></span> <span class='ocrx_word' id='word_1_575' title='bbox 751 4330 989 4384; x_wconf 85' lang='lat' dir='ltr'><strong>dilatavit</strong></span> <span class='ocrx_word' id='word_1_576' title='bbox 1021 4332 1249 4385; x_wconf 88' lang='lat' dir='ltr'><strong>animam</strong></span> <span class='ocrx_word' id='word_1_577' title='bbox 1289 4348 1441 4385; x_wconf 85' lang='lat' dir='ltr'><strong>suam</strong></span> <span class='ocrx_word' id='word_1_578' title='bbox 1487 4330 1743 4400; x_wconf 80' lang='lat' dir='ltr'><strong>infernus,</strong></span> <span class='ocrx_word' id='word_1_579' title='bbox 1793 4339 1843 4385; x_wconf 85' lang='lat' dir='ltr'><strong>et</strong></span> 
     </span>
    </p>
   </div>
   <div class='ocr_carea' id='block_1_77' title="bbox 248 4421 1836 4493">
    <p class='ocr_par' dir='ltr' id='par_1_77' title="bbox 248 4421 1836 4493">
     <span class='ocr_line' id='line_1_77' title="bbox 248 4421 1836 4493; baseline 0.001 -18"><span class='ocrx_word' id='word_1_580' title='bbox 248 4425 461 4491; x_wconf 77' lang='lat' dir='ltr'><strong>aperuit</strong></span> <span class='ocrx_word' id='word_1_581' title='bbox 501 4439 561 4475; x_wconf 89' lang='lat' dir='ltr'><strong>os</strong></span> <span class='ocrx_word' id='word_1_582' title='bbox 616 4438 770 4475; x_wconf 87' lang='lat' dir='ltr'><strong>suum</strong></span> <span class='ocrx_word' id='word_1_583' title='bbox 819 4421 1010 4489; x_wconf 84' lang='lat' dir='ltr'><strong>absque</strong></span> <span class='ocrx_word' id='word_1_584' title='bbox 1052 4421 1160 4475; x_wconf 85' lang='lat' dir='ltr'><strong>ullo</strong></span> <span class='ocrx_word' id='word_1_585' title='bbox 1210 4423 1431 4475; x_wconf 85' lang='lat' dir='ltr'><strong>termino</strong></span> <span class='ocrx_word' id='word_1_586' title='bbox 1461 4421 1597 4493; x_wconf 87' lang='lat' dir='ltr'><strong>(lsa.</strong></span> <span class='ocrx_word' id='word_1_587' title='bbox 1634 4437 1688 4486; x_wconf 88' lang='lat' dir='ltr'><strong>v,</strong></span> <span class='ocrx_word' id='word_1_588' title='bbox 1728 4422 1836 4491; x_wconf 72' lang='grc' dir='ltr'><strong>Η).</strong></span> 
     </span>
    </p>
   </div>
   <div class='ocr_carea' id='block_1_78' title="bbox 248 4510 1837 4577">
    <p class='ocr_par' dir='ltr' id='par_1_78' title="bbox 248 4510 1837 4577">
     <span class='ocr_line' id='line_1_78' title="bbox 248 4510 1837 4577; baseline -0.001 -8"><span class='ocrx_word' id='word_1_589' title='bbox 248 4510 413 4569; x_wconf 81' lang='lat' dir='ltr'><strong>Sicut</strong></span> <span class='ocrx_word' id='word_1_590' title='bbox 463 4513 617 4568; x_wconf 87' lang='lat' dir='ltr'><strong>enim</strong></span> <span class='ocrx_word' id='word_1_591' title='bbox 648 4511 889 4567; x_wconf 81' lang='lat' dir='ltr'><strong>infernus</strong></span> <span class='ocrx_word' id='word_1_592' title='bbox 915 4513 1174 4569; x_wconf 89' lang='lat' dir='ltr'><strong>dilatatus</strong></span> <span class='ocrx_word' id='word_1_593' title='bbox 1222 4513 1419 4566; x_wconf 87' lang='lat' dir='ltr'><strong>dicitur</strong></span> <span class='ocrx_word' id='word_1_594' title='bbox 1444 4513 1559 4568; x_wconf 89' lang='lat' dir='ltr'><strong>sine</strong></span> <span class='ocrx_word' id='word_1_595' title='bbox 1587 4514 1837 4577; x_wconf 89' lang='lat' dir='ltr'><strong>termino,</strong></span> 
     </span>
    </p>
   </div>
   <div class='ocr_carea' id='block_1_79' title="bbox 250 4603 1841 4675">
    <p class='ocr_par' dir='ltr' id='par_1_79' title="bbox 250 4603 1841 4675">
     <span class='ocr_line' id='line_1_79' title="bbox 250 4603 1841 4675; baseline 0 -18"><span class='ocrx_word' id='word_1_596' title='bbox 250 4606 383 4675; x_wconf 85' lang='lat' dir='ltr'><strong>quia</strong></span> <span class='ocrx_word' id='word_1_597' title='bbox 414 4608 482 4660; x_wconf 90' lang='lat' dir='ltr'><strong>ad</strong></span> <span class='ocrx_word' id='word_1_598' title='bbox 511 4620 573 4659; x_wconf 89' lang='lat' dir='ltr'><strong>se</strong></span> <span class='ocrx_word' id='word_1_599' title='bbox 610 4603 872 4673; x_wconf 83' lang='lat' dir='ltr'><strong>plurimos</strong></span> <span class='ocrx_word' id='word_1_600' title='bbox 905 4603 1089 4668; x_wconf 85' lang='lat' dir='ltr'><strong>trahit,</strong></span> <span class='ocrx_word' id='word_1_601' title='bbox 1125 4603 1198 4657; x_wconf 87' lang='lat' dir='ltr'><strong>ita</strong></span> <span class='ocrx_word' id='word_1_602' title='bbox 1226 4603 1342 4658; x_wconf 87' lang='lat' dir='ltr'><strong>sine</strong></span> <span class='ocrx_word' id='word_1_603' title='bbox 1368 4603 1532 4658; x_wconf 80' lang='lat' dir='ltr'><strong>fundo</strong></span> <span class='ocrx_word' id='word_1_604' title='bbox 1560 4603 1702 4659; x_wconf 87' lang='lat' dir='ltr'><strong>altus</strong></span> <span class='ocrx_word' id='word_1_605' title='bbox 1734 4621 1841 4658; x_wconf 89' lang='lat' dir='ltr'><strong>non</strong></span> 
     </span>
    </p>
   </div>
   <div class='ocr_carea' id='block_1_80' title="bbox 252 4691 1840 4764">
    <p class='ocr_par' dir='ltr' id='par_1_80' title="bbox 252 4691 1840 4764">
     <span class='ocr_line' id='line_1_80' title="bbox 252 4691 1840 4764; baseline -0.001 -16"><span class='ocrx_word' id='word_1_606' title='bbox 252 4697 562 4764; x_wconf 79' lang='lat' dir='ltr'><strong>i:.congrue</strong></span> <span class='ocrx_word' id='word_1_607' title='bbox 603 4701 847 4757; x_wconf 88' lang='lat' dir='ltr'><strong>vocatur,</strong></span> <span class='ocrx_word' id='word_1_608' title='bbox 904 4693 1029 4761; x_wconf 89' lang='lat' dir='ltr'><strong>quia</strong></span> <span class='ocrx_word' id='word_1_609' title='bbox 1079 4709 1174 4747; x_wconf 88' lang='lat' dir='ltr'><strong>eos</strong></span> <span class='ocrx_word' id='word_1_610' title='bbox 1211 4708 1349 4762; x_wconf 89' lang='lat' dir='ltr'><strong>quos</strong></span> <span class='ocrx_word' id='word_1_611' title='bbox 1383 4691 1439 4747; x_wconf 91' lang='lat' dir='ltr'><strong>in</strong></span> <span class='ocrx_word' id='word_1_612' title='bbox 1491 4708 1550 4748; x_wconf 90' lang='lat' dir='ltr'><strong>se</strong></span> <span class='ocrx_word' id='word_1_613' title='bbox 1593 4692 1840 4763; x_wconf 86' lang='lat' dir='ltr'><strong>suscipit,</strong></span> 
     </span>
    </p>
   </div>
   <div class='ocr_carea' id='block_1_81' title="bbox 249 4785 1839 4855">
    <p class='ocr_par' dir='ltr' id='par_1_81' title="bbox 249 4785 1839 4855">
     <span class='ocr_line' id='line_1_81' title="bbox 249 4785 1839 4855; baseline 0.001 -18"><span class='ocrx_word' id='word_1_614' title='bbox 249 4787 415 4854; x_wconf 80' lang='lat' dir='ltr'><strong>quasi</strong></span> <span class='ocrx_word' id='word_1_615' title='bbox 447 4786 502 4839; x_wconf 89' lang='lat' dir='ltr'><strong>in</strong></span> <span class='ocrx_word' id='word_1_616' title='bbox 532 4785 765 4853; x_wconf 89' lang='lat' dir='ltr'><strong>quadam</strong></span> <span class='ocrx_word' id='word_1_617' title='bbox 802 4786 998 4855; x_wconf 82' lang='lat' dir='ltr'><strong>abysso</strong></span> <span class='ocrx_word' id='word_1_618' title='bbox 1025 4799 1135 4837; x_wconf 75' lang='lat' dir='ltr'><strong>sum</strong></span> <span class='ocrx_word' id='word_1_619' title='bbox 1162 4785 1540 4839; x_wconf 87' lang='lat' dir='ltr'><strong>immensitatis</strong></span> <span class='ocrx_word' id='word_1_620' title='bbox 1565 4785 1839 4841; x_wconf 84' lang='lat' dir='ltr'><strong>absorbet.</strong></span> 
     </span>
    </p>
   </div>
   <div class='ocr_carea' id='block_1_82' title="bbox 251 4874 1843 4944">
    <p class='ocr_par' dir='ltr' id='par_1_82' title="bbox 251 4874 1843 4944">
     <span class='ocr_line' id='line_1_82' title="bbox 251 4874 1843 4944; baseline -0.001 -13"><span class='ocrx_word' id='word_1_621' title='bbox 251 4877 510 4931; x_wconf 79' lang='lat' dir='ltr'><strong>Infernus</strong></span> <span class='ocrx_word' id='word_1_622' title='bbox 549 4889 784 4944; x_wconf 88' lang='lat' dir='ltr'><strong>namque</strong></span> <span class='ocrx_word' id='word_1_623' title='bbox 817 4883 960 4928; x_wconf 89' lang='lat' dir='ltr'><strong>recte</strong></span> <span class='ocrx_word' id='word_1_624' title='bbox 987 4874 1208 4928; x_wconf 82' lang='lat' dir='ltr'><strong>fundum</strong></span> <span class='ocrx_word' id='word_1_625' title='bbox 1230 4889 1335 4928; x_wconf 92' lang='lat' dir='ltr'><strong>non</strong></span> <span class='ocrx_word' id='word_1_626' title='bbox 1360 4874 1560 4928; x_wconf 82' lang='lat' dir='ltr'><strong>habere</strong></span> <span class='ocrx_word' id='word_1_627' title='bbox 1583 4876 1843 4942; x_wconf 91' lang='lat' dir='ltr'><strong>creditur,</strong></span> 
     </span>
    </p>
   </div>
   <div class='ocr_carea' id='block_1_83' title="bbox 250 4966 1842 5041">
    <p class='ocr_par' dir='ltr' id='par_1_83' title="bbox 250 4966 1842 5041">
     <span class='ocr_line' id='line_1_83' title="bbox 250 4966 1842 5041; baseline 0.003 -19"><span class='ocrx_word' id='word_1_628' title='bbox 250 4972 386 5041; x_wconf 83' lang='lat' dir='ltr'><strong>quia</strong></span> <span class='ocrx_word' id='word_1_629' title='bbox 425 4967 678 5039; x_wconf 87' lang='lat' dir='ltr'><strong>quisquis</strong></span> <span class='ocrx_word' id='word_1_630' title='bbox 710 4967 778 5020; x_wconf 89' lang='lat' dir='ltr'><strong>ab</strong></span> <span class='ocrx_word' id='word_1_631' title='bbox 815 4966 904 5020; x_wconf 93' lang='lat' dir='ltr'><strong>illo</strong></span> <span class='ocrx_word' id='word_1_632' title='bbox 946 4968 1151 5037; x_wconf 88' lang='lat' dir='ltr'><strong>rapitur</strong></span> <span class='ocrx_word' id='word_1_633' title='bbox 1179 4967 1334 5036; x_wconf 88' lang='lat' dir='ltr'><strong>quasi</strong></span> <span class='ocrx_word' id='word_1_634' title='bbox 1365 4968 1418 5021; x_wconf 92' lang='lat' dir='ltr'><strong>in</strong></span> <span class='ocrx_word' id='word_1_635' title='bbox 1456 4968 1725 5025; x_wconf 87' lang='lat' dir='ltr'><strong>inuncnso</strong></span> <span class='ocrx_word' id='word_1_636' title='bbox 1747 4973 1842 5026; x_wconf 89' lang='lat' dir='ltr'><strong>de-</strong></span> 
     </span>
    </p>
   </div>
   <div class='ocr_carea' id='block_1_84' title="bbox 254 5055 1845 5126">
    <p class='ocr_par' dir='ltr' id='par_1_84' title="bbox 254 5055 1845 5126">
     <span class='ocr_line' id='line_1_84' title="bbox 254 5055 1845 5126; baseline 0.002 -15"><span class='ocrx_word' id='word_1_637' title='bbox 254 5067 510 5113; x_wconf 84' lang='lat' dir='ltr'><strong>voratur.</strong></span> <span class='ocrx_word' id='word_1_638' title='bbox 542 5056 675 5123; x_wconf 69' lang='lat' dir='ltr'><strong>Qute</strong></span> <span class='ocrx_word' id='word_1_639' title='bbox 714 5055 921 5110; x_wconf 83' lang='lat' dir='ltr'><strong>scilicet</strong></span> <span class='ocrx_word' id='word_1_640' title='bbox 954 5057 1198 5126; x_wconf 85' lang='lat' dir='ltr'><strong>gehenna</strong></span> <span class='ocrx_word' id='word_1_641' title='bbox 1228 5057 1475 5125; x_wconf 87' lang='lat' dir='ltr'><strong>quamvis</strong></span> <span class='ocrx_word' id='word_1_642' title='bbox 1506 5060 1717 5113; x_wconf 87' lang='lat' dir='ltr'><strong>cunctis</strong></span> <span class='ocrx_word' id='word_1_643' title='bbox 1739 5076 1845 5114; x_wconf 88' lang='lat' dir='ltr'><strong>una</strong></span> 
     </span>
    </p>
   </div>
   <div class='ocr_carea' id='block_1_85' title="bbox 252 5145 1844 5214">
    <p class='ocr_par' dir='ltr' id='par_1_85' title="bbox 252 5145 1844 5214">
     <span class='ocr_line' id='line_1_85' title="bbox 252 5145 1844 5214; baseline -0.001 -11"><span class='ocrx_word' id='word_1_644' title='bbox 252 5150 353 5213; x_wconf 78' lang='lat' dir='ltr'><strong>sit,</strong></span> <span class='ocrx_word' id='word_1_645' title='bbox 384 5162 494 5201; x_wconf 85' lang='lat' dir='ltr'><strong>non</strong></span> <span class='ocrx_word' id='word_1_646' title='bbox 526 5154 708 5199; x_wconf 89' lang='lat' dir='ltr'><strong>tamen</strong></span> <span class='ocrx_word' id='word_1_647' title='bbox 737 5160 842 5198; x_wconf 89' lang='lat' dir='ltr'><strong>una</strong></span> <span class='ocrx_word' id='word_1_648' title='bbox 870 5146 1165 5214; x_wconf 86' lang='lat' dir='ltr'><strong>eademque</strong></span> <span class='ocrx_word' id='word_1_649' title='bbox 1194 5145 1449 5213; x_wconf 89' lang='lat' dir='ltr'><strong>qualitate</strong></span> <span class='ocrx_word' id='word_1_650' title='bbox 1473 5147 1844 5202; x_wconf 89' lang='lat' dir='ltr'><strong>succenditur:</strong></span> 
     </span>
    </p>
   </div>
   <div class='ocr_carea' id='block_1_86' title="bbox 254 5238 1845 5311">
    <p class='ocr_par' dir='ltr' id='par_1_86' title="bbox 254 5238 1845 5311">
     <span class='ocr_line' id='line_1_86' title="bbox 254 5238 1845 5311; baseline 0 -18"><span class='ocrx_word' id='word_1_651' title='bbox 254 5242 405 5294; x_wconf 83' lang='lat' dir='ltr'><strong>sicut</strong></span> <span class='ocrx_word' id='word_1_652' title='bbox 434 5238 757 5308; x_wconf 88' lang='lat' dir='ltr'><strong>plerumque</strong></span> <span class='ocrx_word' id='word_1_653' title='bbox 786 5252 891 5292; x_wconf 94' lang='lat' dir='ltr'><strong>uno</strong></span> <span class='ocrx_word' id='word_1_654' title='bbox 937 5238 1049 5293; x_wconf 86' lang='lat' dir='ltr'><strong>sole</strong></span> <span class='ocrx_word' id='word_1_655' title='bbox 1084 5254 1272 5294; x_wconf 90' lang='lat' dir='ltr'><strong>omnes</strong></span> <span class='ocrx_word' id='word_1_656' title='bbox 1300 5239 1591 5311; x_wconf 82' lang='lat' dir='ltr'><strong>tangimur,</strong></span> <span class='ocrx_word' id='word_1_657' title='bbox 1624 5256 1723 5295; x_wconf 89' lang='lat' dir='ltr'><strong>nec</strong></span> <span class='ocrx_word' id='word_1_658' title='bbox 1762 5249 1845 5294; x_wconf 88' lang='lat' dir='ltr'><strong>ta-</strong></span> 
     </span>
    </p>
   </div>
   <div class='ocr_carea' id='block_1_87' title="bbox 256 5326 1845 5399">
    <p class='ocr_par' dir='ltr' id='par_1_87' title="bbox 256 5326 1845 5399">
     <span class='ocr_line' id='line_1_87' title="bbox 256 5326 1845 5399; baseline 0.001 -17"><span class='ocrx_word' id='word_1_659' title='bbox 256 5345 390 5382; x_wconf 72' lang='lat' dir='ltr'><strong>men</strong></span> <span class='ocrx_word' id='word_1_660' title='bbox 418 5326 523 5380; x_wconf 87' lang='lat' dir='ltr'><strong>sub</strong></span> <span class='ocrx_word' id='word_1_661' title='bbox 550 5341 618 5381; x_wconf 91' lang='lat' dir='ltr'><strong>eo</strong></span> <span class='ocrx_word' id='word_1_662' title='bbox 639 5341 747 5379; x_wconf 91' lang='lat' dir='ltr'><strong>uno</strong></span> <span class='ocrx_word' id='word_1_663' title='bbox 776 5326 965 5380; x_wconf 85' lang='lat' dir='ltr'><strong>ordine</strong></span> <span class='ocrx_word' id='word_1_664' title='bbox 992 5342 1180 5381; x_wconf 87' lang='lat' dir='ltr'><strong>omnes</strong></span> <span class='ocrx_word' id='word_1_665' title='bbox 1204 5336 1519 5395; x_wconf 62' lang='lat' dir='ltr'><strong>a&#39;stuamur,</strong></span> <span class='ocrx_word' id='word_1_666' title='bbox 1550 5329 1675 5399; x_wconf 90' lang='lat' dir='ltr'><strong>quia</strong></span> <span class='ocrx_word' id='word_1_667' title='bbox 1694 5328 1845 5398; x_wconf 78' lang='lat' dir='ltr'><strong>juxta</strong></span> 
     </span>
    </p>
   </div>
   <div class='ocr_carea' id='block_1_88' title="bbox 255 5417 1843 5491">
    <p class='ocr_par' dir='ltr' id='par_1_88' title="bbox 255 5417 1843 5491">
     <span class='ocr_line' id='line_1_88' title="bbox 255 5417 1843 5491; baseline 0.006 -23"><span class='ocrx_word' id='word_1_668' title='bbox 255 5417 587 5487; x_wconf 83' lang='lat' dir='ltr'><strong>qualitatem</strong></span> <span class='ocrx_word' id='word_1_669' title='bbox 622 5418 868 5485; x_wconf 85' lang='lat' dir='ltr'><strong>corporis</strong></span> <span class='ocrx_word' id='word_1_670' title='bbox 915 5419 1148 5473; x_wconf 89' lang='lat' dir='ltr'><strong>sentitur</strong></span> <span class='ocrx_word' id='word_1_671' title='bbox 1181 5420 1343 5475; x_wconf 88' lang='lat' dir='ltr'><strong>etiam</strong></span> <span class='ocrx_word' id='word_1_672' title='bbox 1370 5423 1581 5491; x_wconf 89' lang='lat' dir='ltr'><strong>pondus</strong></span> <span class='ocrx_word' id='word_1_673' title='bbox 1607 5422 1843 5489; x_wconf 88' lang='lat' dir='ltr'><strong>caloris;</strong></span> 
     </span>
    </p>
   </div>
   <div class='ocr_carea' id='block_1_89' title="bbox 258 5510 1849 5582">
    <p class='ocr_par' dir='ltr' id='par_1_89' title="bbox 258 5510 1849 5582">
     <span class='ocr_line' id='line_1_89' title="bbox 258 5510 1849 5582; baseline 0.004 -19"><span class='ocrx_word' id='word_1_674' title='bbox 258 5510 348 5563; x_wconf 84' lang='lat' dir='ltr'><strong>sic</strong></span> <span class='ocrx_word' id='word_1_675' title='bbox 379 5510 670 5563; x_wconf 87' lang='lat' dir='ltr'><strong>damnatos</strong></span> <span class='ocrx_word' id='word_1_676' title='bbox 697 5517 753 5562; x_wconf 90' lang='lat' dir='ltr'><strong>et</strong></span> <span class='ocrx_word' id='word_1_677' title='bbox 783 5524 887 5562; x_wconf 90' lang='lat' dir='ltr'><strong>una</strong></span> <span class='ocrx_word' id='word_1_678' title='bbox 934 5517 1019 5564; x_wconf 91' lang='lat' dir='ltr'><strong>est</strong></span> <span class='ocrx_word' id='word_1_679' title='bbox 1046 5511 1290 5578; x_wconf 74' lang='lat' dir='ltr'><strong>gelicnna</strong></span> <span class='ocrx_word' id='word_1_680' title='bbox 1337 5529 1455 5582; x_wconf 79' lang='lat' dir='ltr'><strong>qua:</strong></span> <span class='ocrx_word' id='word_1_681' title='bbox 1481 5512 1665 5581; x_wconf 86' lang='lat' dir='ltr'><strong>allicit,</strong></span> <span class='ocrx_word' id='word_1_682' title='bbox 1689 5524 1745 5569; x_wconf 89' lang='lat' dir='ltr'><strong>et</strong></span> <span class='ocrx_word' id='word_1_683' title='bbox 1772 5523 1849 5568; x_wconf 83' lang='lat' dir='ltr'><strong>ta-</strong></span> 
     </span>
    </p>
   </div>
   <div class='ocr_carea' id='block_1_90' title="bbox 342 5620 1304 5687">
    <p class='ocr_par' dir='ltr' id='par_1_90' title="bbox 342 5620 1304 5687">
     <span class='ocr_line' id='line_1_90' title="bbox 342 5620 1304 5687; baseline 0.003 -12"><span class='ocrx_word' id='word_1_684' title='bbox 342 5636 368 5662; x_wconf 67' lang='grc' dir='ltr'>ε</span> <span class='ocrx_word' id='word_1_685' title='bbox 400 5622 589 5676; x_wconf 64' lang='lat' dir='ltr'><strong>SloraI.</strong></span> <span class='ocrx_word' id='word_1_686' title='bbox 628 5623 679 5675; x_wconf 90' lang='lat' dir='ltr'><strong>in</strong></span> <span class='ocrx_word' id='word_1_687' title='bbox 707 5620 827 5681; x_wconf 77' lang='lat' dir='ltr'><strong>Job.</strong></span> <span class='ocrx_word' id='word_1_688' title='bbox 853 5622 946 5675; x_wconf 75' lang='grc' dir='ltr'>ιιι».</span> <span class='ocrx_word' id='word_1_689' title='bbox 981 5639 1107 5687; x_wconf 72' lang='lat' dir='ltr'><strong>xxv,</strong></span> <span class='ocrx_word' id='word_1_690' title='bbox 1138 5640 1187 5677; x_wconf 90' lang='lat' dir='ltr'><strong>c.</strong></span> <span class='ocrx_word' id='word_1_691' title='bbox 1224 5625 1304 5678; x_wconf 84' lang='lat' dir='ltr'><strong>l7.</strong></span> 
     </span>
    </p>
   </div>
   <div class='ocr_carea' id='block_1_91' title="bbox 343 5691 1390 5764">
    <p class='ocr_par' dir='ltr' id='par_1_91' title="bbox 343 5691 1390 5764">
     <span class='ocr_line' id='line_1_91' title="bbox 343 5691 1390 5764; baseline 0.001 -17"><span class='ocrx_word' id='word_1_692' title='bbox 343 5704 373 5732; x_wconf 77' lang='grc' dir='ltr'><strong><em>ο</em></strong></span> <span class='ocrx_word' id='word_1_693' title='bbox 396 5693 453 5747; x_wconf 81' lang='grc'><strong>5.</strong></span> <span class='ocrx_word' id='word_1_694' title='bbox 485 5694 678 5763; x_wconf 67' lang='lat' dir='ltr'><strong>(Steg,</strong></span> <span class='ocrx_word' id='word_1_695' title='bbox 706 5691 907 5764; x_wconf 79' lang='lat' dir='ltr'><strong>Dialog.</strong></span> <span class='ocrx_word' id='word_1_696' title='bbox 939 5692 1030 5747; x_wconf 87' lang='lat' dir='ltr'><strong>lib.</strong></span> <span class='ocrx_word' id='word_1_697' title='bbox 1060 5709 1130 5761; x_wconf 87' lang='lat' dir='ltr'><strong>Iv,</strong></span> <span class='ocrx_word' id='word_1_698' title='bbox 1161 5710 1275 5764; x_wconf 84' lang='lat' dir='ltr'><strong>cap.</strong></span> <span class='ocrx_word' id='word_1_699' title='bbox 1313 5695 1390 5748; x_wconf 82' lang='lat' dir='ltr'><strong>ii.</strong></span> 
     </span>
    </p>
   </div>
   <div class='ocr_carea' id='block_1_92' title="bbox 1944 3250 3521 3324">
    <p class='ocr_par' dir='ltr' id='par_1_92' title="bbox 1944 3250 3521 3324">
     <span class='ocr_line' id='line_1_92' title="bbox 1944 3250 3521 3324; baseline 0.004 -20"><span class='ocrx_word' id='word_1_700' title='bbox 1944 3251 2069 3306; x_wconf 90' lang='lat' dir='ltr'><strong>tatis</strong></span> <span class='ocrx_word' id='word_1_701' title='bbox 2097 3250 2348 3307; x_wconf 70' lang='lat' dir='ltr'><strong>secunda:</strong></span> <span class='ocrx_word' id='word_1_702' title='bbox 2388 3252 2581 3307; x_wconf 87' lang='lat' dir='ltr'><strong>mortis</strong></span> <span class='ocrx_word' id='word_1_703' title='bbox 2606 3252 2838 3307; x_wconf 91' lang='lat' dir='ltr'><strong>occidat.</strong></span> <span class='ocrx_word' id='word_1_704' title='bbox 2868 3251 2987 3308; x_wconf 80' lang='lat' dir='ltr'><strong>1am</strong></span> <span class='ocrx_word' id='word_1_705' title='bbox 3015 3269 3144 3309; x_wconf 89' lang='lat' dir='ltr'><strong>vero</strong></span> <span class='ocrx_word' id='word_1_706' title='bbox 3168 3254 3311 3324; x_wconf 90' lang='lat' dir='ltr'><strong>quod</strong></span> <span class='ocrx_word' id='word_1_707' title='bbox 3337 3255 3471 3311; x_wconf 90' lang='lat' dir='ltr'><strong>dicit</strong></span> <span class='ocrx_word' id='word_1_708' title='bbox 3500 3275 3521 3311; x_wconf 67' lang='grc' dir='ltr'><strong>ι</strong></span> 
     </span>
    </p>
   </div>
   <div class='ocr_carea' id='block_1_93' title="bbox 1950 3340 3519 3414">
    <p class='ocr_par' dir='ltr' id='par_1_93' title="bbox 1950 3340 3519 3414">
     <span class='ocr_line' id='line_1_93' title="bbox 1950 3340 3519 3414; baseline 0.005 -19"><span class='ocrx_word' id='word_1_709' title='bbox 1950 3340 2151 3396; x_wconf 84' lang='lat' dir='ltr'><strong>Vermis</strong></span> <span class='ocrx_word' id='word_1_710' title='bbox 2174 3357 2352 3395; x_wconf 89' lang='lat' dir='ltr'><strong>eorum</strong></span> <span class='ocrx_word' id='word_1_711' title='bbox 2404 3358 2508 3395; x_wconf 89' lang='lat' dir='ltr'><strong>non</strong></span> <span class='ocrx_word' id='word_1_712' title='bbox 2535 3343 2787 3396; x_wconf 79' lang='lat' dir='ltr'><strong>morietur</strong></span> <span class='ocrx_word' id='word_1_713' title='bbox 2820 3352 2870 3397; x_wconf 89' lang='lat' dir='ltr'><strong>et</strong></span> <span class='ocrx_word' id='word_1_714' title='bbox 2910 3344 3044 3414; x_wconf 87' lang='lat' dir='ltr'><strong>ignis</strong></span> <span class='ocrx_word' id='word_1_715' title='bbox 3090 3362 3271 3401; x_wconf 84' lang='lat' dir='ltr'><strong>eorum</strong></span> <span class='ocrx_word' id='word_1_716' title='bbox 3301 3363 3406 3401; x_wconf 84' lang='lat' dir='ltr'><strong>non</strong></span> <span class='ocrx_word' id='word_1_717' title='bbox 3426 3364 3519 3403; x_wconf 53' lang='lat' dir='ltr'><strong>eaa-</strong></span> 
     </span>
    </p>
   </div>
   <div class='ocr_carea' id='block_1_94' title="bbox 1940 3430 3516 3504">
    <p class='ocr_par' dir='ltr' id='par_1_94' title="bbox 1940 3430 3516 3504">
     <span class='ocr_line' id='line_1_94' title="bbox 1940 3430 3516 3504; baseline 0.006 -19"><span class='ocrx_word' id='word_1_718' title='bbox 1940 3433 2233 3502; x_wconf 85' lang='lat' dir='ltr'><strong>stinguetur</strong></span> <span class='ocrx_word' id='word_1_719' title='bbox 2255 3430 2389 3502; x_wconf 87' lang='lat' dir='ltr'><strong>(lsa.</strong></span> <span class='ocrx_word' id='word_1_720' title='bbox 2419 3448 2563 3499; x_wconf 75' lang='lat' dir='ltr'><strong>LXVI,</strong></span> <span class='ocrx_word' id='word_1_721' title='bbox 2591 3432 2705 3504; x_wconf 73' lang='grc'><strong>24),</strong></span> <span class='ocrx_word' id='word_1_722' title='bbox 2729 3435 2797 3489; x_wconf 88' lang='lat' dir='ltr'><strong>ad</strong></span> <span class='ocrx_word' id='word_1_723' title='bbox 2817 3443 2986 3489; x_wconf 87' lang='lat' dir='ltr'><strong>totam</strong></span> <span class='ocrx_word' id='word_1_724' title='bbox 3011 3435 3245 3491; x_wconf 75' lang='lat' dir='ltr'><strong>refertur</strong></span> <span class='ocrx_word' id='word_1_725' title='bbox 3271 3438 3516 3494; x_wconf 84' lang='lat' dir='ltr'><strong>damnati</strong></span> 
     </span>
    </p>
   </div>
   <div class='ocr_carea' id='block_1_95' title="bbox 1942 3520 3521 3598">
    <p class='ocr_par' dir='ltr' id='par_1_95' title="bbox 1942 3520 3521 3598">
     <span class='ocr_line' id='line_1_95' title="bbox 1942 3520 3521 3598; baseline 0.006 -25"><span class='ocrx_word' id='word_1_726' title='bbox 1942 3520 2179 3575; x_wconf 89' lang='lat' dir='ltr'><strong>hominis</strong></span> <span class='ocrx_word' id='word_1_727' title='bbox 2208 3536 2443 3590; x_wconf 65' lang='lat' dir='ltr'><strong>pinnam,</strong></span> <span class='ocrx_word' id='word_1_728' title='bbox 2480 3536 2642 3590; x_wconf 90' lang='lat' dir='ltr'><strong>quem</strong></span> <span class='ocrx_word' id='word_1_729' title='bbox 2695 3522 2985 3580; x_wconf 84' lang='lat' dir='ltr'><strong>incllicacis</strong></span> <span class='ocrx_word' id='word_1_730' title='bbox 3009 3526 3342 3593; x_wconf 65' lang='lat' dir='ltr'><strong>poenitentiae</strong></span> <span class='ocrx_word' id='word_1_731' title='bbox 3378 3528 3521 3598; x_wconf 86' lang='lat' dir='ltr'><strong>ignis</strong></span> 
     </span>
    </p>
   </div>
   <div class='ocr_carea' id='block_1_96' title="bbox 1940 3610 3520 3675">
    <p class='ocr_par' dir='ltr' id='par_1_96' title="bbox 1940 3610 3520 3675">
     <span class='ocr_line' id='line_1_96' title="bbox 1940 3610 3520 3675; baseline 0.004 -11"><span class='ocrx_word' id='word_1_732' title='bbox 1940 3610 2137 3675; x_wconf 80' lang='lat' dir='ltr'><strong>exurit,</strong></span> <span class='ocrx_word' id='word_1_733' title='bbox 2168 3618 2222 3664; x_wconf 89' lang='lat' dir='ltr'><strong>et</strong></span> <span class='ocrx_word' id='word_1_734' title='bbox 2248 3611 2618 3665; x_wconf 87' lang='lat' dir='ltr'><strong>eonsumentis</strong></span> <span class='ocrx_word' id='word_1_735' title='bbox 2646 3612 2992 3667; x_wconf 68' lang='lat' dir='ltr'><strong>conscientia:</strong></span> <span class='ocrx_word' id='word_1_736' title='bbox 3016 3613 3220 3667; x_wconf 90' lang='lat' dir='ltr'><strong>vermis</strong></span> <span class='ocrx_word' id='word_1_737' title='bbox 3240 3614 3520 3670; x_wconf 88' lang='lat' dir='ltr'><strong>immorta-</strong></span> 
     </span>
    </p>
   </div>
   <div class='ocr_carea' id='block_1_97' title="bbox 1942 3701 3522 3774">
    <p class='ocr_par' dir='ltr' id='par_1_97' title="bbox 1942 3701 3522 3774">
     <span class='ocr_line' id='line_1_97' title="bbox 1942 3701 3522 3774; baseline 0.004 -20"><span class='ocrx_word' id='word_1_738' title='bbox 1942 3701 2065 3756; x_wconf 88' lang='lat' dir='ltr'><strong>liter</strong></span> <span class='ocrx_word' id='word_1_739' title='bbox 2100 3701 2258 3756; x_wconf 88' lang='lat' dir='ltr'><strong>rodit.</strong></span> <span class='ocrx_word' id='word_1_740' title='bbox 2280 3701 2618 3772; x_wconf 77' lang='lat' dir='ltr'><strong>I’roindeque</strong></span> <span class='ocrx_word' id='word_1_741' title='bbox 2646 3716 2836 3756; x_wconf 89' lang='lat' dir='ltr'><strong>omnes</strong></span> <span class='ocrx_word' id='word_1_742' title='bbox 2857 3702 2949 3771; x_wconf 88' lang='lat' dir='ltr'><strong>qui</strong></span> <span class='ocrx_word' id='word_1_743' title='bbox 2984 3702 3037 3756; x_wconf 89' lang='lat' dir='ltr'><strong>in</strong></span> <span class='ocrx_word' id='word_1_744' title='bbox 3063 3704 3309 3774; x_wconf 88' lang='lat' dir='ltr'><strong>gebenna</strong></span> <span class='ocrx_word' id='word_1_745' title='bbox 3331 3705 3522 3760; x_wconf 84' lang='lat' dir='ltr'><strong>dicun-</strong></span> 
     </span>
    </p>
   </div>
   <div class='ocr_carea' id='block_1_98' title="bbox 1943 3791 3519 3861">
    <p class='ocr_par' dir='ltr' id='par_1_98' title="bbox 1943 3791 3519 3861">
     <span class='ocr_line' id='line_1_98' title="bbox 1943 3791 3519 3861; baseline 0.001 -14"><span class='ocrx_word' id='word_1_746' title='bbox 1943 3802 2032 3847; x_wconf 91' lang='lat' dir='ltr'><strong>tur</strong></span> <span class='ocrx_word' id='word_1_747' title='bbox 2052 3793 2246 3857; x_wconf 88' lang='lat' dir='ltr'><strong>occidi,</strong></span> <span class='ocrx_word' id='word_1_748' title='bbox 2285 3809 2391 3847; x_wconf 90' lang='lat' dir='ltr'><strong>non</strong></span> <span class='ocrx_word' id='word_1_749' title='bbox 2423 3793 2475 3848; x_wconf 89' lang='lat' dir='ltr'><strong>id</strong></span> <span class='ocrx_word' id='word_1_750' title='bbox 2503 3807 2626 3847; x_wconf 90' lang='lat' dir='ltr'><strong>cum</strong></span> <span class='ocrx_word' id='word_1_751' title='bbox 2652 3791 2757 3846; x_wconf 89' lang='lat' dir='ltr'><strong>illis</strong></span> <span class='ocrx_word' id='word_1_752' title='bbox 2777 3793 2974 3861; x_wconf 86' lang='lat' dir='ltr'><strong>agitur,</strong></span> <span class='ocrx_word' id='word_1_753' title='bbox 3020 3802 3080 3847; x_wconf 91' lang='lat' dir='ltr'><strong>ut</strong></span> <span class='ocrx_word' id='word_1_754' title='bbox 3113 3795 3365 3849; x_wconf 79' lang='lat' dir='ltr'><strong>maximis</strong></span> <span class='ocrx_word' id='word_1_755' title='bbox 3389 3809 3519 3850; x_wconf 84' lang='lat' dir='ltr'><strong>con-</strong></span> 
     </span>
    </p>
   </div>
   <div class='ocr_carea' id='block_1_99' title="bbox 1942 3880 3521 3951">
    <p class='ocr_par' dir='ltr' id='par_1_99' title="bbox 1942 3880 3521 3951">
     <span class='ocr_line' id='line_1_99' title="bbox 1942 3880 3521 3951; baseline 0.001 -15"><span class='ocrx_word' id='word_1_756' title='bbox 1942 3882 2143 3951; x_wconf 84' lang='lat' dir='ltr'><strong>sumpti</strong></span> <span class='ocrx_word' id='word_1_757' title='bbox 2182 3882 2454 3936; x_wconf 88' lang='lat' dir='ltr'><strong>doloribus</strong></span> <span class='ocrx_word' id='word_1_758' title='bbox 2483 3880 2773 3951; x_wconf 79' lang='lat' dir='ltr'><strong>aliquando</strong></span> <span class='ocrx_word' id='word_1_759' title='bbox 2800 3881 3083 3947; x_wconf 87' lang='lat' dir='ltr'><strong>deliciant,</strong></span> <span class='ocrx_word' id='word_1_760' title='bbox 3112 3881 3209 3936; x_wconf 87' lang='lat' dir='ltr'><strong>sed</strong></span> <span class='ocrx_word' id='word_1_761' title='bbox 3237 3890 3299 3937; x_wconf 90' lang='lat' dir='ltr'><strong>ut</strong></span> <span class='ocrx_word' id='word_1_762' title='bbox 3334 3881 3390 3942; x_wconf 84' lang='lat' dir='ltr'><strong>in</strong></span> <span class='ocrx_word' id='word_1_763' title='bbox 3412 3881 3521 3938; x_wconf 89' lang='lat' dir='ltr'><strong>illis</strong></span> 
     </span>
    </p>
   </div>
   <div class='ocr_carea' id='block_1_100' title="bbox 1941 3973 2509 4043">
    <p class='ocr_par' dir='ltr' id='par_1_100' title="bbox 1941 3973 2509 4043">
     <span class='ocr_line' id='line_1_100' title="bbox 1941 3973 2509 4043; baseline -0.002 -18"><span class='ocrx_word' id='word_1_764' title='bbox 1941 3973 2229 4043; x_wconf 76' lang='lat' dir='ltr'><strong>pmnaliter</strong></span> <span class='ocrx_word' id='word_1_765' title='bbox 2249 3974 2451 4027; x_wconf 84' lang='lat' dir='ltr'><strong>vivant.</strong></span> <span class='ocrx_word' id='word_1_766' title='bbox 2490 3992 2509 4024; x_wconf 74' lang='grc' dir='ltr'><strong>ι</strong></span> 
     </span>
    </p>
   </div>
   <div class='ocr_carea' id='block_1_101' title="bbox 2014 4063 3521 4137">
    <p class='ocr_par' dir='ltr' id='par_1_101' title="bbox 2014 4063 3521 4137">
     <span class='ocr_line' id='line_1_101' title="bbox 2014 4063 3521 4137; baseline 0.002 -20"><span class='ocrx_word' id='word_1_767' title='bbox 2014 4064 2140 4119; x_wconf 67' lang='grc' dir='ltr'><strong>ΙΙιυε</strong></span> <span class='ocrx_word' id='word_1_768' title='bbox 2162 4073 2216 4118; x_wconf 88' lang='lat' dir='ltr'><strong>et</strong></span> <span class='ocrx_word' id='word_1_769' title='bbox 2243 4064 2329 4118; x_wconf 88' lang='lat' dir='ltr'><strong>his</strong></span> <span class='ocrx_word' id='word_1_770' title='bbox 2351 4063 2547 4118; x_wconf 88' lang='lat' dir='ltr'><strong>similia</strong></span> <span class='ocrx_word' id='word_1_771' title='bbox 2579 4063 2814 4119; x_wconf 88' lang='lat' dir='ltr'><strong>libenter</strong></span> <span class='ocrx_word' id='word_1_772' title='bbox 2835 4063 3023 4119; x_wconf 88' lang='lat' dir='ltr'><strong>audire</strong></span> <span class='ocrx_word' id='word_1_773' title='bbox 3052 4064 3139 4119; x_wconf 89' lang='lat' dir='ltr'><strong>vel</strong></span> <span class='ocrx_word' id='word_1_774' title='bbox 3162 4064 3361 4136; x_wconf 86' lang='lat' dir='ltr'><strong>legere,</strong></span> <span class='ocrx_word' id='word_1_775' title='bbox 3376 4065 3521 4137; x_wconf 86' lang='lat' dir='ltr'><strong>jugi-</strong></span> 
     </span>
    </p>
   </div>
   <div class='ocr_carea' id='block_1_102' title="bbox 1945 4154 3517 4222">
    <p class='ocr_par' dir='ltr' id='par_1_102' title="bbox 1945 4154 3517 4222">
     <span class='ocr_line' id='line_1_102' title="bbox 1945 4154 3517 4222; baseline 0.003 -13"><span class='ocrx_word' id='word_1_776' title='bbox 1945 4164 2027 4209; x_wconf 77' lang='lat' dir='ltr'><strong>ter</strong></span> <span class='ocrx_word' id='word_1_777' title='bbox 2062 4162 2188 4208; x_wconf 88' lang='lat' dir='ltr'><strong>ante</strong></span> <span class='ocrx_word' id='word_1_778' title='bbox 2232 4154 2418 4209; x_wconf 87' lang='lat' dir='ltr'><strong>oculos</strong></span> <span class='ocrx_word' id='word_1_779' title='bbox 2463 4154 2661 4209; x_wconf 87' lang='lat' dir='ltr'><strong>mentis</strong></span> <span class='ocrx_word' id='word_1_780' title='bbox 2689 4155 2991 4220; x_wconf 89' lang='lat' dir='ltr'><strong>adducere,</strong></span> <span class='ocrx_word' id='word_1_781' title='bbox 3041 4156 3220 4210; x_wconf 84' lang='lat' dir='ltr'><strong>futura</strong></span> <span class='ocrx_word' id='word_1_782' title='bbox 3269 4158 3517 4222; x_wconf 87' lang='lat' dir='ltr'><strong>credere,</strong></span> 
     </span>
    </p>
   </div>
   <div class='ocr_carea' id='block_1_103' title="bbox 1944 4242 3522 4314">
    <p class='ocr_par' dir='ltr' id='par_1_103' title="bbox 1944 4242 3522 4314">
     <span class='ocr_line' id='line_1_103' title="bbox 1944 4242 3522 4314; baseline 0.001 -14"><span class='ocrx_word' id='word_1_783' title='bbox 1944 4245 2060 4300; x_wconf 90' lang='lat' dir='ltr'><strong>sine</strong></span> <span class='ocrx_word' id='word_1_784' title='bbox 2086 4243 2189 4297; x_wconf 88' lang='lat' dir='ltr'><strong>ulla</strong></span> <span class='ocrx_word' id='word_1_785' title='bbox 2231 4242 2664 4312; x_wconf 87' lang='lat' dir='ltr'><strong>perturbatione,</strong></span> <span class='ocrx_word' id='word_1_786' title='bbox 2705 4251 2763 4297; x_wconf 89' lang='lat' dir='ltr'><strong>et</strong></span> <span class='ocrx_word' id='word_1_787' title='bbox 2792 4258 2919 4298; x_wconf 86' lang='lat' dir='ltr'><strong>vere</strong></span> <span class='ocrx_word' id='word_1_788' title='bbox 2966 4245 3204 4314; x_wconf 88' lang='lat' dir='ltr'><strong>cogitare</strong></span> <span class='ocrx_word' id='word_1_789' title='bbox 3225 4244 3383 4314; x_wconf 84' lang='lat' dir='ltr'><strong>quale</strong></span> <span class='ocrx_word' id='word_1_790' title='bbox 3408 4261 3522 4301; x_wconf 84' lang='lat' dir='ltr'><strong>ma-</strong></span> 
     </span>
    </p>
   </div>
   <div class='ocr_carea' id='block_1_104' title="bbox 1942 4333 3517 4404">
    <p class='ocr_par' dir='ltr' id='par_1_104' title="bbox 1942 4333 3517 4404">
     <span class='ocr_line' id='line_1_104' title="bbox 1942 4333 3517 4404; baseline 0.001 -16"><span class='ocrx_word' id='word_1_791' title='bbox 1942 4335 2051 4389; x_wconf 86' lang='lat' dir='ltr'><strong>lum</strong></span> <span class='ocrx_word' id='word_1_792' title='bbox 2080 4334 2150 4389; x_wconf 89' lang='lat' dir='ltr'><strong>sit</strong></span> <span class='ocrx_word' id='word_1_793' title='bbox 2166 4334 2234 4388; x_wconf 88' lang='lat' dir='ltr'><strong>ab</strong></span> <span class='ocrx_word' id='word_1_794' title='bbox 2255 4333 2343 4388; x_wconf 91' lang='lat' dir='ltr'><strong>illo</strong></span> <span class='ocrx_word' id='word_1_795' title='bbox 2364 4334 2557 4403; x_wconf 85' lang='lat' dir='ltr'><strong>gaudio</strong></span> <span class='ocrx_word' id='word_1_796' title='bbox 2575 4333 2770 4388; x_wconf 71' lang='lat' dir='ltr'><strong>divinas</strong></span> <span class='ocrx_word' id='word_1_797' title='bbox 2794 4335 3263 4404; x_wconf 86' lang='lat' dir='ltr'><strong>contemplationis</strong></span> <span class='ocrx_word' id='word_1_798' title='bbox 3280 4335 3517 4399; x_wconf 68' lang='lat' dir='ltr'><strong>excludi,</strong></span> 
     </span>
    </p>
   </div>
   <div class='ocr_carea' id='block_1_105' title="bbox 1943 4425 3518 4497">
    <p class='ocr_par' dir='ltr' id='par_1_105' title="bbox 1943 4425 3518 4497">
     <span class='ocr_line' id='line_1_105' title="bbox 1943 4425 3518 4497; baseline -0.001 -16"><span class='ocrx_word' id='word_1_799' title='bbox 1943 4426 2254 4481; x_wconf 84' lang='lat' dir='ltr'><strong>beatissima</strong></span> <span class='ocrx_word' id='word_1_800' title='bbox 2311 4434 2619 4480; x_wconf 86' lang='lat' dir='ltr'><strong>sanctorum</strong></span> <span class='ocrx_word' id='word_1_801' title='bbox 2685 4425 2924 4479; x_wconf 90' lang='lat' dir='ltr'><strong>omnium</strong></span> <span class='ocrx_word' id='word_1_802' title='bbox 2986 4426 3244 4482; x_wconf 83' lang='lat' dir='ltr'><strong>societate</strong></span> <span class='ocrx_word' id='word_1_803' title='bbox 3294 4428 3518 4497; x_wconf 84' lang='lat' dir='ltr'><strong>privari,</strong></span> 
     </span>
    </p>
   </div>
   <div class='ocr_carea' id='block_1_106' title="bbox 1945 4515 3522 4591">
    <p class='ocr_par' dir='ltr' id='par_1_106' title="bbox 1945 4515 3522 4591">
     <span class='ocr_line' id='line_1_106' title="bbox 1945 4515 3522 4591; baseline 0.001 -20"><span class='ocrx_word' id='word_1_804' title='bbox 1945 4517 2062 4571; x_wconf 83' lang='lat' dir='ltr'><strong>ﬁeri</strong></span> <span class='ocrx_word' id='word_1_805' title='bbox 2084 4517 2271 4587; x_wconf 72' lang='lat' dir='ltr'><strong>patria:</strong></span> <span class='ocrx_word' id='word_1_806' title='bbox 2295 4515 2532 4571; x_wconf 77' lang='lat' dir='ltr'><strong>ctelestis</strong></span> <span class='ocrx_word' id='word_1_807' title='bbox 2554 4516 2973 4591; x_wconf 48' lang='lat' dir='ltr'><strong>extorresgnori</strong></span> <span class='ocrx_word' id='word_1_808' title='bbox 2995 4517 3118 4572; x_wconf 74' lang='lat' dir='ltr'><strong>vita:</strong></span> <span class='ocrx_word' id='word_1_809' title='bbox 3144 4517 3334 4583; x_wconf 81' lang='lat' dir='ltr'><strong>beatae,</strong></span> <span class='ocrx_word' id='word_1_810' title='bbox 3359 4518 3522 4572; x_wconf 88' lang='lat' dir='ltr'><strong>morti</strong></span> 
     </span>
    </p>
   </div>
   <div class='ocr_carea' id='block_1_107' title="bbox 1945 4604 3521 4676">
    <p class='ocr_par' dir='ltr' id='par_1_107' title="bbox 1945 4604 3521 4676">
     <span class='ocr_line' id='line_1_107' title="bbox 1945 4604 3521 4676; baseline -0.002 -15"><span class='ocrx_word' id='word_1_811' title='bbox 1945 4607 2127 4662; x_wconf 89' lang='lat' dir='ltr'><strong>vivere</strong></span> <span class='ocrx_word' id='word_1_812' title='bbox 2151 4606 2517 4674; x_wconf 67' lang='lat' dir='ltr'><strong>sempiternae,</strong></span> <span class='ocrx_word' id='word_1_813' title='bbox 2545 4604 2601 4657; x_wconf 91' lang='lat' dir='ltr'><strong>in</strong></span> <span class='ocrx_word' id='word_1_814' title='bbox 2647 4612 2912 4659; x_wconf 75' lang='lat' dir='ltr'><strong>mtcrnum</strong></span> <span class='ocrx_word' id='word_1_815' title='bbox 2949 4606 3127 4676; x_wconf 86' lang='lat' dir='ltr'><strong>ignem</strong></span> <span class='ocrx_word' id='word_1_816' title='bbox 3155 4620 3278 4660; x_wconf 92' lang='lat' dir='ltr'><strong>cum</strong></span> <span class='ocrx_word' id='word_1_817' title='bbox 3303 4606 3521 4661; x_wconf 78' lang='lat' dir='ltr'><strong>diabolo</strong></span> 
     </span>
    </p>
   </div>
   <div class='ocr_carea' id='block_1_108' title="bbox 1946 4694 3514 4767">
    <p class='ocr_par' dir='ltr' id='par_1_108' title="bbox 1946 4694 3514 4767">
     <span class='ocr_line' id='line_1_108' title="bbox 1946 4694 3514 4767; baseline -0.001 -16"><span class='ocrx_word' id='word_1_818' title='bbox 1946 4707 2001 4753; x_wconf 91' lang='lat' dir='ltr'><strong>et</strong></span> <span class='ocrx_word' id='word_1_819' title='bbox 2027 4697 2230 4767; x_wconf 86' lang='lat' dir='ltr'><strong>angelis</strong></span> <span class='ocrx_word' id='word_1_820' title='bbox 2262 4694 2379 4764; x_wconf 87' lang='lat' dir='ltr'><strong>ejus</strong></span> <span class='ocrx_word' id='word_1_821' title='bbox 2425 4694 2620 4765; x_wconf 77' lang='lat' dir='ltr'><strong>expelli</strong></span> <span class='ocrx_word' id='word_1_822' title='bbox 2651 4712 2663 4747; x_wconf 91' lang='lat'><strong>:</strong></span> <span class='ocrx_word' id='word_1_823' title='bbox 2693 4694 2781 4749; x_wconf 89' lang='lat' dir='ltr'><strong>ubi</strong></span> <span class='ocrx_word' id='word_1_824' title='bbox 2820 4696 2892 4749; x_wconf 90' lang='lat' dir='ltr'><strong>sit</strong></span> <span class='ocrx_word' id='word_1_825' title='bbox 2928 4712 3078 4751; x_wconf 87' lang='lat' dir='ltr'><strong>mors</strong></span> <span class='ocrx_word' id='word_1_826' title='bbox 3101 4697 3338 4751; x_wconf 86' lang='lat' dir='ltr'><strong>secunda</strong></span> <span class='ocrx_word' id='word_1_827' title='bbox 3368 4697 3514 4751; x_wconf 80' lang='lat' dir='ltr'><strong>dani-</strong></span> 
     </span>
    </p>
   </div>
   <div class='ocr_carea' id='block_1_109' title="bbox 1948 4784 3520 4855">
    <p class='ocr_par' dir='ltr' id='par_1_109' title="bbox 1948 4784 3520 4855">
     <span class='ocr_line' id='line_1_109' title="bbox 1948 4784 3520 4855; baseline 0.001 -15"><span class='ocrx_word' id='word_1_828' title='bbox 1948 4787 2089 4840; x_wconf 89' lang='lat' dir='ltr'><strong>natis</strong></span> <span class='ocrx_word' id='word_1_829' title='bbox 2113 4785 2378 4849; x_wconf 76' lang='lat' dir='ltr'><strong>exsilium,</strong></span> <span class='ocrx_word' id='word_1_830' title='bbox 2414 4784 2543 4850; x_wconf 88' lang='lat' dir='ltr'><strong>vita,</strong></span> <span class='ocrx_word' id='word_1_831' title='bbox 2583 4784 2935 4855; x_wconf 86' lang='lat' dir='ltr'><strong>supplicium;</strong></span> <span class='ocrx_word' id='word_1_832' title='bbox 2962 4802 3069 4840; x_wconf 92' lang='lat' dir='ltr'><strong>non</strong></span> <span class='ocrx_word' id='word_1_833' title='bbox 3104 4788 3307 4843; x_wconf 86' lang='lat' dir='ltr'><strong>sentire</strong></span> <span class='ocrx_word' id='word_1_834' title='bbox 3346 4787 3400 4841; x_wconf 92' lang='lat' dir='ltr'><strong>in</strong></span> <span class='ocrx_word' id='word_1_835' title='bbox 3430 4787 3520 4841; x_wconf 85' lang='lat' dir='ltr'><strong>illo</strong></span> 
     </span>
    </p>
   </div>
   <div class='ocr_carea' id='block_1_110' title="bbox 1950 4874 3524 4948">
    <p class='ocr_par' dir='ltr' id='par_1_110' title="bbox 1950 4874 3524 4948">
     <span class='ocr_line' id='line_1_110' title="bbox 1950 4874 3524 4948; baseline 0.001 -19"><span class='ocrx_word' id='word_1_836' title='bbox 1950 4878 2073 4948; x_wconf 84' lang='lat' dir='ltr'><strong>igne</strong></span> <span class='ocrx_word' id='word_1_837' title='bbox 2092 4876 2235 4946; x_wconf 89' lang='lat' dir='ltr'><strong>quod</strong></span> <span class='ocrx_word' id='word_1_838' title='bbox 2260 4874 2548 4942; x_wconf 90' lang='lat' dir='ltr'><strong>illuminat,</strong></span> <span class='ocrx_word' id='word_1_839' title='bbox 2573 4876 2778 4929; x_wconf 85' lang='lat' dir='ltr'><strong>sentire</strong></span> <span class='ocrx_word' id='word_1_840' title='bbox 2804 4875 2946 4944; x_wconf 88' lang='lat' dir='ltr'><strong>quod</strong></span> <span class='ocrx_word' id='word_1_841' title='bbox 2969 4876 3178 4930; x_wconf 86' lang='lat' dir='ltr'><strong>cruciat</strong></span> <span class='ocrx_word' id='word_1_842' title='bbox 3206 4896 3218 4930; x_wconf 76' lang='grc' dir='ltr'><em>τ</em></span> <span class='ocrx_word' id='word_1_843' title='bbox 3249 4876 3524 4931; x_wconf 75' lang='lat' dir='ltr'><strong>exundan-</strong></span> 
     </span>
    </p>
   </div>
   <div class='ocr_carea' id='block_1_111' title="bbox 1952 4967 3518 5037">
    <p class='ocr_par' dir='ltr' id='par_1_111' title="bbox 1952 4967 3518 5037">
     <span class='ocr_line' id='line_1_111' title="bbox 1952 4967 3518 5037; baseline -0.002 -13"><span class='ocrx_word' id='word_1_844' title='bbox 1952 4971 2021 5025; x_wconf 89' lang='lat' dir='ltr'><strong>tis</strong></span> <span class='ocrx_word' id='word_1_845' title='bbox 2048 4970 2282 5024; x_wconf 87' lang='lat' dir='ltr'><strong>incendii</strong></span> <span class='ocrx_word' id='word_1_846' title='bbox 2314 4967 2581 5023; x_wconf 87' lang='lat' dir='ltr'><strong>lerribiles</strong></span> <span class='ocrx_word' id='word_1_847' title='bbox 2601 4968 2860 5036; x_wconf 87' lang='lat' dir='ltr'><strong>strepitus</strong></span> <span class='ocrx_word' id='word_1_848' title='bbox 2881 4970 3010 5037; x_wconf 89' lang='lat' dir='ltr'><strong>pati,</strong></span> <span class='ocrx_word' id='word_1_849' title='bbox 3045 4970 3284 5023; x_wconf 83' lang='lat' dir='ltr'><strong>barathri</strong></span> <span class='ocrx_word' id='word_1_850' title='bbox 3306 4967 3518 5022; x_wconf 48' lang='lat' dir='ltr'><strong>l‘ntnan-</strong></span> 
     </span>
    </p>
   </div>
   <div class='ocr_carea' id='block_1_112' title="bbox 1954 5058 3523 5131">
    <p class='ocr_par' dir='ltr' id='par_1_112' title="bbox 1954 5058 3523 5131">
     <span class='ocr_line' id='line_1_112' title="bbox 1954 5058 3523 5131; baseline -0.003 -15"><span class='ocrx_word' id='word_1_851' title='bbox 1954 5063 2024 5117; x_wconf 86' lang='lat' dir='ltr'><strong>tis</strong></span> <span class='ocrx_word' id='word_1_852' title='bbox 2042 5077 2228 5116; x_wconf 84' lang='lat' dir='ltr'><strong>amara</strong></span> <span class='ocrx_word' id='word_1_853' title='bbox 2255 5060 2485 5131; x_wconf 83' lang='lat' dir='ltr'><strong>caligine</strong></span> <span class='ocrx_word' id='word_1_854' title='bbox 2513 5059 2700 5114; x_wconf 86' lang='lat' dir='ltr'><strong>oculos</strong></span> <span class='ocrx_word' id='word_1_855' title='bbox 2724 5059 2937 5123; x_wconf 66' lang='lat' dir='ltr'><strong>etecari,</strong></span> <span class='ocrx_word' id='word_1_856' title='bbox 2967 5059 3231 5127; x_wconf 83' lang='lat' dir='ltr'><strong>profundo</strong></span> <span class='ocrx_word' id='word_1_857' title='bbox 3264 5058 3523 5127; x_wconf 70' lang='lat' dir='ltr'><strong>gehenna.:</strong></span> 
     </span>
    </p>
   </div>
   <div class='ocr_carea' id='block_1_113' title="bbox 1953 5147 3521 5219">
    <p class='ocr_par' dir='ltr' id='par_1_113' title="bbox 1953 5147 3521 5219">
     <span class='ocr_line' id='line_1_113' title="bbox 1953 5147 3521 5219; baseline -0.004 -13"><span class='ocrx_word' id='word_1_858' title='bbox 1953 5152 2261 5206; x_wconf 83' lang='lat' dir='ltr'><strong>ﬂuctuantis</strong></span> <span class='ocrx_word' id='word_1_859' title='bbox 2307 5148 2929 5219; x_wconf 76' lang='lat' dir='ltr'><strong>ilnlnergi,edacissimis</strong></span> <span class='ocrx_word' id='word_1_860' title='bbox 2974 5149 3027 5202; x_wconf 88' lang='lat' dir='ltr'><strong>in</strong></span> <span class='ocrx_word' id='word_1_861' title='bbox 3082 5158 3344 5201; x_wconf 70' lang='lat' dir='ltr'><strong>mtcrnuin</strong></span> <span class='ocrx_word' id='word_1_862' title='bbox 3382 5147 3521 5201; x_wconf 81' lang='lat' dir='ltr'><strong>dila-</strong></span> 
     </span>
    </p>
   </div>
   <div class='ocr_carea' id='block_1_114' title="bbox 1954 5237 3522 5305">
    <p class='ocr_par' dir='ltr' id='par_1_114' title="bbox 1954 5237 3522 5305">
     <span class='ocr_line' id='line_1_114' title="bbox 1954 5237 3522 5305; baseline -0.004 -6"><span class='ocrx_word' id='word_1_863' title='bbox 1954 5244 2092 5299; x_wconf 89' lang='lat' dir='ltr'><strong>niari</strong></span> <span class='ocrx_word' id='word_1_864' title='bbox 2123 5242 2417 5305; x_wconf 88' lang='lat' dir='ltr'><strong>vermibus,</strong></span> <span class='ocrx_word' id='word_1_865' title='bbox 2454 5256 2554 5294; x_wconf 88' lang='lat' dir='ltr'><strong>nee</strong></span> <span class='ocrx_word' id='word_1_866' title='bbox 2589 5240 2762 5303; x_wconf 72' lang='lat' dir='ltr'><strong>finiri;</strong></span> <span class='ocrx_word' id='word_1_867' title='bbox 2789 5240 2903 5293; x_wconf 62' lang='lat' dir='ltr'><strong>haec</strong></span> <span class='ocrx_word' id='word_1_868' title='bbox 2928 5248 2985 5293; x_wconf 92' lang='lat' dir='ltr'><strong>et</strong></span> <span class='ocrx_word' id='word_1_869' title='bbox 3012 5238 3174 5292; x_wconf 85' lang='lat' dir='ltr'><strong>multa</strong></span> <span class='ocrx_word' id='word_1_870' title='bbox 3203 5237 3288 5291; x_wconf 83' lang='lat' dir='ltr'><strong>his</strong></span> <span class='ocrx_word' id='word_1_871' title='bbox 3325 5237 3522 5292; x_wconf 77' lang='lat' dir='ltr'><strong>sinulia</strong></span> 
     </span>
    </p>
   </div>
   <div class='ocr_carea' id='block_1_115' title="bbox 1950 5326 3523 5403">
    <p class='ocr_par' dir='ltr' id='par_1_115' title="bbox 1950 5326 3523 5403">
     <span class='ocr_line' id='line_1_115' title="bbox 1950 5326 3523 5403; baseline -0.005 -16"><span class='ocrx_word' id='word_1_872' title='bbox 1950 5332 2213 5403; x_wconf 85' lang='lat' dir='ltr'><strong>cogitare,</strong></span> <span class='ocrx_word' id='word_1_873' title='bbox 2242 5330 2373 5383; x_wconf 81' lang='lat' dir='ltr'><strong>nihil</strong></span> <span class='ocrx_word' id='word_1_874' title='bbox 2416 5338 2499 5383; x_wconf 91' lang='lat' dir='ltr'><strong>cst</strong></span> <span class='ocrx_word' id='word_1_875' title='bbox 2536 5329 2679 5383; x_wconf 89' lang='lat' dir='ltr'><strong>aliud</strong></span> <span class='ocrx_word' id='word_1_876' title='bbox 2708 5343 2869 5397; x_wconf 87' lang='lat' dir='ltr'><strong>quam</strong></span> <span class='ocrx_word' id='word_1_877' title='bbox 2908 5327 3052 5380; x_wconf 87' lang='lat' dir='ltr'><strong>vitiis</strong></span> <span class='ocrx_word' id='word_1_878' title='bbox 3079 5326 3332 5381; x_wconf 87' lang='lat' dir='ltr'><strong>omnibus</strong></span> <span class='ocrx_word' id='word_1_879' title='bbox 3365 5341 3523 5394; x_wconf 78' lang='lat' dir='ltr'><strong>rcptt-</strong></span> 
     </span>
    </p>
   </div>
   <div class='ocr_carea' id='block_1_116' title="bbox 1952 5417 3522 5482">
    <p class='ocr_par' dir='ltr' id='par_1_116' title="bbox 1952 5417 3522 5482">
     <span class='ocr_line' id='line_1_116' title="bbox 1952 5417 3522 5482; baseline -0.003 -7"><span class='ocrx_word' id='word_1_880' title='bbox 1952 5421 2099 5476; x_wconf 89' lang='lat' dir='ltr'><strong>dium</strong></span> <span class='ocrx_word' id='word_1_881' title='bbox 2126 5421 2273 5482; x_wconf 86' lang='lat' dir='ltr'><strong>dare,</strong></span> <span class='ocrx_word' id='word_1_882' title='bbox 2307 5418 2487 5473; x_wconf 86' lang='lat' dir='ltr'><strong>omnia</strong></span> <span class='ocrx_word' id='word_1_883' title='bbox 2526 5418 2890 5473; x_wconf 87' lang='lat' dir='ltr'><strong>blandimenta</strong></span> <span class='ocrx_word' id='word_1_884' title='bbox 2941 5417 3180 5471; x_wconf 82' lang='lat' dir='ltr'><strong>carnalia</strong></span> <span class='ocrx_word' id='word_1_885' title='bbox 3229 5418 3522 5472; x_wconf 77' lang='lat' dir='ltr'><strong>refrenare.</strong></span> 
     </span>
    </p>
   </div>
   <div class='ocr_carea' id='block_1_117' title="bbox 1955 5508 3527 5579">
    <p class='ocr_par' dir='ltr' id='par_1_117' title="bbox 1955 5508 3527 5579">
     <span class='ocr_line' id='line_1_117' title="bbox 1955 5508 3527 5579; baseline 0.001 -15"><span class='ocrx_word' id='word_1_886' title='bbox 1955 5511 2087 5578; x_wconf 75' lang='lat' dir='ltr'><strong>Quis</strong></span> <span class='ocrx_word' id='word_1_887' title='bbox 2128 5520 2235 5564; x_wconf 91' lang='lat' dir='ltr'><strong>tam</strong></span> <span class='ocrx_word' id='word_1_888' title='bbox 2298 5508 2503 5564; x_wconf 61' lang='lat' dir='ltr'><strong>stolidae</strong></span> <span class='ocrx_word' id='word_1_889' title='bbox 2550 5509 2767 5572; x_wconf 88' lang='lat' dir='ltr'><strong>mentis,</strong></span> <span class='ocrx_word' id='word_1_890' title='bbox 2824 5518 3039 5577; x_wconf 87' lang='lat' dir='ltr'><strong>tamque</strong></span> <span class='ocrx_word' id='word_1_891' title='bbox 3077 5508 3237 5564; x_wconf 76' lang='lat' dir='ltr'><strong>ferrei</strong></span> <span class='ocrx_word' id='word_1_892' title='bbox 3290 5511 3527 5579; x_wconf 81' lang='lat' dir='ltr'><strong>pectoris</strong></span> 
     </span>
    </p>
   </div>
   <div class='ocr_carea' id='block_1_118' title="bbox 2031 5620 2970 5693">
    <p class='ocr_par' dir='ltr' id='par_1_118' title="bbox 2031 5620 2970 5693">
     <span class='ocr_line' id='line_1_118' title="bbox 2031 5620 2970 5693; baseline -0.007 -12"><span class='ocrx_word' id='word_1_893' title='bbox 2031 5640 2050 5668; x_wconf 73' lang='grc' dir='ltr'><strong>ο</strong></span> <span class='ocrx_word' id='word_1_894' title='bbox 2079 5628 2150 5681; x_wconf 74' lang='lat' dir='ltr'><strong>De</strong></span> <span class='ocrx_word' id='word_1_895' title='bbox 2170 5624 2282 5679; x_wconf 75' lang='lat' dir='ltr'><strong>Vita</strong></span> <span class='ocrx_word' id='word_1_896' title='bbox 2313 5633 2606 5693; x_wconf 76' lang='lat' dir='ltr'><strong>coutcmp.,</strong></span> <span class='ocrx_word' id='word_1_897' title='bbox 2633 5624 2665 5676; x_wconf 89' lang='grc' dir='ltr'><strong>Ι.</strong></span> <span class='ocrx_word' id='word_1_898' title='bbox 2691 5638 2771 5689; x_wconf 71' lang='grc' dir='ltr'>ιιι.</span> <span class='ocrx_word' id='word_1_899' title='bbox 2805 5638 2851 5675; x_wconf 86' lang='lat' dir='ltr'><strong>c.</strong></span> <span class='ocrx_word' id='word_1_900' title='bbox 2890 5620 2970 5675; x_wconf 73' lang='lat' dir='ltr'><strong>l2.</strong></span> 
     </span>
    </p>
   </div>
  </div>
