3956 6186
335 358 442 431 175

1388 360 1581 426 1οΝᾹὶ
1619 360 2167 424 AURELIANENSIS
2204 362 2509 422 EPlSCOPl

3465 361 3571 421 2'76

334 490 538 557 existit,
566 499 725 561 Quem
763 489 862 543 ista
919 496 1025 541 non
1074 485 1350 539 terreant?
1394 482 1713 539 Miserabilis
1743 482 1901 552 plane
1928 485 1978 540 A
2004 495 2301 550 aquarum:
2325 492 2373 535 et
2402 482 2656 552 absterget
2689 482 2945 536 Dominus
2968 491 3171 536 omnem
3199 478 3484 555 lacrymam
3506 484 3574 537 ab

332 590 390 643 et
413 582 568 639 valde
595 580 833 652 lugubris
851 579 1087 634 humana
1117 576 1374 642 conditio,
1395 590 1515 645 qua:
1543 576 1598 630 in
1627 574 1730 631 hac
1756 588 1903 628 mor—

335 664 546 728 talitate
580 682 852 739 nunquam
898 666 1016 721 sine
1057 663 1244 720 labore
1293 664 1444 719 vivit.
1476 663 1635 733 Quid,
1658 663 1899 735 inquam,

336 759 699 820 tuiserahilius
736 766 791 813 et
832 756 1099 813 infelicius
1138 768 1258 811 esse
1307 763 1507 825 potest,
1530 750 1574 810 si
1604 756 1671 810 de
1718 753 1906 809 labore

334 849 587 923 praesenti
608 848 676 902 ad
697 847 939 902 laborem
963 854 1223 901 aeternum
1248 853 1298 899 et
1321 843 1525 899 nullum
1556 843 1718 898 ﬁnem
1745 843 1905 898 habi-

335 950 516 998 turum
539 936 890 1012 pervenitur?
928 935 1118 991 Nonne
1137 936 1309 991 satius
1331 933 1508 989 fuerat
1535 947 1659 988 eum
1681 947 1786 987 non
1809 947 1907 987 na-

336 1030 437 1095 sci,
467 1041 631 1100 quam
679 1034 887 1092 natum,
933 1035 990 1080 et
1013 1024 1135 1079 ﬁdei
1162 1022 1514 1079 sacramentis
1537 1020 1823 1087 imbutum,
1854 1028 1910 1076 et

336 1111 592 1192 periculis
612 1106 773 1186 huius
812 1116 937 1170 vitae
979 1123 1224 1178 exutum,
1253 1120 1474 1182 propter
1516 1110 1780 1166 scelerum
1808 1109 1911 1164 im;

337 1208 651 1263 inanitatem
694 1206 912 1261 aeternis
967 1203 1264 1274 mancipari
1323 1200 1633 1272 suppliciis?
1678 1199 1918 1258 Proinde.

340 1300 561 1356 necesse
584 1306 668 1354 est
692 1304 751 1352 ut
782 1298 883 1351 hoc
911 1304 1078 1365 parvo
1108 1292 1366 1363 temporis
1389 1292 1564 1363 Spatio
1592 1292 1671 1347 sic
1700 1293 1767 1347 ab
1794 1305 1912 1347 orn-

339 1388 499 1445 nibus
522 1388 704 1443 vivere
726 1386 1026 1451 studeatur,
1048 1392 1107 1438 ut
1124 1382 1335 1453 quando
1356 1397 1423 1437 ex
1439 1374 1543 1438 hoc
1570 1382 1773 1437 exitum
1795 1379 1910 1435 i‘ue—

340 1478 436 1541 rit,
475 1485 675 1539 aterna
720 1473 981 1545 supplicia
1007 1473 1327 1537 evadantur,
1365 1479 1421 1527 et
1466 1480 1738 1541 perpetua:
1790 1470 1914 1525 vita:

338 1567 563 1639 prtemia
595 1564 1002 1622 nanciscantur.

929 1646 1158 1713 CAPUT
1195 1654 1315 1710 XX.

541 1763 545 1766 '
574 1736 652 1801 De
680 1740 959 1800 electorum
988 1744 1300 1815 sempiterna
1334 1743 1687 1799 retributione.

2004 571 2168 625 oculis
2204 587 2385 625 eorum
2413 568 2595 643 (Apoc.
2624 587 2718 635 vu,
2749 571 2857 642 14).

2018 656 2021 659 ⁷
2072 648 2132 715 In
2177 659 2315 716 libro
2358 659 2654 715 Enchiridii
2696 660 2848 731 (Cap.
2881 658 2972 726 94)
3015 677 3029 691 -
3090 674 3110 710 ι
3152 658 3582 717 Remanentihus

2004 749 2184 818 itaque
2203 746 2408 821 angelis
2420 759 2475 803 et
2495 748 2805 804 hominibus
2827 748 3072 818 reprohts
3096 747 3149 802 in
3172 756 3371 804 πίοι-[ιε
3393 765 3575 820 poma,

2004 843 2132 892 tunc
2166 836 2341 893 sancti
2386 837 2559 893 scient
2598 836 2811 907 plenius
2839 837 2968 906 quid
2997 835 3123 891 boni
3164 836 3245 892 eis
3288 838 3582 893 contulerit

2005 925 2200 996 gratia.
2229 921 2381 982 Tunc
2413 927 2575 981 rebus
2597 925 2729 996 ipsis
2752 924 3090 979 evidentibus
3123 925 3409 994 apparebit
3435 925 3582 994 quod

2005 1014 2060 1074 in
2087 1019 2294 1090 psalmo
2328 1018 2589 1088 scriptum
2627 1025 2752 1073 est:
2784 1011 3200 1072 Misericordiam
3241 1026 3289 1072 et
3314 1015 3583 1087 judicium

2005 1111 2226 1166 cantabo
2246 1112 2359 1176 tibi,
2383 1102 2604 1164 Domine
2634 1106 2804 1181 (Psal.
2836 1122 2890 1175 α,
2922 1107 2996 1179 1).
3019 1127 3039 1161 ι
3064 1107 3355 1177 Gregorius
3387 1108 3439 1162 in
3469 1105 3582 1160 Mo-

2007 1194 2209 1255 ralibus
2234 1199 2370 1271 (Lib.
2396 1215 2561 1265 xxxv,
2586 1216 2701 1269 cap.
2725 1197 2781 1264 9,
2816 1199 2936 1251 init.
2974 1195 3094 1252 aliis
3128 1197 3314 1268 verbis)
3338 1216 3351 1252 :
3377 1195 3581 1252 Sancta

2007 1288 2250 1343 Ecclesia
2276 1296 2399 1359 post
2446 1286 2608 1343 linem
2653 1285 2812 1355 hujus
2862 1285 3045 1342 saeculi
3093 1285 3583 1356 duplicia—recipit.

2010 1373 2162 1436 Unde
2183 1381 2321 1435 bene
2351 1393 2445 1450 per
2472 1379 2789 1450 prophetam
2816 1374 3015 1433 dicitur
3043 1395 3057 1431 :
3087 1375 3154 1431 In
3189 1385 3330 1433 terra
3354 1393 3453 1432 sua
3481 1377 3593 1431 dua

2007 1472 2165 1544 plicia
2192 1471 2527 1543 possidebunt
2550 1470 2683 1541 (Isa.
2706 1484 2820 1535 ut,
2840 1463 2917 1541 7).
2943 1462 3126 1524 Sancti
3146 1467 3342 1539 quippe
3361 1469 3416 1523 in
3440 1475 3587 1523 terra

2010 1562 2304 1617 viventium
2330 1560 2563 1631 duplicia
2591 1559 2885 1630 possident,
2914 1558 3005 1628 qui
3054 1558 3311 1613 nimirum
3353 1556 3592 1613 beatitua

2011 1652 2135 1707 dine
2187 1651 2384 1708 mentis
2429 1648 2589 1706 simul
2617 1659 2675 1706 et
2701 1649 2945 1720 corporis
2980 1646 3233 1721 gaudent.
3261 1646 3498 1707 Joannes
3522 1647 3583 1701 in

2017 1738 2352 1812 Apocalypsi,
2377 1739 2469 1810 qui
2496 1740 2951 1796 resurrectionem
2975 1752 3260 1809 corporum
3285 1738 3586 1794 clamantes

410 1825 551 1901 Quid
581 1833 804 1903 majoris
833 1810 1283 1889 remunerationis
1311 1840 1432 1903 post
1455 1828 1910 1891 resurrectionem
1942 1810 1988 1870 Β
2016 1810 2325 1884 sanctorum
2348 1828 2559 1883 animas
2574 1827 2730 1893 vidit,
2755 1827 3027 1897 accepisse
3046 1841 3139 1881 eas
3160 1825 3588 1895 stolassinguias

342 1925 602 1997 consequi
643 1928 897 1997 poterunt
936 1922 1132 1991 sancti,
1153 1934 1316 1994 quam
1350 1925 1614 1995 perpetim
1639 1940 1759 1981 esse
1788 1940 1909 1981 cum

342 2014 570 2070 Domino
597 2014 732 2069 suo?
759 2011 911 2069 Unde
958 2011 1207 2075 Christus
1246 2011 1315 2067 ad
1360 2010 1613 2067 Patrem:
1649 2007 1801 2079 Volo,
1832 2013 1915 2067 in-

344 2105 482 2175 quit,
508 2113 566 2158 ut
594 2103 687 2157 ubi
705 2107 797 2173 e‘go
834 2119 973 2167 sum,
996 2111 1043 2157 et
1072 2101 1171 2172 ipsi
1212 2101 1316 2156 sint
1336 2116 1537 2156 mecum
1567 2092 1749 2174 (Joan.
1780 2110 1912 2169 Xvn,

338 2191 457 2268 Μ).
482 2195 600 2265 ipse
621 2193 815 2264 quippe
837 2201 1001 2263 caput
1020 2201 1263 2248 nostrum
1285 2198 1387 2258 est,
1408 2198 1464 2247 et
1488 2206 1596 2263 quo
1621 2190 1710 2248 ille
1729 2206 1916 2249 ascen-

344 2286 443 2352 dit,
474 2298 572 2341 nos
595 2283 781 2355 procul
804 2282 964 2339 dubio
995 2283 1270 2338 aseensuri
1299 2272 1585 2348 sumus,et
1611 2284 1917 2353 percepturi

346 2371 495 2428 illud.
511 2372 681 2429 Unde
733 2371 1014 2427 Psalmista
1058 2370 1330 2426 inbianter
1366 2370 1581 2426 aiebat:
1609 2370 1780 2436 Quam
1804 2387 1919 2425 mad-

345 2477 448 2533 gna
473 2460 752 2515 multitudo
774 2460 1062 2516 dulcedinis
1092 2470 1213 2525 tute,
1244 2460 1489 2527 Domine“,
1516 2473 1672 2532 quam
1704 2462 1921 2517 abscono

347 2552 473 2607 disti
501 2552 799 2606 timentibus
819 2562 868 2606 te
891 2551 1063 2623 (Psal.
1093 2564 1221 2618 xxx,
1251 2550 1364 2624 ΞΟ),
1392 2560 1499 2608 etc.
1528 2552 1663 2608 item
1693 2570 1706 2607 :
1739 2551 1920 2608 Domi-

349 2650 449 2696 nus
477 2641 606 2711 regit
632 2656 712 2695 me
751 2649 800 2695 et
837 2638 969 2694 nihil
998 2639 1127 2693 mihi
1154 2639 1319 2694 deerit
1348 2655 1367 2695 :
1394 2640 1449 2694 in
1474 2639 1587 2694 loco
1610 2657 1821 2711 pascua:
1845 2642 1919 2697 ibi

343 2743 429 2784 me
446 2728 718 2784 collocauit
751 2728 923 2801 (Psal.
947 2741 1079 2794 xxn,
1112 2727 1186 2800 1).
1215 2728 1345 2785 Item
1376 2746 1390 2783 :
1424 2728 1539 2800 Ego
1569 2738 1743 2784 autem
1782 2732 1919 2787 sicut

345 2816 482 2901 olirtt
509 2818 784 2901 fructifera
808 2818 865 2873 in
888 2817 1043 2872 domo
1070 2817 1187 2884 Dei,
1220 2820 1422 2889 speravi
1463 2820 1517 2873 in
1558 2820 1918 2876 misericordia

346 2898 445 2962 Dei
465 2904 522 2962 in
554 2898 813 2962 aeternum
832 2915 881 2962 et
913 2908 971 2962 in
999 2906 1249 2962 sarculum
1279 2907 1460 2962 surculi
1491 2907 1663 2977 (Psal.
1695 2926 1770 2978 LI,
1803 2911 1914 2984 10).

345 2987 479 3052 item
505 3014 521 3053 :
549 2996 714 3052 Credo
749 2996 922 3051 uidere
958 2997 1092 3051 bona
1118 2997 1332 3052 Domini
1378 2998 1435 3051 in
1473 3006 1613 3053 terra
1637 3000 1918 3055 viventium

347 3085 521 3158 (Psal.
545 3100 697 3150 xxvi,
722 3084 833 3156 15).
862 3084 920 3139 ln
946 3084 1083 3140 libro
1110 3084 1400 3156 Sapientia:
1430 3103 1444 3141 :
1476 3086 1663 3142 Justus
1683 3104 1920 3160 quacun-

2012 1918 2244 1989 aspexit,
2273 1918 2458 1973 dicens
2484 1934 2499 1971 :
2525 1917 2591 1971 Et
2612 1916 2752 1971 datae
2778 1925 2898 1972 sunt
2923 1916 2997 1971 eis
3019 1915 3167 1971 stolw
3187 1914 3408 1985 singulo:
3428 1914 3586 1982 albw,

2013 2018 2062 2063 et
2088 2008 2282 2062 dictum
2304 2017 2380 2062 est
2409 2007 2516 2061 illis
2545 2016 2601 2060 ut
2630 2008 3001 2077 requiescerent
3031 2015 3230 2076 tempus
3263 2004 3434 2059 adhuc
3464 2020 3585 2057 mo-

2015 2096 2210 2165 dicum,
2246 2098 2410 2153 donec
2430 2098 2709 2168 impleatur
2734 2113 2980 2151 numerus
3007 2107 3374 2151 conservorum
3404 2103 3452 2149 et
3480 2093 3595 2163 fro.

2016 2198 2155 2245 trum
2180 2206 2358 2246 eorum
2386 2189 2568 2263 (Apoc.
2591 2203 2667 2255 vi,
2696 2188 2808 2260 11).
2832 2187 2973 2245 Ante
2998 2185 3450 2242 resurrectionem
3471 2199 3595 2240 san-

1996 2282 2091 2339 'cti
2135 2282 2302 2338 stolas
2345 2278 2583 2352 singulas
2631 2279 2903 2349 accepisse
2950 2277 3076 2334 :licti
3117 2282 3264 2341 sunt,
3298 2275 3423 2345 quia
3473 2272 3595 2329 sola

2018 2360 2195 2426 adhuc
2241 2370 2439 2426 mentis
2486 2368 2816 2424 beatitudine
2855 2365 3224 2438 perfruuntur.
3259 2363 3421 2418 Binas
3460 2378 3598 2434 ergo

2017 2461 2295 2532 accepturi
2344 2468 2492 2527 sunt,
2551 2458 2769 2531 quando
2821 2471 2946 2513 cum
2989 2455 3289 2510 animarum
3349 2452 3599 2524 perfecto

2016 2551 2232 2624 gaudio,
2270 2552 2434 2607 etiam
2475 2560 2763 2621 corpttrum
2810 2546 3213 2618 incorruptione
3253 2545 3594 2610 vestientur;

2018 2646 2148 2699 tunc
2176 2642 2321 2698 enim
2349 2655 2479 2697 vera
2529 2641 2582 2696 in
2628 2640 2785 2695 nobis
2823 2639 3046 2695 libertas
3075 2636 3200 2703 erit,
3231 2650 3353 2691 cum
3384 2635 3451 2689 ad
3474 2635 3566 2705 gio

2019 2735 2157 2791 riam
2192 2727 2424 2789 ﬁliorum
2466 2726 2562 2789 Dei
2587 2730 2804 2802 adoptio
2831 2738 3018 2785 nostra
3056 2725 3386 2799 pervenerit.
3414 2724 3599 2780 Multi.

2021 2825 2150 2879 tudo
2172 2823 2469 2879 electorum
2490 2836 2634 2877 nunc
2660 2821 2728 2877 ad
2756 2819 2915 2875 ﬁdem
2959 2828 3058 2890 per
3108 2825 3325 2873 sanctos
3344 2816 3600 2871 doctores

2019 2914 2277 2980 trahitur,
2305 2913 2400 2969 sed
2436 2912 2755 2982 quandoque
2782 2910 2850 2964 ad
2874 2908 3151 2965 ccelestem
3192 2901 3426 2976 patriam
3464 2919 3604 2961 cuna

2022 3014 2300 3080 gregatur,
2330 3013 2392 3060 ut
2414 3005 2491 3060 ibi
2520 3017 2710 3060 omnes
2732 2998 2890 3057 electi
2914 3000 3033 3057 sine
3056 2999 3164 3055 ﬁne
3202 2997 3442 3062 laudent,
3470 3006 3601 3051 cum

2021 3098 2258 3154 viderint
2284 3098 2402 3154 sine
2428 3096 2534 3152 ﬁne
2562 3110 2722 3166 quem
2751 3092 2991 3149 laudent.
3017 3085 3075 3147 ln
3101 3096 3301 3146 aeterna
3333 3090 3440 3145 vita
3465 3103 3603 3160 per-

280 3211 287 3217 .
343 3191 447 3247 que
461 3184 624 3230 morte
641 3184 1030 3246 prwoccttpattts
1051 3175 1229 3245 fuerit,
1253 3176 1431 3232 animo
1458 3177 1603 3233 illius
1623 3179 1680 3234 in
1702 3180 1919 3251 refrige-
1946 3160 1994 3227 Ο
2024 3187 2167 3245 lecte
2193 3198 2389 3258 corpus
2422 3160 2807 3256 Redemptoris
2834 3179 3063 3238 edicitur
3101 3179 3279 3236 omnis
3310 3174 3603 3235 multitudo

346 3268 427 3321 rio
463 3266 562 3321 erit
590 3264 745 3339 (Sep.
781 3281 858 3334 tv,
886 3265 962 3336 7).
1017 3267 1151 3322 Item
1179 3285 1193 3322 :
1225 3267 1424 3323 Beatus
1473 3271 1554 3325 uir
1596 3271 1687 3343 qui
1734 3274 1919 3343 suffert

347 3357 707 3424 mansionem,
745 3358 993 3429 quoniam
1045 3363 1164 3412 cum
1212 3359 1462 3430 probatus
1495 3359 1676 3430 fuerit,
1703 3363 1918 3434 accipiet

347 3458 593 3501 coronam
614 3445 751 3511 vita,
782 3460 942 3517 quam
976 3448 1267 3517 repromisit
1296 3448 1555 3505 Dominus
1583 3451 1918 3522 diligentibus

345 3549 402 3589 se
425 3531 568 3604 (Jac.
592 3549 634 3599 ι,
659 3532 771 3603 12).
798 3530 931 3588 Item
964 3546 977 3588 :
1008 3532 1149 3589 Iusti
1193 3544 1368 3590 autem
1406 3538 1463 3591 in
1497 3549 1803 3609 perpetuum
1850 3542 1920 3595 uio

345 3634 497 3691 sent;
522 3633 571 3679 et
592 3625 733 3696 apud
763 3625 1046 3681 Dominum
1074 3637 1149 3683 est
1190 3644 1383 3683 merces
1425 3644 1627 3697 eorum,
1649 3640 1697 3686 et
1726 3632 1921 3703 cogita-

347 3712 421 3767 tio
441 3728 619 3768 eorum
642 3715 783 3785 apud
801 3714 1161 3784 Altissimum;
1182 3717 1297 3772 ideo
1318 3720 1569 3790 accipient
1591 3737 1806 3793 regnum
1829 3723 1920 3778 de-

346 3808 483 3887 coris
503 3816 553 3862 et
580 3807 825 3862 diadema
852 3811 1037 3879 speciei
1053 3809 1118 3864 de
1138 3818 1298 3864 manu
1322 3809 1536 3865 Domini
1551 3810 1704 3885 (Sap.
1724 3829 1777 3881 v,
1804 3814 1916 3887 16).

345 3885 535 3953 Daniel
572 3897 836 3967 propheta
868 3914 881 3951 :
913 3896 1016 3963 Qui
1047 3907 1221 3953 autem
1250 3899 1389 3954 docti
1417 3900 1631 3970 fuerint,
1649 3885 1920 3974 fulgebunt

344 3988 480 4043 sicut
504 3988 748 4060 splendor
798 3990 1146 4060 ﬁrmamenti;
1179 4003 1228 4046 et
1256 3995 1347 4064 qui
1395 3996 1465 4049 ad
1496 3994 1767 4066 justitiam
1802 4017 1922 4054 eru-

345 4079 495 4135 diunt
550 4080 759 4148 multos,
782 4082 933 4153 quasi
975 4083 1140 4138 stella:
1185 4084 1241 4139 in
1286 4095 1561 4156 perpetuas
1607 4092 1919 4145 wternitates

346 4168 510 4239 (Dan.
533 4184 637 4237 xu,
662 4170 739 4243 3).
772 4169 829 4226 In
863 4171 1192 4242 Evangelia:
1229 4171 1428 4241 Venite,
1459 4176 1712 4230 benedicti
1737 4175 1919 4234 Patris

344 4260 473 4324 mei,
491 4261 735 4331 percipite
766 4272 981 4330 regnum
1030 4261 1168 4330 quod
1200 4262 1339 4316 vobis
1366 4273 1609 4332 paratum
1630 4276 1705 4321 est
1727 4267 1792 4321 ab
1820 4269 1922 4322 ori~

347 4349 466 4419 gine
498 4351 680 4404 mundi
707 4344 926 4420 (Matth.
949 4364 1063 4403 xxv
1085 4389 1099 4415 ,
1122 4350 1234 4422 54).
1260 4351 1393 4407 Item
1427 4369 1440 4405 :
1477 4352 1622 4408 Tunc
1654 4355 1791 4425 justi
1813 4356 1920 4425 ful-

344 4437 534 4506 gebunt
557 4437 692 4491 sicut
740 4436 820 4491 sol
865 4438 921 4491 in
954 4453 1112 4508 regno
1135 4435 1315 4493 Patris
1339 4455 1518 4494 eorum
1549 4441 1764 4513 (Matth.
1792 4461 1916 4513 xm,

341 4520 459 4600 ιδ).
488 4527 687 4585 Paulus
721 4545 737 4583 :
770 4524 904 4584 Cum
949 4526 1209 4593 Christus,
1259 4529 1450 4599 inquit,
1485 4536 1783 4603 apparuerit
1814 4537 1917 4591 vita

346 4627 538 4684 vestra,
563 4627 756 4674 tuncet
792 4619 1106 4690 apparebitis
1140 4636 1256 4675 cum
1284 4621 1396 4691 ipso
1419 4622 1474 4677 in
1492 4621 1658 4693 gloria
1691 4623 1912 4698 (Coloss.

346 4719 435 4777 in,
457 4710 534 4783 4).
562 4709 695 4766 Item
730 4728 746 4766 :
776 4708 854 4766 De
881 4711 1079 4782 reliquo
1110 4714 1335 4784 reposita
1364 4724 1441 4769 est
1459 4714 1587 4770 mihi
1612 4733 1803 4773 corona
1822 4719 1915 4789 iu-

344 4802 524 4866 stitire,
549 4817 706 4873 quam
746 4802 923 4857 reddet
960 4804 1089 4859 mihi
1128 4804 1385 4861 Dominus
1411 4807 1466 4861 in
1495 4807 1589 4863 illa
1624 4810 1709 4866 die
1734 4806 1914 4881 justus

343 4894 528 4962 iudex,
565 4910 671 4948 non
693 4892 863 4948 solum
889 4905 1063 4950 autem
1094 4896 1239 4960 mihi,
1263 4898 1354 4952 sed
1384 4908 1432 4951 et
1459 4899 1541 4954 his
1566 4902 1657 4954 aui
1689 4902 1914 4972 diligunt

344 4984 622 5039 adventum
660 4984 777 5054 ejus
804 4982 890 5056 (II
929 4983 1063 5040 Tim.
1104 5002 1177 5054 IV,
1201 4985 1287 5060 8).
1330 4986 1389 5042 In
1435 4988 1754 5061 Apocalypsi
1789 5031 1802 5044 .
1844 4990 1918 5045 Hi

343 5086 467 5129 sunt
501 5074 592 5146 qui
630 5085 875 5129 uenerunt
903 5091 968 5130 ea:
994 5087 1187 5147 magna
1215 5075 1573 5143 tribulatione,
1607 5088 1655 5131 et
1679 5077 1915 5132 laverunt

343 5165 506 5220 stolas
532 5182 657 5221 suas
680 5166 736 5221 in
759 5167 1012 5237 sanguine
1039 5168 1195 5236 agni;
1224 5167 1340 5221 ideo
1375 5180 1497 5223 sunt
1524 5179 1643 5222 ante
1670 5168 1915 5223 thronum

347 5248 462 5319 Del,
489 5265 537 5309 et
562 5255 790 5310 seruiunt
816 5257 865 5310 ei
905 5251 991 5309 die
1015 5272 1078 5308 ac
1110 5266 1256 5309 nocte
1285 5256 1338 5310 in
1362 5257 1550 5329 tenrplo
1578 5257 1712 5328 ejus,
1735 5267 1783 5312 et
1824 5257 1915 5329 qui

347 5341 488 5397 sedet
521 5344 578 5400 in
628 5345 814 5400 throno
840 5345 1091 5399 habitabit
1141 5362 1299 5415 super
1356 5362 1463 5402 eos.
1497 5344 1621 5401 Non
1664 5349 1914 5411 esuriem,

350 5439 512 5503 neque
555 5435 729 5490 sitient
760 5434 1018 5506 amplius,
1066 5450 1230 5506 neque
1275 5437 1426 5490 cadet
1465 5453 1621 5502 super
1667 5436 1786 5492 illos
1816 5437 1917 5499 sol,

351 5530 513 5593 itaque
544 5522 687 5579 ultus
724 5534 919 5589 (estus;
972 5526 1219 5596 quoniam
1266 5541 1454 5595 agnus,
1511 5527 1601 5598 qui
1640 5527 1698 5583 in
1750 5528 1920 5583 medio

353 5611 527 5665 throni
563 5622 667 5676 est,
697 5625 832 5683 reget
867 5614 985 5670 illos
1025 5614 1340 5669 et‘deducet
1383 5632 1469 5671 eos
1506 5617 1576 5671 ad
1614 5617 1729 5674 vitm
1747 5622 1920 5691 fontes

428 5734 452 5763 ι
480 5722 727 5789 Gregor,
753 5722 938 5777 Moral.
972 5725 1062 5778 lib.
1100 5740 1215 5790 vm,
1245 5740 1291 5779 c.
1317 5724 1368 5778 ὦ.

2021 3289 2356 3344 sanctorum,
2387 3278 2544 3349 eique
2585 3276 2663 3331 ita
2693 3280 2821 3331 tunc
2868 3273 3150 3335 inhaerent,
3185 3276 3247 3326 ut
3269 3271 3350 3326 eis
3384 3271 3451 3326 de
3476 3284 3605 3326 cor-

2022 3370 2291 3442 ruptione,
2323 3384 2444 3441 qua:
2474 3382 2573 3439 per
2602 3364 3051 3422 resurrectionem
3100 3362 3352 3428 vincitur,
3372 3358 3483 3431 jam
3513 3360 3606 3416 ni-

2021 3454 2099 3514 hii
2125 3458 2180 3513 in
2205 3473 2303 3514 suo
2342 3467 2533 3514 sancto
2563 3470 2747 3513 amore
2775 3453 3132 3519 contradicat,
3171 3453 3266 3508 sed
3309 3452 3461 3507 unita
3484 3451 3609 3522 glo-

2022 3549 2119 3604 ria:
2146 3549 2230 3604 sui
2256 3548 2631 3619 Redemptoris
2670 3546 2786 3601 ﬁat.
2829 3544 3088 3616 Egregius
3131 3542 3455 3614 praedicator
3475 3542 3555 3596 ait
3585 3556 3601 3597 :

2022 3637 2091 3692 Et
2117 3639 2234 3710 ipsa
2261 3649 2505 3716 creatura
2537 3636 2843 3692 liberabitur
2893 3653 2927 3689 a
2970 3633 3213 3689 servitute
3250 3633 3604 3704 corruptionis

2018 3735 2071 3788 in
2082 3735 2346 3789 libertatem
2356 3728 2536 3801 glorice
2564 3727 2793 3797 ﬁliorum
2816 3726 2913 3781 Dei
2939 3720 3110 3798 (Rom.
3132 3736 3253 3789 vtn,
3282 3723 3398 3796 21).
3419 3736 3446 3765 ι
3467 3723 3601 3779 Ele-

2021 3833 2142 3879 ctos
2186 3820 2330 3879 enim
2379 3836 2523 3877 nunc
2559 3832 2720 3891 poena
2766 3819 3127 3890 corruptionis
3176 3826 3450 3889 aggravat,
3502 3816 3604 3873 sed

2024 3914 2151 3971 tunc
2178 3912 2601 3983 incorruptionis
2639 3910 2809 3983 gloria
2852 3908 3108 3965 exsultat.
3135 3908 3203 3963 Et
3221 3914 3482 3978 quantum
3529 3908 3604 3963 ad

2022 4002 2305 4074 praisentis
2333 4001 2672 4085 necessitags
2695 4000 2953 4072 pondera,
2986 4015 3131 4056 nunc
3159 4000 3214 4055 in
3239 3996 3337 4055 Del
3380 3999 3510 4055 ﬁliis
3533 3999 3604 4056 de

2022 4086 2272 4150 libertate
2318 4092 2452 4148 nihil
2505 4091 2827 4156 ostenditur,
2858 4099 3069 4145 tantum
3111 4091 3178 4146 ad
3216 4089 3604 4160 subsequentis

2023 4178 2291 4245 libertatis
2313 4187 2561 4261 gloriam,
2609 4193 2739 4241 tunc
2767 4184 2823 4239 in
2862 4183 2958 4239 Dei
2989 4176 3206 4238 famulis
3233 4182 3299 4237 de
3337 4182 3605 4237 servitute

2022 4276 2157 4336 nihil
2184 4274 2482 4351 apparebit.
2511 4276 2770 4334 Creatura
2800 4290 2929 4346 ergo
2954 4291 2985 4329 a
3012 4274 3273 4330 servitute
3296 4272 3607 4343 corruptio-

2022 4371 2108 4426 uis
2127 4379 2312 4436 exuta,
2342 4372 2398 4424 et
2417 4366 2689 4423 libertatis
2716 4365 2977 4436 dignitate
3012 4371 3256 4434 accepta,
3283 4363 3337 4418 in
3363 4362 3604 4418 ﬁliorum

2023 4459 2119 4515 Dei
2147 4459 2373 4530 gloriam
2403 4458 2663 4523 vestitur;
2705 4455 2828 4527 Quia
2856 4455 3008 4509 unita
3043 4454 3154 4509 Deo
3195 4467 3296 4524 per
3322 4453 3605 4524 spiritum,

2024 4552 2175 4621 quasi
2201 4551 2339 4605 hanc
2392 4548 2585 4618 ipsam,
2618 4548 2761 4618 quod
2804 4555 3050 4601 creatura
3099 4553 3206 4611 est,
3234 4544 3496 4600 transisse
3538 4559 3609 4601 ac

2022 4632 2301 4708 subegisse
2340 4638 2664 4694 declaratur.
2726 4635 2862 4691 Hinc
2901 4629 3189 4691 Psalmista
3219 4636 3298 4690 ait
3328 4654 3341 4689 :
3370 4633 3440 4689 In
3484 4635 3607 4690 loco

2018 4740 2228 4800 pascua:
2272 4728 2343 4781 ibi
2387 4740 2469 4781 me
2524 4725 2790 4781 collocavit
2842 4722 3015 4794 (Psal.
3075 4732 3214 4791 xxii,
3263 4722 3335 4796 1).
3390 4722 3603 4779 Pascna

2017 4818 2219 4875 etenim
2243 4814 2521 4888 Scriptura
2544 4830 2718 4881 sacra,
2743 4814 2831 4869 illa
2859 4812 3150 4869 viriditatis
3169 4823 3382 4869 aeterna:
3401 4813 3605 4884 pabula

2019 4917 2199 4975 vocat,
2228 4907 2319 4962 ubi
2339 4905 2452 4975 jam
2489 4914 2673 4960 nostra
2700 4904 2925 4958 refectio
2951 4901 3148 4958 nullius
3169 4903 3412 4957 delectus
3435 4901 3612 4957 aridi-

2026 5007 2137 5054 tate
2159 4997 2460 5053 marcescit.
2490 4989 2565 5050 De
2599 5008 2705 5064 quo
2736 5001 2956 5064 pastore
2982 5008 3173 5048 rursus
3195 4994 3269 5047 ait
3300 5010 3313 5046 :
3346 4991 3464 5046 Nos
3507 5009 3615 5047 au-

2023 5099 2124 5143 tem
2156 5087 2378 5158 papulas
2407 5086 2542 5156 ejus,
2579 5092 2627 5138 et
2666 5096 2780 5137 oves
2819 5096 3030 5153 pascuae
3053 5083 3187 5153 ejus.
3218 5075 3371 5138 Unde
3394 5097 3494 5153 per
3519 5096 3613 5137 se-

2023 5177 2303 5246 metipsum
2334 5173 2544 5231 Veritas
2570 5171 2645 5226 ait
2676 5189 2689 5225 :
2724 5169 2829 5225 Per
2857 5188 2937 5225 me
2971 5172 3015 5226 si
3045 5172 3161 5243 quis
3186 5166 3466 5235 introierit,
3494 5168 3613 5225 sal-

2022 5267 2245 5331 vabitur,
2284 5277 2330 5320 et
2367 5263 2712 5335 ingredietur,
2758 5273 2806 5317 et
2856 5263 3165 5334 egredietur,
3203 5271 3254 5316 et
3283 5278 3480 5317 nascua
3516 5263 3607 5316 in-

2022 5356 2183 5411 veniet
2222 5350 2404 5427 (Joan.
2436 5353 2513 5424 ς).
2560 5343 2700 5406 Justi
2742 5367 2865 5407 cum
2906 5351 3119 5421 iniquos
3142 5363 3329 5406 omnes
3354 5360 3604 5405 extrema

2022 5445 2228 5500 ultione
2252 5442 2459 5516 percuti
2497 5444 2856 5510 conspiciunt,
2882 5439 2983 5509 ipsi
3012 5439 3079 5494 de
3106 5438 3278 5509 gloria
3317 5438 3493 5508 dignae
3518 5454 3611 5494 re-

2025 5535 2332 5592 tributionis
2363 5533 2716 5597 hilarescunt,
2760 5546 2858 5585 nec
2908 5531 3179 5585 damnatis
3219 5529 3331 5598 jam
3375 5538 3504 5583 tunc
3535 5544 3609 5585 ex

2024 5625 2359 5680 humanitate
2406 5622 2806 5691 compatiuntur
2829 5660 2842 5685 ,
2881 5619 3005 5688 quia
3042 5619 3235 5675 divina:
3260 5617 3483 5688 iustitia:
3506 5634 3611 5689 per
