4030 6190
414 344 524 398 (Ξἴῖ

1002 338 1089 391 DE
1129 332 1606 392 lNSTlTUTlO-NE
1648 334 1849 388 REGIA
1889 333 1976 386 AD
2014 328 2333 384 Pll‘l’i'NllM
2373 328 2626 400 liEGEal.
2665 361 2735 370 —
2767 325 3100 382 MONITUM.

3566 310 3669 386 eis

413 469 655 524 speetem
684 456 1032 510 iubati-entes,
1064 448 1382 502 inconcusso
1417 446 1770 500 districtionis
1796 444 1997 498 intinue
2026 453 2072 502 Α
2102 458 2198 511 pro
2224 441 2385 495 tantis
2429 439 2737 494 muneribus
2765 451 2963 509 gratias
2993 449 3172 507 agant,
3201 450 3254 494 et
3287 441 3489 494 nullum
3523 441 3686 496 Risu-

413 547 604 613 vigore
624 541 942 594 solidantur.
963 537 1183 591 Erectus
1209 538 1262 590 in
1291 535 1537 590 claritate
1565 549 1813 603 suprema
1838 534 1997 587 recti-

417 633 624 687 tudinis
664 630 959 683 electorum
1001 637 1208 681 mentes
1241 625 1386 680 nulla
1416 624 1630 677 miseria
1658 623 1839 688 allicit,
1870 623 1995 690 quia

413 739 511 778 eas
563 736 592 773 a
637 717 872 772 miseriis
916 717 1142 770 altitudo
1174 714 1522 770 beatitudinis
1551 713 1754 767 alienas
1803 711 1995 765 reddit.

413 813 560 866 Bene
584 827 683 879 per
708 808 1046 863 Psalmistam
1078 807 1274 861 dicitur
1302 824 1315 860 :
1357 804 1612 859 Videbunt
1625 804 1759 874 justi
1781 812 1827 857 et
1857 804 2000 856 time-

414 903 564 964 buut,
609 912 656 954 et
707 916 862 969 super
905 915 1022 952 eum
1068 897 1397 960 ridebunt,et
1418 896 1589 948 dicent
1623 907 1640 945 :
1680 893 1814 947 Ecce
1843 894 1997 945 homo

413 993 505 1062 qui
558 1009 660 1044 non
691 991 865 1059 posuit
896 987 1063 1042 Deum
1113 987 1407 1056 adjutorem
1443 1001 1596 1038 suum
1619 983 1790 1054 (Psal.
1821 999 1891 1042 LI,
1919 981 1994 1050 8).

416 1082 640 1150 iniquos
660 1080 802 1132 enim
828 1077 960 1146 justi
995 1093 1137 1131 nunc
1172 1076 1357 1130 vident
1387 1083 1443 1129 et
1470 1082 1740 1139 metuunt;
1773 1082 1898 1127 tunc
1921 1072 1998 1125 vi-

413 1174 528 1228 suri
578 1181 704 1226 sunt
746 1179 803 1225 et
853 1170 1101 1223 ridebunt
1132 1185 1146 1222 :
1181 1167 1305 1235 quia
1339 1167 1484 1221 enim
1523 1166 1681 1219 modo
1710 1167 1777 1218 ad
1809 1179 1996 1218 eorum

412 1262 524 1316 labi
579 1261 936 1314 imitationem
971 1265 1216 1328 possunt,
1267 1256 1322 1310 hi
1375 1255 1575 1309 habent
1606 1252 1993 1308 formidinem:

413 1352 542 1419 quia
574 1366 702 1404 vero
723 1348 992 1404 damnatis
1030 1355 1155 1400 tunc
1184 1346 1440 1414 prodesse
1469 1352 1764 1413 nequeunt,
1796 1343 1906 1397 illic
1929 1357 1996 1395 ne

413 1443 653 1495 habeant
692 1441 1020 1508 passionem,
1077 1435 1292 1490 internis
1321 1433 1595 1504 suppliciis
1645 1432 1841 1486 deditis
1891 1446 1997 1486 non

409 1545 538 1585 esse
586 1527 976 1591 miserendum,
1003 1525 1055 1579 in
1089 1524 1204 1593 ipsa
1236 1538 1340 1592 qua
1366 1523 1511 1578 beati
1540 1529 1668 1576 sunt
1685 1519 1894 1589 justitia
1918 1519 1998 1588 ju-

413 1618 650 1672 dicantis
672 1616 876 1684 legunt.

487 1711 723 1779 Prosper
745 1721 804 1762 ιε
835 1725 853 1758 ι
882 1706 1008 1762 Haec
1035 1713 1140 1770 est,
1169 1705 1364 1774 inquit,
1391 1704 1502 1768 vita
1528 1703 1710 1768 beata,
1741 1702 1809 1757 ad
1835 1717 1995 1771 quam

2100 533 2246 586 dium
2281 546 2346 584 ex
2389 531 2501 599 ipsa
2527 529 2850 585 ailluentium
2887 531 3150 583 bonorum
3184 531 3528 598 perceptione
3555 547 3683 588 sus-

2101 621 2324 674 tineant.
2362 621 2437 674 lbi
2487 621 2560 674 ita
2607 621 2866 689 patebunt
2909 620 3240 690 singulorum
3269 620 3496 689 singulis
3522 637 3672 677 mcu-

2100 723 2198 774 tcs,
2229 712 2367 766 sicut
2402 710 2770 780 corporalibus
2814 711 2984 765 oculis
3027 709 3305 778 subjacent
3353 708 3520 764 facies
3554 726 3671 764 cor-

2098 803 2344 871 porales;
2388 801 2511 870 quia
2545 801 2899 854 humanorum
2931 793 3272 868 peccatorum
3299 807 3444 868 tanta
3473 799 3544 852 ibi
3569 800 3673 853 erit

2097 903 2154 949 et
2191 902 2298 946 tam
2328 891 2565 962 perfecta
2601 891 2882 956 munditia,
2921 899 2979 944 ut
3007 891 3241 944 habeant
3277 889 3419 944 unde
3447 891 3672 943 munda-

2099 984 2201 1037 tori
2232 999 2327 1038 suo
2355 982 2463 1036 Deo
2491 982 2693 1052 gratias
2723 990 2904 1051 agant,
2946 995 3049 1034 non
3080 979 3222 1034 unde
3256 980 3444 1035 offensi
3479 980 3672 1049 aliqui.-

2099 1076 2197 1130 bus
2224 1074 2469 1128 sordibus
2495 1075 2846 1136 erubescant;
2890 1070 3014 1139 quia
3053 1070 3124 1123 ibi
3153 1070 3296 1123 nulla
3324 1079 3542 1138 peccata
3573 1083 3672 1122 nec

2100 1174 2410 1234 peceatores
2455 1171 2629 1225 erunt,
2684 1170 2738 1216 et
2781 1160 2872 1228 qui
2922 1160 2996 1213 ibi
3041 1158 3261 1223 fuerint,
3291 1159 3401 1226 jam
3446 1173 3674 1227 peccare

2101 1268 2204 1306 non
2237 1258 2512 1321 poterunt.
2555 1249 2665 1305 Nec
2702 1249 2889 1303 latebit
2924 1249 3036 1318 jam
3072 1247 3308 1316 perfecte
3345 1248 3532 1312 beatos
3575 1247 3672 1300 ali-

2099 1343 2228 1411 quid
2264 1350 2620 1404 secretorum,
2659 1340 2771 1408 qui,
2807 1337 2950 1407 quod
2997 1346 3078 1393 est
3116 1338 3271 1407 longe
3306 1335 3667 1405 prtestantius,

2100 1435 2274 1500 ipsum
2300 1431 2466 1485 visuri
2499 1441 2625 1484 sunt
2653 1431 2864 1486 mundis
2898 1428 3150 1483 cordibus
3181 1427 3370 1481 Deum.
3403 1442 3422 1477 ι
3691 1418 3696 1425 ’

2172 1522 2310 1576 Ecce
2334 1521 2507 1588 qualis
2537 1520 2707 1591 gloria
2733 1519 2885 1573 nobis
2911 1517 3278 1586 promittitur;
3327 1514 3394 1568 ad
3423 1527 3583 1581 quam
3615 1520 3676 1565 ut

2100 1611 2507 1682 infatigabiliter
2536 1611 2819 1664 tendamus
2862 1623 2890 1661 a
2921 1607 3146 1661 Domino
3175 1606 3476 1668 hortamur,
3507 1612 3673 1672 atque

2101 1719 2161 1762 ut
2184 1721 2302 1760 eam
2334 1706 2548 1759 tandem
2586 1701 2838 1769 consequi
2870 1714 3194 1763 mereamur,
3227 1697 3295 1751 ab
3322 1697 3508 1751 eodem
3539 1695 3670 1749 hor-

410 1800 511 1871 qui
555 1801 821 1855 bonorum
863 1812 1087 1866 operum
1121 1795 1587 1852 consummatione
1625 1793 1992 1864 pervenerint,
2022 1779 2069 1837 Β
2100 1807 2270 1852 tatore
2296 1794 2630 1862 adiuvamur.
2664 1790 2861 1859 thuid
2887 1789 3022 1857 pigri
3052 1786 3272 1840 sumus?
3300 1784 3499 1851 thuid
3528 1784 3666 1836 bona

411 1891 593 1948 beatis
622 1889 828 1959 angelis
867 1887 1073 1943 similes
1103 1896 1290 1951 erunt,
1331 1895 1387 1940 et
1414 1885 1573 1941 simul
1599 1901 1721 1940 cum
1750 1885 1860 1938 Deo
1895 1898 1993 1937 suo

409 1983 536 2036 sine
562 1979 669 2033 ﬁne
697 1977 1016 2048 regnabant.
1047 1975 1200 2042 Quod
1227 1977 1314 2030 hic
1339 1977 1706 2040 crediderant,
1740 1974 1813 2028 ibi
1841 1974 1993 2028 vide—

411 2077 584 2135 bunt,
630 2074 715 2128 sui
762 2072 1027 2128 creatoris
1076 2071 1437 2126 substantiam
1482 2069 1696 2123 mundis
1742 2067 1998 2122 cordibus

412 2165 880 2234 contemplantes,
919 2172 1122 2218 aeterna
1155 2161 1516 2217 exsultatione
1551 2159 1882 2230 gaudebunt,
1915 2157 1995 2211 di-

415 2256 544 2308 vina
578 2270 644 2309 ac
674 2263 860 2309 mutua
885 2253 1173 2309 dilectione
1197 2251 1452 2321 possessi,
1480 2250 1590 2304 Deo
1623 2264 1721 2304 suo
1757 2249 1811 2301 in
1839 2254 1997 2301 aeter-

425 2360 558 2398 num
584 2353 639 2397 et
674 2344 904 2412 invicem
935 2343 1038 2398 sibi
1066 2342 1295 2397 feliciter
1339 2340 1705 2395 adhaarebuat.
1746 2335 1996 2406 Reeeptis

414 2452 544 2490 eum
584 2436 987 2504 incorruptione
1025 2443 1187 2502 atque
1218 2430 1624 2486 immortalitate
1657 2427 1994 2496 corporibus,

418 2525 810 2593 nmnicipatum
845 2525 1037 2594 patria:
1071 2522 1308 2578 emlestis
1343 2519 1632 2588 accipient,
1673 2526 1838 2586 atque
1880 2515 1997 2584 ejus

419 2615 478 2668 in
505 2625 763 2668 internum
789 2614 939 2669 cives
975 2613 1173 2678 effecti,
1204 2611 1469 2682 promissa
1505 2609 1727 2678 prmmia
1754 2614 1998 2676 reporta—

417 2705 578 2758 bunt.
620 2706 697 2760 lbi
736 2707 816 2760 eis
858 2704 1176 2760 exuberabit
1212 2710 1360 2757 tanta
1403 2701 1607 2765 laetitia,
1651 2707 1798 2753 tanta
1840 2696 2001 2752 coele-

418 2793 587 2846 stium
630 2794 803 2864 gratia
850 2793 1201 2864 gaudiorum,
1251 2800 1310 2846 ut
1357 2799 1413 2845 et
1465 2787 1854 2844 remuneratori
1899 2801 1997 2842 suo

497 2916 525 2944 ι
571 2903 648 2957 De
680 2905 796 2958 Vita
831 2913 1123 2972 contemp.,
1163 2903 1254 2958 lib.
1291 2918 1330 2964 ι,
1361 2917 1482 2970 cap.
1507 2901 1562 2954 4.

497 2973 524 3012 b
575 2971 750 3026 Vivere
790 2968 1135 3027 debeant-In
1170 2973 1355 3026 codice
1413 2968 1520 3039 quo
1556 2968 1822 3039 Aeherius
1865 2981 1992 3039 usus

418 3052 527 3106 est,
557 3043 659 3097 hoc
682 3044 924 3098 additur:
951 3043 1172 3105 Obsecro
1187 3052 1256 3106 te,
1278 3035 1459 3100 lector]
1477 3048 1728 3092 memento
1752 3035 1798 3088 11
1807 3036 1993 3089 crberti

2094 1889 2303 1958 operari
2336 1884 2693 1956 negligimus?
2733 1881 2931 1950 thuid
2963 1887 3122 1933 tanta:
3151 1877 3352 1948 glorize,
3401 1882 3667 1942 tanta:un

2097 1975 2546 2034 remunerationis
2573 1974 2815 2040 datorem
2857 1969 3041 2023 audire
3081 1965 3511 2022 contemnimus?
3551 1962 3668 2016 Non
3731 1999 3736 2006 .

2097 2071 2242 2125 enim
2267 2068 2520 2123 debemus
2545 2064 2785 2120 cunctari
2813 2062 2941 2131 quin
2972 2059 3130 2114 talem
3161 2065 3440 2111 vocantem
3469 2070 3664 2124 sequa-

2097 2175 2236 2224 mur,
2267 2157 2490 2227 ejusque
2529 2153 2746 2209 mouitis
2780 2153 3232 2218 obtemperemus,
3262 2153 3322 2197 ut
3354 2143 3422 2197 ab
3449 2158 3516 2196 eo
3557 2150 3670 2196 tan-

2097 2258 2206 2303 tam
2245 2247 2468 2318 gloriam
2506 2242 2730 2312 adipisci
2766 2240 3057 2294 valeamus.
3099 2235 3181 2290 Ad
3206 2236 3309 2289 hoc
3344 2246 3535 2302 nempe
3573 2247 3669 2284 na-

2096 2342 2316 2400 scimur,
2343 2343 2402 2390 ut
2426 2334 2643 2390 Christo
2672 2344 3037 2386 reuascamur.
3071 2325 3150 2379 Ad
3181 2324 3282 2380 hoc
3321 2323 3483 2378 etiam
3516 2336 3667 2374 rena-

2098 2428 2322 2491 scimur,
2347 2435 2407 2479 ut
2433 2431 2556 2478 eum
2593 2422 2782 2476 eodem
2809 2419 3024 2474 Christo
3055 2416 3280 2472 Domino
3319 2415 3436 2469 sine
3467 2413 3572 2466 line
3612 2413 3668 2466 iu

2090 2519 2358 2572 'asternum
2391 2515 2650 2567 vivamus.

2171 2693 2399 2763 Explicit
2424 2690 2578 2744 Liber
2607 2685 2974 2747 domniJona',
2997 2680 3254 2752 quomodo
3285 2679 3407 2732 laici
3439 2678 3600 2732 vivere

2747 2777 2962 2830 debeant
2989 2775 3036 2826 b.

2101 2899 2398 2960 Dursensis,
2425 2896 2512 2965 qui.
2533 2910 2625 2963 pro
2650 2907 2826 2965 amore
2847 2889 2943 2942 Dei
2972 2899 3018 2942 et
3045 2885 3266 2940 utilitate
3295 2883 3566 2952 lcgcutium
3599 2880 3637 2931 li
3658 2911 3669 2919 -

2100 2971 2250 3024 brum
2277 2960 2696 3020 istum'reuovari
2719 2960 2857 3028 fecit.

425 3164 3675 3229 Μ

1264 3329 1640 3394 MONITUM
1683 3328 1764 3388 IN
1807 3324 2274 3387 OPUSCULUM
2320 3316 2830 3391 SUBSEQUENS.

495 3558 610 3613 lloc
658 3552 974 3623 opusculum
1027 3548 1347 3623 conscripsit
1384 3545 1548 3601 Jonas
1593 3545 1996 3623 Aurelianensis
2023 3551 2066 3612 ρ

421 3616 940 3698 episcoptis_codem
991 3620 1127 3691 ston
1156 3616 1467 3698 eademque
1511 3617 1762 3696 methodo
1803 3616 1996 3696 quibus

427 3686 675 3754 laicale'm
713 3686 1125 3751 lnstitutione‘m,
1155 3690 1262 3742 imo
1290 3702 1417 3742 vero
1445 3686 1680 3754 quinque
1709 3687 1883 3754 capita
1916 3700 1996 3738 re-

429 3769 566 3838 petit
593 3763 833 3833 ejusdem
865 3759 1237 3838 institutionis.
1273 3758 1422 3811 Unde
1451 3753 1494 3810 si
1526 3753 1690 3836 =lonas
1727 3753 1881 3822 hujus
1910 3770 2000 3806 au-

426 3825 547 3892 ctor
595 3825 900 3893 a'sseratur,“
935 3830 1075 3883 illius
1115 3843 1328 3896 quoque
1377 3825 1544 3896 asseri
1585 3838 1864 3896 necessum
1893 3832 1992 3896 est.

423 3908 525 3961 Cui
577 3901 866 3973 opusculo,_
897 3915 1020 3973 cum
1060 3893 1262 3973 nullam
1298 3895 1644 3973 praiseierret
1692 3893 2000 3973 inscriptio-

427 3992 576 4038 nem,
615 3964 716 4026 hos
742 3971 803 4024 de
837 3969 1170 4022 Institutione
1204 3968 1343 4038 regia
1383 3964 1996 4038 t_itul_um_ascripsimus,

425 4056 488 4099 ut
517 4032 766 4099 soconda:
796 4040 962 4108 partis
1004 4038 1175 4091 instar
1203 4032 1356 4091 fieret
1389 4035 1745 4089 institutionis
1778 4032 2000 4087 moralis

425 4118 544 4170 sive
569 4111 790 4166 laicalis.

498 4185 763 4238 Caeterum
794 4193 858 4232 eo
898 4176 1066 4247 pluris
1087 4173 1507 4247 'faeientlumcst
1532 4173 1644 4247 hoc
1665 4170 1812 4247 Joua:
1841 4186 2001 4247 opusp

424 4254 634 4317 culum,
664 4249 804 4319 quod
840 4242 1125 4319 intcgrum,
1155 4253 1388 4319 praeter
1407 4243 1777 4319 [friel'ationem
1817 4250 1872 4319 et
1896 4242 2000 4295 duo

426 4311 908 4388 extrema-capita,
931 4311 984 4370 in
1014 4311 1242 4371 concilio
1272 4313 1559 4388 Parisiensi
1591 4327 1663 4388 vi,
1689 4311 1832 4388 quod
1859 4326 2000 4388 anno

425 4392 633 4448 Christi
658 4380 1115 4445 829'celebratum
1143 4394 1245 4448 est,
1275 4383 1553 4438 habeatur.
1593 4380 1699 4434 Aut
1727 4380 1868 4434 enim
1902 4381 2002 4432 Pa-

429 4474 544 4517 tres
568 4460 779 4516 concilii
805 4456 1074 4511 Ludovico
1101 4455 1195 4508 Ρἱο
1219 4463 1274 4507 et
1295 4451 1546 4506 Lothario
1587 4450 2000 4518 imperatoribus

431 4531 848 4592 admonitiones,
887 4541 1021 4594 quas
1062 4525 1149 4578 isti
1198 4523 1549 4593 postularant,
1593 4519 2002 4594 subministrare

429 4603 736 4671 cupientes,
765 4589 1065 4671 consultum
1099 4589 1213 4671 fore
1247 4600 1574 4671 censuerunt
1597 4589 2001 4671 Aurelianensis

429 4658 569 4740 Opus
622 4658 754 4740 suis
781 4669 1051 4740 innectere
1092 4665 1332 4740 decretis
1378 4680 1391 4715 :
1444 4669 1560 4740 aut"
1593 4675 1722 4713 sane
1756 4658 1999 4740 (iliaci-im

432 4727 612 4801 lii-ue,
667 4738 757 4808 qui
814 4735 1038 4808 concilio
1091 4731 1358 4808 interfuit,
1411 4727 2001 4808 ab”iismetnPatribus

433 4797 610 4862 fuisse
638 4797 1012 4862 deinandatum
1044 4812 1098 4855 ut
1124 4803 1257 4855 Acta
1297 4799 1509 4855 concilii
1547 4800 1599 4851 in
1635 4797 1874 4850 ordinem
1917 4813 2001 4850 re-

432 4881 670 4948 digeret;
711 4885 870 4944 atque
900 4889 962 4948 ea
999 4882 1217 4942 propter
1245 4888 1366 4948 cum
1407 4868 2000 4948 lucubrationes.quas

433 4936 603 5019 paulo
635 4936 761 5019 ante
786 4936 1142 5019 produxerat,
1193 4943 1258 4994 ad
1307 4939 1639 5018 PrOpositmn
1684 4936 2002 5019 accederent

433 5005 666 5077 concilii,
698 5005 914 5070 dux-isse
953 5012 1181 5080 pretium
1222 5005 1482 5078 operte—si
1521 5024 1582 5080 ea
1615 5005 1774 5080 regiis
1810 5005 2000 5080 adhor-

435 5074 730 5140 tatiimibus
783 5074 1064 5138 insere-ret.
1128 5074 1451 5134 Utrumlibet
1499 5076 1755 5146 elegeris,
1808 5074 1997 5146 lector,

435 5157 640 5209 sentias
690 5166 866 5207 tamen
915 5159 1163 5220 oportet,
1209 5158 1495 5220 antequam
1535 5143 1821 5201 concilium
1867 5143 2003 5196 cele-

435 5229 710 5344 briiretur,
757 5219 962 5277 Jonam'
1002 5236 1160 5275 suum
1206 5219 1429 5289 Pippino
1458 5228 1795 5286 nuncupasse
1847 5227 2004 5281 opus-

435 5312 502 5344 ευ
530 5311 637 5344 11111.

431 5311 637 5349 (511111Ιί1.

512 5364 589 5416 En
625 5364 832 5432 itaque,
867 5361 1077 5432 opinor,
1110 5373 1236 5432 vera
1281 5356 1544 5432 sententia
1577 5371 1588 5406 :
1625 5352 1998 5432 Conscriptum

431 5442 523 5487 est
550 5433 677 5485 illud
717 5423 1032 5500 opusculum
1057 5428 1365 5500 priusquam
1392 5427 1695 5500 haberetne
1717 5423 2000 5500 concilium

435 5503 568 5557 illud
623 5492 940 5563 l’arisiense,
992 5492 1318 5553 et'need—um
1372 5496 1628 5550 adversus
1677 5492 2001 5563 Ludovieum

435 5575 820 5640 imperatorem
843 5561 1096 5640 Pippinus
1123 5565 1412 5640 quidquam
1443 5580 1544 5616 una
1579 5579 1699 5617 eum
1729 5561 2002 5640 irati-ibus

433 5653 493 5696 et
519 5633 650 5694 aliis
677 5641 890 5693 molitus
905 5633 1279 5704 'fitissctﬁluin
1308 5634 1481 5704 potius
1524 5649 1643 5704 cum
1672 5633 1849 5704 adhuc
1879 5648 1998 5699 per-

437 5720 718 5767 sevcraret
765 5709 968 5778 parenti
1017 5709 1103 5778 pie
1153 5703 1515 5762 Obsec’uudare
1565 5721 1577 5758 :
1632 5703 1683 5757 id
1731 5711 1832 5767 est,
1879 5711 1997 5766 post

2027 4891 2078 4949 D

2100 3542 2459 3599 clandestinus
2503 3536 2784 3596 factiones,
2818 3531 3096 3594 tumultus,
3123 3529 3479 3599 barbarorum
3525 3532 3664 3586 irru-

2102 3598 2332 3684 ptiones,
2364 3605 2940 3684 cladesquendiversas,
2971 3616 3136 3684 regno
3172 3598 3410 3684 victoriis
3440 3611 3670 3667 pacato;

2100 3669 2349 3744 iidelicet
2383 3696 2469 3732 an.
2495 3669 2620 3732 8‘28.
2647 3673 2755 3728 Nec
2785 3672 2940 3744 longe
2979 3669 3111 3722 mihi
3137 3669 3421 3744 quiereuda
3450 3679 3531 3722 est
3552 3687 3672 3724 sen-

2100 3737 2279 3808 tentiie
2326 3749 2546 3817 hujusce
2587 3743 2856 3817 probatio,
2879 3737 3032 3817 Lcuui
3059 3753 3122 3791 ex
3158 3737 3286 3817 ipsis
3313 3737 3461 3817 Joua:
3491 3742 3670 3794 verbis

2099 3807 2150 3878 in
2181 3807 2500 3875 Praefatibne
2529 3807 2814 3883 Pi'ppimun
2848 3810 2927 3863 sic
2967 3808 3287 3883 alloqueptis
3337 3807 3404 3859 ad
3451 3823 3668 3883 manum

2100 3875 2363 3948 habeatur
2403 3907 2415 3939 :
2450 3875 2773 3952 Quia-ibitur
2805 3887 3055 3952 quantum
3094 3875 3440 3952 ortliodoxum
3481 3878 3670 3940 virum,

2099 3945 2232 4018 Etcf
2251 3962 2328 4013 Ae
2367 3945 2654 4026 praiterea'
2671 3966 2736 4003 ex
2783 3945 2886 4026 illis
2929 3947 3146 4026 quibus“
3165 3945 3520 4026 ciii;itiiitates__
3542 3957 3669 4002 ante

2101 4014 2298 4086 annum
2327 4014 2430 4082 83:28
2458 4024 2748 4079 exhaustas
2775 4015 3032 4072 describit
3061 4032 3074 4067 :
3104 4014 3241 4080 Quid
3291 4014 3428 4066 enim
3466 4015 3674 4084 dispen-

2100 4102 2195 4154 dii.
2226 4109 2330 4153 etc.

2171 4141 2423 4236 lispvorro
2443 4163 2590 4236 Jonze
2613 4153 2793 4212 verbis
2819 4153 3142 4236 suffragatur
3163 4151 3389 4222 epistola
3404 4151 3672 4236 pii-amici.

2101 4221 2434 4295 ct'bo'tliarii
2478 4234 2887 4300 imperatorum,
2919 4221 3254 4300 qua_jubent
3279 4222 3418 4291 apud
3451 4222 3670 4300 {iugan-

2102 4291 2256 4372 iiam,
2283 4291 2570 4364 Lutetiam;
2601 4298 2915 4372 Lugdunum
2937 4291 3006 4348 et
3028 4291 3276 4372 Tolosam
3313 4291 3558 4372 conicilia’
3584 4308 3673 4347 ce-

2101 4361 2316 4433 lebrari.
2350 4376 2453 4429 lsta
2484 4361 2624 4425 inter
2647 4361 2750 4420 alia
2779 4367 3167 4433 advertereest
3197 4379 3210 4414 :
3262 4378 3281 4412 ι
3316 4361 3674 4417 Volueramus

2101 4432 2365 4516 siquidem
2407 4434 2645 4510 tempdre
2668 4451 2918 4516 congruo
2948 4432 3201 4502 placitum
3231 4439 3474 4512 nostrum
3518 4447 3676 4512 gene-

2102 4501 2215 4572 rale
2262 4501 2532 4575 haberef
2559 4517 2615 4564 et
2667 4509 2721 4560 in
2771 4501 2836 4560 eo
2886 4501 2962 4557 de
3003 4501 3292 4575 communi
3331 4501 3671 4575 correctione

2103 4571 2284 4658 agere.
2331 4584 2397 4638 Et
2445 4571 2519 4635 ita
2546 4581 2654 4658 lico
2704 4577 2995 4655 miserante
3041 4571 3344 4658 [ltil'el:_ltlsl
3382 4571 3675 4658 conim‘otio

2104 4640 2486 4715 iiiiinieorum,
2539 4649 2678 4702 sicut
2732 4644 2944 4706 nostis,
2999 4640 3434 4715 praepedissett‘)
3490 4640 3671 4715 Infra:

2302 4722 2429 4777 illud
2463 4708 2627 4774 etiam
2657 4715 2965 4769 dubitamus
2990 4708 3052 4763 ea
3074 4708 3217 4780 justa
3255 4709 3498 4780 vindicta
3533 4708 3675 4780 illius

2103 4778 2350 4858 evenire;
2397 4790 2538 4860 quod
2581 4801 2730 4860 saepe
2767 4783 3016 4838 scandala
3061 4778 3159 4860 per.
3183 4786 3437 4857 tyrannos
3486 4778 3538 4831 in
3573 4779 3675 4854 hoc

2298 4846 2616 4936 eitStirgunt,
2644 4846 2747 4934 qui.
2763 4869 2956 4936 pacem
2985 4846 3161 4936 populi
3201 4846 3254 4902 et
3281 4846 3669 4936 unitatemqilm-l

2104 4915 2942 5006 iurgii—suapravitate:nituntur
2980 4915 3263 5006 scindere:
3301 4931 3422 4969 nam
3546 4915 3670 5006 illini

2107 4985 2456 5058 iiibilo‘minus
2487 4995 2722 5066 peccatis
2766 4990 2962 5066 nostris
2997 4987 3359 5066 deputandum
3395 4992 3497 5063 est,
3530 4985 3669 5066 qiiod

2106 5053 2645 5127 iiiiiiiiciwChristiaui
2698 5059 2929 5115 nominis
2972 5053 3244 5127 prieterito
3291 5069 3431 5127 anno
3477 5053 3528 5104 in
3573 5053 3673 5127 hoc

2367 5121 2624 5212 ingressi,
2650 5121 3094 5212 deprazdiiiiones,
3123 5133 3179 5177 et
3207 5123 3465 5212 incendia.
3500 5121 3670 5212 cocic-

2374 5190 2808 5273 etucaptivitates
2854 5194 3301 5273 Christianorum,
3352 5199 3407 5243 et
3455 5190 3673 5269 iptcrl'e-

2349 5259 2626 5332 servorum
2657 5270 2773 5330 Dei,
2802 5268 3078 5322 evidenter
3112 5270 3166 5316 et
3211 5263 3447 5328 impune.
3481 5259 3587 5311 imo
3617 5267 3674 5312 et

2109 5351 2397 5407 crudeliter
2423 5346 2681 5414 fecerunt.
2717 5359 2735 5390 ι
2988 5403 2999 5414 .
3046 5410 3055 5414 Δ
3303 5399 3314 5411 Ο

2181 5423 2306 5482 Vis,
2355 5419 2542 5477 lector,
2594 5406 3186 5482 advocemmscriptores
3227 5406 3317 5468 qui
3374 5414 3478 5482 non
3526 5406 3672 5478 ante,

2108 5467 2487 5559 nequemulto
2517 5467 2638 5552 post
2681 5496 2766 5559 an.
2796 5474 2897 5559 8?.8
2923 5467 3354 5559 ‘comuioiistrent
3389 5467 3672 5559 Pippinum

2109 5540 2570 5616 seseabalienaio
2612 5550 2790 5602 animo
2833 5545 2971 5598 finde
3023 5540 3338 5616 subduxisse
3381 5555 3418 5616 a_
3452 5546 3673 5606 paterna

2113 5610 2433 5690 iuvi-rentia,
2458 5634 2617 5691 atque
2640 5618 2879 5674 onmium
2903 5628 3020 5680 qua:
3045 5613 3282 5690 Augusto
3314 5610 3668 5687 inflictzesuut

2108 5678 2443 5764 iniuria—rum],
2474 5678 2938 5755 miseriaruuique,
2966 5698 3025 5737 ac
3053 5681 3314 5751 praecipue
3345 5678 3674 5749 captivitatis
