4030 6190
436 329 540 391 279

1488 322 1681 382 JONIE
1719 325 2266 385 AURELIANENSIS
2305 321 2610 386 EPISCOPI

3568 333 3674 390 280

438 452 494 520 et
535 439 889 520 abdicationis
929 439 1210 520 conscium
1250 438 2003 520 exstitisse?.AdsumnEgln-
2029 446 2079 505 Α
2107 444 2362 520 leget-eet
2389 443 2947 520 ξιιιάἰιοιέ-(ξῇεῐιθιηἱιιί.ι⁸
2967 443 3152 499 Nonne
3180 454 3355 500 actum
3383 446 3674 520 egisse_Jo-

439 513 667 578 bardus,
698 515 1004 580 'l‘heganus.
1053 510 1284 580 scriptor
1314 508 1450 565 Vita:
1480 508 1732 580 Ludovici
1759 510 1861 570 Pii.
1888 508 2001 564 An-

439 589 588 642 nales
611 579 924 645 Fuldenses,
956 579 1382 635 San-Bertiniani
1417 587 1472 634 et
1498 579 1780 634 Metenses.
1820 582 2006 634 Annos

438 657 525 711 hic
561 671 667 710 non
695 660 896 716 attexo,
928 651 1092 704 verba
1130 663 1235 702 non
1282 648 1493 713 refero;
1531 648 1708 704 scribo
1753 651 2000 704 eruditis.

437 724 730 781 Consulent
768 721 852 775 Vel
897 719 988 790 qui
1036 733 1143 774 non
1194 718 1389 789 legere,
1437 718 1524 774 vel
1566 718 1657 787 qui
1705 717 1864 774 fidem
1895 735 2002 775 non

437 794 712 848 adhibent.
835 793 848 806 ’

493 862 675 917 Porro
715 854 999 924 adverti’n,
1042 859 1208 913 lector
1237 857 1468 920 erudite,
1497 856 1737 927 rationes
1763 865 1818 912 et
1840 872 2001 927 argu-

435 941 616 986 tnenta
657 933 903 1000 superius
939 944 1083 1000 aime
1107 927 1315 1000 prolata
1343 926 1745 1000 evidentissime
1781 926 2002 1000 convin-

435 1015 561 1055 cere
582 997 756 1055 voces'
781 1000 918 1062 illas,
948 999 1162 1068 ejusque
1201 997 1658 1068 deltonorationem
1695 1012 1830 1068 (egre
1869 997 2001 1049 tule-

435 1015 561 1055 cere
582 1015 744 1055 voces
781 1015 918 1062 tuas,
948 1016 1062 1068 ejus
1099 1015 1162 1051 tte
1201 1015 1658 1049 aenonorauonem
1695 1015 1830 1064 (egre
1869 1015 2000 1049 tute-

435 1071 572 1138 ritis,
602 1071 728 1124 dum
758 1068 1038 1138 Pippinum
1065 1015 1228 1121 zonas
1252 1064 1558 1138 alloquitur,
1587 1065 2000 1138 haudquaquam

434 1137 500 1194 de
527 1133 966 1193 ekauctoraii'one
994 1134 1222 1190 Czesaris
1248 1148 1368 1189 esse
1394 1133 1786 1202 intelligendas,
1813 1135 1908 1188 sed
1934 1135 2000 1188 de

433 1209 648 1277 probris
680 1223 744 1262 ac
771 1208 1039 1277 dedecore
1069 1217 1194 1277 ante
1228 1220 1316 1277 an.
1343 1202 1448 1277 828
1488 1203 1798 1270 imperatori
1836 1202 1999 1277 illatis

433 1271 556 1331 cum
584 1276 838 1346 Pippinus
874 1275 1168 1346 ipseﬁdele
1210 1271 1527 1346 obsequium
1565 1273 1999 1346 pmstaret,__i_m-

432 1354 597 1414 pense
633 1339 916 1416 diligeret}
940 1344 1008 1416 Ei
1029 1347 1100 1416 fin
1135 1339 1608 1416 omnibusﬁdeliter
1649 1350 1697 1416 et
1733 1341 2000 1394 humiliter

431 1410 649 1485 subjecti
690 1410 914 1485 fueritis,
943 1415 1122 1485 aiebat
1145 1412 1330 1467 Jonas.
1371 1410 1415 1463 A
1450 1424 1579 1463 vero
1606 1410 1750 1463 enim
1777 1425 1997 1485 prorsus

432 1480 667 1539 alienum
690 1480 786 1539 'est
808 1499 883 1548 ex
921 1484 1170 1539 omnibus
1205 1497 1326 1550 qua:
1359 1495 1518 1549 supra
1557 1480 1992 1544 memoravimus,

431 1555 778 1622 scribuntque
804 1562 1052 1608 auctores
1075 1561 1187 1606 tum
1211 1565 1390 1622 pares,
1425 1559 1537 1622 tum
1570 1564 1848 1617 suppares,
1877 1559 1996 1622 post

430 1619 770 1692 imperatoris
801 1619 1616 1692 abdicationem,Aquitanicum
1644 1629 1825 1686 regem
1851 1619 1996 1692 εῃιιίτ

428 1687 610 1746 buisse
625 1692 780 1746 fidem
801 1701 857 1746 et
875 1692 1252 1746 obedientiam.
1275 1689 1344 1742 At
1363 1696 1551 1742 contra
1567 1687 1992 1741 exauctorationi

434 1761 598 1846 semel
629 1762 906 1846 etniterum
933 1776 1032 1846 sua
1057 1761 1126 1846 ob
1153 1760 1368 1846 privata
1389 1756 1990 1846 continuodauconsensit.
2024 1789 2069 1846 Β

429 1829 613 1898 Neque
647 1830 753 1885 alio
779 1839 966 1900 postea
1001 1825 1409 1900 ductu—sspiritu
1436 1827 1516 1880 Pii
1555 1825 1705 1879 stetit
1732 1825 1992 1895 partibus,

428 1907 487 1968 ut
514 1895 796 1968 perspicue
823 1902 978 1955 docet
1003 1895 1311 1962 Nithardns,
1334 1911 1402 1968 ea
1427 1909 1546 1964 qua:
1569 1903 1688 1949 acta
1727 1903 1852 1949 sunt
1893 1909 1994 1948 an-

331 1969 334 1974 ’
428 1967 662 2032 ιιίε8⁴29ζ
690 1969 816 2035 850,
845 1970 972 2033 851,
1009 1978 1137 2032 etc.,
1171 1967 1501 2022 describens.

498 2037 594 2092 His
627 2052 691 2092 ex
721 2033 1012 2093 abundanti
1057 2037 1325 2091 accedunt
1355 2035 1472 2090 aliae
1502 2033 1738 2088 rationes
1767 2033 1832 2086 ad
1865 2047 1993 2100 epo-

426 2105 583 2176 cham
610 2108 856 2176 opusculi
885 2109 951 2162 de
976 2106 1316 2161 Institutione
1339 2105 1481 2176 regia
1507 2103 1668 2176 altius
1691 2101 1985 2176 figendum:

429 2175 481 2245 i.
512 2175 568 2229 Si
597 2170 712 2244 ja'm
754 2177 807 2245 id
830 2178 1032 2232 editum
1073 2191 1104 2230 a
1131 2176 1334 2245 synodo
1362 2170 1649 2245 Parisiensi
1685 2170 1850 2225 Jonas
1874 2170 1992 2239 Pip-

425 2244 553 2314 pino
579 2239 699 2315 post
724 2243 928 2315 aliquot
955 2260 1123 2299 annos
1147 2239 1444 2315 obtulisset,
1475 2256 1580 2309 qua
1609 2239 1785 2315 fronte
1828 2255 1991 2315 ausus

426 2308 511 2366 cst
561 2308 715 2370 initio
759 2308 876 2384 cap.
912 2315 1084 2368 ultimi
1122 2328 1303 2384 regem
1339 2313 1412 2365 ita
1451 2308 1779 2384 centestari:
1830 2328 1848 2360 ‹
1878 2308 1993 2362 Hoc

425 2384 772 2452 opusculum,
808 2378 1012 2452 optime
1050 2378 1278 2447 rexfoh
1307 2394 1546 2436 amorem
1581 2378 1993 2452 salutis__vestrze

425 2447 772 2521 digessimus,
801 2447 1077 2509 humiliter
1116 2453 1470 2522 deprecantes
1508 2457 1567 2502 ut
1600 2447 1729 2503 illud
1765 2447 1994 2516 libenter

432 2593 2024 2622 W—

2107 511 2230 588 nam
2259 513 2514 588 Pippinus
2539 511 2774 588 objicere
2804 515 3088 588 potuisset,
3116 530 3328 588 eaquae
3357 511 3675 588 praescripta

2105 582 2318 657 fuerant
2344 583 2734 657 tribusabhinc
2767 582 2923 637 annis
2961 585 3014 657 in
3029 582 3268 657 concilio
3292 582 3464 657 Paris.
3497 603 3561 657 ac
3583 582 3676 657 'pa.

2104 653 2174 706 tri
2203 663 2256 707 et
2295 652 2448 706 fratri
2478 652 2674 716 dicata,
2703 652 2897 707 iterum
2942 654 3040 708 sibi
3081 653 3395 707 offerendo?
3437 653 3490 707 2.
3522 652 3676 712 δάιοι

2063 738 2067 742 ‘
2103 723 2217 792 ipse
2261 721 2546 792 lndigitare
2591 721 2737 776 locos
2781 722 2920 792 unde
2955 738 3106 778 suam
3141 731 3415 777 mutuatus
3444 733 3528 778 est
3573 726 3672 779 do-

2101 791 2366 857 ctrinam,
2413 791 2487 845 ita
2535 799 2592 844 ut
2637 791 2946 846 auctoribus
2994 801 3244 846 accurate
3285 793 3517 848 citandis
3565 795 3670 850 sibi

2100 861 2317 932 placere
2337 861 2607 924 videatur,
2637 862 2775 932 sicut
2797 861 3060 932 evolventi
3087 861 3303 932 planum
3335 863 3443 932 fiet.
3475 864 3674 918 Audia-

2100 930 2222 985 mus
2266 931 2416 984 illum
2457 932 2685 1000 ingenue
2725 930 2826 1000 ista
2864 931 3204 1000 proﬁtentem
3252 931 3304 985 in
3347 931 3672 989 Przel'atione

2101 1002 2168 1054 ad
2190 1000 2588 1070 Institutionem
2622 999 2906 1070 laicalem’:
2941 1019 2957 1050 ι
2994 999 3186 1054 Fretus
3209 1000 3406 1070 quippe
3432 1003 3500 1054 ad
3527 1002 3669 1056 idem

2099 1070 2234 1137 opus
2260 1069 2612 1133 subeundum,
2643 1068 2696 1122 in
2723 1082 2787 1123 eo
2809 1084 2997 1138 magna
3024 1084 3086 1123 ex
3119 1078 3270 1138 parte
3297 1068 3501 1133 eistiti,
3527 1072 3670 1138 quod

2100 1154 2205 1193 non
2243 1139 2347 1192 mei
2384 1153 2573 1193 sensus
2613 1138 2774 1192 verba
2814 1138 2956 1208 stylo
2991 1139 3329 1207 eloquentia},
3373 1154 3493 1208 quae
3522 1141 3668 1194 nulla

2098 1209 2232 1262 mihi
2274 1208 2432 1272 inest,
2464 1217 2706 1269 exarata,
2733 1207 2828 1262 sed
2870 1208 3167 1262 sententias
3208 1223 3276 1262 ex
3315 1207 3509 1264 divinis
3539 1224 3666 1263 ora-

2098 1278 2234 1332 culis
2268 1276 2649 1346 promulgatas,
2679 1283 2734 1328 et
2761 1291 2797 1346 a_
2820 1278 3020 1331 sanctis
3042 1276 3292 1333 Patribus
3339 1277 3668 1333 facetissime

2098 1347 2378 1415 capolitas,
2411 1344 2536 1400 huic
2580 1344 3079 1415 foremqinnexurus
3124 1347 3295 1415 operi,
3331 1367 3350 1400 ι
3410 1355 3515 1400 etc.
3563 1347 3666 1414 Qui

2099 1413 2312 1488 amabo
2334 1415 2449 1470 fieri
2493 1422 2698 1488 potest,
2735 1413 2781 1468 si
2809 1415 3091 1488 episcopus
3123 1413 3669 1488 A—urelianensishoc

2097 1485 2408 1554 opusculum
2441 1484 2668 1553 sumpsit
2690 1498 2757 1537 ex
2788 1485 3016 1539 concilio
3036 1484 3232 1554 Paris.,
3261 1495 3321 1539 ut
3347 1502 3414 1540 ne
3442 1485 3664 1541 verbulo

2097 1551 2312 1624 quidem
2348 1554 2400 1624 id
2436 1551 2773 1624 iuridicaverit,
2802 1553 2892 1622 qui
2931 1563 3040 1608 tam
3078 1551 3325 1624 religiose
3355 1562 3552 1624 caetera
3575 1557 3666 1609 ad-

2097 1622 2336 1692 notavit?
2357 1623 2534 1677 Facile
2558 1623 2688 1676 mihi
2715 1622 2767 1676 id
2788 1623 3116 1692 persuaserit
3145 1622 3322 1678 nemo.
3353 1622 3470 1678 Stet
3500 1623 3664 1692 igitur

2098 1690 2284 1747 lsthtec
2341 1692 2638 1756 sententia,
2693 1691 2900 1760 regium
2952 1690 3100 1746 Jona:
3141 1692 3454 1760 opuSculum
3497 1690 3663 1748 inissa.

2097 1763 2456 1831 conscriptum
2490 1777 2579 1814 an.
2611 1761 2734 1817 828.
2766 1759 2889 1831 Qua
2920 1761 2985 1815 de
3022 1776 3084 1831 re
3116 1759 3235 1831 plus
3263 1763 3394 1818 satis
3428 1780 3443 1817 :
3476 1763 3666 1818 discuv-

2099 1833 2235 1900 tiant
2267 1829 2605 1894 oculatiores,
2639 1830 2767 1898 ipsis
2799 1830 3043 1900 relinquo
3065 1829 3346 1897 judicium.

2167 1899 2291 1955 Haec
2318 1901 2584 1970 Acherius
2629 1899 2961 1954 doctissime.
2992 1899 3135 1970 idem
3174 1909 3434 1970 praeterea
3479 1906 3662 1956 monet

2095 1970 2204 2040 hoc
2225 1969 2539 2040 opusculum
2567 1976 2779 2040 erutum
2805 1983 2934 2040 esse
2961 1968 3028 2040 ab
3049 1983 3156 2024 uno
3176 1968 3220 2024 'e
3245 1971 3517 2040 sodalibus
3547 1971 3660 2026 suis

2095 2038 2159 2093 D.
2181 2037 2415 2093 Arhaldo
2439 2037 2702 2092 Boisserie
2731 2053 2762 2092 e
2795 2038 3056 2092 tabulario
3081 2038 3459 2096 canonicorum
3487 2040 3660 2096 eccle-

2094 2109 2187 2162 sia:
2222 2107 2280 2163 S.
2312 2107 2453 2162 Petri
2483 2105 2684 2160 Romae.
2716 2107 2958 2162 Alterum
2992 2107 3181 2162 deinde
3217 2108 3454 2163 codicem
3485 2109 3657 2162 Aure-

2097 2177 2184 2232 lia:
2223 2177 2425 2245 reperit
2453 2177 2720 2240 Baluzius,
2761 2191 2826 2231 ex
2870 2193 2975 2245 quo
3008 2189 3130 2230 cum
3165 2179 3342 2231 varias
3381 2179 3657 2243 lectiones,

2095 2261 2196 2301 nec
2242 2261 2437 2315 paucas
2483 2260 2582 2300 nec
2616 2248 3097 2316 contemnendas,
3143 2246 3534 2316 descripsisset,
3582 2263 3660 2302 eae

2096 2315 2357 2439 ﬁgisocad
2391 2315 2723 2386 purgandum
2769 2323 2972 2370 textum
3017 2314 3336 2385 adjumento‘
3357 2316 3507 2374 fuere
3550 2332 3659 2374 non

2223 2401 2240 2438 ι
2310 2400 2356 2438 ιιι

2097 2399 2356 2440 mediocri

1731 2792 2345 2931 JONZE

888 3105 1541 3264 0PUSCULUM
1644 3104 1792 3254 DE
1899 3103 2000 3252 ll

2099 3093 2703 3251 TITUTIONE
2811 3096 3198 3255 REGIA.

1828 3367 2227 3386 ﬂ

1317 3473 1648 3531 EPISTOLA
1685 3469 1996 3530 EIUSDEM
2030 3472 2122 3527 AD
2159 3466 2483 3528 PIPPINUM
2521 3465 2778 3527 REGEM.

497 3677 724 3736 Domino
743 3675 1075 3731 nobilissimo
1091 3673 1365 3745 prosapia,
1393 3671 1810 3743 pulchritudine,
1834 3682 1996 3744 atque
2024 3679 2067 3741 C
2099 3675 2289 3731 Isaiam
2338 3673 2658 3744 prophetam
2713 3670 2970 3740 loquitur,
3025 3667 3213 3724 dicens
3251 3674 3275 3720 :'
3304 3665 3388 3720 Ne
3439 3662 3665 3722 timentis

425 3770 688 3840 sapientia
710 3767 1176 3839 praestantissimo,
1199 3765 1418 3820 PlPPlNO
1444 3765 1554 3834 regi
1585 3765 1992 3836 gloriosissimo,

425 3862 600 3917 Jouss‘
616 3860 872 3915 minimus
897 3858 1218 3914 famulorum
1246 3856 1446 3912 Christi
1481 3855 1732 3926 famulus,
1759 3872 1996 3927 praesen-

429 3953 498 4008 tis
516 3951 815 4020 l'uturzeque
838 3951 963 4005 vitae
990 3959 1183 4020 optans
1210 3949 1620 4004 beatitudinem.

498 4041 650 4108 Quod
694 4050 902 4096 tantum
955 4042 1211 4111 temporis
1255 4039 1459 4102 efﬂuxit
1507 4055 1576 4095 ex
1623 4050 1730 4109 quo
1775 4039 1997 4110 ignarus

426 4135 609 4192 exstiti
656 4143 816 4190 tanta:
860 4135 1160 4204 prudentiae
1196 4141 1387 4188 vestrae
1419 4146 1546 4201 erga
1579 4133 1786 4202 regium
1830 4133 1999 4186 hono-

429 4241 560 4288 rem.
592 4236 752 4282 tantae
787 4226 1084 4282 devotionis
1121 4240 1249 4294 erga
1295 4225 1533 4279 divinum
1579 4224 1802 4290 cultum,
1833 4232 1999 4278 tanta:

427 4318 718 4374 voluntatis
739 4331 867 4385 erga
905 4317 1143 4371 divinum
1178 4316 1421 4368 timorem
1455 4323 1511 4368 et
1536 4328 1796 4377 amorem,
1837 4322 1999 4368 tanta:

427 4410 591 4464 etiam
645 4406 965 4463 humilitatis
1021 4419 1146 4474 erga
1214 4403 1549 4458 sacerdotale
1606 4405 1996 4470 ministerium,

428 4513 591 4567 quam
637 4495 790 4550 vobis
827 4509 998 4563 nuper
1035 4493 1208 4564 gratia
1249 4493 1660 4548 administrante
1703 4494 1879 4548 inesse
1917 4494 2000 4548 di-

345 4648 353 4654 _
431 4589 556 4654 dici,
591 4587 678 4644 alii
714 4589 818 4643 nisi
865 4603 997 4642 mea}
1035 4589 1246 4644 ascribo
1287 4587 1620 4642 hebetudim.
1666 4587 1775 4642 Nec
1816 4589 2005 4643 imme-

429 4681 568 4746 rito;
616 4679 814 4748 quippe
856 4693 980 4732 cum
1031 4687 1221 4733 vestra:
1260 4678 1538 4748 potestati,
1582 4679 1635 4732 in
1661 4680 1814 4749 cujus
1840 4694 2003 4750 regno

432 4779 584 4823 ortus
616 4777 670 4823 et
699 4768 859 4833 altus,
888 4768 1187 4837 litterisque
1215 4767 1500 4822 admodum
1539 4768 1793 4834 imbutus,
1824 4785 2004 4823 coma-

430 4878 537 4932 que
560 4862 753 4931 capitis
774 4861 1012 4930 deposita
1039 4859 1236 4914 Christi
1273 4860 1478 4914 militia:
1504 4876 1620 4915 sum
1648 4862 2002 4930 mancipatus,

423 4952 547 5022 jure
568 4952 904 5020 fideliterque
925 4949 1080 5005 debui
1107 4950 1472 5004 obsecundare
1498 4951 1546 5004 ei
1573 4965 1787 5020 quoquo
1811 4952 2000 5015 modo;

2095 3766 2370 3837 opprobria
2417 3765 2708 3828 hominum,
2746 3772 2794 3817 et
2843 3760 3184 3830 blasphemia:
3234 3774 3414 3813 eorum
3467 3759 3666 3812 intuem

2097 3859 2260 3924 mini;
2289 3858 2537 3929 quoniam
2565 3858 2699 3910 sicut
2727 3855 2882 3926 ignis,
2926 3854 3002 3908 sic
3029 3850 3292 3906 devorabit
3316 3867 3401 3904 eos
3440 3853 3663 3916 vermis;

2096 3958 2144 4002 et
2169 3949 2301 4002 sicut
2330 3946 2710 4010 vestimentum,
2743 3946 2818 4000 sic
2846 3943 3074 3998 comedet
3094 3959 3180 3996 eos
3208 3941 3367 3995 tinea.
3393 3940 3554 3996 Salus
3571 3959 3667 3994 au-

2098 4049 2198 4093 tem
2223 4055 2338 4092 mea
2362 4040 2419 4092 in
2441 4039 2807 4108 sempiternum
2831 4031 2946 4101 erit,
2976 4044 3024 4088 et
3045 4035 3253 4104 justitia
3281 4050 3398 4088 mea
3431 4033 3487 4088 in
3519 4049 3668 4103 gene—

2100 4129 2326 4182 rationes
2356 4129 2745 4198 generationum
2773 4124 2917 4196 (Isa.
2965 4142 3015 4180 ιι
3035 4165 3052 4190 ,
3082 4124 3155 4196 7).
3187 4123 3305 4180 Νοη
3340 4123 3506 4194 igitur
3529 4135 3668 4192 prae-

2100 4233 2367 4272 sumerem
2389 4225 2583 4272 vestrae
2607 4214 2883 4286 quidpiam
2929 4214 3234 4270 celsitudini
3277 4211 3665 4268 admonitionis

2099 4311 2271 4379 gratia
2308 4311 2566 4373 scribere,
2624 4308 2729 4363 nisi
2778 4307 2948 4363 fretus
2997 4308 3325 4362 exstitissem
3373 4307 3440 4361 de
3484 4313 3667 4360 vestra

2101 4413 2300 4453 cernua
2341 4399 2695 4464 sublimitate,
2746 4402 2801 4451 et
2844 4397 3215 4466 experimento
3264 4394 3568 4450 didicissem
3600 4407 3666 4447 ea

2099 4505 2219 4560 qua:
2246 4489 2312 4543 ad
2335 4504 2573 4543 amorem
2607 4496 2661 4542 et
2691 4487 2939 4541 timorem
2971 4485 3064 4540 Dei
3094 4485 3501 4553 animarumque
3524 4479 3669 4537 salu-

2104 4589 2211 4634 tem
2245 4579 2533 4649 pertlnent,
2565 4593 2660 4631 vos
2691 4576 2966 4631 ferventer
2987 4575 3124 4630 velle
3147 4575 3380 4638 discere,
3411 4583 3467 4628 et
3497 4573 3668 4628 liben-

2103 4679 2187 4723 ter
2213 4668 2418 4721 audire.
2446 4667 2708 4733 Quoniam
2740 4680 3005 4720 memores
3048 4663 3191 4720 illius
3231 4663 3531 4727 sententiae,
3559 4678 3669 4732 qua

2103 4759 2334 4814 dicitur:
2371 4756 2473 4822 Qui
2511 4757 2716 4809 obturat
2744 4772 2924 4809 aurem
2969 4772 3120 4809 suam
3149 4771 3211 4808 ne
3251 4754 3437 4808 audiat
3481 4753 3666 4821 legem,

2104 4848 2272 4900 oratio
2296 4847 2410 4915 ejus
2434 4844 2764 4898 exsecrabilis
2789 4845 2886 4897 erit
2915 4841 3097 4914 (Prov.
3117 4859 3306 4911 xxvm,
3331 4843 3416 4912 9),
3461 4843 3668 4912 regium

2107 4936 2304 4991 fastum
2360 4935 2651 5004 deponitis,
2710 4934 3063 5004 Creatorique
3113 4947 3299 4990 nostro
3351 4933 3671 4989 famulatum

429 5050 492 5096 ut
517 5051 640 5110 pote
672 5040 904 5096 verendo
938 5048 994 5092 et
1021 5039 1382 5093 delitescendo
1410 5039 1693 5108 potiusque
1733 5038 2001 5093 subterfu-
2029 5026 2081 5084 D
2105 5025 2393 5090 cxbibelis.
2417 5033 2473 5078 et
2493 5025 2558 5078 ad
2588 5023 2704 5093 t‘jus
2733 5023 3008 5080 salutifera
3033 5033 3301 5095 praecepta
3335 5039 3519 5078 aurem
3549 5039 3672 5078 cor-

432 5130 624 5199 giendo
675 5135 895 5199 propter
945 5127 1326 5196 blasphemias,
1377 5137 1432 5180 et
1478 5128 1785 5196 opprobria,
1839 5137 2001 5196 atque

433 5211 714 5275 mendacia
777 5215 1134 5287 quorumdam
1194 5231 1486 5286 pravorum
1536 5217 1852 5281 hominum,
1905 5218 1999 5286 qui

434 5318 608 5362 meam
635 5308 1032 5363 extremitatem
1059 5305 1198 5376 apud
1237 5306 1583 5360 serenitatem
1612 5315 1848 5361 vestram
1879 5316 1999 5362 astu

433 5393 715 5462 diabolica,
747 5395 870 5451 odio
896 5402 952 5450 et
979 5394 1179 5449 invidia
1218 5393 1380 5462 pleno
1406 5408 1646 5463 persaepe
1691 5392 2002 5449 diffamave-

437 5491 589 5550 tutit;
638 5500 723 5539 me
771 5500 1017 5555 corpore,
1065 5499 1170 5538 non
1215 5484 1394 5538 animo
1444 5484 1826 5549 subtraxerim,
1894 5499 2000 5537 non

436 5574 718 5628 attendens
738 5574 866 5630 illud
891 5574 1034 5644 quod
1061 5573 1318 5628 Dominus
1345 5572 1399 5627 in
1423 5572 1788 5627 consolatione
1812 5587 2002 5627 eorum

444 5672 669 5732 quorum
734 5665 842 5720 vita
904 5665 1286 5721 malevolorum
1344 5680 1440 5721 ore
1491 5663 1853 5732 discerpitur,
1911 5679 2006 5732 per

2107 5116 2190 5170 dis
2237 5124 2293 5169 et
2334 5115 2576 5183 corporis
2617 5115 2936 5184 supponitis.
2987 5115 3137 5170 Licet
3179 5117 3322 5170 enim
3362 5117 3594 5169 donante
3640 5129 3672 5166 a

2106 5221 2213 5276 quo
2233 5214 2317 5260 est
2344 5220 2504 5261 omne
2531 5207 2714 5261 datum
2759 5208 3018 5276 optimum
3049 5217 3104 5261 et
3127 5219 3288 5260 omne
3316 5207 3518 5261 donum
3550 5220 3673 5274 per-

2106 5297 2328 5362 fectum,
2359 5297 2486 5366 quid
2518 5295 2666 5351 vobis
2695 5297 2983 5367 agendum,
3029 5296 3225 5365 quidve
3258 5295 3556 5350 cavendum
3597 5293 3667 5346 sit

2105 5387 2345 5456 apprime
2371 5384 2653 5449 noveritis,
2681 5393 2738 5440 et
2771 5385 2838 5440 ad
2877 5379 2931 5439 id
2968 5384 3368 5454 exsequendum
3411 5381 3671 5453 plurimos

2105 5481 2454 5535 famulatores
2481 5477 2683 5533 Christi
2734 5476 3069 5531 consultores
3112 5477 3166 5528 in
3193 5481 3442 5543 promptu
3469 5471 3672 5526 habea-

2108 5573 2208 5635 tis;
2239 5580 2415 5625 tamen
2447 5568 2571 5638 quia
2598 5583 2724 5637 pars
2768 5566 2979 5621 illorum
3023 5565 3334 5621 ﬁdelissima
3375 5578 3440 5618 ex
3471 5563 3576 5615 isto
3617 5568 3676 5612 et

2107 5660 2569 5729 illorum'collegio
2619 5673 2705 5713 mc
2745 5659 2971 5727 ascisco,
3005 5665 3060 5714 et
3101 5657 3357 5727 deinceps
3387 5654 3514 5710 totis
3543 5651 3688 5706 nisi-
