4030 6190
321 330 426 391 281

1129 321 1216 377 ue
1251 297 1734 377 txsrtrurloue
1771 313 1975 373 necta
2014 315 2105 371 AD
2141 313 2464 375 PlPPlNUM
2503 314 2756 376 necem.

3452 325 3559 379 9.82

307 445 420 500 bus
445 441 640 499 ascisci
666 451 881 509 exopto,
923 454 1028 493 non
1057 440 1346 494 absurdum
1377 441 1539 496 debet
1569 443 1760 503 videri,
1795 461 1891 498 nec
1922 448 1966 502 Α
1995 453 2042 495 et
2061 443 2363 510 peregrinus
2394 441 2527 494 sicut
2565 458 2741 495 omnes
2768 440 2939 510 patres
2965 439 3575 512 mei(PsuI.xxxvm,l3),

310 534 647 588 subsicivum
684 531 868 584 haberi
893 530 1145 598 exiguum
1174 529 1564 584 admonitionis
1595 547 1887 586 munuscu-

313 625 456 686 lum,
491 621 633 691 quod
663 637 729 674 ex
761 620 972 674 modico
1019 619 1257 688 pectoris
1305 615 1410 673 mei
1447 620 1700 674 thesauro
1740 622 1890 675 vobis

311 714 539 766 domino
581 726 702 764 meo
738 711 1016 779 porrigere
1049 724 1339 777 praesumo.
1383 707 1639 773 Proinde,
1688 711 1760 762 mi
1797 711 1890 764 do-

311 803 466 856 mine
504 816 598 854 rex
645 799 1010 862 serenissime,
1051 796 1213 851 oiiicii
1258 813 1466 851 memor
1505 806 1557 851 et
1585 797 1774 853 salutis
1801 814 1890 852 ve-

314 902 468 955 strae,
494 889 974 960 quamplurimum
1023 888 1202 956 cupio,
1256 887 1427 941 ﬁdelis
1472 897 1633 956 atque
1675 887 1890 942 indissi-

314 985 555 1040 mulatus
588 983 800 1036 debitor
828 981 1088 1042 existens,
1120 991 1316 1032 moneo
1363 979 1636 1033 humiliter
1673 979 1890 1034 celsitu-

314 1075 497 1130 dinem
525 1081 764 1128 Vestram
793 1079 852 1124 ut
877 1065 1060 1124 sedulo
1101 1069 1450 1139 perpendatis
1492 1067 1722 1138 qualiter
1757 1079 1888 1124 tem-

311 1183 447 1240 pora
476 1166 663 1222 mundi
687 1173 909 1234 perpete
950 1179 1110 1218 cursu
1151 1162 1618 1232 praeteriabantur,
1653 1170 1706 1216 et
1747 1163 1888 1232 quod

310 1260 434 1328 ejus
452 1257 649 1327 gaudia
677 1255 926 1309 omnibus
955 1253 1273 1308 mortalibus
1300 1252 1450 1307 luctu
1485 1251 1761 1316 liniantur,
1794 1265 1887 1306 seu

309 1348 458 1416 Quod
488 1347 684 1410 honor,
726 1349 782 1398 et
808 1343 986 1405 amor,
1011 1336 1155 1395 illius
1202 1352 1398 1409 pompa
1441 1351 1603 1410 atque
1640 1340 1886 1406 dulcedo,

310 1435 571 1490 omnibus
616 1431 1030 1488 amaritudinem
1078 1439 1332 1499 generet;
1381 1446 1480 1485 nec
1507 1447 1612 1486 non
1640 1441 1694 1487 et
1734 1427 1886 1497 illud,

309 1528 457 1595 quod
487 1519 663 1579 omnis
694 1521 836 1578 filius
877 1521 1046 1574 Adam
1074 1519 1275 1575 vermis
1327 1522 1399 1576 sit
1443 1530 1499 1576 et
1538 1523 1802 1592 putredo:
1833 1531 1888 1576 et

307 1615 456 1686 quod
508 1614 801 1670 secundum
841 1611 972 1666 illud
1023 1611 1165 1680 quod
1204 1623 1336 1665 voce
1383 1607 1663 1666 Dominica
1713 1613 1888 1681 primo

309 1706 527 1776 parenti
559 1712 744 1758 nostro
772 1701 992 1764 dicitur,
1036 1698 1178 1769 quod
1206 1699 1382 1768 pulvis
1416 1699 1487 1754 sit
1513 1707 1568 1754 et
1606 1699 1661 1753 in
1701 1699 1886 1770 pulve-

309 1812 430 1852 rem
464 1797 574 1851 cito
601 1795 892 1866 redigatur.
934 1791 1086 1847 Unde
1115 1790 1304 1845 scribit
1328 1790 1584 1860 quidam:

375 1908 584 1958 Brachia
609 1920 701 1956 non
729 1907 979 1956 retrahunt
1002 1903 1169 1967 fortes,
1197 1918 1288 1954 nec
1309 1917 1520 1967 purpura
1553 1916 1702 1967 reges
1727 1917 1742 1954 :

441 1969 544 2018 Sed
563 1971 841 2030 quicunque
864 1970 995 2016 venit
1018 1966 1240 2028 pulvere,
1260 1965 1413 2027 pulvis
1431 1967 1547 2015 erit.

383 2071 526 2138 Quia
555 2085 683 2140 ergo
709 2077 915 2124 constat
942 2075 1048 2121 tam
1089 2063 1326 2130 labilem,
1365 2073 1473 2120 tam
1504 2059 1746 2136 fragilem
1776 2066 1889 2120 exi-

303 2173 458 2219 stere
485 2163 624 2216 hanc
650 2161 838 2226 vitam,
869 2158 1176 2214 morborum
1215 2157 1549 2212 diversorum
1579 2157 1885 2226 generibus,

304 2262 362 2307 et
397 2251 811 2306 multifariarum
849 2248 1214 2304 calamitatum
1241 2247 1477 2301 miseriis
1515 2247 1728 2316 plenam
1745 2262 1889 2302 mor-

307 2344 517 2398 talibus
544 2342 879 2408 attributam,
929 2342 1088 2398 debet
1132 2342 1520 2411 unusquisque,
1564 2341 1690 2396 dum
1732 2341 1780 2394 ei
1811 2340 1887 2394 vi-

304 2452 444 2494 vere
485 2438 821 2504 conceditur,
857 2437 1133 2492 attendere
1177 2451 1269 2502 ne,
1314 2435 1495 2504 aliquo
1539 2444 1755 2505 torpore
1795 2433 1888 2488 de—

304 2543 557 2598 pressus,
581 2536 676 2580 aut
702 2526 936 2595 qualibet
960 2526 1188 2590 incuria,
1220 2533 1313 2579 aut
1335 2525 1626 2579 securitate
1655 2522 1883 2588 illectus,

307 2626 559 2686 tempora
593 2611 794 2669 indulta
817 2615 1146 2686 poenitentia:
1177 2613 1230 2668 in
1261 2627 1488 2668 vacuum
1519 2613 1766 2677 deducat,
1794 2613 1888 2667 sed

305 2705 491 2776 magis
525 2699 871 2775 propheticis,
903 2711 958 2759 et
995 2702 1338 2775 evangelicis,
1371 2709 1534 2773 atque
1576 2701 1887 2772 apostolicis

302 2796 628 2852 salutariter
654 2803 970 2866 provocatus
992 2793 1240 2863 eloquiis,
1274 2793 1585 2848 Creatorem
1629 2804 1805 2857 suum,
1855 2807 1885 2846 a

301 2899 424 2958 Quo
441 2886 712 2956 peccando
738 2885 983 2947 recessit,
1007 2881 1318 2953 paenitendo
1343 2881 1619 2952 requirere
1649 2879 1884 2945 studeat,

301 2990 549 3046 eumque
587 2988 684 3044 per
718 2973 934 3044 dignam
976 2972 1308 3042 paenitentiae
1348 2968 1793 3033 satisfactionem,
1831 2976 1888 3023 et

298 3068 775 3138 eleemosynarum
813 3063 1173 3135 largitionem,
1218 3062 1319 3117 sibi
1367 3061 1658 3131 propitium
1704 3059 1885 3114 facere

1991 532 2054 585 Et
2083 530 2372 598 Apostolus
2401 545 2415 584 :
2448 529 2654 584 Scimus
2682 531 2818 583 enim
2844 531 3088 600 quoniam
3119 531 3164 584 si
3188 535 3448 585 terrestris
3470 532 3563 585 doc

1989 642 2105 678 mus
2129 634 2306 678 nostra
2333 623 2494 692 hujus
2521 623 2856 676 habitationis
2903 623 3236 687 dissolvatur,
3270 626 3408 694 quod
3437 625 3562 679 (udi-

1989 713 2285 781 ﬂeationem
2310 712 2582 772 habemus,
2610 712 2821 764 domum
2855 729 2957 765 non
2993 712 3374 780 manufactam,
3406 724 3559 768 αἰεν-

1991 817 2110 854 nam
2133 802 2186 853 in
2208 800 2346 853 caelis
2378 800 2461 864 (II
2486 798 2608 854 Cor.
2639 816 2688 863 v,
2719 800 2779 867 ι).
2803 799 2970 869 igitur
2996 802 3120 870 quia
3146 802 3563 872 uniuscujusque

1990 891 2179 959 fragile
2225 891 2534 960 luteumque
2585 887 2971 955 habitaculum,
3009 907 3116 960 quo
3160 894 3562 962 peregrinatur,

1986 984 2096 1037 cito
2122 993 2204 1036 est
2239 982 2661 1045 dissolvendum,
2691 993 3036 1049 summopere
3063 983 3361 1036 cavendum
3389 992 3472 1037 est
3493 997 3560 1037 ne

1987 1081 2207 1141 propter
2246 1072 2385 1126 illius
2412 1086 2651 1126 amorem
2676 1081 2731 1125 et
2760 1071 3026 1126 incentiva
3051 1072 3336 1135 desideria,
3361 1088 3553 1126 vanas-

1987 1177 2091 1231 que
2118 1179 2182 1216 ac
2219 1162 2408 1216 noxias
2451 1160 2856 1224 delectationes,
2903 1160 3102 1224 anima,
3140 1175 3260 1229 qua:
3287 1171 3370 1215 est
3395 1162 3558 1216 cmic-

1987 1253 2086 1306 stis
2135 1252 2309 1318 origo,
2359 1258 2544 1318 pereat
2599 1249 2650 1302 in
2706 1257 2998 1313 aeternum;
3050 1250 3143 1303 sed
3192 1249 3266 1302 ita
3329 1249 3568 1304 exterior

1988 1342 2149 1395 homo
2187 1340 2449 1395 obnoxius
2485 1339 2817 1408 corruptioni
2847 1336 3162 1404 subjiciatur
3209 1338 3478 1398 servituti,
3507 1346 3566 1391 ut

1987 1432 2209 1486 interior
2241 1432 2306 1485 de
2337 1432 2422 1486 die
2453 1431 2504 1484 in
2539 1431 2682 1485 diem
2735 1439 3025 1485 renovatus
3067 1429 3135 1483 ad
3174 1437 3431 1483 aeternam
3459 1429 3568 1499 glo-

1986 1523 2119 1576 riam
2144 1520 2373 1576 feliciter
2393 1521 2777 1589 capessendam
2799 1527 3145 1588 praeparetur.
3167 1518 3350 1573 Satius
3367 1519 3564 1587 quippe

1985 1614 2275 1682 unicuique
2321 1610 2635 1666 mertalium
2666 1611 2843 1664 fuerat
2892 1626 2998 1664 non
3043 1610 3354 1674 subsistere,
3400 1625 3562 1679 quam

1986 1713 2202 1773 propter
2225 1703 2611 1758 delectationes
2641 1700 2909 1764 carnales,
2951 1709 3008 1754 et
3051 1700 3228 1753 fumea
3256 1700 3566 1768 caducaque

1917 1775 1964 1834 Β
1993 1795 2181 1864 gaudia
2206 1794 2411 1857 mundi,
2439 1810 2467 1846 a
2498 1791 2752 1846 felicitate
2782 1790 3022 1858 paradisi
3055 1800 3368 1843 sanctorum
3398 1805 3565 1859 auge-

1987 1881 2159 1935 lorum
2188 1893 2242 1936 et
2269 1883 2546 1936 hominum
2577 1880 2848 1936 consortio
2873 1887 3148 1932 extorrem
3185 1879 3320 1933 ﬁeri.
3359 1877 3559 1932 Verum

1986 1970 2116 2038 quia
2164 1972 2400 2025 conditio
2440 1973 2696 2033 humana,
2745 1978 2800 2024 ct
2848 1982 3039 2024 cursus
3070 1969 3227 2022 istius
3274 1969 3456 2022 mundi
3488 1969 3562 2022 ita

1985 2073 2043 2113 se
2074 2060 2251 2124 habet,
2281 2069 2490 2129 oportet
2536 2069 2596 2114 ut
2625 2060 2767 2114 idem
2798 2059 3058 2121 mundus,
3106 2057 3332 2126 ejusque
3361 2059 3562 2112 divitim

1988 2137 2107 2203 non
2132 2150 2184 2204 in
2212 2151 2502 2216 desiderio,
2544 2151 2638 2205 sed
2674 2151 2728 2204 in
2764 2163 2863 2203 usu
2902 2155 3206 2212 teneantur,
3247 2146 3400 2216 juxta
3433 2147 3562 2202 illud

1985 2237 2224 2307 Apostoli
2249 2258 2261 2292 :
2282 2240 2384 2306 Qui
2407 2249 2626 2292 utuntur
2649 2239 2745 2292 hoc
2771 2237 2986 2301 mundo,
3003 2247 3251 2306 tanquam
3274 2253 3373 2290 non
3405 2245 3564 2288 utan-

1985 2337 2072 2380 tur
2095 2327 2145 2394 (l
2169 2326 2292 2381 Cor.
2323 2344 2432 2394 vn,
2455 2329 2574 2397 5i);
2605 2329 2916 2396 sciaturque
2937 2327 3079 2395 quod
3108 2326 3346 2380 amicitia
3390 2325 3556 2388 illius,

1983 2425 2121 2472 teste
2143 2417 2384 2487 apostolo
2405 2418 2626 2482 Jacobo,
2655 2417 2872 2472 inimica
2899 2418 2969 2471 sit
3001 2417 3118 2480 Dei,
3141 2415 3390 2470 dicente:
3427 2413 3558 2479 Qui-

1985 2521 2184 2578 cunque
2207 2509 2421 2563 voluerit
2469 2511 2670 2564 amicus
2711 2523 2820 2563 esse
2857 2506 3037 2562 sa'culi
3091 2507 3274 2577 hujus,
3321 2507 3562 2559 inimicus

1985 2596 2082 2650 Dei
2109 2598 2445 2652 constituitur
2485 2597 2626 2669 (Jac.
2670 2612 2744 2664 tv,
2783 2598 2861 2668 4).
2894 2599 3102 2665 Quibus
3135 2597 3314 2652 verbis
3361 2597 3564 2666 liquido

1986 2687 2257 2758 colligitur
2280 2689 2423 2760 quod
2456 2690 2586 2745 nulli
2613 2691 2786 2746 amico
2809 2691 2903 2745 Dei
2927 2691 3166 2745 amicitia
3192 2689 3351 2759 hujus
3377 2689 3560 2744 mundi

1984 2780 2352 2850 amplectenda
2395 2780 2488 2846 sit,
2521 2789 2575 2834 et
2597 2783 2738 2850 quod
2777 2796 2990 2852 semper
3018 2782 3208 2836 amicis
3248 2781 3340 2835 Dei
3369 2781 3565 2834 inimi-

1984 2884 2083 2923 cus
2106 2868 2285 2924 fuerit.
2317 2869 2636 2924 Miserabilis
2661 2870 2818 2939 plane
2847 2879 2900 2924 et
2921 2870 3074 2924 valde
3095 2870 3321 2924 dolenda
3345 2883 3430 2924 res
3452 2878 3558 2935 est,

1984 2959 2202 3029 quando
2229 2961 2348 3029 quis
2388 2961 2591 3016 inimici
2633 2961 2716 3015 sui
2765 2961 3015 3016 amicitia:
3050 2959 3316 3031 jungitur,
3361 2969 3416 3015 et
3463 2976 3561 3029 pro

1987 3050 2148 3105 noxia
2188 3049 2576 3121 mortiferaque
2610 3050 2866 3115 amicitia,
2900 3059 3160 3106 aeternum
3190 3059 3243 3106 et
3286 3051 3574 3105 immune-

303 3129 732 3224 sausat,'juxta
773 3129 925 3209 illud.
949 3153 1325 3222 propheticum
1367 3129 1385 3207 ξ
1434 3129 1666 3216 ῥωπήια
1714 3149 1882 3203 Deum
1911 3129 1955 3190 C
1986 3134 2094 3193 lem
2124 3139 2381 3206 amicum,
2413 3139 2726 3196 Creatorem
2759 3141 3010 3196 videlicet
3033 3155 3212 3207 suum,
3245 3141 3466 3195 amittit.

300 3247 441 3299 dum
491 3245 709 3298 inveniri
751 3252 937 3313 potest,
989 3243 1224 3296 invocata
1271 3256 1388 3296 eum
1433 3238 1559 3293 dum
1597 3252 1755 3308 prope
1785 3246 1880 3292 est.

302 3331 650 3404 Derelinquat
671 3333 861 3402 iinpius
885 3332 1022 3385 viam
1047 3343 1218 3396 suam,
1259 3339 1308 3384 et
1334 3330 1412 3384 vir
1443 3328 1655 3398 iniquus
1679 3321 1881 3396 cogita-

303 3429 481 3480 tiones
523 3436 668 3488 suas,
698 3432 746 3477 et
785 3431 1072 3476 revertatur
1102 3421 1171 3474 ad
1200 3420 1506 3484 Dominum,
1538 3428 1585 3472 et
1617 3416 1884 3471 miserebi-

302 3525 398 3567 tur
421 3513 557 3583 ejus,
581 3523 628 3566 et
652 3512 720 3565 ad
745 3513 909 3566 Deum
935 3521 1188 3576 nastrum,
1213 3509 1456 3581 quoniam
1482 3507 1673 3562 multus
1706 3517 1781 3562 est
1811 3508 1880 3560 ad

305 3603 683 3673 ignoscendum
732 3600 878 3672 (lsa.
908 3616 996 3665 Lv,
1025 3598 1102 3663 6).
1141 3599 1209 3653 Et
1250 3599 1417 3653 illud:
1478 3597 1610 3652 Date
1661 3596 1882 3650 Domino

306 3705 481 3748 uestro
499 3692 742 3762 gloriam,
767 3699 1043 3760 antequam
1065 3688 1500 3751 contenebrescat,
1533 3698 1581 3740 et
1605 3695 1882 3757 antequam

308 3783 584 3852 o/fendant
622 3782 776 3852 pedes
813 3782 968 3836 vestri
1021 3782 1089 3834 ad
1136 3790 1333 3834 montes
1387 3779 1698 3849 caliginosos
1745 3777 1880 3849 (Jer.

308 3887 439 3935 xm,
482 3872 588 3944 16).
619 3873 687 3927 Et
728 3871 855 3926 illud
883 3869 1248 3942 evangelicum
1278 3887 1291 3923 :
1326 3868 1602 3923 Ambulate
1629 3869 1755 3922 dum
1799 3869 1882 3921 lu-

308 3980 422 4018 cem
448 3962 668 4026 habetis,
714 3974 777 4016 ne
819 3961 1040 4014 tenebra:
1082 3975 1169 4014 vos
1215 3959 1648 4028 comprehendant
1700 3957 1880 4028 (Joan.

307 4066 420 4118 ιιι,
453 4051 567 4120 55).
598 4052 662 4106 Et
685 4046 853 4105 illud:
889 4043 1131 4120 Vigilate,
1166 4050 1290 4120 quia
1325 4048 1533 4101 nescitis
1555 4048 1692 4102 diem
1718 4063 1882 4116 neque

310 4145 498 4197 horam
523 4141 737 4210 (Matth.
777 4156 906 4206 xxv,
938 4137 1043 4209 l5).
1071 4141 1138 4194 Et
1160 4135 1289 4193 illud
1315 4153 1328 4193 :
1356 4139 1491 4192 Ecce
1517 4155 1654 4192 nunc
1680 4148 1881 4207 tempus

313 4233 669 4303 acceptabile:
703 4248 818 4286 ecce
848 4247 983 4284 nunc
1007 4231 1116 4284 dies
1161 4229 1347 4284 salutis
1396 4227 1480 4301 (ΙΙ
1495 4225 1793 4296 Cor.v1,2).
1818 4228 1884 4282 Et

315 4324 485 4377 multa
517 4323 603 4376 bis
628 4321 826 4376 similia
854 4335 974 4389 quae
996 4319 1155 4374 latius
1179 4317 1527 4388 propheticus
1555 4324 1612 4373 et
1650 4331 1882 4387 evange-

312 4412 454 4467 licus
478 4421 535 4465 et
557 4409 881 4480 apostolicus
906 4408 1219 4478 exsequitur
1258 4406 1451 4478 stylus.

383 4497 482 4556 His
504 4501 684 4569 itaque
707 4497 995 4553 salutiferis
1011 4496 1434 4552 exhortamentis
1459 4496 1684 4565 quisque
1712 4495 1882 4551 ﬁdelis

311 4589 647 4655 admonitus,
675 4589 818 4644 etde
847 4587 969 4642 imis
1004 4589 1070 4642 ad
1110 4602 1344 4656 superna
1388 4596 1624 4652 erectus,
1670 4596 1890 4657 totaque

312 4681 513 4736 ﬁducia
543 4690 596 4735 et.
631 4694 725 4750 spe
756 4679 810 4733 in
836 4677 1146 4732 Creatorem
1174 4692 1329 4732 suum
1358 4692 1672 4747 suspensus,
1701 4677 1887 4745 procul

311 4772 482 4826 dubio
524 4781 674 4824 cavet
705 4785 772 4825 ne
817 4784 923 4823 non
973 4769 1131 4824 modo
1167 4778 1346 4822 mente
1377 4778 1516 4833 ruat,
1567 4769 1658 4823 scd
1710 4769 1888 4838 potius

311 4863 538 4917 Christo
574 4860 916 4932 Redemptori
942 4875 1055 4924 suo,
1089 4861 1179 4929 qui
1208 4874 1364 4914 ruere
1389 4859 1579 4922 nescit,
1633 4861 1758 4915 totis
1805 4861 1887 4914 ni-

310 4954 469 5008 sibus
503 4951 758 5015 adhzeret,
803 4951 988 5005 dicens
1018 4949 1440 5020 gratulabundus
1480 4963 1601 5003 cum
1644 4949 1887 5003 Psalmo-

311 5041 562 5115 grapho:
604 5041 736 5095 Mihi
767 5051 944 5095 autem
983 5041 1250 5095 adhaerere
1275 5039 1386 5093 Deo
1414 5039 1605 5092 bonum
1644 5047 1758 5092 est:
1791 5055 1888 5101 po-

309 5129 521 5184 nerein
546 5127 765 5182 Domino
793 5127 901 5180 Deo
930 5143 1070 5196 spem
1112 5141 1278 5180 meam
1325 5125 1499 5198 (Psal.
1540 5141 1724 5190 Lxxu,
1766 5125 1884 5188 28).

307 5218 429 5274 Sed
472 5225 530 5270 et
554 5215 654 5270 hoc
675 5216 1035 5270 'nihilominus
1079 5215 1365 5283 unicuique
1407 5214 1682 5267 vitandqu
1711 5221 1794 5268 est
1823 5228 1889 5267 ne

310 5320 524 5365 terram
567 5306 749 5378 diligat
777 5305 897 5376 plus
923 5320 1086 5375 quam
1125 5304 1356 5368 ccelutn;
1402 5303 1498 5357 sed
1526 5317 1701 5371 neque
1750 5304 1886 5358 hanc

309 5397 812 5468 peregrinationem
860 5395 1118 5450 aerumnis
1147 5393 1418 5462 Oppletam
1450 5407 1548 5460 pro
1575 5393 1747 5462 patria
1775 5392 1911 5447 dili~

311 5495 429 5558 gat,
470 5486 714 5555 sciatque
760 5503 818 5542 se
852 5487 944 5541 hic
972 5485 1313 5555 peregrinum
1342 5491 1396 5535 et
1443 5483 1728 5548 advenam,
1763 5482 1888 5537 alibi

313 5581 495 5633 civem
539 5585 596 5632 et
624 5578 974 5633 domesticum
1027 5574 1266 5628 futurum
1308 5588 1428 5627 esse
1474 5572 1685 5627 debere.
1739 5571 1890 5628 Unde

315 5669 584 5742 propheta
614 5668 812 5724 David:
847 5670 1106 5736 Quoniam
1134 5667 1327 5722 advena
1356 5681 1446 5735 ego
1485 5680 1602 5718 sum
1636 5666 1778 5734 apud
1817 5675 1884 5729 te,

1904 4462 1958 4521 D

2052 3229 2390 3301 Quapmpter
2432 3244 2778 3301 summopere
2817 3227 3069 3286 omnibus
3115 3231 3207 3299 qui
3254 3230 3559 3285 Christiana

1980 3317 2313 3388 professione
2349 3329 2658 3386 censentur,
2689 3321 3016 3390 vigilandum
3061 3327 3116 3374 et
3162 3322 3558 3392 procurandum

1981 3418 2063 3464 est
2091 3426 2160 3464 ne
2186 3411 2434 3466 diil'erant
2464 3412 2530 3467 de
2558 3411 2646 3467 die
2675 3413 2728 3466 in
2762 3412 2900 3466 diem
2935 3411 3002 3465 ad
3047 3410 3216 3465 Deum
3245 3412 3558 3466 conversio-

1982 3515 2105 3555 nem
2131 3499 2341 3568 facere;
2373 3517 2548 3571 neque
2569 3517 2708 3556 vana
2731 3516 2790 3556 se
2816 3517 2912 3571 spe
2934 3501 3216 3571 deludunt,
3237 3501 3560 3570 promittent-

1985 3605 2065 3650 tes
2090 3595 2193 3650 sibi
2221 3604 2316 3649 aut
2340 3603 2560 3666 propter
2585 3595 2944 3666 iuventutem,
2979 3601 3072 3649 aut
3109 3601 3330 3662 propter
3357 3592 3561 3648 sanitao

1983 3692 2092 3738 tem
2165 3686 2411 3753 corporis
2460 3685 2808 3756 longinquam
2871 3684 3080 3747 vitam,
3135 3683 3366 3736 scientes
3419 3681 3560 3751 quod

1981 3789 2129 3830 mors
2162 3775 2291 3829 nulli
2317 3769 2461 3830 tetati
2493 3784 2701 3844 parcat,
2733 3783 2788 3830 et
2819 3774 2961 3842 quod
2989 3770 3242 3827 omnibus
3288 3770 3411 3826 linis
3451 3769 3558 3826 diei

1982 3863 2064 3917 sui
2095 3863 2302 3919 incerta
2350 3865 2438 3920 sit.
2481 3865 2622 3936 Ergo
2651 3871 2836 3934 spreto
2885 3863 3109 3931 antiquo
3142 3861 3316 3924 hoste,
3348 3869 3558 3929 spreto-

1982 3969 2087 4021 que
2133 3955 2352 4018 mundo,
2384 3955 2473 4023 qui
2516 3955 2569 4007 in
2597 3953 2832 4022 maligno
2861 3953 3068 4020 positus
3108 3960 3210 4014 est,
3259 3951 3561 4019 spretisque

1981 4043 2097 4111 ejus
2121 4042 2325 4098 divitiis
2355 4053 2516 4112 atque
2539 4042 2779 4104 calcatis,
2815 4041 3056 4110 quotidie
3097 4041 3162 4094 de
3191 4037 3336 4094 vitiis
3359 4039 3424 4094 ad
3452 4040 3561 4094 vir-

1982 4141 2142 4196 tutes,
2165 4133 2231 4188 de
2257 4133 2558 4187 visibilibus
2587 4132 2653 4186 ad
2678 4130 2991 4195 invisibilia,
3024 4130 3090 4184 de
3127 4131 3458 4184 transitoriis
3485 4131 3554 4185 ad

1983 4233 2188 4277 aeterna
2255 4216 2595 4278 salutiferum
2649 4221 2937 4276 transitum
2989 4220 3217 4284 faciant,
3271 4231 3558 4290 quatenus,

1982 4315 2134 4370 linito
2174 4314 2403 4370 labentis
2447 4313 2606 4385 hujus
2633 4314 2760 4368 vitae
2791 4329 3044 4378 excursu,
3091 4312 3159 4367 ad
3206 4327 3327 4367 eum
3359 4327 3555 4380 perve-

1982 4405 2134 4459 niant
2173 4420 2202 4458 a
2233 4419 2358 4474 quo,
2391 4418 2516 4458 cum
2543 4419 2651 4457 non
2682 4411 2882 4468 essent,
2931 4410 3058 4456 sunt
3099 4401 3286 4464 creati,
3321 4417 3440 4454 cum
3468 4416 3561 4471 pe-

1985 4495 2223 4561 riisseut,
2256 4504 2380 4550 sunt
2406 4494 2632 4549 recreati
2676 4493 2899 4562 ejusque
2928 4493 3030 4547 ﬁde
3073 4491 3384 4546 salutariter
3425 4491 3556 4545 insl-

1983 4587 2141 4656 gniti,
2171 4594 2226 4640 et
2254 4586 2322 4640 ab
2365 4600 2429 4638 eo
2457 4584 2753 4653 percipiant
2779 4599 2841 4638 ea
2869 4597 2988 4652 qua:
3042 4597 3133 4636 nec
3177 4581 3360 4635 oculus
3410 4583 3556 4645 vidit,

1983 4693 2074 4731 nec
2115 4677 2261 4730 auris
2303 4674 2520 4738 audivit,
2563 4688 2653 4728 nec
2701 4675 2757 4726 in
2791 4688 2881 4727 cor
2923 4671 3145 4726 hominis
3191 4671 3556 4736 ascenderunt,

1979 4784 2096 4838 qua:
2119 4767 2432 4836 pra'paravit
2458 4765 2596 4819 Deus
2623 4763 2955 4834 diligentibus
2977 4779 3030 4816 se
3057 4761 3109 4832 (1
3137 4761 3259 4815 Cor.
3291 4777 3326 4815 ιι
3352 4801 3366 4826 ,
3405 4757 3481 4830 9).

2053 4857 2149 4912 His
2202 4856 2275 4910 ita
2316 4870 2414 4925 per
2459 4865 2797 4909 antecessum
2855 4851 3145 4914 cxsecutis,
3204 4851 3272 4904 ad
3326 4858 3394 4914 te,
3458 4861 3554 4904 rex

1989 4947 2149 5011 bone,
2182 4959 2276 4999 rex
2303 4945 2686 5014 pulcherrime,
2719 4941 3026 5010 specialiter
3065 4955 3244 4994 sermo
3271 4940 3554 4995 mediocri-

1992 5039 2118 5092 tatis
2156 5051 2288 5091 mea:
2329 5050 2516 5088 rursus
2560 5032 2825 5101 dirigitur.
2861 5029 3095 5084 Obsecro
3155 5029 3331 5096 itaque
3371 5036 3425 5080 et
3457 5041 3554 5096 per

1990 5127 2274 5181 Dominum
2318 5124 2577 5194 supplico,
2623 5129 2766 5175 utea
2797 5135 2915 5189 quae
2949 5118 3107 5187 paulo
3140 5133 3298 5186 supra
3321 5130 3550 5186 genera-

1989 5218 2113 5272 liter
2147 5217 2288 5271 dicta
2329 5224 2455 5269 sunt
2503 5222 2682 5266 vestra
2729 5208 3044 5264 excellentia
3101 5207 3402 5275 specialiter
3449 5203 3552 5260 sibi

1988 5321 2265 5361 assumere
2289 5305 2556 5372 dignetur.
2591 5300 2875 5355 Humiliter
2897 5298 3059 5351 etiam
3089 5303 3280 5348 vestrm
3298 5309 3548 5348 mansne.

1987 5395 2159 5450 tudini
2207 5407 2454 5463 suggero,
2483 5401 2543 5446 ut
2571 5390 2856 5444 Dominum
2905 5388 3071 5441 Deum
3110 5391 3277 5446 tuum,
3312 5383 3450 5438 sicut
3493 5395 3552 5438 se

1986 5485 2311 5556 diligendum
2346 5482 2642 5537 cultoribus
2667 5479 2780 5534 suis
2822 5475 3095 5548 pnccepit,
3139 5488 3203 5526 ex
3233 5481 3344 5527 toto
3365 5472 3553 5526 videli~

1987 5585 2074 5630 cet
2094 5573 2275 5635 corde,
2314 5586 2379 5624 ex
2410 5579 2520 5624 tota
2567 5570 2743 5622 anima
2769 5577 2823 5621 et
2851 5583 2916 5620 ex
2963 5574 3069 5618 tota
3108 5564 3305 5616 virtute
3341 5576 3552 5630 semper

1987 5665 2178 5736 diligas
2208 5661 2383 5734 (Deut.
2411 5677 2460 5716 vi
2484 5699 2498 5726 ,
2530 5660 2604 5731 5),
2631 5657 2853 5727 ejusque
2882 5655 3052 5709 amori
3080 5653 3210 5708 nihil
3247 5668 3546 5725 prwponas.
