4030 6190
522 273 627 329 283

1586 267 1779 326 JONIE
1817 265 2373 325 AURELIANENSIS
2412 261 2716 324 EPISCOPI

3664 271 3771 323 Si“

528 393 698 447 Porro
727 388 871 459 quod
916 386 1223 458 proximum
1273 394 1514 442 vestrum
1562 386 1703 440 sicut
1745 385 2099 453 vosmetipsos
2131 385 2172 443 Α
2202 383 2446 449 solertia,
2482 391 2539 438 et
2566 383 2795 438 libenter
2842 382 3035 450 audiri,
3082 393 3135 439 et
3182 385 3449 443 inbianter
3492 366 3648 457 cupio
3682 390 3777 444 ad-

526 481 749 549 diligere
774 475 1036 541 debeatis,
1078 475 1449 530 admonitione
1498 490 1617 529 mea
1662 489 1769 528 non
1819 472 2090 544 indigetis.

525 574 661 638 Quia
698 570 863 638 igitur
904 575 1168 635 quantum
1214 566 1572 622 orthodoxum
1620 566 1797 620 virum
1839 564 2097 636 piumque

524 663 814 722 Czesarem,
854 656 1133 712 dominum
1187 665 1456 721 nostrum,
1516 654 1816 726 genitorem
1859 661 2097 709 vestrum

523 751 845 813 dilexeritis,
873 749 1033 819 eique
1071 748 1124 803 in
1158 746 1412 804 omnibus
1461 746 1692 802 ﬁdeliter
1735 755 1791 802 et
1820 745 2100 801 humiliter

524 840 749 909 subjecti
798 838 1049 903 fueritis,
1097 837 1579 893 dehonorationem
1637 850 1782 907 aegre
1825 835 2097 902 tuleritis,

523 929 774 985 omnibus
802 928 1069 990 nobiliter,
1086 927 1194 983 imo
1218 926 1657 989 memorabiliter,
1673 924 2061 979 manifestastis
2082 942 2096 981 :

528 1019 756 1073 internis
780 1018 926 1073 enim
954 1017 1204 1087 precibus
1228 1015 1514 1072 Dominum
1552 1030 1739 1080 exoro,
1773 1030 1978 1085 vosque
2003 1015 2103 1069 hu-

529 1108 732 1163 militer
774 1109 1063 1171 admoneo,
1113 1114 1176 1161 ut
1217 1120 1432 1174 semper
1484 1105 1539 1160 in
1589 1107 1779 1160 eadem
1816 1104 2104 1161 dilectione

527 1199 912 1263 sincerissime,
964 1198 1193 1252 Domino
1221 1196 1373 1252 vobis
1408 1210 1568 1266 opem
1614 1195 1843 1261 ferente,
1890 1209 2105 1265 perma-

527 1289 723 1355 neatis,
753 1297 809 1343 et
831 1287 1137 1342 nullatenus
1171 1301 1266 1340 vos
1293 1282 1532 1355 qualibet
1552 1284 1863 1352 occasione,
1884 1292 1979 1339 aut
2010 1299 2106 1340 cu-

520 1380 742 1452 juslibet
767 1381 1007 1444 hortatu,
1052 1380 1120 1434 ab
1162 1376 1280 1447 ejus
1326 1391 1514 1433 amore
1556 1372 1897 1448 disjungatis,
1931 1390 2106 1448 neque

525 1488 652 1528 eum
693 1472 747 1528 in
791 1471 973 1541 aliquo
1000 1470 1367 1536 eontristetis;
1398 1469 1524 1540 quia
1552 1477 1787 1526 testante
1824 1468 2106 1541 Scriptura

526 1561 730 1626 divina,
769 1559 913 1616 inter
938 1567 1133 1615 czetera
1179 1557 1375 1627 quibus
1420 1558 1485 1613 de
1538 1565 1694 1629 patre
1742 1557 2015 1629 diligendo
2053 1566 2109 1612 et

524 1631 758 1706 amando
786 1648 952 1704 ﬁlium
985 1648 1228 1714 instruit,
1260 1647 1362 1702 hoc
1380 1644 1537 1714 jubet
1577 1655 1637 1701 ut
1670 1646 1813 1703 ﬁlius
1851 1662 1958 1702 non
1983 1661 2111 1702 con-

2198 471 2429 541 impleri.
2469 471 2730 537 I‘rimum,
2779 480 2838 526 ut
2881 472 3124 543 quotidie
3180 475 3550 546 unusquisque
3596 478 3775 547 potius

2197 563 2390 617 animae
2413 577 2578 633 quam
2601 562 2813 631 corpori
2842 562 3109 628 consulat,
3150 563 3345 618 anima:
3370 580 3483 620 sua:
3520 568 3776 636 quiddam

2199 665 2450 722 magnum
2488 648 2763 722 peculiare
2806 652 3072 721 acquirat,
3103 654 3245 721 quod
3282 653 3339 708 in
3365 666 3627 711 aeternum
3652 676 3777 729 pos-

2200 741 2409 805 sideat:
2463 740 2717 813 quoniam
2765 740 2905 796 sicut
2943 742 3252 812 evangelico
3292 744 3610 801 instruimur
3651 766 3779 804 ora-

2199 828 2341 896 culo,
2388 830 2454 887 de
2478 830 2728 886 omnibus
2754 830 2875 885 vitae
2902 840 3101 888 nostra:
3136 833 3485 902 temporibus,
3515 839 3671 894 annis
3700 840 3779 893 vi-

2201 919 2285 974 del
2293 920 2417 986 icet,
2445 918 2741 985 mensibus,
2757 920 3053 989 diebusque
3072 931 3231 991 atque
3246 923 3415 989 horis,
3429 939 3495 980 ex
3510 942 3618 996 quo
3634 928 3781 984 Deus

2202 1009 2579 1065 discretionem
2610 1011 2735 1066 boni
2765 1018 2820 1066 et
2847 1011 2973 1065 mali
3008 1011 3161 1067 nobis
3200 1013 3422 1080 tribuit,
3466 1015 3623 1073 bona:
3649 1033 3782 1090 ope-

2204 1101 2427 1156 rationis
2453 1100 2686 1158 fructum
2731 1118 2762 1157 a
2791 1103 2946 1159 vinea
2986 1111 3192 1170 nostra,
3224 1102 3278 1159 id
3312 1114 3395 1165 est
3422 1108 3620 1174 anm,
3652 1125 3782 1171 exa-

2203 1198 2392 1246 cturus
2419 1200 2523 1245 est.

2274 1279 2601 1347 Secundum,
2639 1289 2701 1336 ut
2733 1282 2992 1352 quotidie,
3034 1292 3258 1355 excepta
3301 1283 3390 1340 illa
3419 1302 3580 1356 quam
3605 1303 3783 1345 sacer-

2205 1375 2419 1432 dotibus
2448 1374 2517 1431 ad
2541 1371 2827 1431 consilium
2852 1372 3043 1431 salutis
3071 1391 3181 1431 suae
3212 1377 3556 1445 capiendum,
3586 1378 3783 1435 Deum-

2203 1481 2312 1537 que
2349 1466 2454 1522 sibi
2493 1466 2889 1538 propitiandum
2935 1464 3090 1531 iacit,
3141 1466 3207 1521 de
3248 1466 3496 1523 omnibus
3545 1469 3787 1546 peccatis

2204 1557 2321 1614 suis
2372 1557 2617 1614 Creatori
2664 1572 2761 1613 suo
2801 1556 3195 1613 confessionem
3242 1557 3423 1624 faciat,
3464 1567 3519 1614 et
3562 1569 3785 1630 peccata

2209 1662 2306 1703 sua
2344 1655 2471 1703 ante
2500 1662 2559 1702 se
2586 1646 2902 1711 constituat,
2941 1645 3125 1702 dicens
3153 1662 3274 1702 cum
3300 1646 3566 1718 Propheta
3598 1668 3611 1702 :
3640 1648 3787 1715 Quo-

524 1742 704 1797 tristet
725 1748 933 1811 patrem
961 1739 1017 1795 in
1045 1739 1157 1795 vita
1188 1752 1305 1793 sua.
1343 1737 1614 1805 Quantum
1642 1739 1876 1809 denique
1896 1746 2101 1810 patera
2130 1720 2178 1785 Β
2206 1738 2349 1792 niam
2368 1737 2694 1809 iniquitatem
2745 1752 2915 1790 nteant
2955 1750 3049 1806 ego
3099 1751 3373 1805 cognosco,
3424 1746 3473 1791 et
3516 1749 3787 1809 peccatum

526 1830 638 1887 ﬁlio
679 1829 829 1901 diligi
854 1838 910 1887 et
939 1828 1194 1886 honorari
1245 1828 1460 1894 debeat,
1506 1828 1767 1884 Dominus
1800 1828 2105 1899 specialiter

528 1920 882 1988 demonstrat,
931 1935 1057 1977 cum
1096 1920 1152 1974 in
1189 1919 1362 1989 prima
1388 1918 1585 1989 tabula
1614 1918 1682 1973 de
1719 1918 1865 1974 cultu
1897 1925 1953 1974 et
1979 1917 2106 1975 dile-

526 2010 708 2065 ctione
742 2024 840 2065 sua
867 2010 1118 2065 mandata
1165 2009 1424 2074 dedisset,
1476 2008 1533 2063 in
1585 2008 1825 2063 secunda
1871 2009 2107 2079 primum

531 2106 859 2168 prmceptum
884 2100 952 2155 de
991 2107 1144 2169 patre
1169 2099 1485 2156 honorando
1517 2098 1686 2165 dedit,
1712 2099 1785 2153 ita
1810 2099 2058 2168 inquiens
2089 2116 2103 2152 :

536 2189 748 2244 Honora
773 2200 973 2260 patrem
994 2200 1141 2245 tuum
1167 2201 1216 2245 et
1235 2200 1453 2246 matrem
1478 2200 1647 2255 tuam,
1672 2200 1726 2245 ut
1751 2192 1822 2245 sis
1843 2190 2107 2261 longzevus

530 2290 686 2340 utpar
707 2285 928 2340 terram,
943 2293 1103 2347 quam
1120 2276 1375 2333 Dominus
1390 2278 1525 2333 Deus
1540 2289 1661 2333 tuus
1677 2280 1899 2333 daturus
1918 2288 1994 2334 est
2009 2280 2101 2336 tibi

532 2366 711 2429 (Exod
734 2382 822 2427 xx,
850 2366 960 2435 l2).
985 2367 1147 2423 Multa
1165 2370 1387 2439 quidem
1412 2381 1541 2427 sunt
1558 2371 1773 2443 legalis,
1794 2382 1853 2427 et
1869 2387 2105 2442 evange-

532 2452 659 2517 lica,
684 2460 848 2521 atque
877 2455 1172 2525 apostolica
1198 2470 1230 2510 a
1275 2455 1502 2512 Domino
1530 2456 1870 2527 promulgata
1910 2473 2114 2528 praece-

533 2549 646 2611 pta,
680 2542 875 2612 quibus
916 2552 1070 2613 pater
1095 2558 1128 2599 a
1167 2543 1278 2600 ﬁlio
1321 2545 1470 2615 diligi
1498 2554 1553 2602 et
1578 2547 1833 2602 honorari
1871 2547 2116 2618 praecipi-

537 2640 654 2698 tur;
707 2648 828 2702 qua:
878 2635 1006 2705 quia
1053 2643 1247 2692 vestra:
1280 2637 1557 2707 sapientia:
1581 2647 1709 2694 nota
1736 2648 1881 2705 sunt,
1914 2640 2116 2701 idcirco

530 2722 853 2777 omittuntur
879 2724 989 2779 hic.
1019 2724 1125 2780 Pro
1156 2734 1306 2782 certo
1332 2734 1513 2781 autem
1547 2727 1827 2784 sciean
1867 2736 1955 2784 est
1988 2730 2116 2800 quia

533 2814 778 2884 quisquis
806 2823 1013 2885 patrem
1042 2818 1291 2885 honorat,
1323 2818 1514 2885 Deum,
1558 2819 1653 2890 qui
1679 2820 1919 2885 omnium
1958 2830 2119 2890 pater

530 2912 636 2969 cst,
662 2904 919 2971 honorat;
945 2914 1000 2961 et
1033 2908 1125 2977 qui
1153 2922 1277 2963 eum
1298 2908 1614 2975 dehonorat,
1646 2908 1722 2965 illi
1747 2911 1936 2981 procul
1955 2911 2120 2969 dubio

533 2992 786 3063 injuriam
812 2996 1038 3068 ingerit;
1084 2998 1211 3067 quia
1252 3000 1495 3055 omnium
1521 3009 1677 3071 pater
1706 3011 1806 3068 est,
1837 3011 1894 3059 et
1930 3019 1961 3059 a
1994 3003 2120 3060 ﬁliis

532 3092 744 3153 patrem
797 3085 1167 3142 honorandum
1200 3090 1395 3145 sancit.
1446 3090 1585 3158 Quid
1636 3094 1780 3149 enim
1829 3093 2113 3163 dispendii-

533 3175 665 3244 quid
718 3174 1005 3242 malorum,
1049 3180 1181 3248 quid
1230 3182 1503 3248 mmroris,
1555 3184 1683 3252 quid
1729 3185 2115 3254 Oppressionis,

536 3264 736 3333 quidve
784 3265 1127 3323 miseriarum
1173 3269 1490 3327 simulantes
1541 3281 1598 3328 et
1643 3274 1948 3347 discordiae,
1997 3291 2120 3347 quae

522 3356 811 3426 praeterito
838 3370 1001 3424 anno,
1028 3360 1170 3415 sicut
1196 3369 1375 3417 vestra
1399 3360 1715 3420 excellentia
1745 3365 1914 3431 novit,
1942 3382 2119 3423 emen-

526 3455 742 3511 serunt,
771 3448 969 3534 populo
1006 3450 1103 3507 Dei
1132 3450 1463 3519 iuﬁixerunt,
1491 3469 1715 3524 regnum
1757 3456 1862 3512 hoc
1894 3457 2119 3513 misera-

537 3537 718 3593 biliter
743 3548 1027 3611 expertum
1067 3550 1168 3607 est,
1210 3550 1266 3598 et
1309 3545 1605 3615 tripudium
1649 3545 1867 3604 diabolo
1900 3548 2119 3619 suisque

536 3630 797 3686 membris
821 3647 1075 3703 magnum
1102 3632 1304 3690 factum
1346 3644 1452 3691 est.
1486 3632 1593 3691 Sed
1633 3636 1797 3706 quia,‘
1827 3645 1890 3692 ut
1931 3638 2115 3706 credo,

538 3717 797 3774 Dominus
823 3735 1099 3777 servorum
1123 3738 1343 3778 suorum
1369 3723 1623 3795 precibus
1651 3724 1918 3795 pulsatus,
1946 3734 2002 3781 et
2021 3742 2119 3797 pa-

538 3808 610 3863 tri
643 3817 826 3865 vestro
863 3820 1085 3882 propter
1121 3827 1218 3868 sua
1246 3813 1336 3884 pia
1363 3813 1723 3885 religiosaque
1747 3814 1914 3883 facta,
1939 3817 2120 3872 vobis-

532 3913 643 3969 que
667 3908 721 3955 et
741 3898 1000 3957 fratribus
1028 3902 1225 3958 vestris
1247 3903 1483 3960 dominis
1509 3906 1712 3961 nostris
1748 3915 1974 3977 propter
2002 3923 2119 3962 mu-

538 3997 692 4044 tuam
726 3989 1064 4046 dilectionem
1093 3990 1410 4048 ﬁrmandam
1437 3994 1719 4050 evidenter
1753 3996 2015 4065 propitius
2041 3995 2119 4049 fa-

539 4088 688 4147 ctus,
720 4096 793 4136 ne
818 4081 1039 4154 sanguis
1082 4083 1261 4154 populi
1303 4083 1599 4141 Christiani
1640 4087 1794 4143 vobis
1821 4087 2115 4153 commissi,

539 4185 704 4240 quem
730 4170 975 4227 diabolus
1002 4172 1291 4242 plurimum
1339 4175 1575 4242 sitiebat,
1627 4176 1859 4233 civiliter
1894 4185 1954 4233 et
1997 4177 2119 4247 plus

535 4274 704 4329 quam
730 4260 965 4317 civiliter
1004 4261 1340 4329 funderetur,
1365 4263 1565 4320 bellum
1607 4267 1751 4335 quod
1778 4275 1898 4322 astu
1926 4266 2117 4325 diabo-

2204 1842 2374 1882 meum
2395 1834 2575 1880 contra
2599 1840 2680 1879 me
2704 1834 2779 1880 est
2824 1839 3022 1896 semper
3062 1822 3234 1895 (Psal.
3278 1841 3339 1889 ι,
3374 1825 3449 1897 4).
3481 1825 3615 1881 Cum
3642 1842 3790 1882 nunc

2204 1918 2329 1989 quis
2351 1925 2572 1989 peccata
2607 1931 2704 1972 sua
2742 1914 2853 1972 Deo
2898 1914 3206 1972 conﬁtendo
3250 1932 3433 1973 coram
3481 1934 3540 1975 se
3589 1921 3788 1990 ponit,

2207 2019 2337 2066 tunc
2387 2006 2674 2065 salubriter
2729 2016 2890 2075 atque
2937 2008 3204 2063 veraciter
3250 2008 3397 2064 illum
3449 2009 3777 2064 versiculum

2207 2102 2608 2165 Deodecantat,
2658 2114 2765 2170 quo
2807 2100 3050 2157 dicitur:
3105 2098 3291 2154 Auerte
3333 2099 3522 2169 faciem
3562 2110 3708 2155 tuam
3755 2118 3791 2154 η

2194 2194 2427 2265 peccatis
2453 2191 2599 2254 meis,
2626 2200 2675 2244 et
2712 2203 2888 2244 omnes
2935 2189 3235 2261 iniquitates
3284 2205 3426 2244 meas
3467 2188 3578 2245 dele
3620 2189 3789 2258 (Ibid.

2198 2298 2257 2345 ι.
2286 2280 2398 2352 12).
2428 2280 2495 2335 Et
2517 2277 2683 2334 multa
2709 2292 2829 2347 quae
2867 2278 2935 2335 de
2981 2278 3084 2334 hac
3127 2276 3464 2335 confessione
3509 2279 3564 2335 in
3593 2279 3796 2336 divinis

2208 2368 2434 2438 eloquiis
2472 2367 2832 2431 continentur.

2281 2457 2545 2523 Tertium,
2574 2465 2635 2512 ut
2661 2457 2803 2512 diem
2834 2456 3025 2512 mortis
3051 2472 3161 2512 sua:
3187 2456 3426 2527 quotidie
3447 2465 3573 2512 ante
3606 2456 3797 2513 oculos

2200 2534 2313 2608 sibi
2341 2558 2523 2623 ponat,
2554 2558 2615 2605 ut
2638 2548 2820 2604 anima
2842 2563 2941 2604 sua
2969 2548 3273 2604 irrisionem
3304 2548 3645 2604 inimicorum
3668 2563 3804 2603 suo-

2195 2657 2356 2716 rum,
2386 2641 2601 2713 quando
2621 2639 2834 2710 pulsata
2858 2638 3024 2696 fuerit
3052 2649 3112 2695 ut
3149 2656 3181 2695 a
3206 2655 3433 2709 corpore
3461 2640 3794 2710 egrediatur,

2212 2748 2322 2790 non
2365 2732 2686 2801 erubescat;
2734 2731 2827 2789 sed
2870 2731 3029 2787 bonis
3055 2726 3317 2803 operibus
3339 2733 3526 2798 ditata,
3573 2732 3705 2786 illud
3741 2734 3797 2787 in

2215 2839 2281 2880 ea
2312 2822 2670 2896 adimpleatur
2696 2823 2841 2893 quod
2864 2823 3100 2879 dicitur:
3150 2822 3277 2879 Non
3299 2823 3646 2894 confundetur
3673 2840 3797 2879 cum

2216 2913 2456 2986 loquetur
2500 2913 2727 2968 inimicis
2768 2912 2880 2971 suis
2924 2913 2980 2966 in
3027 2922 3180 2983 porta
3228 2911 3400 2986 (Psal.
3451 2928 3646 2978 cxxvt,
3712 2913 3795 2985 5).

2274 3006 2494 3054 uantum
2515 3012 2657 3053 nunc
2692 2996 2784 3053 illa
2809 2997 2946 3063 dies,
2989 3005 3043 3052 et
3081 2997 3172 3052 illa
3220 2998 3351 3053 hora
3387 2998 3663 3059 tremenda
3700 2999 3796 3064 sit,

2225 2999 2314 3145 Sic
2337 3105 2403 3145 ac
2442 3098 2599 3145 nocte
2626 3089 2912 3145 vigilanter
2940 3089 3381 3145 oeruendendum
3417 3100 3518 3145 est.
3568 3090 3796 3145 Pronter

2264 3090 2314 3147 ie
2337 3105 2403 3145 ac
2442 3098 2599 3147 nocte
2626 3089 2912 3169 vigilanter
2940 3089 3381 3159 perpendendum
3417 3100 3518 3147 est.
3568 3090 3797 3162 Pmpter

2217 3180 2321 3237 hoc
2343 3188 2526 3236 monet
2552 3178 2833 3249 Scriptura
2856 3197 2873 3237 ης
2905 3177 3037 3244 Fili,
3064 3179 3122 3235 in
3156 3181 3395 3237 omnibus
3429 3182 3666 3251 operibus
3689 3184 3800 3237 luis

2200 3284 2503 3331 memorare
2529 3269 2809 3325 novissima
2838 3278 2954 3336 tua,
2992 3277 3041 3323 et
3075 3268 3131 3322 in
3158 3278 3411 3327 cateruam
3432 3286 3536 3325 non
3558 3271 3801 3340 peccabis

2218 3359 2408 3432 (Eccli.
2430 3354 2847 3427 vn.40).Verum
2881 3358 2926 3414 si
2967 3358 3214 3419 eamdem
3248 3358 3438 3417 horam
3478 3358 3662 3415 sedula
3688 3375 3810 3417 mo

2216 3448 2475 3526 dilatione
2488 3448 2900 3512 studuissemus,
2915 3457 2971 3503 et
2984 3446 3110 3518 quia
3134 3445 3460 3503 inevitabilis
3472 3456 3525 3502 et
3540 3447 3800 3504 incinctae

2216 3538 2340 3595 bilis
2359 3546 2461 3605 est,
2487 3546 2748 3609 quantum
2775 3538 2847 3593 sit
2871 3535 3151 3593 tremenda
3186 3538 3515 3608 perpendere
3548 3552 3802 3593 curasse-
3876 3532 3885 3537 ’

2217 3645 2358 3695 mus,
2380 3638 2470 3685 aut
2498 3644 2624 3685 raro
2660 3638 2755 3684 aut
2773 3645 3045 3700 nunquam
3074 3643 3304 3700 peccare
3325 3645 3799 3701 praesumeremus.

2280 3720 2573 3789 Quartum,
2618 3729 2679 3776 ut
2727 3721 2873 3777 dicm
2935 3721 3201 3778 tremendi
3255 3722 3543 3788 examinis,
3588 3739 3713 3793 qua:
3766 3738 3802 3778 a

2215 3812 2477 3882 propheta
2506 3811 2703 3867 dicitur
2730 3830 2743 3866 :
2774 3812 2895 3867 Dies
2936 3812 3052 3879 iraa,
3092 3811 3203 3866 dies
3226 3807 3580 3866 tribulationis
3605 3822 3657 3866 et
3696 3830 3799 3871 an-

2198 3904 2423 3975 .gustiaz,
2464 3903 2576 3958 dies
2604 3902 2921 3958 calamitatis
2953 3913 3001 3958 et
3030 3902 3274 3969 miserim,
3314 3903 3425 3971 dies
3466 3902 3801 3959 tenebrarum

2212 4005 2264 4049 et
2288 3993 2547 4065 caliginis,
2579 3994 2690 4049 dies
2718 3993 2917 4050 nebulis
2939 4004 2987 4049 et
3021 3994 3262 4059 turbinis,
3285 3994 3395 4048 dies
3424 3994 3562 4048 tuba:
3582 4004 3631 4049 et
3655 3994 3798 4049 clan-

2216 4088 2355 4159 goris
2380 4086 2572 4158 (Soph.
2600 4102 2652 4151 ι,
2687 4084 2797 4153 15),
2844 4094 2901 4141 et
2936 4095 3134 4141 caetera
3177 4099 3298 4156 qua:
3335 4085 3402 4141 de
3432 4100 3497 4142 ea
3531 4085 3801 4156 prolixius

2217 4176 2274 4232 in
2315 4175 2513 4231 divinis
2558 4175 2787 4245 eloquiis
2835 4175 3178 4241 scribuntur;
3236 4174 3455 4251 quando
3499 4175 3803 4232 astabimus

2196 4274 2343 4322 .ante
2381 4265 2617 4322 tribunal
2644 4263 2870 4331 Christi,
2907 4272 2963 4319 et
2992 4264 3255 4320 reddituri
3305 4278 3491 4320 sumus
3532 4264 3800 4322 rationem

538 4346 647 4404 lico
670 4348 1036 4404 intentabatur
1060 4351 1284 4417 avertit;
1326 4361 1561 4422 oportet,
1602 4355 1711 4409 imo
1754 4370 1974 4412 necesse
2010 4365 2114 4422 est,
2141 4390 2195 4451 Β
2220 4356 2286 4412 de
2320 4355 2404 4410 his
2451 4369 2571 4424 quae
2609 4368 2708 4425 per
2757 4368 2953 4422 corpus
3000 4353 3283 4422 gessimus,
3330 4352 3445 4409 sive
3487 4353 3648 4419 bona,
3683 4354 3805 4410 sive

538 4448 603 4493 ut
622 4453 722 4494 vos
756 4448 812 4495 et
841 4439 1037 4495 fratres
1073 4441 1261 4508 vestri,
1293 4442 1491 4499 heriles
1521 4444 1710 4509 nostri,
1744 4444 1801 4499 in
1826 4454 2010 4500 mutua
2038 4447 2119 4502 di-

537 4527 771 4586 lectione
795 4529 1235 4585 indissolubiliter
1272 4533 1610 4599 cons‘istatis,
1653 4535 1904 4604 patrique
1929 4545 2114 4592 vestro

534 4618 692 4690 juxta
717 4625 997 4688 paternam
1045 4621 1421 4687 reverentiam,
1450 4630 1507 4678 et
1545 4622 1782 4678 divinam
1820 4622 2118 4681 Ordinatio-

538 4708 670 4762 neth
725 4714 887 4777 atque
936 4709 1385 4779 prmceptionem,
1439 4711 1768 4767 unanimiter
1824 4726 2121 4783 congruam

534 4795 926 4864 subjectionem
952 4799 1295 4870 impendatis,
1319 4810 1375 4856 et
1410 4802 1651 4858 debitum
1690 4804 1950 4859 honorem
1989 4820 2121 4861 con-

536 4888 793 4954 servetis,
838 4898 895 4945 et
943 4890 1397 4949 indissimulatum
1459 4886 1739 4950 honorem”
1783 4897 2117 4963 exhibeatis;

537 4978 780 5049 qu‘aliter
825 4978 918 5035 illo
962 4981 1333 5051 temporaliter
1372 4982 1728 5053 principante,
1776 4984 2033 5054 vobisque
2071 4986 2123 5040 ei

542 5069 879 5139 parentibus,
936 5079 993 5126 et
1040 5073 1268 5142 populus
1298 5075 1452 5130 vobis
1505 5075 1827 5131 commissus
1864 5077 2047 5145 quiete
2069 5086 2127 5133 et

543 5157 773 5227 paciﬁca
804 5159 1010 5226 vivere,
1040 5171 1095 5216 et
1119 5177 1215 5218 vos
1242 5178 1341 5232 pro
1384 5162 1559 5221 oﬂieio
1586 5154 1738 5220 vobis
1766 5182 1799 5219 a
1843 5167 1954 5221 Deo
1980 5183 2127 5223 com-

545 5245 711 5301 misso
735 5256 952 5305 strenue
982 5250 1316 5320 ﬁdeliterque
1340 5252 1735 5318 administrate,
1765 5269 1890 5309 cum
1908 5255 2126 5312 Christo

546 5333 602 5389 in
622 5346 940 5406 perpetuum
968 5338 1195 5395 feliciter
1222 5342 1538 5396 mereamini
1561 5358 1807 5412 regnare.

619 5423 863 5492 Quatuor
887 5430 1070 5501 itaque
1101 5438 1337 5495 exstant,
1377 5432 1594 5487 domine
1628 5433 1701 5487 mi
1746 5448 1861 5497 rex,
1901 5450 2022 5504 qua:
2046 5435 2126 5490 di-

550 5522 643 5568 ctu
664 5516 871 5585 brevia,
894 5528 1017 5577 actu
1037 5536 1188 5586 vero,
1218 5521 1418 5576 Christi
1443 5523 1615 5591 gratia
1646 5522 1955 5592 adjuvante,
1995 5525 2125 5580 faci-

554 5599 652 5672 lia,
696 5614 752 5662 et
788 5609 1198 5666 observantibus
1238 5610 1390 5666 valde
1431 5611 1687 5682 pmﬁcua.
1722 5628 1839 5682 qua:
1872 5630 1904 5668 a
1946 5623 2123 5669 vestra

2220 4446 2391 4512 mala;
2430 4453 2634 4501 remota
2663 4444 2811 4501 omni
2837 4442 3116 4500 mortifera
3135 4443 3452 4511 securitate,
3476 4451 3532 4498 et
3550 4444 3803 4515 corporis

2220 4528 2463 4607 qualibet
2482 4534 2854 4598 delectatione,
2881 4548 3097 4604 semper
3119 4548 3232 4604 pra:
3273 4534 3444 4590 oculis
3477 4532 3800 4609 habeamus,

2219 4632 2277 4680 et
2307 4630 2488 4679 mente
2528 4629 2841 4684 tractemus,
2888 4627 2945 4677 et
2987 4622 3063 4676 ita
3098 4636 3198 4678 nos
3243 4619 3470 4678 Domino
3510 4621 3804 4691 adjuvanto

2221 4725 2608 4784 praeparemus,
2646 4718 2705 4765 ut
2745 4724 2868 4765 cum
2912 4709 3004 4766 illo
3047 4719 3268 4766 ventum
3314 4711 3495 4777 fuerit,
3530 4728 3640 4767 non
3672 4727 3803 4768 cum

2220 4804 2465 4875 reprobis
2496 4804 2740 4861 damnari
2775 4804 2831 4858 in
2868 4812 3152 4870 aeternum,
3192 4804 3289 4860 sed
3326 4805 3505 4874 potius
3534 4820 3656 4859 cum
3684 4805 3804 4861 ele-

2221 4895 2324 4951 ctis
2351 4892 2620 4949 benedicti
2664 4893 2720 4947 in
2748 4902 3090 4964 perpetuum,
3137 4909 3365 4965 regnum
3402 4908 3526 4950 cum
3568 4894 3648 4950 cis
3687 4912 3806 4952 me-

2222 5000 2441 5041 reamur
2467 4984 2672 5039 sortiri.

2294 5074 2520 5129 Restant
2542 5084 2805 5144 praeterea.
2827 5075 2979 5145 plura
3001 5090 3120 5146 quae
3139 5086 3329 5132 vestrae
3348 5075 3653 5132 celsitudini
3674 5077 3807 5132 cha-

2223 5165 2384 5220 ritate
2404 5164 2640 5220 dictante
2666 5164 2948 5220 scribenda
2973 5167 3170 5231 forent,
3194 5167 3248 5221 ni
3274 5168 3478 5222 veritus
3503 5166 3731 5223 fuissem
3744 5173 3806 5220 et

2227 5255 2443 5310 modum
2500 5254 2844 5324 epistularem
2891 5256 3173 5320 excedere,
3203 5265 3260 5311 et
3283 5265 3474 5310 vestra:
3500 5253 3801 5333 dignationi

2210 5359 2442 5414 quoquo
2482 5346 2639 5399 modo
2676 5346 2828 5400 oneri
2859 5361 2980 5401 esse
3012 5363 3026 5398 :
3056 5362 3177 5416 quae
3200 5346 3326 5414 quia
3364 5346 3453 5400 hic
3475 5344 3807 5414 praetermit-

2227 5441 2436 5500 tuntur,
2462 5436 2514 5488 in
2538 5434 2887 5503 sequentibus
2915 5449 2982 5488 ex
3021 5435 3256 5490 oraculis
3283 5434 3480 5489 divinis
3506 5441 3564 5488 et
3580 5439 3807 5509 sancto-

2226 5539 2348 5578 rum
2398 5523 2618 5578 Patrum
2645 5524 2802 5578 dictis
2838 5532 3089 5593 congesta
3130 5524 3461 5595 capitulatim
3502 5531 3801 5595 ponuntur.

2228 5615 2358 5681 Qun:
2391 5615 2435 5670 si
2487 5614 2681 5686 legere,
2741 5623 2835 5669 aut
2888 5616 2957 5670 ab
3002 5615 3107 5671 alio
3160 5616 3310 5671 vobis
3352 5613 3802 5677 adminiculante,
