4030 6190
233 305 333 368 285

1039 310 1126 365 DE
1164 301 1643 365 lNSTlTUTlONE
1681 301 1887 362 RECIA
1925 305 2014 359 AD
2055 297 2372 358 PIPPINUM
2411 302 2664 360 REGEM.

3363 308 3468 363 286

231 433 386 488 quam
411 413 684 486 profutura
715 410 822 470 sint
849 417 981 470 satis
1006 417 1109 471 dici
1141 433 1244 470 non
1283 426 1477 485 potest.
1511 417 1709 471 Sancta
1736 426 1789 469 et
1819 422 1864 479 Α
1895 416 2090 469 Verum
2117 413 2161 468 si
2193 416 2385 469 vestris
2423 416 2584 470 fuerit
2606 418 2982 484 conspectibns
3015 427 3222 488 aptum,

233 508 497 562 lndividua
527 506 788 571 Trinitas,
818 513 891 568 te,
938 508 1076 560 bone
1115 523 1232 572 rex,
1275 508 1500 562 interius
1532 507 1794 561 exterius-

1964 506 2154 576 Aptius
2177 516 2232 561 et
2258 523 2485 576 propere
2514 516 2698 560 nostra
2737 508 2923 562 Thalia
2949 510 3115 565 dabit.

231 615 330 668 que
369 599 658 662 custodiat,
703 605 758 652 et
805 599 873 652 ab
916 598 1151 652 hostium
1200 598 1488 653 visibilium
1523 607 1578 652 et
1612 598 1797 652 invisi-
1896 595 2028 649 Nam
2049 597 2256 664 potiora
2287 599 2464 650 ferunt
2495 597 2634 652 docti
2663 599 2796 652 satis
2823 608 2939 653 arte
2963 599 3217 664 Maronis,

235 688 412 742 bilium
453 687 664 741 insidiis
711 687 918 740 muniat
942 696 1104 755 atque
1131 688 1400 751 delendat,
1430 694 1484 741 et
1512 695 1632 756 post
1659 687 1798 741 hanc

236 776 708 848 peregrinationem
726 785 1033 830 sanctorum
1052 792 1236 846 regum
1259 785 1563 832 consortem
1580 773 1794 832 eﬂieiat.

879 883 1152 921 INCIPIUNT

529 951 798 1013 VERSUS
842 954 1188 1009 BREV’ITER
1236 950 1502 1012 DIGESTI

989 1046 1048 1098 et

315 1132 392 1187 Ad
427 1133 699 1188 dominum
738 1044 1223 1206 Pippinutgi‘legem
1259 1135 1486 1203 ﬁdeliter
1515 1135 1718 1189 directi.

243 1219 343 1276 Rex
372 1224 480 1292 pie,
515 1240 723 1278 summe
748 1240 940 1282 precor
963 1241 1156 1279 munus
1178 1226 1321 1294 quod
1346 1225 1529 1280 defero
1557 1241 1800 1296 parvum,

308 1311 374 1366 Ut
401 1313 499 1366 tibi
528 1328 671 1384 saepe
700 1312 873 1367 libens
894 1325 1115 1368 munera
1144 1322 1294 1383 grata
1331 1313 1523 1368 feram.

1967 686 2062 740 His
2087 688 2210 756 quia
2239 702 2365 742 cura
2397 697 2595 752 manet,
2625 705 2715 743 ars
2753 690 2947 758 quibus
2972 692 3147 760 ampla
3172 693 3320 746 eluit.

1898 774 1998 841 Qui
2024 777 2293 844 querulum
2327 779 2567 832 metricns
2594 778 2842 832 ludebam
2870 791 3148 850 proruptus
3183 784 3234 836 in
3261 783 3396 848 odis,

1975 864 2212 933 Corpore
2239 881 2381 918 nunc
2411 879 2608 934 quasso
2635 866 2764 920 nihil
2788 868 2892 921 nisi
2930 868 3055 922 ﬂere
3097 870 3260 924 lubet.

1909 952 1993 1009 Sit
2016 955 2156 1009 Deus
2183 956 2292 1023 ipse
2327 957 2419 1009 tibi
2449 965 2594 1010 tutor
2622 957 2907 1028 fautorque
2935 972 3030 1028 per
3058 977 3260 1028 ayvum;

1976 1045 2081 1099 Per
2109 1057 2267 1113 quem
2297 1060 2523 1116 regnare
2555 1056 2606 1101 te
2637 1054 2758 1103 tuus
2777 1050 2955 1102 omnis
2989 1060 3155 1103 amat.

1904 1134 2147 1191 Culmina
2175 1139 2430 1207 regnandi
2465 1147 2647 1194 teneas
2681 1141 2760 1193 sic
2798 1149 2990 1195 cautus
3015 1143 3067 1194 in
3101 1143 3266 1207 arvis,

1975 1225 2046 1282 Ut
2073 1227 2148 1281 sis
2183 1236 2304 1296 post
2330 1237 2558 1283 mortem
2582 1245 2801 1284 mansor
2832 1232 2886 1285 in
2912 1248 3037 1286 arce
3066 1234 3193 1303 poli.

244 1459 3470 1487 ww.“

1094 1598 1739 1724 SEQUITUR
1822 1601 2599 1710 OPUSCULUM

1455 1802 1728 1846 SCRIPTIS
1773 1800 2189 1847 PERMODICUM
2226 1829 2243 1860 ,

613 1927 902 1991 Oraculis
939 1935 1134 1988 tamen
1172 1925 1403 1988 divinis
1444 1922 1909 2004 pergravidum,
1955 1927 2204 2006 suisque
2239 1932 2647 1994 sectatoribus
2675 1935 3109 2015 profuturum.

750 2143 976 2210 CAPUT
1012 2147 1284 2209 PRIMUM

239 2292 380 2358 Quod
404 2267 661 2342 Ecclesia
694 2297 882 2358 corpus
926 2283 1121 2341 Christi
1153 2285 1242 2351 sit,
1289 2295 1340 2340 et
1373 2287 1518 2358 inea
1547 2287 1669 2340 dua:
1705 2295 1810 2358 sint

298 2359 667 2431 principaliter
685 2356 888 2431 eximia:
915 2372 1186 2431 personw;
1235 2356 1449 2431 e_t_guod
1487 2357 1811 2427 provegibus

297 2425 595 2484 sacerdotes
631 2425 741 2480 Deo
763 2425 866 2480 sint
893 2425 1146 2478 rationem
1175 2425 1454 2479 reddituri.

298 2578 596 2634 Sciendum
621 2574 871 2631 omnibus
895 2573 1141 2630 ﬁdelibus
1182 2581 1268 2629 est
1305 2573 1434 2642 quia
1487 2572 1813 2628 universalis

235 2665 471 2725 Ecclesia
501 2678 697 2736 corpus
745 2674 832 2721 est
855 2665 1071 2730 Christi
1117 2672 1173 2720 et
1206 2662 1324 2733 ejus
1352 2671 1514 2733 caput
1562 2665 1703 2719 idem
1730 2672 1814 2720 est

232 2757 502 2822 Christus,
524 2766 580 2812 et
611 2757 666 2812 in
695 2771 761 2812 ea
789 2755 910 2810 duae
939 2754 1312 2825 principaliter
1354 2763 1570 2809 exstant
1598 2755 1814 2812 eximia:

231 2858 497 2917 personae,
532 2857 558 2885 α
613 2843 968 2901 sacerdotalis
1021 2843 1266 2898 videlicet
1305 2851 1360 2899 et
1390 2843 1607 2913 regalis,
1636 2852 1814 2898 tanto-

235 2953 336 3006 que
370 2947 468 2991 est
513 2933 860 3006 praestantior
909 2932 1279 2996 sacerdotalis,
1338 2940 1540 3002 quanto
1561 2947 1659 3001 pro
1682 2933 1814 3001 ipsis

234 3026 457 3098 regibus
489 3025 598 3079 Deo
625 3032 711 3079 est
737 3023 1005 3079 rationem
1035 3022 1334 3077 redditura.
1374 3021 1526 3077 Unde
1564 3019 1815 3077 Gelasius

234 3115 491 3170 Romana:
521 3113 783 3169 Ecclesia:
825 3111 1152 3168 venerabilis
1178 3110 1422 3180 pontifex
1469 3110 1537 3164 ad
1581 3109 1816 3165 Anasta-

230 3206 363 3262 sinm
394 3207 779 3276 imperatorem
809 3204 1052 3258 scribens
1073 3201 1268 3274 (Epist.
1308 3202 1364 3272 8)
1392 3219 1406 3256 :
1447 3219 1464 3254 ε
1503 3203 1620 3257 Duo
1644 3201 1806 3271 quip-

232 3313 295 3366 pe
339 3305 496 3360 sunt,
557 3295 852 3364 imperator
887 3293 1146 3363 Auguste,
1201 3291 1398 3360 quibus
1445 3289 1816 3361 principaliter

236 3387 322 3443 hic
370 3387 588 3458 regitur
634 3369 885 3450 mundus,
939 3382 1236 3438 auctoritas
1278 3395 1433 3436 sacra
1475 3380 1813 3451 pontificum,

231 3487 282 3533 et
305 3478 510 3548 regalis
544 3483 784 3546 potestas
816 3487 829 3527 :
862 3473 916 3528 in
938 3473 1137 3543 quibus
1165 3480 1313 3526 tanto
1337 3477 1420 3526 est
1447 3470 1663 3539 gravius
1682 3483 1816 3538 pon-

233 3568 328 3624 dus
377 3567 754 3629 sacerdotum,
812 3571 1014 3633 quanto
1058 3561 1223 3616 etiam
1274 3574 1374 3630 pro
1422 3559 1555 3629 ipsis
1599 3556 1818 3628 regibus

235 3658 514 3712 hominum
565 3655 618 3709 in
656 3652 842 3708 divino
886 3658 1007 3707 sunt
1055 3648 1305 3703 examine
1336 3647 1602 3701 rationem
1627 3643 1812 3699 reddi—

233 3748 356 3800 turi.
397 3765 418 3798 ι
465 3743 786 3814 Fulgentius
815 3754 1029 3809 quoque
1052 3739 1106 3793 in
1135 3737 1276 3793 libro
1310 3737 1378 3791 de
1405 3734 1648 3790 Veritate
1674 3746 1814 3802 prie

234 3836 617 3893 destinationis
647 3843 704 3890 et
722 3833 911 3904 gratiae
934 3830 1072 3903 (Lib.
1121 3827 1183 3900 ιι)
1204 3829 1285 3882 ita
1330 3826 1538 3882 scribit.
1576 3843 1594 3874 ι
1631 3824 1812 3890 Quan-

235 3939 340 3985 tum
385 3930 590 3985 attinet
642 3927 712 3982 ad
754 3923 911 3992 hujus
955 3921 1216 3991 temporis
1251 3920 1444 3984 vitam,
1477 3917 1528 3971 in
1569 3913 1809 3969 Ecclesia

235 4039 387 4078 nemo
425 4018 689 4093 pontiﬁce
713 4018 911 4089 potior,
942 4021 996 4069 et
1029 4014 1085 4068 in
1120 4011 1318 4068 saeculo
1366 4007 1677 4064 Christiano
1710 4005 1812 4059 im-

235 4125 486 4184 peratore
517 4124 676 4166 nemo
703 4107 903 4164 celsior
931 4104 1224 4160 invenitur.
1262 4121 1280 4152 ι
1314 4099 1457 4170 Ergo
1483 4098 1612 4166 quia
1641 4103 1812 4150 tantae

235 4200 609 4265 auctoritatis,
657 4200 765 4253 imo
795 4196 934 4252 tanti
957 4191 1292 4250 discriminis
1317 4198 1402 4244 est
1446 4186 1814 4242 ministerium

235 4295 601 4356 sacerdotum,
640 4297 699 4344 ut
725 4289 794 4344 de
841 4287 973 4357 ipsis
1000 4283 1164 4339 etiam
1210 4279 1426 4351 regibus
1454 4277 1564 4330 Deo
1592 4275 1702 4329 sint
1725 4288 1814 4326 ra—

235 4385 434 4440 tionem
481 4379 767 4445 reddituri,
809 4383 1024 4446 oportet
1042 4381 1097 4428 et
1133 4370 1290 4425 valde
1340 4379 1565 4422 necesse
1599 4372 1707 4429 est,
1755 4370 1816 4415 ut

234 4475 298 4529 de
321 4482 509 4529 vestra
533 4470 708 4527 salute
735 4481 948 4536 semper
972 4465 1141 4520 simus
1176 4457 1412 4522 solliciti,
1449 4467 1653 4524 vosque
1694 4469 1761 4507 ne
1783 4468 1814 4506 a

163 4558 170 4563 ’
233 4565 512 4620 voluntate
533 4561 651 4626 Dei,
673 4558 815 4630 quod
850 4556 1012 4620 absit,
1043 4563 1137 4608 aut
1159 4568 1191 4606 a
1218 4548 1518 4606 ministerio
1549 4547 1694 4616 quod
1718 4559 1816 4598 vo-

237 4655 317 4710 bis
343 4651 646 4715 commisit,
669 4647 885 4712 erretis,
916 4644 1204 4716 vigilanter
1231 4641 1641 4700 admoneamus,
1667 4644 1725 4689 et
1744 4634 1814 4701 si,

232 4746 373 4816 quod
395 4744 564 4807 absit,
590 4742 658 4796 ab
683 4755 750 4795 eo
779 4739 961 4807 aliquo
995 4735 1154 4792 modo
1193 4729 1658 4792 exorbitaveritis,
1688 4743 1817 4797 pon-

235 4834 423 4889 tiﬂcali
464 4833 645 4887 studio
692 4829 969 4884 humiliter
1015 4823 1375 4886 admonendo,
1429 4828 1484 4874 et
1529 4819 1821 4873 salubriter

233 4924 598 4993 procurando,
639 4926 1001 4990 opportunum
1056 4915 1360 4972 consultum
1407 4910 1568 4966 saluti
1624 4889 1897 4962 vestrazD

234 5014 602 5076 conferamus,
627 5020 689 5066 ut
719 5026 826 5065 non
852 5010 918 5064 de
947 5007 1160 5063 silentio
1196 5001 1582 5059 taciturnitatis
1612 5010 1816 5055 nostra!

234 5103 588 5167 damnemur,
659 5101 755 5156 sed
807 5099 979 5168 magis
1041 5097 1106 5151 de
1161 5092 1516 5150 solertissima
1566 5106 1697 5145 cura
1753 5093 1809 5144 et

236 5193 608 5250 admunitione
645 5192 922 5249 salutifera
946 5187 1278 5247 remunerari
1301 5202 1334 5241 a
1356 5184 1571 5241 Christo
1597 5199 1810 5239 merea-

240 5299 376 5341 ωατ.

302 5545 328 5574 ι
373 5526 736 5588 Sacerdotalis
787 5531 1038 5586 videlicet.
1069 5527 1265 5584 Totum
1315 5527 1415 5581 hoc
1459 5540 1632 5595 usque
1678 5526 1804 5579 dum

241 5605 504 5674 repetitur
529 5619 630 5658 vox
690 5600 1050 5665 sacerdotalis,
1094 5614 1216 5652 cum
1248 5598 1300 5674 in
1355 5597 1521 5674 priori
1557 5596 1806 5674 editione

241 5665 483 5740 deesset,
552 5674 856 5728 restitutum
901 5681 987 5725 est
1052 5686 1117 5724 ex
1177 5667 1361 5722 codice
1405 5665 1802 5722 Aurelianensi.

2560 2157 2777 2215 CAPU'I
2816 2159 2878 2215 ll.

2126 2241 2204 2300 De
2225 2253 2477 2314 potestate
2496 2255 2544 2299 et
2571 2247 2883 2300 auctoritate
2909 2248 3242 2304 sacerdotali.

1984 2333 2140 2402 Quod
2169 2344 2408 2404 potestas
2433 2345 2487 2390 et
2519 2336 2817 2390 auctoritas
2864 2336 3175 2392 absolvendi
3211 2347 3266 2394 et
3290 2338 3487 2410 ligandi

1915 2429 2303 2491 sacerdotibus,
2355 2426 2409 2481 id
2451 2436 2535 2482 est
2574 2417 2983 2482 successoribus
3037 2430 3423 2498 apostolorum,
3459 2448 3488 2486 a

1915 2520 2132 2576 Christo
2185 2520 2257 2574 sit
2296 2517 2576 2584 attributa,
2619 2519 2926 2590 evangelica
2969 2531 3219 2590 patenter
3245 2522 3486 2578 declarat

1914 2609 2095 2676 lectio,
2129 2611 2271 2680 quod
2299 2620 2354 2665 et
2392 2619 2588 2664 vestra:
2618 2610 2898 2680 sapientia).
2927 2626 3032 2664 non
3076 2611 3287 2682 ignorat
3321 2613 3491 2680 pleni-

1915 2705 2064 2758 tudo.
2100 2703 2252 2759 Unde
2285 2701 2658 2757 excellentiam
2682 2711 2915 2757 vestram
2941 2703 3260 2773 suppliciter
3288 2719 3487 2759 conve‘

1915 2795 2094 2850 nimus
2124 2805 2182 2848 ut
2203 2810 2302 2864 per
2336 2810 2432 2870 vos
2457 2810 2734 2864 proceres,
2774 2794 3066 2864 eteterique
3096 2794 3283 2850 ﬁdeles
3299 2797 3490 2861 vestri,

1915 2891 2133 2948 nomen,
2161 2890 2506 2951 potestatem,
2536 2883 2797 2952 vigorem,
2824 2891 2878 2938 et
2899 2885 3299 2949 auctoritatem,
3327 2895 3492 2955 atque

1916 2965 2230 3040 dignitatem
2271 2971 2660 3025 sacerdotalem
2694 2981 3056 3041 cognoscant;
3101 2987 3168 3027 ne
3193 2989 3312 3028 eam
3343 2976 3494 3046 igno-

1915 3072 2097 3118 rantes
2139 3065 2441 3118 animarum
2473 3081 2688 3135 quoquo
2718 3065 2877 3121 modo
2929 3082 3151 3122 suarum
3181 3069 3487 3138 periculum

1915 3156 2162 3210 subeant.
2195 3155 2379 3222 Qualis
2407 3156 2570 3226 igitur
2599 3157 2668 3210 sit
2719 3165 2958 3226 potestas
2989 3169 3043 3214 et
3071 3161 3368 3216 auctoritas
3399 3178 3488 3216 sa-

1915 3243 2204 3299 cerdotalis
2242 3259 2308 3299 ex
2354 3235 2535 3298 verbis
2564 3243 2776 3299 Domini
2810 3243 2966 3301 facile
3017 3247 3489 3314 animadvertitur,

1915 3334 2110 3404 Quibus
2133 3335 2292 3388 beato
2333 3331 2520 3400 Petro,
2553 3332 2707 3404 cujus
2754 3335 2929 3390 vicem
2973 3334 3187 3408 indigne
3235 3338 3495 3410 gerimus,

1916 3425 1989 3478 ait
2028 3443 2043 3478 :
2080 3423 2437 3494 Quodcunque
2456 3427 2694 3495 ligaveris
2719 3442 2875 3496 super
2899 3437 3110 3491 terram,
3151 3428 3248 3481 erit
3279 3427 3495 3499 ligatum

1844 3524 1889 3586 ρ
1919 3526 1964 3571 et
1997 3516 2049 3570 in
2072 3516 2250 3578 caelis;
2273 3527 2320 3570 et
2341 3517 2687 3586 quodcunque
2708 3517 2920 3571 solveris
2955 3534 3113 3588 super
3133 3527 3348 3579 terram,
3397 3520 3494 3572 erit

1915 3605 2147 3659 solutum
2167 3617 2216 3660 et
2258 3605 2312 3660 in
2351 3605 2492 3660 cadis
2530 3605 2744 3677 (Matth.
2785 3623 2896 3673 va,
2932 3607 3039 3677 19).
3079 3607 3146 3660 Et
3179 3609 3307 3662 alibi
3337 3609 3498 3662 disci-

1913 3693 2058 3768 pulis
2108 3695 2431 3769 generaliter
2485 3697 2727 3754 dicitur:
2762 3697 3096 3768 Qumcunque
3157 3699 3495 3768 alligaverilis

1917 3805 2074 3858 super
2100 3798 2314 3851 terram,
2361 3800 2511 3844 erunt
2535 3785 2698 3859 ligata
2721 3798 2769 3843 et
2799 3789 2854 3842 in
2875 3789 3010 3842 -ca:lo
3035 3805 3054 3852 ;
3103 3797 3150 3842 et
3178 3805 3498 3860 quwcuuque

1909 3879 2171 3934 ‘solveritis
2193 3898 2348 3951 super
2367 3891 2581 3946 terram,
2607 3891 2756 3935 erunt
2771 3879 2943 3934 soluta
2966 3890 3014 3933 et
3039 3881 3091 3932 in
3108 3880 3248 3934 caelis
3275 3879 3489 3950 (Matth.

1913 3980 2070 4033 xvm,
2122 3969 2231 4040 l8).
2281 3971 2349 4023 Et
2386 3968 2514 4022 alibi
2563 3985 2576 4022 :
2631 3969 2861 4039 Accipite
2905 3967 3163 4038 Spiritum
3218 3984 3496 4036 sanctum,-

1915 4069 2137 4126 quorum
2183 4054 2486 4111 remiseritis
2517 4066 2753 4127 peccata,
2804 4057 3142 4110 remittuntur
3163 4057 3237 4110 eis
3249 4075 3269 4121 ;
3300 4066 3347 4111 et
3367 4073 3499 4128 quo-

1921 4164 2037 4202 rum
2064 4149 2403 4214 retinueritis,
2427 4157 2622 4202 retenta
2641 4159 2759 4201 sunt
2785 4147 2966 4216 (Joan.
2993 4163 3086 4213 xx,
3105 4146 3219 4218 22).
3245 4149 3312 4201 Et
3326 4148 3497 4202 multa

1913 4237 2003 4293 his
2029 4237 2222 4292 similia
2253 4253 2372 4308 quae
2403 4246 2583 4293 textus
2611 4237 2955 4309 evangelicus
2975 4238 3196 4292 uberius
3219 4238 3504 4293 evidenter

1915 4329 2202 4398 depromit.
2227 4329 2358 4384 illud
2379 4345 2592 4399 quoque
2615 4329 2682 4383 ad
2706 4330 3047 4394 memoriam,
3077 4330 3185 4384 imo
3216 4329 3284 4384 ad
3312 4345 3500 4386 exemo

1915 4418 2061 4489 plum
2075 4419 2154 4474 eis
2185 4417 2546 4474 reducendum
2569 4420 2827 4488 est,quod
2857 4419 2912 4472 in
2928 4418 3292 4474 ecclesiastica
3322 4419 3496 4474 histoo

1921 4510 2001 4563 ria
2053 4506 2443 4565 Constantinus
2489 4510 2784 4578 imperator
2836 4509 3102 4578 episcopis
3133 4510 3208 4563 ait
3251 4527 3264 4563 :
3303 4528 3322 4560 t
3355 4511 3507 4565 Deus

1913 4613 2014 4656 vos
2051 4601 2333 4656 constituit
2382 4602 2710 4665 sacerdotes,
2767 4609 2821 4655 et
2865 4609 3188 4669 potestatem
3231 4600 3378 4654 dedit
3428 4600 3505 4654 de

1914 4691 2075 4747 nobis
2121 4703 2335 4761 quoque
2376 4689 2676 4760 judicandi,
2723 4698 2778 4744 et
2825 4689 2947 4743 ideo
2970 4703 3068 4743 nos
3103 4704 3133 4742 a
3168 4687 3320 4743 vobis
3350 4697 3505 4744 recte

1915 4780 2222 4854 iudicamur
2258 4802 2271 4838 τ
2304 4797 2401 4837 vos
2446 4791 2627 4837 autem
2677 4797 2782 4835 non
2823 4781 3051 4850 potestis
3095 4780 3163 4833 ab
3191 4778 3505 4834 hominibus

1915 4868 2145 4944 judicari
2173 4892 2186 4940 ;
2235 4883 2458 4944 propter
2481 4872 2624 4942 quod
2666 4871 2759 4926 Dei
2790 4872 2955 4926 solius
2992 4871 3134 4924 inter
3183 4884 3280 4924 vos
3307 4883 3501 4938 exspe-

1922 4973 2065 5023 etate
2092 4963 2375 5032 judicium,
2419 4973 2481 5016 ut
2527 4970 2708 5016 vestra
2747 4959 2952 5028 iurgia,
2980 4974 3315 5029 quaecunque
3346 4965 3500 5020 sunt,

1925 5054 1992 5108 ad
2039 5053 2166 5107 illud
2223 5052 2464 5106 divinum
2520 5059 2870 5104 reserventur
2916 5064 3141 5103 examen
3172 5061 3307 5102 :vos
3342 5045 3499 5100 enim

1921 5145 2075 5199 nobis
2100 5159 2130 5196 a
2171 5142 2280 5196 Deo
2321 5141 2430 5195 dati
2468 5141 2600 5194 estis
2635 5141 2731 5198 dii.
2758 5149 2812 5194 et
2846 5140 3170 5194 conveniens
3189 5153 3294 5192 non
3321 5145 3403 5191 est
3435 5145 3498 5191 ut

1927 5234 2086 5288 homo
2110 5231 2316 5300 judicet
2354 5231 2501 5291 deos,
2534 5230 2627 5283 sed
2675 5229 2768 5282 ille
2814 5228 2961 5283 solus
2993 5227 3059 5280 de
3088 5241 3194 5294 quo
3230 5225 3496 5294 scriptum

1923 5331 2046 5377 est:
2085 5321 2226 5375 Deus
2281 5320 2417 5374 stetit
2464 5319 2516 5372 in
2556 5317 3092 5389 synagogadeorum;
3134 5315 3188 5367 iu
3209 5314 3378 5368 medio
3399 5328 3502 5367 att-

1923 5422 2019 5465 tem
2045 5414 2167 5466 deos
2195 5409 2448 5480 dijudicat
2476 5407 2649 5481 (Psal.
2685 5424 2870 5472 LXXXI,
2896 5407 2968 5479 l).
3008 5424 3027 5457 ι

1922 5543 1986 5581 ex
2034 5541 2141 5593 quo
2177 5525 2339 5578 etiam
2391 5522 2528 5576 infra
2579 5520 2846 5576 edidimus
2872 5529 2935 5593 et
2960 5515 3119 5593 ualde.
3149 5529 3368 5593 necesse,
3402 5511 3498 5566 ubi

1914 5607 2031 5650 erat
2052 5583 2154 5649 imo
2180 5609 2399 5653 necesse,
2431 5608 2661 5661 moxque
2687 5602 2775 5644 aut
2803 5608 2835 5642 ιι
2866 5585 3176 5650 ministerio,
3233 5583 3322 5638 ubi
3350 5584 3496 5654 lege-

1915 5667 2072 5720 batur
2095 5666 2150 5718 in
2179 5663 2480 5716 ministerio.
