4030 6190
567 319 671 375 287

1617 306 1809 365 ΙΟΝᾸΞ
1849 301 2397 363 AURELIANENSIS
2436 296 2732 359 EPJSCOPI

3689 295 3797 352 $88

632 431 781 485 Licet
802 427 944 482 enim
972 425 1279 482 sacerdotes
1298 423 1557 478 moderno
1597 431 1839 490 tempore
1868 419 1922 472 in
1946 414 2128 472 multis
2154 417 2203 475 A
2228 413 2460 467 eamdem
2490 413 2625 466 uiam
2652 408 2995 464 revertamini.
3048 408 3169 462 Non
3198 408 3399 462 habebit
3446 422 3633 461 uxores
3674 407 3796 475 plu-

561 525 671 578 sint
694 520 1046 591 negligentes,
1069 532 1176 572 non
1202 524 1327 570 sunt
1347 524 1533 569 tamen
1564 510 1905 582 vituperandi
1931 524 1997 563 ac
2026 507 2126 562 dc-

562 610 842 680 spiciendi,
894 609 988 662 sed
1033 617 1255 676 propter
1311 605 1461 659 illum
1493 615 1519 644 ι
1559 601 1712 671 cujus
1766 599 2126 656 ministerium

561 709 776 774 gerunt,
804 699 1050 754 audiendi
1071 706 1126 752 et
1153 710 1394 764 congruo
1416 696 1622 750 honore
1653 693 1966 749 venerandi.
1999 691 2129 745 Post

560 789 832 859 apostolos
853 789 1000 843 enim
1054 787 1121 841 ad
1145 786 1293 855 ipsos
1319 786 1435 839 haec
1460 783 1670 838 Domini
1702 781 1966 837 sententia
1995 778 2128 835 diri-

560 880 705 948 gitur
730 897 742 931 :
775 876 879 942 Qui
906 892 993 930 vos
1014 875 1185 939 audit,
1211 890 1291 927 me
1303 873 1450 926 audit
1471 888 1492 938 ,°
1518 871 1671 943 etqui
1691 887 1779 925 vos
1797 869 2013 940 spernit,
2045 884 2129 921 me

558 971 754 1041 spernit
784 966 934 1039 (Luc.
968 982 1020 1031 χ,
1063 964 1167 1036 i6).
1197 962 1592 1018 Attendendum
1625 960 1767 1030 quod
1790 958 1990 1015 Christi
2036 972 2128 1013 sa-

559 1061 837 1117 cerdotum
862 1056 1064 1126 Spretio
1085 1056 1150 1110 ad
1175 1054 1425 1125 injuriam
1446 1052 1649 1108 Christi
1669 1051 1905 1122 pertinet
1928 1063 1944 1102 :
1973 1048 2127 1119 plura

559 1162 685 1210 sunt
713 1153 909 1221 quippe
936 1148 1129 1220 iugalia
1169 1155 1223 1201 et
1250 1145 1560 1215 evangelica
1598 1152 1890 1214 praecepta,
1930 1143 2129 1213 quibus

559 1238 928 1296 sacerdotibus
948 1234 1317 1304 obtemperari
1345 1234 1546 1289 debere
1565 1232 1900 1302 praecipitur.
1939 1230 2130 1299 Qualis

556 1344 720 1399 porro
735 1327 849 1381 vita
872 1333 928 1380 et
957 1325 1098 1379 actio
1129 1322 1467 1378 sacerdotum
1516 1334 1637 1375 esse
1667 1320 1884 1384 debeat,
1939 1319 2130 1388 quales

559 1419 661 1488 ipsi
729 1431 871 1481 esse,
923 1413 1155 1484 qualiter
1209 1411 1277 1466 ad
1324 1410 1537 1465 culmen
1583 1408 1863 1477 regiminis
1914 1406 2124 1471 venire,

556 1507 789 1576 qualiter
815 1505 1016 1567 vivere,
1073 1498 1306 1570 qualiter
1349 1498 1620 1568 subjectos
1669 1496 1827 1551 dictis
1857 1503 1911 1550 et
1940 1509 2128 1551 exem-

558 1599 661 1668 plis
713 1596 947 1651 debeant
1001 1593 1226 1655 docere;
1271 1589 1397 1643 alibi
1455 1602 1487 1641 a
1550 1587 1756 1642 sanctis
1802 1594 1859 1640 et
1904 1599 2130 1641 venera-

557 1689 753 1744 bilibus
803 1683 1115 1740 doctoribus
1145 1680 1278 1736 satis
1329 1691 1647 1748 expressum
1676 1683 1777 1730 est.
1819 1674 1919 1729 llic
1947 1681 2130 1728 autem

2228 505 2412 567 rimas,
2448 518 2565 572 quae
2616 500 2852 554 alliciant
2874 499 3107 553 animum
3138 498 3273 567 ejus,
3326 513 3489 567 neque
3514 498 3719 565 argenti
3747 507 3796 551 et

2226 593 2346 645 auri
2382 592 2636 645 immensa
2682 589 2934 659 pondera.
2982 585 3269 658 Postquam
3304 596 3479 640 autem
3519 586 3709 640 sederit
3744 588 3802 639 in

2226 681 2358 736 solio
2405 682 2549 751 regni
2581 680 2687 746 sui,
2725 679 2975 733 describat
3015 677 3114 731 sibi
3160 676 3620 730 Deuteronomium
3670 675 3800 745 legis
3858 659 3866 665 ’

2226 772 2386 842 hujus
2408 772 2465 825 in
2495 769 2773 833 volumine,
2820 768 3078 837 accipiens
3098 764 3366 834 exemplar
3385 781 3418 818 a
3437 765 3799 819 sacerdotibus

2226 862 2467 916 Leuitico:
2491 861 2674 924 tribus,
2707 868 2753 913 et
2801 858 3005 912 habebit
3024 873 3220 920 secum,
3269 856 3501 925 (egetque
3528 854 3662 907 illud
3685 871 3792 907 om-

2227 951 2376 1005 nibus
2420 950 2601 1004 diebus
2646 950 2765 1003 vita:
2805 962 2938 1011 sure,
2987 957 3044 999 ut
3084 946 3253 999 discat
3294 946 3473 999 timere
3512 944 3796 997 Dominum

2224 1038 2393 1093 Deum
2436 1054 2613 1103 suum,
2655 1046 2704 1091 et
2756 1034 3020 1090 custodire
3042 1034 3198 1088 verba
3224 1043 3272 1088 et
3300 1032 3637 1087 cteremonias
3659 1033 3795 1102 ejus,

2226 1144 2344 1199 qua:
2370 1129 2426 1182 in
2463 1127 2573 1198 lege
2611 1136 2868 1198 prwcepta
2913 1134 3056 1179 sunt.
3090 1122 3203 1177 Nec
3248 1122 3473 1177 elevetur
3495 1139 3587 1177 cor
3608 1122 3724 1192 ejus
3743 1123 3800 1176 in

2226 1219 2691 1289 superbiamsuper
2708 1217 2901 1287 fratres
2926 1232 3070 1281 suos,
3096 1229 3258 1284 neque
3277 1213 3495 1267 declinet
3512 1214 3567 1266 in
3595 1222 3800 1283 partem

2226 1310 2517 1374 dexteram,
2542 1307 2622 1364 vel
2656 1309 2947 1373 sinistram,
2976 1315 3031 1360 ut
3056 1304 3209 1374 longo
3241 1313 3469 1374 tempore
3498 1312 3673 1373 regnet
3689 1304 3800 1373 ipse

2226 1409 2276 1454 et
2300 1399 2399 1469 ﬁlii
2440 1401 2555 1470 ejus
2591 1414 2749 1469 super
2789 1394 2960 1452 Israel
3000 1395 3178 1466 (Deut.
3218 1408 3353 1458 xvn,
3386 1392 3477 1459 ll,
3505 1392 3659 1462 seq.).
3703 1392 3801 1445 At-

2228 1490 2389 1546 tende
2440 1490 2585 1563 quod
2641 1490 2804 1543 timor
2849 1485 2970 1553 Dei,
3019 1494 3075 1540 et
3121 1483 3365 1540 custodia
3405 1490 3799 1553 praeceptorum

2227 1579 2365 1648 ejus,
2391 1587 2446 1634 et
2487 1578 2787 1644 humilitas,
2839 1591 2960 1647 quae
2987 1589 3095 1629 non
3123 1573 3328 1643 patitur
3375 1586 3498 1626 eum
3539 1571 3799 1627 extollere

2229 1682 2393 1737 super
2420 1666 2618 1722 fratres
2641 1677 2791 1733 suos,
2817 1672 2873 1719 et
2892 1663 3118 1736 justitiae
3146 1661 3435 1727 rectitude,
3477 1675 3585 1715 non
3622 1660 3798 1715 solum

556 1781 626 1836 de
671 1777 886 1849 regibus
912 1788 1142 1845 quorum
1194 1769 1353 1826 saluti
1396 1766 1755 1823 ministerium
1785 1764 2128 1821 sacerdotum
2156 1763 2205 1823 B
2232 1775 2435 1832 regem,
2476 1761 2571 1817 sed
2607 1767 2664 1816 et
2709 1757 2986 1849 filios.ejus
3012 1757 3172 1827 longo
3203 1756 3369 1810 faciat
3414 1768 3644 1826 regnare
3665 1762 3798 1809 tem-

555 1870 786 1925 solerter
858 1864 1208 1937 prospicere,
1263 1873 1601 1931 quorumque
1647 1857 1816 1911 armis
1886 1864 1942 1912 et
1999 1870 2129 1925 pro-

556 1959 790 2014 lectione
817 1954 1061 2012 Ecclesia
1112 1948 1314 2008 Christi
1363 1949 1526 2005 debet
1576 1947 1748 2013 tueri,
1796 1957 2129 2016 prosequen-

554 2049 683 2103 dum
705 2054 808 2102 est.

1126 2115 1390 2190 'GAPUT
1428 2132 1512 2187 lii.

701 2233 843 2301 Quid
864 2232 932 2287 sit
959 2246 1068 2293 rex,
1093 2229 1219 2301 quid
1238 2245 1368 2295 esse,
1399 2227 1584 2300 quidve
1620 2240 1800 2281 cavere
1821 2223 2023 2278 debeat.

632 2325 745 2379 Rex
777 2340 808 2378 a
839 2330 986 2377 recte
1024 2320 1258 2390 regendo
1276 2326 1535 2382 vocatur;
1571 2315 1619 2370 si
1655 2314 1800 2369 enim
1827 2312 1937 2383 pie,
1969 2319 2023 2365 et
2042 2308 2131 2379 ju-

556 2424 658 2476 ste,
700 2421 756 2468 et
786 2409 1212 2467 misericorditer
1241 2408 1398 2479 regit,
1432 2404 1627 2461 merito
1654 2417 1750 2458 rex
1775 2399 2077 2470 appellatur
2109 2414 2125 2453 :

558 2502 606 2557 si
632 2503 716 2557 his
741 2488 997 2564 caruerit,
1026 2513 1220 2554 nomen
1240 2497 1383 2568 regis
1410 2494 1630 2549 amittit.
1682 2490 1906 2560 Antiqui
1940 2499 2129 2544 autem

557 2607 746 2649 onmes
777 2606 932 2663 rcges
961 2599 1221 2662 tyrannos
1249 2586 1545 2653 vocabant;
1591 2584 1687 2642 sed
1722 2592 1909 2655 postea
1936 2582 2045 2652 pie,
2075 2589 2130 2637 et

555 2687 724 2757 juste,
752 2692 809 2738 et
833 2671 1260 2738 misericorditer
1306 2686 1555 2749 regentes
1596 2675 1740 2747 regis
1777 2688 1974 2729 nomen
2005 2679 2132 2728 sunt

557 2774 738 2844 adepti
777 2791 791 2827 :
824 2772 987 2841 impie
1031 2768 1114 2825 vel
1138 2767 1357 2839 injuste,
1389 2765 1789 2833 crudeliterque
1818 2762 2133 2834 principan-

557 2865 722 2929 tibus,
745 2877 851 2918 non
880 2861 1022 2931 regis
1050 2861 1143 2916 sed
1167 2858 1508 2930 tyrannicum
1537 2856 1776 2926 aptatum
1792 2860 1877 2908 est
1905 2865 2125 2906 nomen.

555 2955 693 3023 Quia
722 2967 852 3024 ergo
880 2967 975 3007 rex
1008 2965 1040 3004 a
1075 2956 1227 3006 recte
1254 2946 1463 3019 agendo
1487 2945 1706 3009 dicitur,
1744 2941 1919 3013 primo
1939 2940 1990 2995 ei
2015 2949 2132 2995 stu-

556 3047 790 3101 dendum
815 3053 902 3100 est
930 3052 992 3098 ut
1018 3041 1371 3112 semetipsum
1396 3053 1657 3108 suamque
1668 3038 1906 3101 domum,
1923 3033 2129 3090 Christi

556 3134 849 3204 adjuvante
885 3133 1081 3204 gratia,
1116 3133 1185 3186 ab
1235 3131 1490 3200 operibus
1540 3142 1773 3197 nequam
1834 3125 2124 3190 emaculet,

556 3224 820 3292 bonisque
845 3222 1100 3292 operibus
1125 3220 1427 3274 exuberare
1455 3216 1638 3281 faciat,
1668 3224 1728 3269 ut
1758 3213 1827 3269 ab
1853 3230 1916 3271 ea
1943 3215 2130 3270 caeteri

554 3315 785 3386 subjecti
834 3314 1036 3369 bonum
1083 3309 1389 3379 exemplum
1435 3321 1650 3377 semper
1697 3305 1942 3374 capiant;
2002 3305 2120 3375 ipse

554 3408 719 3462 etiam
767 3403 1063 3461 salutiferis
1114 3401 1316 3458 Christi
1366 3398 1650 3470 praeceptis
1681 3395 1911 3451 ﬁdeliter
1965 3404 2130 3464 atque

552 3500 872 3556 obedienter
901 3497 1249 3562 obsecundet,
1282 3504 1338 3551 et
1371 3501 1519 3550 recte
1540 3492 1747 3564 agendo
1776 3505 1894 3558 eos,
1933 3489 2131 3560 quibus

557 3591 929 3662 temporaliter
975 3590 1226 3658 imperat,
1271 3588 1325 3642 in
1364 3601 1498 3657 pace
1525 3594 1580 3641 et
1627 3583 1917 3640 concordia
1964 3590 2131 3653 atque

553 3682 846 3747 charitate,
900 3689 1328 3750 caeterorumque
1356 3678 1621 3733 bonorum
1661 3689 1888 3746 operum
1914 3672 2129 3729 exhibi-

556 3775 723 3840 tione,
769 3780 1031 3843 quantum
1063 3770 1168 3825 sibi
1217 3768 1479 3825 divinitus
1512 3767 1690 3831 datur,
1719 3763 2017 3819 consistere
2046 3760 2125 3817 fa—

555 3865 686 3928 ciat,
731 3869 787 3916 et
840 3860 999 3916 dictis
1044 3867 1205 3929 atque
1256 3855 1518 3926 exemplis
1548 3854 1616 3909 ad
1653 3868 1789 3925 Opus
1836 3850 2056 3923 pietatis
2077 3857 2135 3905 et

551 3952 778 4026 jnstitiac
823 3960 880 4007 et
906 3949 1291 4006 misericordia:
1322 3946 1551 4019 solerter
1588 3943 1812 4009 excitet,
1842 3940 2132 3997 attendens

556 4044 701 4113 quod
725 4058 824 4113 pro
854 4042 919 4097 iis
939 4042 1051 4096 Deo
1080 4040 1347 4095 rationem
1376 4035 1687 4093 redditurus
1717 4033 1789 4088 sit
1819 4048 1834 4086 :
1862 4040 2133 4102 quatenus

562 4135 636 4189 ita
662 4133 871 4204 agendo
890 4138 1201 4187 sanctorum
1231 4143 1438 4209 regum,
1500 4125 1593 4195 qui
1642 4125 1754 4179 Deo
1775 4123 1988 4178 sincere
2013 4136 2133 4176 ser-

562 4223 754 4277 viendo
783 4220 1121 4291 placuerunt,
1157 4227 1279 4288 post
1306 4216 1448 4272 hanc
1476 4212 1969 4286 peregrinationem
1995 4225 2129 4266 con-

557 4327 679 4369 sors
718 4310 999 4366 efﬁciatur.
2100 4300 2107 4305 '

2232 1866 2383 1922 pore.
2408 1845 2479 1906 Ut
2504 1864 2634 1919 ergo
2668 1836 2919 1920 princeps
2943 1836 3314 1902 extollendam
3349 1856 3545 1899 cavere
3580 1842 3798 1905 debeat,

2231 1936 2643 1996 Ecclesiasticus
2655 1937 3038 1994 admonensait
3069 1954 3082 1988 :
3116 1935 3413 2003 Principem
3428 1942 3477 1986 te
3493 1941 3800 2003 posuerunt,

2232 2030 2339 2086 noli
2358 2029 2558 2096 extolli,
2578 2032 2668 2085 sed
2693 2038 2801 2083 esto
2823 2028 2877 2083 in
2900 2026 3006 2082 illis
3026 2026 3178 2096 quasi
3199 2041 3334 2078 unus
3356 2039 3420 2078 ea:
3447 2024 3573 2092 ipsis
3605 2020 3797 2092 (Ereti.

2230 2137 2403 2187 xxx",
2429 2120 2503 2192 i).
2532 2120 2592 2174 in
2619 2118 2927 2174 Proverbiis
2957 2134 2971 2170 :
3010 2115 3120 2169 Rea:
3141 2115 3231 2186 qui
3252 2113 3462 2182 judicat
3489 2111 3543 2165 in
3578 2110 3795 2164 ueritate

2230 2228 2504 2282 pauperes,
2525 2211 2742 2265 thronus
2765 2209 2879 2279 ejus
2918 2208 2971 2261 in
2999 2216 3250 2262 aeternum
3270 2204 3569 2273 ﬁrmabitur
3603 2200 3792 2271 (Prov.

2230 2315 2386 2368 χχιχ,
2429 2300 2539 2371 14).
2582 2300 2714 2354 Item
2743 2316 2757 2353 :
2792 2296 3155 2353 Misericordia
3197 2305 3247 2350 et
3274 2295 3464 2348 ueritas
3497 2291 3805 2347 custodiunt

2231 2383 2524 2462 regem,°et
2571 2390 2846 2446 roboratur
2888 2388 3161 2444 clementia
3196 2386 3414 2441 thronus
3460 2384 3577 2455 ejus
3615 2380 3801 2444 (Prov.

2229 2496 2324 2548 xx,
2341 2481 2454 2554 28).

2301 2593 2503 2648 Verum
2531 2591 2656 2662 quia
2683 2597 2993 2645 sanctorum
3021 2586 3112 2657 qui
3142 2602 3266 2642 cum
3301 2582 3530 2640 Domino
3551 2588 3805 2651 regnant,

2232 2685 2558 2741 documenta
2603 2680 2779 2736 sancti
2819 2678 3058 2750 Spiritus
3081 2690 3304 2732 munere
3328 2673 3559 2744 prolata,
3594 2672 3648 2727 in
3678 2686 3805 2725 cor-

2231 2776 2388 2832 dibus
2416 2773 2722 2830 auditorum
2756 2770 2880 2841 plus
2902 2769 3101 2834 valere,
3131 2782 3293 2838 quam
3322 2774 3521 2820 nostra:
3541 2761 3808 2832 exiguita~

2232 2867 2303 2922 tis
2339 2866 2504 2921 verba
2542 2877 2650 2919 non
2686 2862 3019 2925 dubitamus,
3061 2857 3265 2913 idcirco
3301 2869 3472 2925 pauca
3511 2853 3577 2908 de
3616 2850 3807 2907 verbis

2228 2955 2376 3013 beati
2396 2953 2648 3028 Cypriani
2672 2952 2927 3024 martyris
2949 2948 3152 3006 Christi
3171 2947 3299 3003 huic
3316 2943 3575 3016 opusculo
3616 2943 3805 3013 parvi-

2231 3048 2360 3102 tatis
2389 3054 2588 3103 nostra:
2617 3044 2862 3114 quasdam
2894 3040 3242 3104 inseruimus,
3278 3050 3399 3109 quae
3425 3045 3619 3091 vestra:
3653 3049 3805 3090 sere-

2156 3092 2201 3154 C
3364 3125 3611 3196 legenda,
3636 3131 3804 3193 atque

2227 3227 2510 3285 tractanda
2537 3225 2842 3289 oderimus;
2880 3230 3145 3293 quatenus
3170 3219 3227 3274 in
3271 3216 3388 3286 ejus
3410 3216 3614 3281 verbis,
3643 3215 3804 3284 quasi

2228 3317 2285 3375 in
2315 3318 2550 3389 quodam
2583 3313 2826 3385 speculo,
2852 3309 2982 3382 quid
3010 3323 3150 3376 esse,
3209 3307 3338 3387 quid
3364 3320 3547 3376 agere,
3600 3302 3807 3373 quidve

2230 3424 2423 3468 cavere
2455 3408 2718 3472 debeatis,
2766 3404 2970 3475 jugiter
3002 3416 3101 3457 vos
3132 3395 3600 3468 contemplemini;
3646 3391 3805 3462 cujus

2228 3502 2395 3558 verba
2449 3506 2577 3556 sunt
2622 3498 2740 3553 haec
2770 3513 2784 3550 :
2818 3514 2838 3547 ι
2883 3494 2913 3534 δ
2954 3491 3159 3555 Nonus,
3210 3488 3479 3559 inquiens,
3524 3484 3808 3539 abusionis

2230 3591 2430 3665 gradus
2451 3598 2535 3645 est
2560 3603 2655 3643 rex
2675 3585 2930 3655 iniquus:
2956 3580 3158 3638 etenim
3188 3592 3369 3648 regem
3393 3590 3502 3630 non
3533 3573 3807 3643 iniquum,

2230 3660 2327 3735 sed
2367 3677 2675 3746 iniquorum
2719 3678 3084 3729 correctorem
3127 3680 3249 3723 esse
3279 3670 3523 3735 oportet;
3560 3660 3707 3716 unde
3750 3661 3805 3716 in

2230 3767 2523 3837 semetipso
2570 3763 2805 3820 nominis
2832 3761 2916 3817 sui
2950 3758 3267 3831 dignitatem
3293 3754 3564 3811 custodire
3600 3752 3803 3808 debet:

2231 3874 2427 3916 nomen
2447 3857 2593 3914 enim
2619 3856 2761 3927 regis
2780 3852 3213 3909 intellectualiter
3233 3850 3338 3905 hoc
3356 3847 3576 3913 retinet,
3595 3855 3659 3901 nt
3679 3846 3807 3902 sub-

2224 3948 2385 4023 jectis
2410 3950 2662 4007 omnibus
2709 3946 2941 4003 rectoris
2965 3942 3199 4000 cilicium
3226 3946 3500 4012 procuret.
3541 3937 3650 3994 Sed
3671 3953 3805 4008 qua-

2232 4042 2357 4100 liter
2392 4042 2527 4097 alios
2567 4040 2838 4110 corrigere
2882 4036 3103 4108 poterit,
3169 4033 3262 4104 qui
3298 4030 3549 4102 proprios
3597 4045 3801 4094 mores,

2233 4150 2303 4191 ne
2330 4133 2500 4204 iniqui
2526 4131 2654 4196 sint,
2687 4144 2795 4185 non
2827 4125 3099 4197 corrigit?
3128 4121 3396 4191 Quoniam
3416 4118 3628 4187 iustitia
3658 4118 3808 4189 regis

2234 4224 2505 4281 exaltatur
2548 4220 2741 4276 solium
2767 4217 2904 4288 ejus,
2937 4223 2994 4271 et
3022 4213 3252 4270 veritate
3281 4210 3582 4266 solidantur
3609 4207 3808 4278 guber-

2237 4315 2425 4371 nacula
2457 4312 2794 4384 populorum.
2839 4306 3057 4365 Justitia
3085 4319 3216 4360 vero
3253 4302 3400 4372 regis
3422 4308 3507 4357 est
3530 4299 3805 4355 neminem

633 4404 710 4458 De
755 4416 879 4472 τεεθ
914 4409 1093 4456 autem
1131 4397 1307 4468 ειυειιίε
1339 4411 1479 4460 esse,
1524 4394 1611 4450 "el
1648 4394 1775 4465 ιιυίά
1809 4408 2002 4449 cavere
2042 4393 2130 4448 de‘
2157 4416 2206 4476 1)
2234 4404 2433 4479 injuste
2451 4402 2850 4477 perpotentiam
2866 4400 3189 4470 opprimere,
3213 4396 3331 4452 sine
3347 4393 3659 4465 acceptione
3678 4408 3806 4462 per.

554 4494 704 4558 beat,
751 4492 827 4547 ita
868 4492 922 4546 in
963 4489 1380 4546 Deuteronomio
1416 4487 1650 4556 legitur:
1684 4484 1817 4538 Cum
1864 4484 2129 4553 ingressus

557 4584 723 4654 [ueris
747 4593 942 4638 terram
990 4597 1148 4653 quam
1177 4579 1432 4633 Dominus
1458 4577 1598 4631 Deus
1625 4585 1746 4630 tuus
1771 4574 1917 4628 dabit
1942 4572 2055 4637 tibi,
2082 4581 2132 4625 et

556 4672 847 4744 possederis
897 4686 1036 4735 eam,
1081 4667 1492 4736 habitaverisque
1525 4665 1581 4718 in
1627 4662 1742 4727 illa,
1790 4672 1838 4717 et
1884 4661 2078 4716 dixeris
2108 4674 2129 4714 ε

559 4762 889 4818 Constituam
930 4775 1088 4829 super
1108 4774 1188 4812 me
1233 4772 1423 4827 regem,
1460 4755 1593 4808 sicut
1618 4754 1805 4807 habent
1839 4768 2015 4806 omnes
2040 4767 2134 4821 per

558 4853 836 4907 circuitum
891 4851 1158 4914 nationes;
1186 4864 1305 4916 eum
1352 4846 1632 4900 constitues
1670 4860 1819 4916 quem
1872 4842 2130 4896 Dominus

564 4943 703 4999 Deus
727 4952 848 4997 tuus
888 4940 1116 5011 elegerit,
1144 4939 1208 4993 de
1244 4954 1460 4993 numero
1496 4936 1723 5007 fratrum
1744 4944 1955 4989 tuorum
1985 4950 2004 4988 :
2029 4951 2133 4989 non

558 5034 752 5105 poteris
775 5031 991 5087 alterius
1015 5031 1179 5101 gentis
1201 5030 1462 5084 hominem
1496 5043 1664 5098 regem
1701 5027 1891 5097 facere,
1915 5027 2003 5097 qui
2028 5042 2133 5080 non

558 5127 630 5180 sit
656 5125 822 5195 frater
846 5133 986 5178 tuus.
1029 5121 1259 5193 Cumque
1285 5120 1596 5176 constitutus
1621 5118 1801 5189 fuerit,
1832 5133 1934 5172 non
1955 5117 2133 5171 multi-

558 5217 772 5288 plicabit
794 5216 892 5271 sibi
914 5232 1094 5286 equos,
1122 5230 1214 5267 nec
1243 5212 1450 5273 reducet
1471 5207 1718 5280 populum
1741 5209 1798 5261 in
1820 5207 1894 5261 1E
1896 5217 2130 5278 gyptum,

557 5312 819 5381 equitatus
855 5325 1068 5363 numero
1098 5305 1436 5367 sublevatus;
1479 5301 1766 5373 pra'sertim
1803 5314 1921 5352 cum
1946 5298 2130 5351 Domi-

561 5412 660 5453 nus
717 5397 1015 5469 pra’ceperit
1071 5394 1231 5459 vobis,
1292 5403 1347 5447 ut
1389 5405 1715 5462 nequaquam
1767 5386 1992 5457 amplius
2039 5402 2132 5455 per

633 5545 661 5573 ι
698 5533 863 5602 Cujus
892 5531 1255 5587 ministerium.
1273 5515 1370 5583 Sic
1389 5526 1557 5602 codex
1579 5523 1788 5586 Anrel.,
1810 5520 2091 5602 emendate
2114 5536 2128 5602 ξ

564 5603 715 5672 prior
764 5591 947 5665 editio,
998 5602 1151 5670 cujus
1188 5599 1511 5672 mysterium,
1539 5603 1812 5672 corrupte.
1845 5591 1960 5672 Alia
1994 5596 2133 5670 sunt

566 5659 691 5743 qua:
726 5659 1130 5729 etiieudavini'us
1152 5686 1217 5726 ex
1241 5659 1359 5725 cod.
1398 5665 1518 5723 cod.
1543 5659 1753 5734 Aurel},
1789 5662 1884 5718 sed
1906 5659 2126 5716 leviora.

2234 4512 2488 4555 sonarum
2544 4496 2687 4550 inter
2722 4493 2900 4548 virum
2935 4499 2991 4545 et
3014 4488 3323 4559 proximum
3360 4482 3807 4554 suumjudicare,

2231 4589 2453 4646 advenis
2487 4596 2541 4643 et
2567 4584 2779 4657 pupillis
2803 4591 2861 4638 et
2893 4580 3072 4636 viduis
3105 4577 3452 4633 defensorem
3474 4587 3628 4636 esse;
3660 4570 3810 4625 furta

2233 4676 2508 4745 cohibere,
2564 4674 2830 4732 adulteria
2876 4672 3108 4744 punire;
3148 4670 3365 4739 iniquos
3396 4681 3502 4721 non
3539 4663 3809 4728 exaltare,

2233 4770 2534 4842 impudicos
2553 4776 2606 4824 et
2630 4767 2922 4823 histriones
2941 4778 3048 4818 non
3079 4760 3307 4827 nutrire,
3338 4756 3533 4826 impios
3560 4754 3628 4809 de
3658 4761 3808 4808 terra

2231 4860 2476 4932 perdere,
2496 4856 2797 4928 parricidas
2819 4862 2874 4909 et
2884 4849 3226 4924 periurantes
3248 4847 3428 4901 vivere
3450 4857 3556 4897 non
3583 4841 3769 4896 sinere
3792 4856 3809 4904 ;

2233 4928 2506 5005 Ecclesias
2550 4944 2863 5008 defendere,
2914 4953 3180 5010 pauperes
3219 4931 3577 5003 eleemosynis
3629 4928 3808 4992 alere,

2225 5037 2405 5108 justas
2429 5050 2594 5106 super
2617 5031 2834 5105 negotia
2862 5029 3017 5102 regni
3054 5027 3414 5088 constituere;
3446 5035 3609 5078 senes
3631 5026 3690 5074 et
3715 5034 3809 5073 sa-

2233 5133 2464 5202 pientes,
2491 5136 2547 5184 et
2569 5125 2782 5182 sobrios
2822 5119 3163 5178 consiliarios
3205 5117 3425 5179 habere,
3454 5126 3733 5181 magorum
3752 5116 3810 5164 et

2233 5220 2588 5283 hariolorum,
2616 5214 3160 5288 pythonissarumque
3185 5202 3659 5276 superstitionibus
3694 5213 3806 5255 non

2230 5311 2533 5374 intendere,
2590 5305 2927 5362 iracundiam
2974 5299 3210 5363 dill'erre,
3242 5293 3475 5374 patriam
3505 5289 3724 5345 fortiter
3748 5297 3810 5344 et

2224 5405 2371 5476 juste
2408 5408 2598 5457 contra
2646 5394 2988 5453 adversarios
3031 5367 3353 5452 defendere;
3393 5398 3492 5454 per
3534 5379 3718 5435 omnia
3753 5378 3809 5431 iu

2304 5519 2331 5559 ι’
2369 5515 2622 5641 (ἑγρνὶαη.
2655 5514 2768 5570 sive
2797 5511 2954 5576 alius,
2976 5521 3098 5575 cap.
3125 5503 3191 5558 de
3229 5497 3509 5575 duodecim
3532 5492 3817 5548 Ahusibus

2308 5606 2374 5641 Cll
2401 5604 2437 5641 Ι.

2232 5604 2437 5645 8130"".
