4030 6190
265 293 364 350 289

1045 292 1134 348 DE
1166 288 1645 347 INS'I'ITUTIONE
1681 285 1889 342 REGIA
1923 285 2015 339 AD
2053 284 2373 343 PIPPINUM
2409 285 2681 342 REGEM:

3381 288 3487 347 290

264 406 372 458 Deo
404 404 618 468 virere;
647 402 1095 474 prosperitatibus
1137 418 1243 458 non
1296 402 1510 456 elevare
1553 399 1815 461 animum,
1846 399 1894 461 Α
1920 409 2135 453 omnem
2166 404 2365 453 terram
2393 394 2711 461 consulitur,
2739 408 2899 466 quam
2931 408 3055 451 cum
3092 395 3147 450 in
3174 406 3328 466 parte
3352 414 3481 470 qua-

263 499 449 546 cuncta
494 494 717 546 adversa
756 492 1024 560 patienter
1063 492 1205 545 ferre
1233 504 1248 542 :
1281 489 1439 545 ﬁdem
1496 484 1820 543 catholicam

264 581 316 634 in
351 582 458 634 Deo
491 580 728 645 habere;
761 580 900 634 ﬁlios
933 594 1062 634 suos
1089 594 1196 632 non
1225 578 1405 633 sinere
1444 574 1608 644 impie
1638 586 1820 642 agere,

264 668 427 721 certis
448 666 598 721 horis
620 666 959 720 orationibus
1004 665 1272 728 insistere,
1336 671 1463 717 ante
1489 662 1650 719 horas
1688 674 1821 715 conv

266 770 424 824 gruas
444 770 550 808 non
577 763 796 825 gustare
826 755 1027 809 cibum.
1077 751 1163 807 Va:
1187 753 1324 807 enim
1351 760 1505 806 terra:
1548 750 1705 819 cujus
1733 764 1825 803 rea;

268 857 337 900 est
364 863 511 915 puer,
554 856 603 899 et
651 846 803 915 cujus
842 845 1096 915 principes
1136 859 1286 897 mane
1319 841 1591 896 comedunt
1631 836 1830 910 (Ecde.

273 936 448 1003 1,16).
480 936 606 989 Haec
632 936 783 1005 regni
805 936 1218 1004 prosperitatem
1232 934 1286 987 in
1315 931 1564 1002 praesenti
1594 930 1822 994 faciunt,

271 1036 320 1080 et
344 1041 521 1095 regem
549 1026 616 1079 ad
645 1026 882 1081 cmlestia
915 1040 1080 1095 regna
1120 1023 1343 1079 meliora
1372 1021 1688 1093 perducunt.
1720 1021 1821 1088 Qui

271 1132 390 1170 vero
402 1117 697 1172 secundum
720 1102 858 1170 hanc
878 1115 1047 1185 legem
1070 1130 1175 1168 non
1198 1114 1495 1183 dispensat,
1515 1111 1713 1169 multas
1740 1111 1824 1165 ni-

274 1207 454 1259 mirum
472 1204 827 1259 adversitates
847 1204 1055 1273 imperii
1072 1202 1281 1257 tolerat.
1298 1200 1501 1255 Idcirco
1524 1200 1668 1255 enim
1680 1213 1824 1269 saepe

272 1311 361 1363 pax
396 1293 716 1362 populorum
760 1293 1045 1362 rumpitur,
1096 1301 1151 1346 et
1188 1290 1509 1346 oil'endicula
1555 1290 1720 1345 etiam
1756 1289 1824 1344 de

272 1398 424 1451 regno
469 1381 832 1446 suscitantur,
870 1389 1136 1433 terrarum
1181 1394 1394 1449 quoque
1423 1377 1632 1437 fructus
1661 1378 1824 1434 dimi-

270 1483 520 1538 nuuntur,
548 1481 603 1527 et
624 1472 844 1527 servitia
877 1470 1196 1542 populorum
1224 1470 1644 1540 praepediuntur.
1668 1469 1824 1524 Multi

268 1565 418 1617 etiam
460 1562 677 1618 dolores
704 1562 1115 1632 prosperitatem
1140 1561 1292 1630 regni
1331 1561 1596 1626 inliciunt,
1634 1562 1825 1617 charo-

272 1670 378 1708 rum
404 1663 463 1707 et
487 1653 781 1708 liberorum
811 1659 1013 1707 mortes
1044 1651 1316 1705 tristitiam
1341 1649 1654 1716 conferunt;
1690 1651 1820 1705 hos-

1921 496 2131 550 cunque
2150 490 2416 538 terrarum
2441 497 2541 552 pro
2572 495 2598 525 α
2639 484 2916 554 temporali
2948 486 3238 541 securitate
3279 502 3483 559 pugna-

1924 578 2028 623 tur.
2053 585 2072 620 ι

1991 658 2225 717 Isidorus
2244 658 2308 713 ιιι
2342 678 2361 710 ι
2395 659 2497 727 Qui
2526 668 2674 715 recte
2700 660 2869 718 utitur
2898 661 3046 730 regni
3072 669 3365 735 potestate,
3413 666 3486 720 ita

1921 762 1979 803 se
2002 757 2257 817 przestare
2276 748 2525 804 omnibus
2568 748 2745 814 debet,
2767 758 2826 802 ut
2850 759 3052 819 quanto
3074 752 3244 824 magis
3268 752 3491 810 honoris

1920 836 2236 891 celsitudine
2258 837 2445 902 claret,
2471 845 2619 892 tanto
2647 837 2990 908 semetipsum
3020 853 3198 896 mente
3225 840 3489 907 humiliet,

1920 940 2223 996 proponens
2265 925 2366 980 sibi
2394 926 2694 996 exemplum
2727 926 3045 983 humilitatis
3089 929 3277 994 David,
3302 932 3392 1000 qui
3424 932 3492 986 de

1922 1015 2033 1069 suis
2079 1015 2284 1070 meritis
2314 1031 2421 1071 non
2458 1015 2671 1080 tumuit,
2701 1015 2795 1071 sed
2826 1016 3099 1074 humiliter
3125 1033 3184 1074 se
3235 1019 3494 1090 dejiciens

1922 1104 2086 1162 dicit:
2133 1103 2247 1159 Vili:
2280 1105 2539 1171 incedam,
2560 1115 2608 1159 et
2638 1106 2753 1160 vilis
2779 1107 3034 1176 apparebo
3065 1118 3184 1163 ante
3209 1109 3492 1166 Dominum

1920 1194 2010 1264 qui
2027 1193 2176 1267 elegit
2202 1212 2285 1248 me
2311 1193 2395 1266 (ΙΙ
2422 1193 2548 1266 Reg.
2581 1211 2656 1261 VI,
2684 1195 2796 1267 22).
2829 1214 2848 1245 ι
2882 1196 3012 1251 Item
3033 1197 3309 1255 Isidorus:
3344 1220 3362 1252 ‹
3391 1201 3493 1267 Qui

1923 1285 2066 1340 intra
2120 1286 2375 1340 sarculum
2408 1285 2545 1341 bene
2585 1286 2951 1360 temporaliter
2977 1288 3222 1362 imperat,
3248 1290 3365 1345 sine
3392 1292 3497 1347 ﬁne

1922 1374 1977 1430 in
2004 1385 2319 1449 perpetuum
2344 1384 2576 1446 regnat,
2616 1385 2672 1430 et
2710 1379 2777 1432 de
2807 1376 2974 1446 gloria
3022 1378 3182 1447 hujus
3220 1381 3401 1437 smculi
3428 1382 3499 1437 ad

1922 1473 2178 1523 aeternam
2207 1473 2502 1521 transmcat
2538 1466 2900 1536 gloriam.Qui
2934 1483 3058 1523 vero
3085 1484 3251 1538 prave
3272 1487 3497 1543 regnum

1922 1562 2209 1618 exercent,
2256 1562 2380 1627 post
2405 1563 2610 1609 vestem
2646 1555 2939 1625 fulgetcm
2971 1565 3027 1612 ct
3054 1558 3255 1613 Iumina
3283 1559 3498 1632 lapillo-

1922 1659 2063 1709 rum,
2087 1645 2215 1699 nudi
2250 1653 2305 1700 et
2355 1645 2539 1700 miseri
2586 1646 2655 1701 ad
2702 1645 2914 1700 inferna
2963 1648 3247 1716 torquendi
3276 1650 3502 1705 descen-

272 1746 390 1799 tium
430 1745 685 1799 incursus
711 1742 1020 1813 provincias
1054 1740 1290 1810 undique
1337 1747 1578 1806 vastant,
1630 1740 1821 1795 bestiae
1850 1730 1899 1793 B
1926 1737 2071 1793 dent.
2102 1735 2275 1808 Reges
2303 1750 2334 1790 a
2362 1743 2508 1791 recte
2542 1736 2747 1807 agendo
2795 1736 2969 1793 vocati
3017 1746 3179 1802 sunt,
3218 1738 3338 1793 ideo
3374 1740 3500 1811 quia

270 1845 630 1891 armentorum
656 1843 714 1891 et
739 1849 991 1905 pecorum
1019 1847 1211 1903 greges
1247 1832 1568 1897 dilacerant,
1620 1840 1825 1900 tempe-

268 1935 426 1981 states
450 1926 599 1980 reris
617 1932 675 1979 et
698 1923 892 1978 hiemis
930 1931 1197 1978 terrarum
1223 1921 1605 1978 fecunditatem
1633 1929 1690 1978 et
1715 1935 1829 1975 ma-

268 2016 336 2069 ris
380 2013 684 2069 ministeria
736 2011 1046 2081 prohibent,
1095 2019 1153 2065 et
1203 2008 1493 2078 aliquando
1542 2006 1828 2063 fulminum

268 2106 397 2160 ictus
433 2115 666 2173 segetes,
717 2110 773 2156 et
814 2101 1068 2156 arborum
1098 2093 1278 2165 ﬂores',
1308 2106 1365 2154 et
1390 2097 1673 2168 pampinos
1697 2111 1828 2151 esu-

268 2203 403 2250 runt.
446 2193 626 2264 Super
647 2190 829 2248 omnia
872 2206 1001 2246 vero
1026 2190 1171 2261 regis
1221 2187 1483 2257 iniustitia
1505 2203 1615 2245 non
1652 2187 1827 2243 solum

265 2286 544 2356 praesentis
558 2283 770 2353 imperii
798 2281 993 2338 faciem
1014 2281 1209 2344 fuscat,
1238 2281 1333 2335 sed
1366 2279 1532 2335 etiam
1552 2277 1828 2333 ﬁliossuos

266 2385 316 2430 et
341 2383 589 2445 nepotes,
638 2387 707 2428 ne
752 2381 875 2442 post
900 2386 960 2428 se
988 2370 1141 2441 regni
1179 2369 1554 2426 hereditatem
1590 2376 1825 2434 teneant,

264 2464 533 2520 obscurat.
562 2460 783 2531 Propter
805 2460 1076 2530 piaculum
1105 2459 1249 2516 enim
1274 2456 1576 2513 Salomonis
1602 2470 1827 2527 regnum

266 2556 452 2610 domus
480 2552 644 2609 Israel
670 2552 930 2607 Dominus
958 2552 1025 2607 de
1052 2550 1303 2607 manibus
1333 2548 1567 2603 (Iliorum
1607 2546 1726 2615 ejus
1754 2547 1829 2602 di-

264 2642 478 2712 spersit,
501 2648 559 2695 et
586 2647 803 2711 propter
822 2639 1074 2694 meritum
1101 2638 1271 2693 David
1301 2637 1444 2709 regis
1461 2637 1737 2693 lucernam
1761 2637 1829 2691 de

264 2730 469 2784 semine
506 2727 623 2796 ejus
675 2742 888 2800 semper
933 2728 988 2782 in
1037 2726 1372 2784 Hierusalem
1421 2726 1659 2801 reliquit.
1688 2726 1829 2783 Ecce

263 2829 522 2889 quantum
566 2819 777 2888 justitia
816 2819 962 2890 regis
1001 2819 1200 2875 steculo
1245 2818 1423 2876 valeat
1493 2819 1829 2875 intuentibus

262 2910 540 2979 perspicue
592 2917 741 2979 patet
774 2927 787 2962 :
824 2925 926 2979 pax
956 2908 1275 2979 populorum
1309 2917 1416 2974 est,
1460 2917 1821 2967 tutamentum

261 2998 470 3068 patriae,
500 2997 814 3053 immunitas
837 2997 1031 3068 plebis,
1052 2998 1445 3054 munimentum
1470 2998 1669 3069 gentis,
1693 3013 1823 3054 cura

1926 1831 2073 1880 recte
2100 1823 2346 1878 faciendo
2374 1823 2518 1893 regis
2549 1839 2742 1877 nomen
2768 1830 3004 1888 tenetur,
3038 1827 3311 1896 peccando
3343 1828 3501 1882 amit-

1927 1914 2078 1971 titur.
2112 1932 2130 1965 ι
2159 1913 2450 1982 Gregorius
2495 1913 2548 1966 in
2596 1911 2884 1969 Moralibus
2916 1923 2980 1968 οε
3019 1932 3038 1965 ‹
3075 1913 3208 1969 Nam
3261 1924 3316 1969 et
3358 1916 3504 1971 viros

1927 2011 2141 2058 sanctos
2160 2002 2383 2072 proinde
2409 2017 2563 2073 reges
2591 2002 2771 2056 vocari
2802 2002 2856 2058 in
2887 2003 3059 2059 sacris
3084 2003 3310 2076 eloquiis
3339 2005 3496 2060 novi-

1926 2106 2067 2157 mus,
2090 2105 2156 2146 eo
2177 2091 2319 2160 quod
2362 2099 2509 2145 recte
2543 2101 2724 2165 agant,
2757 2106 3054 2166 sensusque
3077 2094 3323 2165 proprios
3366 2096 3504 2153 bene

1925 2188 2137 2253 regant,
2172 2188 2227 2236 et
2251 2188 2425 2235 motus
2466 2180 2781 2237 resistentes
2812 2181 2914 2237 sibi
2952 2183 3257 2239 rationabili
3297 2184 3502 2239 discre—

1928 2269 2073 2324 tione
2106 2278 2447 2338 componant.
2486 2268 2656 2325 Recte
2691 2270 2857 2341 igitur
2909 2271 2984 2326 illi
3012 2286 3167 2343 reges
3209 2283 3502 2341 vocantur,

1927 2360 2018 2429 qui
2045 2367 2153 2414 tam
2192 2359 2509 2430 semetipsos
2534 2374 2693 2429 quam
2722 2359 2992 2429 subjectos
3019 2396 3037 2421 .
3078 2360 3214 2416 bene
3266 2364 3505 2433 regendo

1926 2448 2212 2524 paciﬁcare
2234 2447 2262 2487 τι
2295 2458 2581 2503 noverunt.
2607 2448 2837 2516 Quidam
2859 2451 3032 2523 ipsum
3063 2466 3260 2507 nomen
3288 2453 3509 2522 regimi-

1926 2539 2014 2594 uis
2044 2539 2112 2594 ad
2141 2538 2527 2593 immanitatem
2564 2548 2934 2597 transvertunt
2956 2542 3317 2609 crudelitatis,
3346 2543 3505 2602 dum-

1928 2644 2032 2702 que
2059 2629 2127 2684 ad
2163 2628 2375 2686 culmen
2415 2628 2696 2701 potestatis
2741 2637 3042 2697 venerunt,
3087 2629 3142 2688 in
3178 2632 3506 2702 apostasiam

1927 2716 2207 2773 confestim
2241 2717 2530 2783 labuntur,
2563 2725 2821 2793 tantoque
2867 2732 2925 2774 se
2948 2728 3159 2775 tumore
3211 2720 3390 2776 cordis
3413 2736 3504 2781 ex-

1928 2807 2138 2873 tollunt,
2160 2817 2221 2861 ut
2249 2817 2473 2865 cunctos
2504 2808 2748 2863 subditos
2779 2808 2834 2863 in
2862 2810 2944 2867 sui
2977 2810 3382 2885 comparatione
3413 2811 3513 2866 dc-

1927 2896 2180 2966 spiciant,
2213 2911 2414 2966 eosque
2433 2898 2629 2967 quibus
2653 2912 2887 2969 praeesse
2914 2899 3157 2973 contigit,
3187 2915 3297 2955 non
3341 2915 3515 2972 agnda

1929 2996 2103 3045 scant.
2140 3007 2159 3039 ›
2193 2987 2262 3044 Et
2290 2987 2451 3057 paqu
2478 2995 2636 3063 post:
2682 3006 2701 3040 ι
2753 2988 2889 3049 Dum
2919 2990 3103 3045 mundi
3134 3005 3291 3062 reges
3338 2992 3509 3053 subliu

263 3087 868 3158 languorum,gaudium
882 3087 1179 3154 hominum,
1198 3088 1486 3157 temperies
1498 3087 1661 3153 aeris,
1685 3103 1828 3145 sere-
1852 3077 1898 3140 C
1926 3080 2127 3138 miores
2147 3093 2205 3134 se
2227 3080 2439 3134 caeteris
2471 3080 2726 3145 sentiunt,
2769 3081 3027 3139 mortales
3072 3090 3250 3139 tamen
3285 3097 3345 3141 se
3389 3098 3510 3143 esse

264 3175 398 3229 nitas
440 3176 626 3240 maris,
658 3182 818 3230 terra:
860 3173 1184 3242 fecunditas,
1232 3176 1483 3231 solatium
1504 3190 1822 3246 pauperum,

263 3263 545 3325 hereditas
575 3263 825 3328 ﬁliorum,
854 3272 912 3320 et
930 3264 1251 3335 sibimetipsi
1273 3280 1396 3334 spes
1422 3263 1618 3320 futurae
1648 3266 1825 3326 beati-

264 3352 481 3407 tudinis.
520 3350 775 3407 Attamen
810 3353 947 3407 sciat
974 3354 1116 3424 quod
1159 3354 1299 3408 sicut
1325 3353 1379 3407 in
1424 3354 1620 3409 throno
1647 3354 1827 3414 homi-

264 3458 383 3496 num
407 3441 621 3511 primus
645 3441 971 3497 constitutus
994 3451 1094 3507 est,
1126 3443 1206 3498 sic
1227 3451 1282 3498 et
1307 3444 1361 3498 in
1382 3444 1580 3518 poenis,
1607 3444 1652 3500 si
1667 3443 1829 3513 justi-

265 3533 386 3586 tiam
435 3547 546 3587 non
574 3530 784 3597 fecerit,
814 3532 1107 3602 primatum
1150 3532 1434 3589 habiturus
1476 3543 1581 3591 est.
1630 3535 1830 3593 Omnes

264 3636 492 3690 namque
522 3636 871 3692 quoscunque
899 3630 1212 3691 peccatores
1257 3624 1356 3679 sub
1400 3639 1458 3680 se
1495 3626 1552 3681 in
1577 3626 1831 3699 prtesenti

265 3711 479 3776 habuit,
511 3726 674 3781 supra
704 3712 837 3766 sein
864 3712 956 3767 illa
998 3710 1179 3766 futura
1210 3727 1370 3783 pruna
1397 3714 1637 3772 habebit.
1670 3733 1688 3766 ι

327 3801 646 3872 Fulgentius
667 3801 718 3854 in
742 3800 879 3854 libro
906 3800 972 3856 de
1000 3801 1244 3857 Veritate
1271 3804 1755 3874 praedestinationis
1775 3813 1833 3862 et

266 3891 445 3959 gratiae
476 3908 491 3943 :
534 3908 554 3941 ‹
583 3888 1043 3947 Clementissimus
1068 3930 1083 3956 ,
1129 3891 1323 3961 inquit,
1353 3891 1646 3963 imperator
1667 3935 1683 3960 ,
1724 3910 1832 3951 non

268 3980 377 4033 ideo
408 3987 497 4034 est
535 3994 630 4033 vas
654 3978 1034 4034 misericordia:
1075 3989 1432 4053 prazparatum
1476 3982 1528 4036 in
1571 3982 1828 4053 gloriam,

266 4072 380 4140 quia
401 4071 616 4141 apicem
657 4070 861 4127 terreni
890 4071 1223 4143 principatus
1246 4072 1483 4142 accepit;
1532 4072 1625 4126 sed
1655 4072 1701 4127 si
1732 4072 1834 4126 im-

266 4160 446 4228 periali
499 4158 736 4214 culmine
764 4168 911 4215 recta
953 4160 1057 4214 ﬁde
1099 4160 1261 4225 vivat,
1288 4168 1343 4215 et
1366 4176 1491 4215 vera
1520 4162 1699 4218 cordis
1729 4163 1831 4219 hu-

268 4253 490 4309 militate
516 4253 809 4322 praeditus,
862 4252 1070 4308 culmen
1105 4251 1266 4322 regiae
1311 4251 1588 4322 dignitatis
1636 4261 1836 4307 sanctae

267 4343 507 4413 religioni
549 4340 841 4408 subjiciat:
870 4340 913 4397 si
956 4340 1126 4410 magis
1152 4341 1205 4394 in
1254 4340 1446 4395 timore
1491 4341 1695 4395 servire
1722 4340 1833 4395 Deo

268 4449 417 4502 quam
457 4435 518 4488 in
549 4434 745 4489 timore
781 4430 1046 4487 dominari
1093 4430 1289 4500 populo
1332 4431 1653 4496 delectetur;
1687 4432 1733 4486 si
1776 4432 1830 4486 in

1929 3182 2243 3245 agnoscant,
2286 3187 2388 3229 nec
2413 3172 2838 3251 regniggloriam,
2867 3188 2975 3250 qua
3020 3173 3075 3234 in
3104 3175 3300 3234 saeculo
3344 3175 3519 3240 subli-

1928 3272 2163 3333 mantur,
2195 3264 2480 3334 aspiciant,
2513 3266 2609 3321 sed
2636 3280 2771 3340 opus
2793 3265 2938 3335 quod
2964 3280 3148 3326 secum
3192 3267 3502 3338 deportant,

1929 3355 2229 3411 intendant.
2252 3374 2272 3408 ι
2303 3353 2434 3411 Item
2477 3369 2583 3410 non
2632 3365 2757 3426 post
2784 3355 2989 3415 multa:
3026 3376 3046 3410 ‹
3081 3355 3257 3433 Reges
3295 3359 3512 3429 quando

1926 3446 2056 3507 boni
2080 3455 2224 3515 sunt,
2248 3448 2489 3504 muneris
2526 3456 2611 3503 est
2638 3442 2766 3515 Dei;
2815 3438 3030 3518 quando
3054 3464 3184 3509 vero
3209 3451 3359 3516 mali,
3390 3464 3513 3507 sce-

1929 3536 2058 3593 leris
2093 3547 2179 3594 est
2203 3539 2406 3609 populi.
2447 3538 2755 3596 Secundum
2804 3540 2949 3596 enim
2978 3540 3214 3609 plebium
3257 3542 3510 3603 meritum

1931 3627 2234 3700 disponitur
2260 3629 2370 3687 vita
2398 3636 2691 3693 rectorum,
2734 3636 2965 3685 testante
2991 3630 3090 3686 Job
3115 3648 3130 3689 :
3164 3630 3268 3696 Qui
3294 3647 3513 3708 regnare

1932 3717 2058 3787 facit
2079 3719 2400 3790 hypocritam
2435 3730 2644 3792 propter
2682 3731 2895 3790 peccata
2931 3721 3109 3791 populi
3133 3722 3275 3794 (Job.
3322 3736 3511 3787 xxxiv,

1931 3810 2045 3882 30).
2074 3810 2346 3866 Irascente
2373 3811 2516 3868 enim
2547 3811 2657 3867 Deo
2690 3809 2852 3867 talem
2882 3818 3144 3867 rectorem
3177 3809 3357 3884 populi
3387 3824 3510 3864 sus-

1932 3901 2157 3969 cipiunt,
2206 3900 2420 3970 qualem
2470 3916 2569 3970 pro
2626 3909 2850 3971 peccato
2905 3906 3205 3958 merentur.
3246 3899 3510 3954 Nonnun~

1932 4007 2094 4066 quam
2120 4008 2220 4068 pro
2247 3993 2452 4049 malitia
2502 3992 2673 4062 plebis
2705 3993 2868 4047 etiam
2920 4006 3073 4065 reges
3102 3997 3409 4054 mutantur;
3455 3999 3513 4048 et

1934 4084 2024 4152 qui
2055 4092 2180 4138 ante
2203 4084 2523 4139 videbantur
2572 4097 2691 4137 esse
2732 4082 2879 4148 boni,
2911 4091 3132 4155 accepto
3177 4095 3345 4152 regno
3374 4080 3511 4137 ﬁunt

1935 4189 2124 4243 iniqui.
2160 4192 2179 4224 ι

2004 4263 2100 4321 llis
2128 4265 2198 4322 ita
2220 4264 2516 4334 praemissis
2540 4303 2557 4328 ,
2601 4264 2923 4320 studendum
2948 4270 3034 4319 est
3056 4263 3167 4332 regi
3200 4270 3261 4323 ut
3286 4276 3395 4317 non
3424 4276 3510 4317 so-

1935 4353 2043 4407 lum
2069 4354 2123 4411 in
2149 4369 2231 4420 se,
2260 4368 2448 4409 verum
2475 4354 2637 4413 etiam
2661 4354 2712 4408 in
2732 4354 2835 4411 sibi
2871 4352 3127 4418 subjectis
3155 4352 3298 4423 regis
3313 4367 3508 4410 nomen

1935 4442 2173 4512 impleat,
2203 4442 2587 4513 provideatque
2610 4450 2672 4497 ut
2694 4441 2921 4512 populus
2950 4442 3050 4497 sibi
3076 4440 3371 4511 subjectus,
3393 4441 3510 4510 pie-

268 4538 327 4576 eo
352 4523 549 4577 lenitas
581 4521 913 4579 iracundiam
951 4520 1178 4590 mitiget,
1203 4530 1359 4574 ornet
1400 4520 1700 4590 benignitas
1733 4538 1831 4594 po-
1935 4544 2063 4598 iam,
2104 4548 2255 4602 pace,
2285 4534 2574 4598 Chai-imm,
2596 4532 2827 4603 justitia,
2858 4541 2912 4589 ει
2941 4532 3309 4589 misericordia
3346 4540 3511 4601 atque

268 4618 545 4676 testatum;
577 4612 623 4666 si
651 4627 711 4666 se
738 4611 910 4681 magis
953 4610 1278 4679 diligendum
1303 4625 1462 4681 quam
1490 4613 1832 4667 metuendum

1933 4625 2219 4680 concordia
2243 4634 2298 4680 et
2316 4625 2691 4689 unanimitate,
2722 4624 3040 4692 caeterisque
3066 4624 3220 4679 bonis
3252 4624 3513 4681 exuberat

268 4703 472 4756 cunctis
520 4701 799 4766 exhibeat;
843 4700 888 4755 si
931 4700 1186 4771 subjectis
1227 4701 1516 4757 salubriter
1545 4705 1829 4771 consulat;

1933 4713 2215 4783 operibus;
2248 4723 2309 4772 ut
2344 4714 2458 4769 haec
2487 4714 2747 4769 habentes
2774 4713 2944 4769 Deum
2969 4728 3151 4769 secum
3175 4713 3374 4768 habere
3402 4728 3511 4767 me-

266 4791 308 4845 si
333 4790 606 4859 justitiam
628 4792 708 4845 sic
728 4798 940 4856 teneat,
978 4798 1038 4847 ut
1066 4790 1489 4848 misericordiam
1517 4810 1624 4849 nou
1667 4796 1832 4850 relin-

265 4892 423 4951 quat;
454 4882 503 4937 si
528 4897 642 4952 pra:
669 4881 919 4938 omnibus
944 4881 1018 4939 ita
1042 4896 1102 4936 se
1135 4890 1333 4937 sancta:
1366 4884 1557 4942 matris
1579 4884 1832 4945 Ecclesiae

266 4972 547 5027 catholica:
572 4973 880 5028 meminerit
909 4972 1097 5037 ﬁlium,
1127 4984 1185 5029 ut
1214 4972 1330 5042 ejus
1354 4974 1471 5043 paci
1505 4985 1665 5045 atque
1685 4985 1828 5031 tran-

267 5061 517 5127 quillitati
551 5076 648 5130 per
675 5064 986 5118 universum
1010 5067 1262 5120 mundum
1285 5067 1542 5135 prodesse
1570 5080 1723 5118 suum
1752 5064 1832 5119 fa-

268 5153 365 5206 ciat
384 5154 769 5223 principatum.
801 5153 968 5225 Magis
995 5157 1135 5215 enim
1154 5157 1518 5214 Christianum
1546 5157 1749 5226 regitur
1765 5172 1828 5213 ac

266 5252 592 5312 propagatur
634 5243 917 5312 imperium
957 5244 1084 5298 dum
1121 5245 1485 5303 ecclesiastico
1534 5246 1697 5303 statui
1734 5260 1832 5315 per

332 5406 357 5467 ξ
383 5393 682 5467 Temporali
708 5398 1005 5467 securitate.
1040 5397 1252 5467 Optima
1294 5397 1454 5452 lectio
1488 5396 1688 5452 codicis
1720 5397 1830 5452 Atl-

274 5463 457 5515 ruliau.
486 5464 749 5519 Acherins
773 5466 1016 5537 ediderat
1037 5463 1212 5537 templi
1237 5468 1531 5537 securitate,
1560 5467 1650 5537 qui
1678 5482 1833 5521 error

272 5541 416 5584 ortus
442 5543 565 5587 erat
600 5549 665 5585 es
696 5536 1010 5601 compendio
1034 5535 1318 5588 scribendi.

335 5602 361 5639 ι’
402 5601 523 5655 Lib.
553 5619 585 5655 ιι
615 5602 882 5669 Sentent.,
913 5620 1070 5677 capp.
1097 5604 1185 5665 49,
1208 5603 1295 5656 48.

1933 4809 2192 4865 reantur;
2232 4801 2475 4876 sciatque
2509 4801 2814 4856 certissime
2840 4800 2982 4873 quod
3006 4816 3111 4855 non
3140 4800 3312 4857 solum
3335 4800 3401 4854 de
3424 4813 3506 4863 se,

1933 4905 2122 4949 verum
2144 4891 2305 4947 etiam
2331 4893 2398 4947 de
2417 4891 2549 4961 ipsis
2572 4891 2828 4946 Dominus
2848 4892 2918 4946 ab
2941 4904 3007 4945 eo
3038 4889 3275 4949 fructum
3307 4889 3506 4947 bonum

1933 4978 2086 5037 bona:
2117 4980 2445 5049 operationis
2474 4988 2763 5037 exacturus
2784 4985 2885 5037 est.

2557 5088 2780 5144 CAPUT
2809 5087 2896 5144 IV.

2203 5159 2342 5225 Quid
2375 5160 2441 5212 sit
2469 5160 2674 5226 proprie
2700 5158 3040 5212 ministerium
3068 5159 3223 5228 regis.

2010 5251 2203 5322 Regale
2237 5249 2595 5304 ministerium
2647 5247 2951 5319 specialiter
2978 5256 3063 5303 est
3108 5245 3361 5316 populum
3408 5244 3501 5301 Dei

2006 5412 2029 5439 ε
2073 5399 2196 5454 Sive
2219 5398 2471 5460 Isidorus,
2498 5397 2589 5453 lib.
2625 5413 2685 5451 III
2716 5400 2983 5459 Sentent.,
3016 5411 3133 5466 cap.
3167 5394 3258 5447 48.

2004 5470 2030 5508 ἀ
2076 5469 2382 5535 Paci/icore.
2406 5467 2462 5522 In
2490 5468 2653 5536 priori
2683 5468 2936 5530 editione,
2961 5460 3289 5534 modiﬁcare;
3315 5460 3502 5519 eadem

1935 5540 2114 5595 statim
2144 5538 2373 5591 habebnt
2404 5538 2797 5591 immunitatem.
