3956 6186
550 280 651 339 291

1609 260 1801 320 ΙΟΝΑΕ
1841 256 2401 318 AURELIANENSIS
2435 254 2753 312 ιειιιδιῖοιιι

3696 245 3806 303 292

553 399 854 468 gubernare
880 395 937 443 et
974 400 1161 458 regere
1186 397 1308 439 cum
1339 381 1591 452 aequitate
1617 388 1673 434 et
1713 376 1942 447 iustitia,
1964 382 2021 431 et
2065 384 2128 429 nt
2154 377 2201 437 Α
2229 387 2383 426 aures
2407 386 2496 425 vos
2521 370 2611 441 qui
2633 368 2907 423 continetis
2937 364 3316 437 multitudines,
3347 371 3397 419 et
3421 361 3638 433 placetis
3664 362 3810 419 vobis

554 502 739 558 partem
770 490 825 536 et
863 477 1208 535 concordiam
1243 477 1477 531 habeant
1525 474 1762 528 studere.
1819 470 1936 542 Ipse
1985 469 2131 523 enim

557 577 714 629 debet
735 571 908 640 primo
945 566 1194 623 defensor
1219 577 1339 620 esse
1372 563 1735 620 Ecclesiarum
1770 570 1825 616 et
1850 573 2131 616 servorum

556 665 672 719 Dei.
698 663 937 732 Ipsorum
967 659 1131 714 etiam
1161 670 1187 698 ι
1218 654 1448 711 oﬂicium
1466 663 1550 711 est
1567 654 1726 709 saluti
1749 660 1803 709 et
1830 652 2133 708 ministerio

558 753 892 808 sacerdotum
929 748 1155 804 solerter
1178 746 1508 817 prospicere,
1544 757 1840 814 eorumque
1868 742 2035 799 armis
2078 750 2135 799 et

556 840 888 914 protectione
913 837 1153 894 Ecclesia
1179 836 1380 891 Christi
1406 835 1564 890 debet
1606 834 1747 888 tueri
1781 852 1795 888 :
1826 833 2132 899 viduarum.

557 934 941 1004 orphanorum,
989 938 1414 998 caeterorumque
1441 940 1753 997 pauperum,
1804 939 1901 982 nec
1938 941 2046 980 non
2081 933 2136 980 et

554 1025 795 1079 oumium
856 1021 1207 1091 indigentium
1260 1019 1437 1090 inopia
1494 1017 1727 1073 defendi.
1772 1017 1945 1089 ipsius
1989 1017 2135 1073 enim

558 1123 730 1169 terror
760 1128 825 1167 ac
864 1111 1099 1166 studium
1150 1108 1544 1177 hujuscemodi,
1573 1110 1627 1163 in
1675 1117 1934 1179 quantum
1965 1109 2139 1179 possi-

559 1205 663 1258 bile
695 1210 796 1267 est,
825 1217 945 1257 esse
981 1202 1178 1256 debet:
1205 1199 1379 1271 primo
1419 1208 1478 1253 ut
1520 1198 1668 1253 nulla
1717 1197 1977 1267 iniustitia
2008 1198 2135 1263 ﬁat;

556 1292 769 1356 deinde,
801 1292 846 1347 si
882 1291 1141 1355 evenerit,
1181 1298 1241 1344 ut
1268 1289 1413 1344 nullo
1467 1290 1627 1344 modo
1673 1305 1792 1345 eam
1847 1288 2139 1347 subsistere

559 1381 859 1453 permittat,
885 1397 984 1436 nec
1005 1395 1153 1453 spem
1178 1378 1544 1443 delitesceudi,
1560 1378 1674 1434 sive
1698 1378 1977 1433 audaciam
2000 1376 2139 1431 male

559 1471 750 1541 agendi
793 1471 1043 1540 cuiquam
1088 1469 1389 1540 relinquat;
1439 1470 1532 1523 sed
1585 1469 1760 1526 sciant
1787 1481 1976 1523 omnes
2004 1483 2140 1537 quo-

558 1560 705 1614 niam
735 1559 778 1614 si
810 1560 875 1613 ad
892 1558 1066 1629 ipsius
1099 1559 1344 1615 notitiam
1369 1558 1676 1629 pervenerit
1701 1557 1973 1629 quidpiam
2011 1554 2138 1611 mali

556 1649 702 1718 quod
728 1648 1063 1712 admiserint,
1090 1663 1427 1719 nequaquam
1452 1648 1818 1719 inoorreptum
1836 1647 1866 1687 ι)
1889 1654 1982 1703 aut
2005 1646 2142 1703 inul~

2229 461 2285 515 in
2310 459 2477 514 turbis
2514 459 2807 515 nationum.
2845 455 3105 521 Quoniam
3132 455 3259 508 data
3286 461 3362 507 est
3392 468 3427 507 a
3456 450 3682 507 Domino
3706 466 3807 517 po.

2230 560 2389 605 testas
2414 550 2581 615 vobis,
2607 558 2656 602 et
2686 548 2850 602 virtus
2877 546 2943 599 ab
2987 544 3286 608 Altissimo,
3335 541 3424 611 qui
3473 540 3811 609 interrogabit

2231 656 2388 710 opera
2436 647 2604 695 vestra
2621 679 2636 704 ,
2683 648 2733 692 et
2777 637 3113 708 cogitationes
3153 633 3492 689 scrutabitur.
3545 630 3811 697 Quoniam

2233 747 2351 785 cum
2380 732 2558 785 essetis
2583 729 2811 784 ministri
2839 727 2982 798 regni
3010 726 3179 793 illius,
3208 741 3312 781 non
3333 734 3469 780 recte
3499 721 3810 792 iudicastis,

2225 836 2327 873 nec
2352 819 2648 874 custodistis
2669 818 2832 890 legem
2852 818 3094 888 justitite,
3119 831 3281 886 neque
3307 812 3592 869 secundum
3620 811 3814 868 volun-

2230 920 2390 966 tatem
2422 909 2518 964 Dei
2541 907 2872 963 ambulastis.
2905 904 3178 960 Horrende
3204 913 3253 958 et
3276 904 3382 957 cito
3406 900 3673 972 apparebit
3715 914 3813 953 vo-

2232 1000 2334 1065 bis,
2358 999 2604 1068 quoniam
2624 997 2887 1067 judicium
2917 995 3262 1051 durissimum
3298 993 3380 1046 his
3406 992 3497 1062 qui
3541 998 3813 1060 praesunt,

2232 1091 2342 1159 ﬁet.
2384 1090 2590 1160 Exiguo
2638 1089 2776 1145 enim
2804 1086 3106 1141 conceditur
3142 1083 3539 1138 misericordia:
3576 1089 3818 1149 potentes

2233 1188 2408 1234 autem
2433 1187 2667 1250 potenter
2688 1185 2945 1231 tormenta
2968 1175 3252 1246 patientur.
3283 1172 3406 1227 Non
3428 1170 3570 1226 enim
3591 1169 3814 1225 subtra-

2234 1271 2318 1324 het
2342 1283 2619 1339 personam
2644 1265 2955 1341 cujusquam
2996 1263 3160 1327 Deus,
3180 1277 3272 1316 nec
3318 1259 3577 1316 verebitur
3603 1257 3821 1328 magni-

2235 1362 2466 1417 tudinem
2516 1358 2866 1429 cujusquam;
2902 1354 3150 1426 quoniam
3194 1351 3444 1423 pusillum
3478 1360 3527 1404 et
3564 1363 3820 1417 magnum

2229 1453 2345 1522 ipse
2385 1449 2504 1519 fecit
2522 1488 2538 1514 ,
2578 1456 2627 1502 et
2658 1443 2931 1517 wqualitcr
2957 1458 3085 1497 cura
3104 1450 3181 1496 est
3200 1439 3282 1495 illi
3306 1439 3371 1497 de
3397 1438 3667 1502 omnibus;
3696 1434 3822 1505 for-

2236 1542 2458 1598 tioribus
2519 1548 2693 1594 autem
2754 1536 2944 1608 fortior
2985 1534 3147 1592 instat
3204 1530 3458 1591 cruciati!)
3509 1528 3670 1600 (Sep.
3726 1541 3820 1592 vi,

2230 1634 2295 1699 2,
2329 1629 2478 1703 αφ).

558 1707 673 1789 tum
702 1734 1025 1798 remanebit;
1051 1707 1190 1790 rsetl'
1221 1707 1377 1804 juxta
1415 1734 1540 1791 facti
1589 1707 1902 1805 qualitatem
1938 1735 2044 1790 erit
2088 1744 2143 1791 et
2170 1722 2216 1784 Β
2313 1721 2553 1779 15ίάοΜ
2581 1729 2647 1770 ⁸³
2684 1736 2704 1769 ⁸
2732 1715 3013 1785 Ρτίηαίιιθε
3038 1710 3221 1769 εποιηί
3246 1722 3630 1779 “nunquam
3672 1707 3825 1762 ίηιτ³

559 1826 750 1880 modus
768 1823 932 1896 justas
955 1827 1330 1897 correptionis.
1363 1826 1700 1900 Quapropter
1723 1827 1826 1885 hoc
1862 1828 1920 1883 in
1938 1829 2137 1883 throno

563 1914 841 1992 regiminis
880 1916 1088 1986 positus
1116 1925 1201 1971 est
1230 1918 1299 1975 a1
1316 1917 1519 1988 judicia
1550 1926 1698 1975 recta
1726 1919 2053 1989 peragenda,
2080 1927 2142 1975 ut

559 2005 674 2075 ipse
700 2019 797 2077 per
819 2019 878 2060 se
920 2006 1201 2076 provideat
1225 2016 1281 2062 et
1302 2009 1597 2079 perquirat,
1624 2024 1693 2064 ne
1715 2009 1769 2066 in
1812 2008 2018 2079 judicio
2043 2008 2140 2063 ali-

559 2100 682 2170 quis
715 2114 747 2153 a
778 2100 1003 2154 veritate
1032 2108 1087 2155 et
1112 2101 1365 2173 aequitate
1390 2101 1644 2157 declinet.
1670 2100 1823 2157 Scire
1847 2101 2014 2159 etiam
2045 2102 2140 2157 de.-

562 2190 653 2243 het
685 2187 827 2258 quod
856 2202 1038 2253 causa,
1060 2203 1221 2258 quam
1268 2187 1422 2258 juxta
1463 2189 1825 2247 ministerium
1869 2188 1970 2245 sibi
1995 2203 2142 2243 com-

561 2277 788 2332 missum
831 2275 1193 2342 administrat,
1219 2292 1326 2333 non
1367 2278 1646 2336 hominum
1697 2278 1789 2334 sed
1836 2278 1934 2334 Dei
1979 2292 2141 2335 causa

559 2365 764 2430 existit,
794 2364 878 2420 cui
909 2379 1007 2434 pro
1037 2365 1336 2422 ministerio
1366 2368 1509 2436 quod
1546 2367 1800 2437 suscepit,
1825 2367 1879 2422 in
1932 2366 2140 2422 exami-

561 2455 649 2509 nis
687 2454 952 2509 tremendi
989 2454 1077 2511 die
1134 2454 1400 2510 rationem
1449 2455 1759 2512 redditurus
1785 2464 1887 2512 est.
1928 2456 1996 2511 Et
2022 2456 2143 2513 ideo

560 2549 773 2611 oportet
800 2548 860 2595 ut
899 2541 1050 2612 ipse,
1105 2541 1198 2612 qui
1245 2541 1417 2600 iudex
1464 2551 1548 2599 est
1583 2543 1866 2617 judieum,
1923 2560 2142 2600 causam

558 2646 854 2706 pauperum
876 2630 943 2686 ad
968 2645 1027 2688 se
1046 2628 1253 2700 ingredi
1280 2631 1462 2697 faciat,
1493 2640 1548 2688 et
1576 2631 1861 2703 diligenter
1881 2633 2137 2703 inquirat,

559 2737 628 2777 ne
658 2720 797 2775 forte
818 2719 894 2776 illi
915 2720 1006 2792 qui
1048 2722 1116 2777 ab
1144 2736 1208 2777 eo
1235 2720 1512 2778 constituti
1560 2729 1706 2789 sunt,
1734 2732 1790 2778 et
1807 2724 1982 2778 vicem
2026 2721 2143 2793 ejus

558 2825 720 2882 agere
742 2810 937 2866 debent
966 2810 1020 2865 in
1052 2811 1266 2882 pepulo,
1298 2809 1494 2883 injuste
1515 2819 1608 2867 aut
1633 2810 1967 2883 negligenter
2004 2827 2141 2887 pau-

558 2913 716 2972 peres
742 2899 1121 2971 oppressiones
1150 2910 1173 2939 ο
1203 2899 1312 2974 pati
1343 2901 1674 2971 permittant.

628 2991 705 3047 De
726 2993 1025 3049 ministerio
1049 3003 1231 3052 autem
1257 2995 1400 3065 regis
1427 2996 1502 3051 ita
1540 2993 1641 3051 Job
1669 2994 1905 3067 loquitur
1930 3010 1945 3050 :
1977 2994 2141 3053 Cum-

2228 1810 2539 1867 Eoclesiatu
2573 1805 2859 1878 potestatis
2891 1804 3099 1873 adepta:
3118 1800 3355 1858 culmina
3378 1806 3585 1862 tenent,
3616 1806 3677 1851 ut
3718 1811 3827 1867 per

2236 1901 2482 1957 eamdem
2519 1902 2841 1967 potestatem
2871 1892 3208 1961 disciplinam
3230 1887 3659 1945 ecclesiasticam
3698 1902 3831 1941 niu-

2237 1993 2408 2053 uiant.
2436 1990 2707 2047 Caeterum
2757 1988 2901 2042 intra
2935 1983 3233 2041 Ecelesiam
3287 1987 3586 2051 potestates
3632 1991 3831 2033 neces-

2239 2082 2396 2138 sariae
2425 2096 2532 2135 non
2557 2061 2796 2142 essent;
2816 2076 2921 2131 nisi
2959 2082 3021 2129 ut
3064 2071 3210 2143 quod
3262 2068 3523 2145 praevalet
3565 2067 3830 2124 sacerdos

2238 2173 2449 2230 edicere
2471 2187 2571 2242 per
2597 2169 2855 2225 doctrinm
2891 2177 3219 2229 sermonem,
3249 2169 3493 2233 potestas
3508 2160 3620 2225 hoc
3638 2159 3830 2228 iunpo-

2240 2273 2323 2321 ret
2343 2279 2442 2335 per
2463 2260 2760 2332 disciplina:
2785 2266 3071 2314 terrorem.
3103 2254 3258 2324 Stepe
3278 2267 3377 2323 per
3397 2265 3620 2322 regnum
3652 2259 3835 2315 terre-

2226 2372 2369 2413 'num
2397 2354 2616 2411 caeleste
2655 2366 2881 2423 regnum
2934 2348 3185 2421 prolicit;
3239 2353 3302 2407 ut
3329 2343 3420 2415 qui
3458 2343 3599 2399 intra
3626 2340 3821 2396 Eccle-

2241 2450 2378 2507 siam
2407 2447 2571 2519 positi
2624 2452 2812 2501 contra
2862 2443 3024 2498 ﬁdem
3080 2449 3138 2498 et
3180 2437 3518 2509 disciplinam
3562 2433 3835 2490 Ecclesim

2240 2548 2427 2611 agunt,
2456 2540 2636 2607 rigore
2669 2536 2971 2608 principum
2997 2539 3376 2594 conterantur;
3404 2529 3686 2599 ipsamque
3709 2526 3840 2581 dis-

2241 2630 2495 2701 ciplinam
2522 2643 2682 2701 quam
2718 2625 2974 2682 Ecclesia:
3008 2623 3216 2681 utilitas
3248 2633 3503 2675 exercere
3548 2632 3653 2672 non
3680 2630 3836 2685 praes,

2240 2722 2426 2787 valet,
2484 2717 2785 2776 cervicibus
2828 2715 3181 2786 superborum
3228 2716 3471 2781 potestas
3511 2705 3837 2778 principalis

2241 2814 2512 2884 imponat;
2562 2818 2619 2865 et
2668 2816 2730 2863 ut
2772 2804 3174 2862 venerationem
3203 2807 3515 2864 mereatur,
3564 2797 3835 2852 virtutem

2240 2909 2478 2975 potestas
2511 2897 2802 2971 impertiat.
2827 2894 3171 2967 Cognoscant
3207 2889 3481 2961 principes
3508 2884 3689 2943 sustuli
3714 2885 3838 2941 Deo

2242 3008 2302 3050 se
2329 2992 2524 3049 debere
2551 2989 2777 3045 reddere
2796 2985 3085 3048 rationem,
3100 2990 3322 3054 propter
3347 2976 3643 3034 Ecclesiam
3660 2988 3835 3044 quam

554 3094 656 3148 que
674 3078 904 3134 sederem
950 3082 1100 3152 quasi
1142 3098 1271 3147 rex,
1305 3064 1673 3138 circumstante
1703 3064 1964 3149 eaercitu,
2000 3102 2142 3139 eram
2169 3074 2215 3136 C
2245 3099 2276 3139 a
2313 3081 2530 3139 Christo
2556 3078 2809 3135 tuendam
2865 3072 3180 3144 suscipiunt.
3236 3064 3374 3125 Nam
3411 3067 3528 3124 sive
3564 3070 3839 3136 augeatur

559 3176 732 3221 tamen
777 3169 1103 3224 merentium
1142 3170 1458 3225 consolator.
1493 3172 1649 3228 Auris
1688 3174 1904 3229 audiens
1940 3173 2145 3247 beatiﬁ-

559 3255 711 3311 cabat
769 3271 893 3324 me,
939 3265 989 3313 et
1026 3258 1202 3313 oculos
1246 3260 1423 3315 videns
1484 3263 1835 3317 testimonium
1895 3262 2141 3325 reddebat

561 3346 711 3411 mihi,
743 3346 881 3417 quod
917 3345 1217 3403 liberassem
1242 3366 1519 3420 pauperem
1541 3352 1930 3421 vociferantem,
1958 3363 2004 3407 et
2049 3371 2147 3424 pu-

562 3431 747 3502 pillum
776 3435 861 3487 cui
887 3450 993 3489 non
1010 3445 1123 3489 erat
1151 3436 1386 3507 adjutor.
1416 3437 1719 3496 Benedictio
1752 3443 1971 3512 perituri
1992 3459 2146 3513 super

561 3538 645 3576 me
674 3524 926 3590 veniebat,
948 3533 998 3579 et
1023 3541 1115 3581 cor
1133 3526 1306 3582 vidua:
1332 3528 1631 3585 consolatus
1654 3548 1789 3586 sum.
1811 3532 2033 3588 Iustitia
2061 3536 2144 3599 in-

561 3615 718 3669 dutus
737 3632 873 3682 sum,
895 3627 947 3671 et
972 3619 1165 3673 vestivit
1188 3636 1270 3675 me
1288 3621 1420 3675 sicut
1453 3624 1750 3679 vestimento
1777 3635 1825 3679 et
1852 3626 2145 3682 diademate

560 3704 815 3774 judicium
848 3724 1038 3763 meum.
1066 3707 1267 3765 Oculus
1294 3710 1397 3781 fuit
1425 3730 1561 3768 ctrco
1585 3724 1633 3769 et
1681 3732 1772 3785 pes
1799 3716 2008 3772 claudo.
2037 3715 2145 3772 Pa-

563 3801 644 3847 ter
676 3810 820 3849 eram
840 3812 1147 3868 pauperum,
1177 3808 1225 3853 et
1249 3816 1465 3854 causam
1510 3819 1667 3873 quam
1697 3806 1985 3862 nesciebam
2023 3806 2144 3861 dili-

558 3886 860 3959 gentissime
888 3889 1281 3960 inuestigabam.
1310 3888 1649 3948 Conterebam
1684 3895 1850 3951 molas
1881 3897 2069 3968 iniqui,
2094 3906 2142 3952 et

563 3976 628 4029 de
652 3976 890 4032 dentibus
914 3977 1057 4033 illius
1079 3978 1381 4050 auferebam
1418 3982 1652 4050 prmdam
1682 3982 1824 4057 (Job.
1850 4000 1993 4051 χχιι,
2027 3984 2138 4057 14).

560 4065 865 4123 Salomon:
902 4063 1013 4124 Rea:
1051 4070 1141 4139 qui
1190 4070 1332 4125 sedet
1374 4072 1431 4126 in
1477 4071 1609 4127 solio
1644 4074 1838 4144 judicii
1865 4116 1881 4141 ,
1925 4075 2142 4144 dissipat

561 4174 716 4211 omne
743 4158 941 4213 malum
962 4159 1019 4213 in
1039 4158 1234 4216 intuitu
1255 4177 1351 4216 suo
1374 4160 1557 4234 (Prov.
1590 4180 1680 4231 xx,
1703 4164 1758 4236 8)
1812 4164 1944 4220 item
1971 4183 1984 4219 :
2016 4165 2140 4220 Dis-

563 4251 701 4321 sipat
725 4250 911 4317 impios
932 4266 1024 4304 rea:
1055 4251 1264 4320 sapiens
1284 4289 1303 4317 ,
1350 4260 1399 4305 et
1447 4248 1626 4307 curvat
1658 4270 1814 4324 super
1845 4270 1932 4309 eos
1978 4254 2143 4323 forni—

565 4357 674 4394 cem
698 4340 860 4409 (Ibid.
891 4358 939 4394 υ.
983 4339 1099 4410 26).
1149 4342 1281 4394 Item
1310 4359 1324 4394 :
1354 4341 1531 4397 ludes:
1568 4342 1595 4381 ιι
1631 4344 1839 4414 sapiens
1876 4344 2143 4414 judicabit

563 4432 811 4500 populum
845 4450 998 4488 suum
1026 4474 1042 4498 ,
1082 4443 1130 4488 et
1164 4436 1489 4505 principatus
1552 4438 1746 4491 sensati
1799 4437 1999 4492 stabilis
2039 4440 2138 4494 erit

567 4519 754 4589 (Eccli.
778 4538 832 4585 ιι,
862 4522 931 4593 1).
959 4522 1088 4578 Item
1120 4542 1132 4577 :
1167 4524 1278 4578 Rea:
1323 4525 1496 4593 justus
1538 4526 1688 4596 erigit
1737 4537 1954 4593 terram,
1984 4538 2032 4582 et
2063 4530 2141 4583 vir

564 4627 752 4665 avarus
772 4611 997 4667 destruit
1017 4630 1131 4668 eam
1158 4613 1343 4685 (Prov.
1376 4632 1530 4694 χχιιι,
1558 4616 1636 4687 4).
1663 4617 1720 4672 1η
1745 4617 1883 4673 libro
1913 4618 2140 4689 Sapien-

564 4700 652 4755 tiae
684 4719 696 4754 :
738 4702 951 4775 Diligite
976 4705 1239 4775 justitiam
1265 4707 1356 4777 qui
1395 4706 1651 4776 judicatis
1681 4718 1893 4762 terram.
1941 4706 2140 4763 Sentite

559 4788 628 4843 de
659 4788 880 4846 Domino
903 4793 957 4846 in
982 4793 1227 4860 bonitate,
1251 4803 1300 4848 et
1334 4795 1389 4849 in
1433 4794 1763 4866 simplicitate
1799 4797 1972 4852 cordis
1994 4815 2138 4869 quae-

562 4877 660 4932 rite
703 4877 852 4935 illum
877 4878 1026 4953 (Sap.
1057 4898 1096 4949 ι,
1126 4882 1199 4956 i).
1232 4883 1364 4939 Item
1389 4884 1463 4940 ibi
1494 4903 1507 4937 :
1546 4884 1735 4941 Audite
1776 4902 1918 4957 ergo,
1952 4903 2094 4957 reges
2114 4927 2130 4953 ,

556 4979 610 5026 et
636 4970 937 5043 intelligite;
981 4973 1192 5041 discite,
1241 4976 1447 5046 judices
1474 4975 1661 5045 ﬁnium
1688 4985 1861 5031 teme.
1898 4975 2135 5032 Prwbetc

632 5099 657 5127 α
700 5086 940 5157 Ipsorum
961 5089 1135 5143 etiam.
1166 5088 1291 5143 Haec
1314 5102 1482 5159 usque
1511 5088 1577 5143 ad
1600 5089 1823 5145 verbum
1853 5090 2010 5159 tueri,
2034 5090 2134 5144 ad-

558 5154 696 5225 iecta
723 5154 848 5210 Sunt
874 5171 904 5212 e
928 5159 1110 5214 codice
1148 5154 1447 5228 Aureliani,
1471 5175 1537 5213 ex
1560 5174 1667 5228 quo
1694 5159 1857 5213 etiam
1884 5158 2019 5212 infra
2042 5159 2137 5213 ad-

556 5227 792 5281 didimus
830 5229 1005 5296 inapia
1046 5228 1275 5294 defendi.
1306 5226 1502 5283 Statim
1545 5226 1634 5282 ille
1662 5228 1828 5281 codex
1875 5228 2036 5283 habet
2074 5238 2129 5282 ut

558 5296 761 5367 nullam
786 5296 1099 5366 injustitiam
1128 5296 1311 5364 faciat,
1342 5299 1485 5367 quod
1508 5313 1625 5367 (non
1654 5297 1916 5367 displicet.

634 5365 659 5444 ξ
704 5365 1043 5444 Nequaquam
1076 5365 1442 5444 incorreptu‘m.
1481 5366 1579 5421 Hic
1603 5365 1989 5444 etiant_codice
2017 5372 2127 5418 Au-

561 5432 752 5484 relian.
782 5432 864 5487 usi
898 5432 1145 5503 priorem
1188 5432 1476 5489 editionem
1521 5436 1951 5498 emendavimus;
2005 5450 2131 5488 nam

564 5511 718 5573 antea
742 5503 1036 5571 legebatur,
1062 5520 1223 5573 neque
1267 5505 1611 5558 incorrectum
1638 5520 1655 5556 :
1687 5506 1825 5559 idem
1855 5519 2008 5557 error
2051 5505 2132 5558 in-

565 5569 601 5621 f:
617 5587 641 5620 ιι
668 5569 827 5642 justo:
854 5569 1208 5640 correctionis,
1239 5575 1425 5628 eadem
1450 5589 1553 5642 ope
1571 5575 1813 5629 sublatus
1830 5582 1933 5627 est.

638 5653 657 5674 ι
704 5640 963 5709 Puuperes
998 5648 1368 5712 oppressioncs.
1413 5640 1584 5700 Att—tea
1619 5647 1821 5700 editum
1852 5653 1967 5698 erat
2000 5657 2133 5711 pau-

2243 3187 2347 3243 pax
2373 3179 2431 3226 et
2460 3168 2738 3239 disciplina
2764 3164 3016 3221 Ecclesiae
3044 3176 3141 3234 per
3164 3158 3350 3216 ﬁdeles
3375 3157 3669 3228 principes,
3708 3153 3839 3209 sive

2242 3263 2503 3327 solvatur,
2531 3260 2625 3316 ille
2667 3258 2744 3314 ab
2784 3256 2865 3312 eis
2908 3253 3173 3310 rationem
3216 3248 3432 3320 exiget,
3480 3245 3574 3302 oui
3628 3257 3833 3300 eorum

2241 3351 2495 3425 potestati
2521 3365 2674 3407 suam
2702 3345 3000 3403 Ecclesium
3027 3340 3276 3399 credidit.
3320 3357 3340 3390 ι

2315 3444 2458 3500 Sunt
2498 3451 2552 3497 et
2589 3440 2693 3496 alia
2722 3438 3005 3507 utriusque
3039 3430 3372 3489 Testamenti
3400 3425 3619 3483 oracula
3642 3426 3838 3497 eopio-

2243 3550 2322 3601 sa,
2352 3534 2547 3605 quibus
2581 3532 2598 3570 τ
2637 3530 2840 3586 affatim
2872 3527 3133 3583 astruitur
3158 3521 3301 3594 quod
3334 3536 3431 3575 rex
3461 3518 3832 3577 ministerium

2242 3639 2400 3679 suum
2447 3620 2550 3677 sibi
2602 3618 2953 3675 commissum
3006 3613 3299 3671 secundum
3352 3608 3683 3664 voluntatem
3729 3606 3831 3662 Del

2241 3727 2499 3770 exercere
2522 3720 2577 3768 et
2616 3709 2910 3780 adimplere
2954 3707 3133 3770 debet,
3167 3719 3286 3775 quae
3316 3701 3406 3758 hic
3434 3698 3506 3756 ob
3546 3697 3836 3770 prolixita‘

2244 3813 2351 3861 tem
2375 3803 2649 3876 vitandam
2677 3797 3188 3871 prmtermittuntur.

2866 3902 3095 3964 CAPUT
3145 3905 3211 3961 γ.

2242 4009 2320 4063 De
2343 4004 2573 4077 periculo
2617 4004 2751 4074 regis
2770 4043 2785 4068 ,
2820 4010 2869 4056 et
2893 3999 3033 4071 quod
3058 3998 3407 4077 bene‘agentes
3454 4008 3791 4074 remunerare
3809 4033 3829 4056 .

2313 4063 2448 4130 male
2473 4090 2592 4129 vero
2622 4063 2827 4143 agentes
2852 4063 2951 4143 sua
2970 4063 3284 4143 auctoritate
3304 4063 3667 4143 comprimere,
3688 4079 3828 4116 cau-

2310 4160 2522 4215 samque
2550 4133 2839 4214 pauperum
2866 4139 2936 4193 ad
2961 4155 3016 4193 se
3043 4135 3246 4207 ingredi
3280 4133 3459 4188 debeat
3484 4133 3676 4203 facere.

2308 4257 2391 4314 Ad
2418 4264 2699 4328 peccatum
2735 4254 2879 4322 regis
2901 4251 3155 4324 pertinet,
3184 4248 3399 4320 quando
3416 4245 3690 4316 iudicibus
3720 4246 3827 4301 mi-

2242 4350 2530 4419 nisu-isque
2553 4346 2752 4417 iniquis
2774 4341 3132 4399 ministerium
3157 4355 3312 4395 suum
3326 4336 3649 4408 implendum
3671 4352 3834 4392 com-

2242 4440 2428 4504 mittit,
2455 4452 2631 4507 neque
2655 4436 2797 4491 enim
2828 4432 3187 4490 ministerium
3222 4446 3379 4486 suum
3404 4444 3501 4499 per
3530 4427 3667 4482 alios
3697 4437 3830 4483 tan—

2242 4535 2351 4585 tum
2377 4527 2773 4588 administrare,
2803 4532 2858 4578 et
2891 4537 2950 4577 se
2986 4522 3055 4579 ab
3105 4537 3172 4577 eo
3209 4521 3370 4575 debet
3408 4518 3664 4574 alienare.
3699 4517 3827 4577 Non

2236 4634 2366 4689 ergo
2393 4617 2621 4672 dicimus
2647 4614 2881 4670 ut'solus
2924 4613 3100 4684 jurgia
3135 4621 3192 4668 et
3218 4608 3584 4681 querimonias
3624 4609 3821 4680 populi

2241 4709 2424 4764 audiat
2451 4715 2507 4762 et
2526 4705 2827 4776 investiget.
2853 4714 2909 4758 et
2936 4701 3173 4765 deﬁniat,
3196 4699 3451 4781 quoniam
3475 4711 3833 4766 nequaquam

2239 4802 2305 4857 ad
2329 4802 2447 4857 hzec
2471 4798 2714 4855 sullicere
2738 4805 2942 4869 potest;
2997 4795 3090 4851 sed
3117 4793 3287 4864 magis
3331 4798 3392 4845 ut
3436 4787 3572 4843 tales
3623 4788 3730 4843 sub
3759 4805 3831 4845 se

2236 4894 2506 4954 timentes,
2535 4899 2589 4946 et
2621 4889 2904 4943 avaritiam
2937 4887 3184 4941 odientes
3225 4881 3535 4943 constituat,
3557 4894 3655 4950 per
3680 4894 3830 4948 quos

2236 4982 2436 5053 Regem
2466 4995 2648 5052 regum
2689 4994 2794 5033 non
2822 4975 3076 5032 oli‘endat.
3132 4972 3327 5041 Quales
3379 4977 3561 5026 autem
3604 4969 3825 5023 consti-

2236 5103 2448 5173 perum:
2473 5087 2614 5173 inira
2634 5086 2774 5173 quod
2800 5084 3044 5173 exﬂiibro
3072 5082 3173 5137 Job
3197 5076 3508 5173 lli-igvides,
3534 5074 3827 5131 desinebat

2238 5150 2293 5214 in
2331 5159 2435 5213 illis
2467 5150 3000 5212 verbis'mmrentium
3034 5150 3347 5205 consolator.

2308 5228 2334 5267 ἀ
2379 5212 2599 5295 Sapiens
2618 5224 2969 5295 judicabit.in
2999 5221 3185 5295 codice
3209 5216 3483 5272 Aurelian.
3504 5212 3821 5295 vindicabit,

2235 5298 2379 5366 quod
2404 5286 2469 5351 eo
2501 5286 2677 5350 minus
2701 5302 2787 5349 est
2822 5291 3272 5366 contemnendum
3281 5326 3304 5366 ι,
3349 5301 3466 5366 quo_
3483 5286 3654 5366 magis
3681 5297 3825 5338 eon-

2236 5354 2343 5421 stat
2364 5381 2428 5420 ex
2458 5373 2635 5419 mente
2662 5363 2899 5418 auctoris
2918 5362 2992 5415 ita
3020 5374 3141 5413 eum
3167 5354 3406 5412 scribere
3434 5354 3709 5409 debuisse.

2311 5448 2335 5476 θ
2371 5435 2585 5497 lsidor.,
2611 5433 2701 5487 lib.
2744 5448 2804 5489 ιιι
2832 5431 3100 5492 Sentent.,
3130 5442 3250 5496 cap.
3281 5426 3368 5497 51.

2313 5505 2333 5543 ί
2374 5489 2590 5574 A/futim
2619 5502 2892 5574 astruitur.
2949 5500 3004 5552 In
3050 5489 3236 5574 codice
3276 5493 3573 5574 Aureliam,
3607 5489 3827 5574 affatim

2238 5564 2547 5627 instrniinur
2568 5588 2586 5625 :
2614 5581 2792 5625 utrum
2823 5568 2988 5632 legas,
3012 5565 3232 5634 perinde
3251 5573 3351 5622 cst.
3379 5564 3624 5633 Sequens
3656 5568 3831 5629 caput

2242 5644 2296 5697 iu
2321 5644 2536 5698 laudato
2563 5643 2748 5696 codice
2777 5653 2884 5694 non
2906 5648 3102 5696 exstat.
