  <div class='ocr_page' id='page_1' title='image "/cluster/home/n/w/nwhite01/storage/ocr_20150623/106/hvd.32044054759717/152.png"; bbox 0 0 4030 6190; ppageno 0'>
   <div class='ocr_carea' id='block_1_1' title="bbox 240 294 337 349">
    <p class='ocr_par' dir='ltr' id='par_1_1' title="bbox 240 294 337 349">
     <span class='ocr_line' id='line_1_1' title="bbox 240 294 337 349; baseline -0.021 1"><span class='ocrx_word' id='word_1_1' title='bbox 240 294 337 349; x_wconf 73' lang='lat'><strong><em>293</em></strong></span> 
     </span>
    </p>
   </div>
   <div class='ocr_carea' id='block_1_2' title="bbox 239 392 1870 468">
    <p class='ocr_par' dir='ltr' id='par_1_2' title="bbox 239 392 1870 468">
     <span class='ocr_line' id='line_1_2' title="bbox 239 392 1870 468; baseline -0.01 -7"><span class='ocrx_word' id='word_1_2' title='bbox 239 405 409 462; x_wconf 79' lang='lat' dir='ltr'><strong><em>tuendi</em></strong></span> <span class='ocrx_word' id='word_1_3' title='bbox 434 403 585 468; x_wconf 80' lang='lat' dir='ltr'><strong><em>sint,</em></strong></span> <span class='ocrx_word' id='word_1_4' title='bbox 632 400 770 456; x_wconf 80' lang='lat' dir='ltr'><strong><em>liber</em></strong></span> <span class='ocrx_word' id='word_1_5' title='bbox 808 399 1208 454; x_wconf 87' lang='lat' dir='ltr'><strong><em>Dentcronomii</em></strong></span> <span class='ocrx_word' id='word_1_6' title='bbox 1258 395 1544 452; x_wconf 85' lang='lat' dir='ltr'><strong><em>manifeste</em></strong></span> <span class='ocrx_word' id='word_1_7' title='bbox 1570 395 1796 448; x_wconf 85' lang='lat' dir='ltr'><strong><em>dcmon-</em></strong></span> <span class='ocrx_word' id='word_1_8' title='bbox 1825 392 1870 451; x_wconf 80' lang='grc' dir='ltr'>Α</span> 
     </span>
    </p>
   </div>
   <div class='ocr_carea' id='block_1_3' title="bbox 238 485 1794 562">
    <p class='ocr_par' dir='ltr' id='par_1_3' title="bbox 238 485 1794 562">
     <span class='ocr_line' id='line_1_3' title="bbox 238 485 1794 562; baseline -0.012 -9"><span class='ocrx_word' id='word_1_9' title='bbox 238 506 386 559; x_wconf 67' lang='grc' dir='ltr'>ιιι-ιιι,</span> <span class='ocrx_word' id='word_1_10' title='bbox 412 495 465 548; x_wconf 78' lang='lat' dir='ltr'><strong><em>in</em></strong></span> <span class='ocrx_word' id='word_1_11' title='bbox 490 507 598 562; x_wconf 88' lang='lat' dir='ltr'><strong><em>quo</em></strong></span> <span class='ocrx_word' id='word_1_12' title='bbox 620 491 718 560; x_wconf 61' lang='lat' dir='ltr'><strong><em>legi</em></strong></span> <span class='ocrx_word' id='word_1_13' title='bbox 727 500 815 544; x_wconf 84' lang='lat' dir='ltr'><strong><em>tur</em></strong></span> <span class='ocrx_word' id='word_1_14' title='bbox 837 508 852 545; x_wconf 91' lang='lat'><strong>:</strong></span> <span class='ocrx_word' id='word_1_15' title='bbox 880 489 1098 543; x_wconf 72' lang='lat' dir='ltr'><strong><em>Iudices</em></strong></span> <span class='ocrx_word' id='word_1_16' title='bbox 1122 499 1170 543; x_wconf 86' lang='lat' dir='ltr'><strong><em>et</em></strong></span> <span class='ocrx_word' id='word_1_17' title='bbox 1196 488 1470 557; x_wconf 78' lang='lat' dir='ltr'><strong><em>magistros</em></strong></span> <span class='ocrx_word' id='word_1_18' title='bbox 1513 485 1794 539; x_wconf 88' lang='lat' dir='ltr'><strong><em>constitues</em></strong></span> 
     </span>
    </p>
   </div>
   <div class='ocr_carea' id='block_1_4' title="bbox 239 574 1795 653">
    <p class='ocr_par' dir='ltr' id='par_1_4' title="bbox 239 574 1795 653">
     <span class='ocr_line' id='line_1_4' title="bbox 239 574 1795 653; baseline -0.009 -12"><span class='ocrx_word' id='word_1_19' title='bbox 239 590 287 641; x_wconf 83' lang='lat' dir='ltr'><strong><em>in</em></strong></span> <span class='ocrx_word' id='word_1_20' title='bbox 304 585 534 641; x_wconf 82' lang='lat' dir='ltr'><strong><em>omnibus</em></strong></span> <span class='ocrx_word' id='word_1_21' title='bbox 553 583 718 653; x_wconf 79' lang='lat' dir='ltr'><strong><em>portis</em></strong></span> <span class='ocrx_word' id='word_1_22' title='bbox 740 581 864 645; x_wconf 90' lang='lat' dir='ltr'><strong><em>tuis,</em></strong></span> <span class='ocrx_word' id='word_1_23' title='bbox 887 596 1018 650; x_wconf 89' lang='lat' dir='ltr'><strong><em>quas</em></strong></span> <span class='ocrx_word' id='word_1_24' title='bbox 1039 579 1296 634; x_wconf 87' lang='lat' dir='ltr'><strong><em>Dominus</em></strong></span> <span class='ocrx_word' id='word_1_25' title='bbox 1320 578 1462 631; x_wconf 89' lang='lat' dir='ltr'><strong><em>Deus</em></strong></span> <span class='ocrx_word' id='word_1_26' title='bbox 1490 586 1610 629; x_wconf 81' lang='lat' dir='ltr'><strong><em>tuus</em></strong></span> <span class='ocrx_word' id='word_1_27' title='bbox 1634 574 1795 628; x_wconf 88' lang='lat' dir='ltr'><strong><em>dede-</em></strong></span> 
     </span>
    </p>
   </div>
   <div class='ocr_carea' id='block_1_5' title="bbox 239 666 1797 742">
    <p class='ocr_par' dir='ltr' id='par_1_5' title="bbox 239 666 1797 742">
     <span class='ocr_line' id='line_1_5' title="bbox 239 666 1797 742; baseline -0.008 -14"><span class='ocrx_word' id='word_1_28' title='bbox 239 677 299 735; x_wconf 86' lang='lat' dir='ltr'><strong><em>rit</em></strong></span> <span class='ocrx_word' id='word_1_29' title='bbox 322 674 411 727; x_wconf 86' lang='lat' dir='ltr'><strong><em>tibi</em></strong></span> <span class='ocrx_word' id='word_1_30' title='bbox 422 713 439 736; x_wconf 87' lang='lat'><strong><em>,</em></strong></span> <span class='ocrx_word' id='word_1_31' title='bbox 481 688 574 742; x_wconf 87' lang='lat' dir='ltr'><strong><em>per</em></strong></span> <span class='ocrx_word' id='word_1_32' title='bbox 605 669 839 739; x_wconf 83' lang='lat' dir='ltr'><strong><em>singulas</em></strong></span> <span class='ocrx_word' id='word_1_33' title='bbox 860 669 1023 723; x_wconf 86' lang='lat' dir='ltr'><strong><em>tribus</em></strong></span> <span class='ocrx_word' id='word_1_34' title='bbox 1055 677 1213 733; x_wconf 89' lang='lat' dir='ltr'><strong><em>tuas;</em></strong></span> <span class='ocrx_word' id='word_1_35' title='bbox 1259 676 1314 721; x_wconf 88' lang='lat' dir='ltr'><strong><em>ut</em></strong></span> <span class='ocrx_word' id='word_1_36' title='bbox 1353 666 1591 736; x_wconf 73' lang='lat' dir='ltr'><strong><em>judicent</em></strong></span> <span class='ocrx_word' id='word_1_37' title='bbox 1631 680 1797 734; x_wconf 79' lang='lat' dir='ltr'><strong><em>popu—</em></strong></span> 
     </span>
    </p>
   </div>
   <div class='ocr_carea' id='block_1_6' title="bbox 243 755 1797 833">
    <p class='ocr_par' dir='ltr' id='par_1_6' title="bbox 243 755 1797 833">
     <span class='ocr_line' id='line_1_6' title="bbox 243 755 1797 833; baseline -0.006 -15"><span class='ocrx_word' id='word_1_38' title='bbox 243 766 339 818; x_wconf 80' lang='lat' dir='ltr'><strong><em>lum</em></strong></span> <span class='ocrx_word' id='word_1_39' title='bbox 373 764 518 833; x_wconf 84' lang='lat' dir='ltr'><strong><em>justo</em></strong></span> <span class='ocrx_word' id='word_1_40' title='bbox 560 762 800 832; x_wconf 85' lang='lat' dir='ltr'><strong><em>judicio,</em></strong></span> <span class='ocrx_word' id='word_1_41' title='bbox 834 777 927 815; x_wconf 90' lang='lat' dir='ltr'><strong><em>nec</em></strong></span> <span class='ocrx_word' id='word_1_42' title='bbox 951 760 1006 813; x_wconf 91' lang='lat' dir='ltr'><strong><em>in</em></strong></span> <span class='ocrx_word' id='word_1_43' title='bbox 1034 758 1256 813; x_wconf 87' lang='lat' dir='ltr'><strong><em>alteram</em></strong></span> <span class='ocrx_word' id='word_1_44' title='bbox 1297 767 1499 828; x_wconf 86' lang='lat' dir='ltr'><strong><em>partem</em></strong></span> <span class='ocrx_word' id='word_1_45' title='bbox 1539 755 1797 811; x_wconf 73' lang='lat' dir='ltr'><strong><em>declinent</em></strong></span> 
     </span>
    </p>
   </div>
   <div class='ocr_carea' id='block_1_7' title="bbox 245 845 1798 925">
    <p class='ocr_par' dir='ltr' id='par_1_7' title="bbox 245 845 1798 925">
     <span class='ocr_line' id='line_1_7' title="bbox 245 845 1798 925; baseline -0.006 -17"><span class='ocrx_word' id='word_1_46' title='bbox 245 855 405 925; x_wconf 85' lang='lat' dir='ltr'><strong><em>(Deut.</em></strong></span> <span class='ocrx_word' id='word_1_47' title='bbox 440 869 550 917; x_wconf 71' lang='grc' dir='ltr'>ιη,</span> <span class='ocrx_word' id='word_1_48' title='bbox 593 851 703 924; x_wconf 71' lang='grc'><strong><em>18).</em></strong></span> <span class='ocrx_word' id='word_1_49' title='bbox 753 851 886 905; x_wconf 82' lang='lat' dir='ltr'><strong><em>Item</em></strong></span> <span class='ocrx_word' id='word_1_50' title='bbox 940 850 1123 904; x_wconf 89' lang='lat' dir='ltr'><strong><em>idem:</em></strong></span> <span class='ocrx_word' id='word_1_51' title='bbox 1155 848 1382 919; x_wconf 72' lang='lat' dir='ltr'><strong><em>Dixique</em></strong></span> <span class='ocrx_word' id='word_1_52' title='bbox 1413 846 1556 901; x_wconf 90' lang='lat' dir='ltr'><strong><em>vobis</em></strong></span> <span class='ocrx_word' id='word_1_53' title='bbox 1610 845 1703 899; x_wconf 90' lang='lat' dir='ltr'><strong><em>illo</em></strong></span> <span class='ocrx_word' id='word_1_54' title='bbox 1742 847 1798 899; x_wconf 89' lang='lat' dir='ltr'><strong><em>in</em></strong></span> 
     </span>
    </p>
   </div>
   <div class='ocr_carea' id='block_1_8' title="bbox 244 936 1796 1013">
    <p class='ocr_par' dir='ltr' id='par_1_8' title="bbox 244 936 1796 1013">
     <span class='ocr_line' id='line_1_8' title="bbox 244 936 1796 1013; baseline -0.006 -16"><span class='ocrx_word' id='word_1_55' title='bbox 244 955 487 1013; x_wconf 77' lang='lat' dir='ltr'><strong><em>tempore:</em></strong></span> <span class='ocrx_word' id='word_1_56' title='bbox 520 942 643 996; x_wconf 84' lang='lat' dir='ltr'><strong><em>Non</em></strong></span> <span class='ocrx_word' id='word_1_57' title='bbox 655 957 873 1011; x_wconf 86' lang='lat' dir='ltr'><strong><em>possum</em></strong></span> <span class='ocrx_word' id='word_1_58' title='bbox 890 939 1032 994; x_wconf 87' lang='lat' dir='ltr'><strong><em>solus</em></strong></span> <span class='ocrx_word' id='word_1_59' title='bbox 1076 940 1331 993; x_wconf 87' lang='lat' dir='ltr'><strong><em>sustinere</em></strong></span> <span class='ocrx_word' id='word_1_60' title='bbox 1376 953 1495 1002; x_wconf 86' lang='lat' dir='ltr'><strong><em>vos;</em></strong></span> <span class='ocrx_word' id='word_1_61' title='bbox 1522 939 1649 1007; x_wconf 97' lang='lat' dir='ltr'><strong><em>quia</em></strong></span> <span class='ocrx_word' id='word_1_62' title='bbox 1695 936 1796 989; x_wconf 87' lang='lat' dir='ltr'><strong><em>Do-</em></strong></span> 
     </span>
    </p>
   </div>
   <div class='ocr_carea' id='block_1_9' title="bbox 247 1026 1799 1099">
    <p class='ocr_par' dir='ltr' id='par_1_9' title="bbox 247 1026 1799 1099">
     <span class='ocr_line' id='line_1_9' title="bbox 247 1026 1799 1099; baseline -0.006 -11"><span class='ocrx_word' id='word_1_63' title='bbox 247 1038 397 1088; x_wconf 79' lang='lat' dir='ltr'><strong><em>minus</em></strong></span> <span class='ocrx_word' id='word_1_64' title='bbox 429 1033 567 1087; x_wconf 88' lang='lat' dir='ltr'><strong><em>Deus</em></strong></span> <span class='ocrx_word' id='word_1_65' title='bbox 590 1042 754 1086; x_wconf 86' lang='lat' dir='ltr'><strong><em>vester</em></strong></span> <span class='ocrx_word' id='word_1_66' title='bbox 781 1030 1143 1099; x_wconf 71' lang='lat' dir='ltr'><strong><em>multiplicauit</em></strong></span> <span class='ocrx_word' id='word_1_67' title='bbox 1169 1044 1276 1094; x_wconf 83' lang='lat' dir='ltr'><strong><em>vos,</em></strong></span> <span class='ocrx_word' id='word_1_68' title='bbox 1300 1039 1348 1082; x_wconf 90' lang='lat' dir='ltr'><strong><em>et</em></strong></span> <span class='ocrx_word' id='word_1_69' title='bbox 1386 1029 1509 1082; x_wconf 88' lang='lat' dir='ltr'><strong><em>estis</em></strong></span> <span class='ocrx_word' id='word_1_70' title='bbox 1543 1027 1698 1081; x_wconf 82' lang='lat' dir='ltr'><strong><em>hodie</em></strong></span> <span class='ocrx_word' id='word_1_71' title='bbox 1727 1026 1799 1080; x_wconf 84' lang='lat' dir='ltr'><strong><em>si—</em></strong></span> 
     </span>
    </p>
   </div>
   <div class='ocr_carea' id='block_1_10' title="bbox 193 1119 1796 1192">
    <p class='ocr_par' dir='ltr' id='par_1_10' title="bbox 193 1119 1796 1192">
     <span class='ocr_line' id='line_1_10' title="bbox 193 1119 1796 1192; baseline -0.006 -12"><span class='ocrx_word' id='word_1_72' title='bbox 193 1134 209 1156; x_wconf 87' lang='lat'><strong><em>‘</em></strong></span> <span class='ocrx_word' id='word_1_73' title='bbox 247 1137 316 1180; x_wconf 78' lang='lat' dir='ltr'><strong><em>cut</em></strong></span> <span class='ocrx_word' id='word_1_74' title='bbox 339 1125 501 1180; x_wconf 81' lang='lat' dir='ltr'><strong><em>stella:</em></strong></span> <span class='ocrx_word' id='word_1_75' title='bbox 528 1124 675 1188; x_wconf 69' lang='lat' dir='ltr'><strong><em>coeli,</em></strong></span> <span class='ocrx_word' id='word_1_76' title='bbox 714 1122 945 1192; x_wconf 77' lang='lat' dir='ltr'><strong><em>plurimi.</em></strong></span> <span class='ocrx_word' id='word_1_77' title='bbox 971 1121 1248 1192; x_wconf 87' lang='lat' dir='ltr'><strong><em>(Dominus</em></strong></span> <span class='ocrx_word' id='word_1_78' title='bbox 1284 1119 1421 1174; x_wconf 86' lang='lat' dir='ltr'><strong><em>Deus</em></strong></span> <span class='ocrx_word' id='word_1_79' title='bbox 1458 1128 1668 1189; x_wconf 88' lang='lat' dir='ltr'><strong><em>patrum</em></strong></span> <span class='ocrx_word' id='word_1_80' title='bbox 1710 1135 1796 1172; x_wconf 83' lang='lat' dir='ltr'><strong><em>ve-</em></strong></span> 
     </span>
    </p>
   </div>
   <div class='ocr_carea' id='block_1_11' title="bbox 245 1207 1796 1274">
    <p class='ocr_par' dir='ltr' id='par_1_11' title="bbox 245 1207 1796 1274">
     <span class='ocr_line' id='line_1_11' title="bbox 245 1207 1796 1274; baseline -0.005 -5"><span class='ocrx_word' id='word_1_81' title='bbox 245 1228 452 1269; x_wconf 82' lang='lat' dir='ltr'><strong><em>strarum</em></strong></span> <span class='ocrx_word' id='word_1_82' title='bbox 478 1213 640 1266; x_wconf 85' lang='lat' dir='ltr'><strong><em>addat</em></strong></span> <span class='ocrx_word' id='word_1_83' title='bbox 665 1213 736 1265; x_wconf 88' lang='lat' dir='ltr'><strong><em>ad</em></strong></span> <span class='ocrx_word' id='word_1_84' title='bbox 758 1212 898 1265; x_wconf 78' lang='lat' dir='ltr'><strong><em>[tunc</em></strong></span> <span class='ocrx_word' id='word_1_85' title='bbox 920 1227 1191 1265; x_wconf 75' lang='lat' dir='ltr'><strong><em>numerum</em></strong></span> <span class='ocrx_word' id='word_1_86' title='bbox 1228 1208 1394 1264; x_wconf 83' lang='lat' dir='ltr'><strong><em>multa</em></strong></span> <span class='ocrx_word' id='word_1_87' title='bbox 1414 1207 1604 1274; x_wconf 86' lang='lat' dir='ltr'><strong><em>millia,</em></strong></span> <span class='ocrx_word' id='word_1_88' title='bbox 1630 1218 1677 1262; x_wconf 88' lang='lat' dir='ltr'><strong><em>et</em></strong></span> <span class='ocrx_word' id='word_1_89' title='bbox 1709 1208 1796 1261; x_wconf 87' lang='lat' dir='ltr'><strong><em>be-</em></strong></span> 
     </span>
    </p>
   </div>
   <div class='ocr_carea' id='block_1_12' title="bbox 246 1292 1798 1368">
    <p class='ocr_par' dir='ltr' id='par_1_12' title="bbox 246 1292 1798 1368">
     <span class='ocr_line' id='line_1_12' title="bbox 246 1292 1798 1368; baseline -0.005 -10"><span class='ocrx_word' id='word_1_90' title='bbox 246 1292 432 1358; x_wconf 72' lang='lat' dir='ltr'><strong><em>medical</em></strong></span> <span class='ocrx_word' id='word_1_91' title='bbox 447 1305 586 1357; x_wconf 81' lang='lat' dir='ltr'><strong><em>vobis</em></strong></span> <span class='ocrx_word' id='word_1_92' title='bbox 605 1304 736 1356; x_wconf 86' lang='lat' dir='ltr'><strong><em>sicut</em></strong></span> <span class='ocrx_word' id='word_1_93' title='bbox 760 1300 966 1355; x_wconf 89' lang='lat' dir='ltr'><strong><em>locutus</em></strong></span> <span class='ocrx_word' id='word_1_94' title='bbox 993 1300 1091 1368; x_wconf 89' lang='lat' dir='ltr'><strong><em>est)</em></strong></span> <span class='ocrx_word' id='word_1_95' title='bbox 1120 1315 1223 1353; x_wconf 88' lang='lat' dir='ltr'><strong><em>non</em></strong></span> <span class='ocrx_word' id='word_1_96' title='bbox 1247 1297 1395 1353; x_wconf 90' lang='lat' dir='ltr'><strong><em>valeo</em></strong></span> <span class='ocrx_word' id='word_1_97' title='bbox 1422 1297 1566 1352; x_wconf 90' lang='lat' dir='ltr'><strong><em>solus</em></strong></span> <span class='ocrx_word' id='word_1_98' title='bbox 1594 1298 1798 1367; x_wconf 85' lang='lat' dir='ltr'><strong><em>negotia</em></strong></span> 
     </span>
    </p>
   </div>
   <div class='ocr_carea' id='block_1_13' title="bbox 245 1388 1800 1461">
    <p class='ocr_par' dir='ltr' id='par_1_13' title="bbox 245 1388 1800 1461">
     <span class='ocr_line' id='line_1_13' title="bbox 245 1388 1800 1461; baseline -0.005 -13"><span class='ocrx_word' id='word_1_99' title='bbox 245 1406 393 1448; x_wconf 74' lang='lat' dir='ltr'><strong><em>vestra</em></strong></span> <span class='ocrx_word' id='word_1_100' title='bbox 409 1393 663 1448; x_wconf 81' lang='lat' dir='ltr'><strong><em>sustinere</em></strong></span> <span class='ocrx_word' id='word_1_101' title='bbox 673 1403 721 1446; x_wconf 90' lang='lat' dir='ltr'><strong><em>et</em></strong></span> <span class='ocrx_word' id='word_1_102' title='bbox 735 1392 939 1461; x_wconf 88' lang='lat' dir='ltr'><strong><em>pondus</em></strong></span> <span class='ocrx_word' id='word_1_103' title='bbox 961 1407 1024 1444; x_wconf 90' lang='lat' dir='ltr'><strong><em>ac</em></strong></span> <span class='ocrx_word' id='word_1_104' title='bbox 1038 1391 1243 1460; x_wconf 89' lang='lat' dir='ltr'><strong><em>jurgia.</em></strong></span> <span class='ocrx_word' id='word_1_105' title='bbox 1260 1388 1396 1444; x_wconf 90' lang='lat' dir='ltr'><strong><em>Date</em></strong></span> <span class='ocrx_word' id='word_1_106' title='bbox 1415 1404 1480 1443; x_wconf 77' lang='lat' dir='ltr'><strong><em>ea:</em></strong></span> <span class='ocrx_word' id='word_1_107' title='bbox 1499 1388 1642 1442; x_wconf 83' lang='lat' dir='ltr'><strong><em>vobis</em></strong></span> <span class='ocrx_word' id='word_1_108' title='bbox 1664 1388 1800 1442; x_wconf 87' lang='lat' dir='ltr'><strong><em>viros</em></strong></span> 
     </span>
    </p>
   </div>
   <div class='ocr_carea' id='block_1_14' title="bbox 242 1476 1801 1555">
    <p class='ocr_par' dir='ltr' id='par_1_14' title="bbox 242 1476 1801 1555">
     <span class='ocr_line' id='line_1_14' title="bbox 242 1476 1801 1555; baseline -0.006 -17"><span class='ocrx_word' id='word_1_109' title='bbox 242 1485 483 1555; x_wconf 73' lang='lat' dir='ltr'><strong><em>sapientes</em></strong></span> <span class='ocrx_word' id='word_1_110' title='bbox 515 1490 566 1536; x_wconf 90' lang='lat' dir='ltr'><strong><em>et</em></strong></span> <span class='ocrx_word' id='word_1_111' title='bbox 591 1497 802 1552; x_wconf 76' lang='lat' dir='ltr'><strong><em>gnaros,</em></strong></span> <span class='ocrx_word' id='word_1_112' title='bbox 824 1490 871 1535; x_wconf 89' lang='lat' dir='ltr'><strong><em>et</em></strong></span> <span class='ocrx_word' id='word_1_113' title='bbox 890 1492 1112 1550; x_wconf 87' lang='lat' dir='ltr'><strong><em>quorum</em></strong></span> <span class='ocrx_word' id='word_1_114' title='bbox 1146 1478 1465 1532; x_wconf 87' lang='lat' dir='ltr'><strong><em>conversatio</em></strong></span> <span class='ocrx_word' id='word_1_115' title='bbox 1493 1478 1560 1530; x_wconf 87' lang='lat' dir='ltr'><strong><em>sit</em></strong></span> <span class='ocrx_word' id='word_1_116' title='bbox 1580 1476 1801 1546; x_wconf 82' lang='lat' dir='ltr'><strong><em>probata</em></strong></span> 
     </span>
    </p>
   </div>
   <div class='ocr_carea' id='block_1_15' title="bbox 242 1566 1801 1641">
    <p class='ocr_par' dir='ltr' id='par_1_15' title="bbox 242 1566 1801 1641">
     <span class='ocr_line' id='line_1_15' title="bbox 242 1566 1801 1641; baseline -0.004 -14"><span class='ocrx_word' id='word_1_117' title='bbox 242 1577 289 1628; x_wconf 86' lang='lat' dir='ltr'><strong><em>in</em></strong></span> <span class='ocrx_word' id='word_1_118' title='bbox 314 1573 547 1627; x_wconf 83' lang='lat' dir='ltr'><strong><em>tribubus</em></strong></span> <span class='ocrx_word' id='word_1_119' title='bbox 569 1571 750 1626; x_wconf 86' lang='lat' dir='ltr'><strong><em>vestris</em></strong></span> <span class='ocrx_word' id='word_1_120' title='bbox 772 1569 953 1640; x_wconf 87' lang='lat' dir='ltr'><strong><em>(Deut.</em></strong></span> <span class='ocrx_word' id='word_1_121' title='bbox 977 1586 1018 1634; x_wconf 82' lang='grc' dir='ltr'>ι,</span> <span class='ocrx_word' id='word_1_122' title='bbox 1060 1567 1137 1641; x_wconf 89' lang='grc'><strong><em>9).</em></strong></span> <span class='ocrx_word' id='word_1_123' title='bbox 1168 1566 1310 1623; x_wconf 81' lang='lat' dir='ltr'><strong><em>Job:</em></strong></span> <span class='ocrx_word' id='word_1_124' title='bbox 1350 1566 1577 1632; x_wconf 78' lang='lat' dir='ltr'><strong><em>Quando</em></strong></span> <span class='ocrx_word' id='word_1_125' title='bbox 1618 1582 1801 1636; x_wconf 83' lang='lat' dir='ltr'><strong><em>proce-</em></strong></span> 
     </span>
    </p>
   </div>
   <div class='ocr_carea' id='block_1_16' title="bbox 241 1658 1800 1734">
    <p class='ocr_par' dir='ltr' id='par_1_16' title="bbox 241 1658 1800 1734">
     <span class='ocr_line' id='line_1_16' title="bbox 241 1658 1800 1734; baseline -0.004 -15"><span class='ocrx_word' id='word_1_126' title='bbox 241 1667 413 1719; x_wconf 77' lang='lat' dir='ltr'><strong><em>debam</em></strong></span> <span class='ocrx_word' id='word_1_127' title='bbox 445 1665 515 1718; x_wconf 89' lang='lat' dir='ltr'><strong><em>ad</em></strong></span> <span class='ocrx_word' id='word_1_128' title='bbox 547 1672 753 1734; x_wconf 78' lang='lat' dir='ltr'><strong><em>portam</em></strong></span> <span class='ocrx_word' id='word_1_129' title='bbox 795 1662 1049 1727; x_wconf 76' lang='lat' dir='ltr'><strong><em>civitatis,</em></strong></span> <span class='ocrx_word' id='word_1_130' title='bbox 1114 1670 1164 1714; x_wconf 88' lang='lat' dir='ltr'><strong><em>et</em></strong></span> <span class='ocrx_word' id='word_1_131' title='bbox 1213 1661 1270 1714; x_wconf 86' lang='lat' dir='ltr'><strong><em>in</em></strong></span> <span class='ocrx_word' id='word_1_132' title='bbox 1315 1658 1491 1729; x_wconf 85' lang='lat' dir='ltr'><strong><em>platea</em></strong></span> <span class='ocrx_word' id='word_1_133' title='bbox 1543 1659 1800 1729; x_wconf 86' lang='lat' dir='ltr'><strong><em>parabant</em></strong></span> 
     </span>
    </p>
   </div>
   <div class='ocr_carea' id='block_1_17' title="bbox 1031 280 2651 343">
    <p class='ocr_par' dir='ltr' id='par_1_17' title="bbox 1031 280 2651 343">
     <span class='ocr_line' id='line_1_17' title="bbox 1031 280 2651 343; baseline -0.003 -1"><span class='ocrx_word' id='word_1_134' title='bbox 1031 286 1120 342; x_wconf 87' lang='lat' dir='ltr'><strong><em>DE</em></strong></span> <span class='ocrx_word' id='word_1_135' title='bbox 1153 282 1636 343; x_wconf 67' lang='lat' dir='ltr'><strong><em>lNSTI’l‘UTIONE</em></strong></span> <span class='ocrx_word' id='word_1_136' title='bbox 1672 280 1875 335; x_wconf 74' lang='lat' dir='ltr'><strong>REGIA</strong></span> <span class='ocrx_word' id='word_1_137' title='bbox 1912 281 2005 334; x_wconf 78' lang='lat' dir='ltr'><strong><em>AD</em></strong></span> <span class='ocrx_word' id='word_1_138' title='bbox 2041 280 2360 335; x_wconf 68' lang='lat' dir='ltr'><strong><em>Pll‘l’lNUM</em></strong></span> <span class='ocrx_word' id='word_1_139' title='bbox 2396 280 2651 338; x_wconf 75' lang='lat' dir='ltr'><strong><em>REGEM.</em></strong></span> 
     </span>
    </p>
   </div>
   <div class='ocr_carea' id='block_1_18' title="bbox 2022 388 3391 453">
    <p class='ocr_par' dir='ltr' id='par_1_18' title="bbox 2022 388 3391 453">
     <span class='ocr_line' id='line_1_18' title="bbox 2022 388 3391 453; baseline 0 -16"><span class='ocrx_word' id='word_1_140' title='bbox 2022 388 2230 439; x_wconf 76' lang='lat' dir='ltr'><strong><em>Parcere</em></strong></span> <span class='ocrx_word' id='word_1_141' title='bbox 2264 388 2515 450; x_wconf 76' lang='lat' dir='ltr'><strong><em>subjectis,</em></strong></span> <span class='ocrx_word' id='word_1_142' title='bbox 2536 396 2589 438; x_wconf 91' lang='lat' dir='ltr'><strong><em>et</em></strong></span> <span class='ocrx_word' id='word_1_143' title='bbox 2612 388 2865 442; x_wconf 75' lang='lat' dir='ltr'><strong><em>debellare</em></strong></span> <span class='ocrx_word' id='word_1_144' title='bbox 2886 391 3124 453; x_wconf 82' lang='lat' dir='ltr'><strong><em>superbos</em></strong></span> <span class='ocrx_word' id='word_1_145' title='bbox 3146 390 3194 442; x_wconf 71' lang='grc' dir='ltr'><strong><em>ιδ.</em></strong></span> <span class='ocrx_word' id='word_1_146' title='bbox 3212 407 3238 436; x_wconf 78' lang='lat' dir='ltr'><strong><em>s</em></strong></span> <span class='ocrx_word' id='word_1_147' title='bbox 3388 398 3391 401; x_wconf 74' lang='lat'><strong><em>&#39;</em></strong></span> 
     </span>
    </p>
   </div>
   <div class='ocr_carea' id='block_1_19' title="bbox 1896 478 3470 554">
    <p class='ocr_par' dir='ltr' id='par_1_19' title="bbox 1896 478 3470 554">
     <span class='ocr_line' id='line_1_19' title="bbox 1896 478 3470 554; baseline 0.006 -23"><span class='ocrx_word' id='word_1_148' title='bbox 1896 478 2048 546; x_wconf 85' lang='lat' dir='ltr'><strong><em>Quod</em></strong></span> <span class='ocrx_word' id='word_1_149' title='bbox 2079 480 2293 549; x_wconf 81' lang='lat' dir='ltr'><strong><em>quando</em></strong></span> <span class='ocrx_word' id='word_1_150' title='bbox 2338 480 2487 549; x_wconf 85' lang='lat' dir='ltr'><strong><em>pravi</em></strong></span> <span class='ocrx_word' id='word_1_151' title='bbox 2527 478 2739 547; x_wconf 87' lang='lat' dir='ltr'><strong><em>judices</em></strong></span> <span class='ocrx_word' id='word_1_152' title='bbox 2790 483 2987 552; x_wconf 87' lang='lat' dir='ltr'><strong><em>populo</em></strong></span> <span class='ocrx_word' id='word_1_153' title='bbox 3034 483 3128 538; x_wconf 88' lang='lat' dir='ltr'><strong><em>Dei</em></strong></span> <span class='ocrx_word' id='word_1_154' title='bbox 3177 484 3470 554; x_wconf 74' lang='lat' dir='ltr'><strong><em>pricl&#39;erun-</em></strong></span> 
     </span>
    </p>
   </div>
   <div class='ocr_carea' id='block_1_20' title="bbox 1898 568 3468 641">
    <p class='ocr_par' dir='ltr' id='par_1_20' title="bbox 1898 568 3468 641">
     <span class='ocr_line' id='line_1_20' title="bbox 1898 568 3468 641; baseline 0.006 -20"><span class='ocrx_word' id='word_1_155' title='bbox 1898 577 2005 632; x_wconf 85' lang='lat' dir='ltr'><strong><em>tur,</em></strong></span> <span class='ocrx_word' id='word_1_156' title='bbox 2031 568 2099 623; x_wconf 88' lang='lat' dir='ltr'><strong><em>ad</em></strong></span> <span class='ocrx_word' id='word_1_157' title='bbox 2121 568 2373 623; x_wconf 76' lang='lat' dir='ltr'><strong><em>delictum</em></strong></span> <span class='ocrx_word' id='word_1_158' title='bbox 2401 568 2541 623; x_wconf 90' lang='lat' dir='ltr'><strong><em>illius</em></strong></span> <span class='ocrx_word' id='word_1_159' title='bbox 2572 570 2838 637; x_wconf 76' lang='lat' dir='ltr'><strong><em>pertineat</em></strong></span> <span class='ocrx_word' id='word_1_160' title='bbox 2864 586 2894 625; x_wconf 70' lang='grc' dir='ltr'>ει</span> <span class='ocrx_word' id='word_1_161' title='bbox 2911 587 3018 641; x_wconf 89' lang='lat' dir='ltr'><strong><em>quo</em></strong></span> <span class='ocrx_word' id='word_1_162' title='bbox 3043 575 3468 641; x_wconf 87' lang='lat' dir='ltr'><strong><em>constituuntur,</em></strong></span> 
     </span>
    </p>
   </div>
   <div class='ocr_carea' id='block_1_21' title="bbox 1897 657 3471 729">
    <p class='ocr_par' dir='ltr' id='par_1_21' title="bbox 1897 657 3471 729">
     <span class='ocr_line' id='line_1_21' title="bbox 1897 657 3471 729; baseline 0.004 -16"><span class='ocrx_word' id='word_1_163' title='bbox 1897 659 2039 713; x_wconf 88' lang='lat' dir='ltr'><strong><em>dicta</em></strong></span> <span class='ocrx_word' id='word_1_164' title='bbox 2087 657 2273 713; x_wconf 77' lang='lat' dir='ltr'><strong><em>[sideri</em></strong></span> <span class='ocrx_word' id='word_1_165' title='bbox 2319 657 2687 723; x_wconf 80' lang='lat' dir='ltr'><strong><em>manifestam,</em></strong></span> <span class='ocrx_word' id='word_1_166' title='bbox 2719 661 2916 729; x_wconf 86' lang='lat' dir='ltr'><strong><em>quibus</em></strong></span> <span class='ocrx_word' id='word_1_167' title='bbox 2964 663 3125 718; x_wconf 76' lang='lat' dir='ltr'><strong><em>ait°:</em></strong></span> <span class='ocrx_word' id='word_1_168' title='bbox 3160 683 3178 715; x_wconf 86' lang='grc'><em>‹</em></span> <span class='ocrx_word' id='word_1_169' title='bbox 3221 665 3304 720; x_wconf 80' lang='lat' dir='ltr'><strong><em>Ad</em></strong></span> <span class='ocrx_word' id='word_1_170' title='bbox 3337 665 3471 720; x_wconf 83' lang='lat' dir='ltr'><strong><em>deli—</em></strong></span> 
     </span>
    </p>
   </div>
   <div class='ocr_carea' id='block_1_22' title="bbox 1895 748 3470 819">
    <p class='ocr_par' dir='ltr' id='par_1_22' title="bbox 1895 748 3470 819">
     <span class='ocr_line' id='line_1_22' title="bbox 1895 748 3470 819; baseline 0.004 -16"><span class='ocrx_word' id='word_1_171' title='bbox 1895 756 2041 803; x_wconf 85' lang='lat' dir='ltr'><strong><em>etum</em></strong></span> <span class='ocrx_word' id='word_1_172' title='bbox 2093 748 2327 816; x_wconf 88' lang='lat' dir='ltr'><strong><em>pertinet</em></strong></span> <span class='ocrx_word' id='word_1_173' title='bbox 2361 748 2682 818; x_wconf 88' lang='lat' dir='ltr'><strong><em>principum,</em></strong></span> <span class='ocrx_word' id='word_1_174' title='bbox 2714 749 2805 818; x_wconf 88' lang='lat' dir='ltr'><strong><em>qui</em></strong></span> <span class='ocrx_word' id='word_1_175' title='bbox 2847 765 3040 818; x_wconf 86' lang='lat' dir='ltr'><strong><em>pravos</em></strong></span> <span class='ocrx_word' id='word_1_176' title='bbox 3081 749 3296 819; x_wconf 88' lang='lat' dir='ltr'><strong><em>judices</em></strong></span> <span class='ocrx_word' id='word_1_177' title='bbox 3338 768 3470 808; x_wconf 83' lang='lat' dir='ltr'><strong><em>con-</em></strong></span> 
     </span>
    </p>
   </div>
   <div class='ocr_carea' id='block_1_23' title="bbox 1898 837 3466 909">
    <p class='ocr_par' dir='ltr' id='par_1_23' title="bbox 1898 837 3466 909">
     <span class='ocr_line' id='line_1_23' title="bbox 1898 837 3466 909; baseline 0.004 -19"><span class='ocrx_word' id='word_1_178' title='bbox 1898 846 1980 892; x_wconf 86' lang='lat' dir='ltr'><strong><em>tra</em></strong></span> <span class='ocrx_word' id='word_1_179' title='bbox 2006 837 2335 892; x_wconf 84' lang='lat' dir='ltr'><strong><em>voluntatem</em></strong></span> <span class='ocrx_word' id='word_1_180' title='bbox 2365 837 2455 891; x_wconf 86' lang='lat' dir='ltr'><strong><em>Dei</em></strong></span> <span class='ocrx_word' id='word_1_181' title='bbox 2483 838 2694 907; x_wconf 87' lang='lat' dir='ltr'><strong><em>populis</em></strong></span> <span class='ocrx_word' id='word_1_182' title='bbox 2728 838 2975 894; x_wconf 81' lang='lat' dir='ltr'><strong><em>ﬁdelibus</em></strong></span> <span class='ocrx_word' id='word_1_183' title='bbox 2990 839 3299 909; x_wconf 64' lang='lat' dir='ltr'><strong><em>praeferunt.</em></strong></span> <span class='ocrx_word' id='word_1_184' title='bbox 3333 842 3466 897; x_wconf 89' lang='lat' dir='ltr'><strong><em>Nam</em></strong></span> 
     </span>
    </p>
   </div>
   <div class='ocr_carea' id='block_1_24' title="bbox 1898 928 3467 1003">
    <p class='ocr_par' dir='ltr' id='par_1_24' title="bbox 1898 928 3467 1003">
     <span class='ocr_line' id='line_1_24' title="bbox 1898 928 3467 1003; baseline 0.003 -20"><span class='ocrx_word' id='word_1_185' title='bbox 1898 929 2038 984; x_wconf 87' lang='lat' dir='ltr'><strong><em>sicut</em></strong></span> <span class='ocrx_word' id='word_1_186' title='bbox 2090 928 2268 998; x_wconf 83' lang='lat' dir='ltr'><strong><em>populi</em></strong></span> <span class='ocrx_word' id='word_1_187' title='bbox 2311 929 2566 984; x_wconf 87' lang='lat' dir='ltr'><strong><em>delictum</em></strong></span> <span class='ocrx_word' id='word_1_188' title='bbox 2617 938 2720 993; x_wconf 89' lang='lat' dir='ltr'><strong><em>est,</em></strong></span> <span class='ocrx_word' id='word_1_189' title='bbox 2777 932 2990 999; x_wconf 79' lang='lat' dir='ltr'><strong><em>quando</em></strong></span> <span class='ocrx_word' id='word_1_190' title='bbox 3023 932 3295 1003; x_wconf 83' lang='lat' dir='ltr'><strong><em>principes</em></strong></span> <span class='ocrx_word' id='word_1_191' title='bbox 3341 934 3467 988; x_wconf 88' lang='lat' dir='ltr'><strong><em>mali</em></strong></span> 
     </span>
    </p>
   </div>
   <div class='ocr_carea' id='block_1_25' title="bbox 1898 1020 3471 1094">
    <p class='ocr_par' dir='ltr' id='par_1_25' title="bbox 1898 1020 3471 1094">
     <span class='ocr_line' id='line_1_25' title="bbox 1898 1020 3471 1094; baseline 0.004 -20"><span class='ocrx_word' id='word_1_192' title='bbox 1898 1030 2060 1083; x_wconf 81' lang='lat' dir='ltr'><strong><em>sunt;</em></strong></span> <span class='ocrx_word' id='word_1_193' title='bbox 2095 1021 2175 1076; x_wconf 88' lang='lat' dir='ltr'><strong><em>sic</em></strong></span> <span class='ocrx_word' id='word_1_194' title='bbox 2229 1020 2487 1091; x_wconf 84' lang='lat' dir='ltr'><strong><em>principis</em></strong></span> <span class='ocrx_word' id='word_1_195' title='bbox 2537 1029 2621 1075; x_wconf 90' lang='lat' dir='ltr'><strong><em>est</em></strong></span> <span class='ocrx_word' id='word_1_196' title='bbox 2665 1030 2967 1090; x_wconf 82' lang='lat' dir='ltr'><strong><em>peccatum,</em></strong></span> <span class='ocrx_word' id='word_1_197' title='bbox 3017 1024 3230 1091; x_wconf 84' lang='lat' dir='ltr'><strong><em>quando</em></strong></span> <span class='ocrx_word' id='word_1_198' title='bbox 3260 1025 3471 1094; x_wconf 86' lang='lat' dir='ltr'><strong><em>judices</em></strong></span> 
     </span>
    </p>
   </div>
   <div class='ocr_carea' id='block_1_26' title="bbox 1898 1108 3471 1179">
    <p class='ocr_par' dir='ltr' id='par_1_26' title="bbox 1898 1108 3471 1179">
     <span class='ocr_line' id='line_1_26' title="bbox 1898 1108 3471 1179; baseline 0.002 -15"><span class='ocrx_word' id='word_1_199' title='bbox 1898 1110 2067 1179; x_wconf 85' lang='lat' dir='ltr'><strong><em>iniqui</em></strong></span> <span class='ocrx_word' id='word_1_200' title='bbox 2120 1109 2378 1164; x_wconf 74' lang='lat' dir='ltr'><strong><em>existunt.</em></strong></span> <span class='ocrx_word' id='word_1_201' title='bbox 2438 1108 2619 1165; x_wconf 88' lang='lat' dir='ltr'><strong><em>Bonus</em></strong></span> <span class='ocrx_word' id='word_1_202' title='bbox 2669 1109 2833 1179; x_wconf 76' lang='lat' dir='ltr'><strong><em>juilex</em></strong></span> <span class='ocrx_word' id='word_1_203' title='bbox 2870 1110 3009 1164; x_wconf 86' lang='lat' dir='ltr'><strong><em>sicut</em></strong></span> <span class='ocrx_word' id='word_1_204' title='bbox 3041 1110 3247 1165; x_wconf 79' lang='lat' dir='ltr'><strong><em>civibus</em></strong></span> <span class='ocrx_word' id='word_1_205' title='bbox 3276 1127 3471 1166; x_wconf 86' lang='lat' dir='ltr'><strong><em>nocere</em></strong></span> 
     </span>
    </p>
   </div>
   <div class='ocr_carea' id='block_1_27' title="bbox 1900 1198 3472 1272">
    <p class='ocr_par' dir='ltr' id='par_1_27' title="bbox 1900 1198 3472 1272">
     <span class='ocr_line' id='line_1_27' title="bbox 1900 1198 3472 1272; baseline 0.002 -18"><span class='ocrx_word' id='word_1_206' title='bbox 1900 1198 2092 1262; x_wconf 79' lang='lat' dir='ltr'><strong><em>nescit,</em></strong></span> <span class='ocrx_word' id='word_1_207' title='bbox 2117 1198 2187 1252; x_wconf 90' lang='lat' dir='ltr'><strong><em>ita</em></strong></span> <span class='ocrx_word' id='word_1_208' title='bbox 2216 1200 2473 1268; x_wconf 77' lang='lat' dir='ltr'><strong><em>prodesse</em></strong></span> <span class='ocrx_word' id='word_1_209' title='bbox 2502 1198 2754 1254; x_wconf 88' lang='lat' dir='ltr'><strong><em>omnibus</em></strong></span> <span class='ocrx_word' id='word_1_210' title='bbox 2804 1202 2974 1255; x_wconf 85' lang='lat' dir='ltr'><strong><em>novit.</em></strong></span> <span class='ocrx_word' id='word_1_211' title='bbox 3009 1200 3157 1255; x_wconf 82' lang='lat' dir='ltr'><strong><em>Alios</em></strong></span> <span class='ocrx_word' id='word_1_212' title='bbox 3184 1216 3313 1256; x_wconf 85' lang='lat' dir='ltr'><strong><em>vero</em></strong></span> <span class='ocrx_word' id='word_1_213' title='bbox 3335 1219 3472 1272; x_wconf 65' lang='lat' dir='ltr'><strong><em>prae-</em></strong></span> 
     </span>
    </p>
   </div>
   <div class='ocr_carea' id='block_1_28' title="bbox 1899 1284 3474 1358">
    <p class='ocr_par' dir='ltr' id='par_1_28' title="bbox 1899 1284 3474 1358">
     <span class='ocr_line' id='line_1_28' title="bbox 1899 1284 3474 1358; baseline 0.003 -18"><span class='ocrx_word' id='word_1_214' title='bbox 1899 1294 2007 1340; x_wconf 90' lang='lat' dir='ltr'><strong><em>stat</em></strong></span> <span class='ocrx_word' id='word_1_215' title='bbox 2027 1284 2513 1352; x_wconf 70' lang='lat' dir='ltr'><strong><em>censurajustitiie,</em></strong></span> <span class='ocrx_word' id='word_1_216' title='bbox 2547 1287 2680 1341; x_wconf 90' lang='lat' dir='ltr'><strong><em>alios</em></strong></span> <span class='ocrx_word' id='word_1_217' title='bbox 2706 1286 2944 1343; x_wconf 83' lang='lat' dir='ltr'><strong><em>bonitate</em></strong></span> <span class='ocrx_word' id='word_1_218' title='bbox 2964 1288 3150 1358; x_wconf 74' lang='lat' dir='ltr'><strong><em>iudicii</em></strong></span> <span class='ocrx_word' id='word_1_219' title='bbox 3198 1290 3315 1344; x_wconf 85' lang='lat' dir='ltr'><strong><em>sine</em></strong></span> <span class='ocrx_word' id='word_1_220' title='bbox 3358 1305 3474 1358; x_wconf 87' lang='lat' dir='ltr'><strong><em>per-</em></strong></span> 
     </span>
    </p>
   </div>
   <div class='ocr_carea' id='block_1_29' title="bbox 1900 1376 3471 1450">
    <p class='ocr_par' dir='ltr' id='par_1_29' title="bbox 1900 1376 3471 1450">
     <span class='ocr_line' id='line_1_29' title="bbox 1900 1376 3471 1450; baseline 0.003 -19"><span class='ocrx_word' id='word_1_221' title='bbox 1900 1391 2156 1431; x_wconf 85' lang='lat' dir='ltr'><strong><em>sonarum</em></strong></span> <span class='ocrx_word' id='word_1_222' title='bbox 2193 1376 2505 1446; x_wconf 87' lang='lat' dir='ltr'><strong><em>acceptione</em></strong></span> <span class='ocrx_word' id='word_1_223' title='bbox 2532 1376 2756 1447; x_wconf 87' lang='lat' dir='ltr'><strong><em>suscipi.</em></strong></span> <span class='ocrx_word' id='word_1_224' title='bbox 2801 1376 2917 1431; x_wconf 86' lang='lat' dir='ltr'><strong><em>Non</em></strong></span> <span class='ocrx_word' id='word_1_225' title='bbox 2946 1378 3184 1435; x_wconf 86' lang='lat' dir='ltr'><strong><em>infirmat</em></strong></span> <span class='ocrx_word' id='word_1_226' title='bbox 3206 1380 3471 1450; x_wconf 81' lang='lat' dir='ltr'><strong><em>justitiam</em></strong></span> 
     </span>
    </p>
   </div>
   <div class='ocr_carea' id='block_1_30' title="bbox 1901 1464 3477 1539">
    <p class='ocr_par' dir='ltr' id='par_1_30' title="bbox 1901 1464 3477 1539">
     <span class='ocr_line' id='line_1_30' title="bbox 1901 1464 3477 1539; baseline 0.003 -19"><span class='ocrx_word' id='word_1_227' title='bbox 1901 1464 2141 1520; x_wconf 78' lang='lat' dir='ltr'><strong><em>avaritiae</em></strong></span> <span class='ocrx_word' id='word_1_228' title='bbox 2183 1464 2417 1530; x_wconf 82' lang='lat' dir='ltr'><strong><em>ﬂamma,</em></strong></span> <span class='ocrx_word' id='word_1_229' title='bbox 2448 1481 2548 1521; x_wconf 87' lang='lat' dir='ltr'><strong><em>nec</em></strong></span> <span class='ocrx_word' id='word_1_230' title='bbox 2581 1468 2759 1523; x_wconf 85' lang='lat' dir='ltr'><strong><em>studet</em></strong></span> <span class='ocrx_word' id='word_1_231' title='bbox 2788 1467 3001 1523; x_wconf 88' lang='lat' dir='ltr'><strong><em>auferre</em></strong></span> <span class='ocrx_word' id='word_1_232' title='bbox 3030 1469 3187 1524; x_wconf 87' lang='lat' dir='ltr'><strong><em>alteri</em></strong></span> <span class='ocrx_word' id='word_1_233' title='bbox 3215 1472 3356 1539; x_wconf 80' lang='lat' dir='ltr'><strong><em>quod</em></strong></span> <span class='ocrx_word' id='word_1_234' title='bbox 3382 1486 3477 1524; x_wconf 87' lang='lat' dir='ltr'><strong><em>cu-</em></strong></span> 
     </span>
    </p>
   </div>
   <div class='ocr_carea' id='block_1_31' title="bbox 1901 1555 3475 1625">
    <p class='ocr_par' dir='ltr' id='par_1_31' title="bbox 1901 1555 3475 1625">
     <span class='ocr_line' id='line_1_31' title="bbox 1901 1555 3475 1625; baseline 0.002 -16"><span class='ocrx_word' id='word_1_235' title='bbox 1901 1556 2014 1623; x_wconf 89' lang='lat' dir='ltr'><strong><em>piat</em></strong></span> <span class='ocrx_word' id='word_1_236' title='bbox 2047 1555 2171 1611; x_wconf 84' lang='lat' dir='ltr'><strong><em>sibi.</em></strong></span> <span class='ocrx_word' id='word_1_237' title='bbox 2202 1555 2331 1609; x_wconf 89' lang='lat' dir='ltr'><strong><em>Boni</em></strong></span> <span class='ocrx_word' id='word_1_238' title='bbox 2363 1555 2573 1625; x_wconf 89' lang='lat' dir='ltr'><strong><em>judices</em></strong></span> <span class='ocrx_word' id='word_1_239' title='bbox 2600 1555 2872 1624; x_wconf 83' lang='lat' dir='ltr'><strong><em>justitiam</em></strong></span> <span class='ocrx_word' id='word_1_240' title='bbox 2908 1557 2978 1610; x_wconf 87' lang='lat' dir='ltr'><strong><em>ad</em></strong></span> <span class='ocrx_word' id='word_1_241' title='bbox 3027 1557 3196 1612; x_wconf 88' lang='lat' dir='ltr'><strong><em>solam</em></strong></span> <span class='ocrx_word' id='word_1_242' title='bbox 3226 1558 3475 1613; x_wconf 86' lang='lat' dir='ltr'><strong><em>obtinen-</em></strong></span> 
     </span>
    </p>
   </div>
   <div class='ocr_carea' id='block_1_32' title="bbox 1904 1643 3477 1712">
    <p class='ocr_par' dir='ltr' id='par_1_32' title="bbox 1904 1643 3477 1712">
     <span class='ocr_line' id='line_1_32' title="bbox 1904 1643 3477 1712; baseline 0.001 -14"><span class='ocrx_word' id='word_1_243' title='bbox 1904 1644 2030 1698; x_wconf 88' lang='lat' dir='ltr'><strong><em>dam</em></strong></span> <span class='ocrx_word' id='word_1_244' title='bbox 2081 1643 2311 1698; x_wconf 82' lang='lat' dir='ltr'><strong><em>salutem</em></strong></span> <span class='ocrx_word' id='word_1_245' title='bbox 2363 1652 2626 1699; x_wconf 76' lang='lat' dir='ltr'><strong><em>icternam</em></strong></span> <span class='ocrx_word' id='word_1_246' title='bbox 2656 1643 2979 1712; x_wconf 88' lang='lat' dir='ltr'><strong><em>suscipiunt,</em></strong></span> <span class='ocrx_word' id='word_1_247' title='bbox 3017 1658 3118 1699; x_wconf 89' lang='lat' dir='ltr'><strong><em>nec</em></strong></span> <span class='ocrx_word' id='word_1_248' title='bbox 3143 1659 3263 1700; x_wconf 86' lang='lat' dir='ltr'><strong><em>eam</em></strong></span> <span class='ocrx_word' id='word_1_249' title='bbox 3290 1660 3477 1700; x_wconf 84' lang='lat' dir='ltr'><strong><em>mune-</em></strong></span> 
     </span>
    </p>
   </div>
   <div class='ocr_carea' id='block_1_33' title="bbox 243 1733 1823 1818">
    <p class='ocr_par' dir='ltr' id='par_1_33' title="bbox 243 1733 1805 1818">
     <span class='ocr_line' id='line_1_33' title="bbox 243 1733 1805 1818; baseline -0.004 -10"><span class='ocrx_word' id='word_1_250' title='bbox 243 1754 527 1808; x_wconf 81' lang='lat' dir='ltr'><strong><em>cathedram</em></strong></span> <span class='ocrx_word' id='word_1_251' title='bbox 550 1733 704 1805; x_wconf 70' lang='lat' dir='ltr'><strong><em>milii.</em></strong></span> <span class='ocrx_word' id='word_1_252' title='bbox 757 1748 1009 1804; x_wconf 80' lang='lat' dir='ltr'><strong><em>Videbunt</em></strong></span> <span class='ocrx_word' id='word_1_253' title='bbox 1037 1763 1119 1804; x_wconf 86' lang='lat' dir='ltr'><strong><em>me</em></strong></span> <span class='ocrx_word' id='word_1_254' title='bbox 1149 1748 1362 1818; x_wconf 80' lang='lat' dir='ltr'><strong><em>juvenes</em></strong></span> <span class='ocrx_word' id='word_1_255' title='bbox 1378 1787 1394 1812; x_wconf 92' lang='lat'><strong><em>,</em></strong></span> <span class='ocrx_word' id='word_1_256' title='bbox 1441 1756 1489 1801; x_wconf 87' lang='lat' dir='ltr'><strong><em>et</em></strong></span> <span class='ocrx_word' id='word_1_257' title='bbox 1518 1746 1805 1802; x_wconf 79' lang='lat' dir='ltr'><strong><em>absconde—</em></strong></span> 
     </span>
    </p>
   </div>
   <div class='ocr_carea' id='block_1_34' title="bbox 1906 1733 3477 1818">
    <p class='ocr_par' dir='ltr' id='par_1_34' title="bbox 1906 1733 3477 1804">
     <span class='ocr_line' id='line_1_34' title="bbox 1906 1733 3477 1804; baseline 0.003 -17"><span class='ocrx_word' id='word_1_258' title='bbox 1906 1734 2056 1789; x_wconf 91' lang='lat' dir='ltr'><strong><em>ribus</em></strong></span> <span class='ocrx_word' id='word_1_259' title='bbox 2083 1736 2318 1803; x_wconf 88' lang='lat' dir='ltr'><strong><em>acceptis</em></strong></span> <span class='ocrx_word' id='word_1_260' title='bbox 2354 1734 2719 1800; x_wconf 88' lang='lat' dir='ltr'><strong><em>distribuunt;</em></strong></span> <span class='ocrx_word' id='word_1_261' title='bbox 2753 1741 2814 1788; x_wconf 96' lang='grc' dir='ltr'><strong><em>ιιι</em></strong></span> <span class='ocrx_word' id='word_1_262' title='bbox 2840 1734 2967 1789; x_wconf 89' lang='lat' dir='ltr'><strong><em>dum</em></strong></span> <span class='ocrx_word' id='word_1_263' title='bbox 3018 1734 3086 1790; x_wconf 88' lang='lat' dir='ltr'><strong><em>de</em></strong></span> <span class='ocrx_word' id='word_1_264' title='bbox 3108 1733 3477 1804; x_wconf 62' lang='lat' dir='ltr'><strong><em>justoq&#39;udicio</em></strong></span> 
     </span>
    </p>
   </div>
   <div class='ocr_carea' id='block_1_35' title="bbox 244 1837 1803 1911">
    <p class='ocr_par' dir='ltr' id='par_1_35' title="bbox 244 1837 1803 1911">
     <span class='ocr_line' id='line_1_35' title="bbox 244 1837 1803 1911; baseline -0.005 -12"><span class='ocrx_word' id='word_1_265' title='bbox 244 1847 450 1908; x_wconf 77' lang='lat' dir='ltr'><strong><em>bantur;</em></strong></span> <span class='ocrx_word' id='word_1_266' title='bbox 469 1855 519 1899; x_wconf 88' lang='lat' dir='ltr'><strong><em>et</em></strong></span> <span class='ocrx_word' id='word_1_267' title='bbox 546 1859 695 1898; x_wconf 86' lang='lat' dir='ltr'><strong><em>senes</em></strong></span> <span class='ocrx_word' id='word_1_268' title='bbox 714 1852 1040 1911; x_wconf 76' lang='lat' dir='ltr'><strong><em>assurgentes</em></strong></span> <span class='ocrx_word' id='word_1_269' title='bbox 1066 1839 1293 1894; x_wconf 75' lang='lat' dir='ltr'><strong><em>stabant.</em></strong></span> <span class='ocrx_word' id='word_1_270' title='bbox 1324 1837 1596 1908; x_wconf 83' lang='lat' dir='ltr'><strong><em>Principes</em></strong></span> <span class='ocrx_word' id='word_1_271' title='bbox 1632 1853 1803 1893; x_wconf 85' lang='lat' dir='ltr'><strong><em>cessa-</em></strong></span> 
     </span>
    </p>
   </div>
   <div class='ocr_carea' id='block_1_36' title="bbox 243 1928 1797 2006">
    <p class='ocr_par' dir='ltr' id='par_1_36' title="bbox 243 1928 1797 2006">
     <span class='ocr_line' id='line_1_36' title="bbox 243 1928 1797 2006; baseline -0.005 -15"><span class='ocrx_word' id='word_1_272' title='bbox 243 1936 351 1991; x_wconf 79' lang='lat' dir='ltr'><strong><em>bant</em></strong></span> <span class='ocrx_word' id='word_1_273' title='bbox 396 1934 573 2006; x_wconf 80' lang='lat' dir='ltr'><strong><em>loqui,</em></strong></span> <span class='ocrx_word' id='word_1_274' title='bbox 620 1942 669 1989; x_wconf 80' lang='lat' dir='ltr'><strong><em>et</em></strong></span> <span class='ocrx_word' id='word_1_275' title='bbox 701 1928 1112 2002; x_wconf 81' lang='lat' dir='ltr'><strong><em>superponebaut</em></strong></span> <span class='ocrx_word' id='word_1_276' title='bbox 1156 1929 1378 1999; x_wconf 85' lang='lat' dir='ltr'><strong><em>digitum</em></strong></span> <span class='ocrx_word' id='word_1_277' title='bbox 1424 1928 1505 1982; x_wconf 90' lang='lat' dir='ltr'><strong><em>ori</em></strong></span> <span class='ocrx_word' id='word_1_278' title='bbox 1533 1944 1627 1983; x_wconf 88' lang='lat' dir='ltr'><strong><em>suo</em></strong></span> <span class='ocrx_word' id='word_1_279' title='bbox 1656 1928 1797 2000; x_wconf 85' lang='lat' dir='ltr'><strong><em>(Job.</em></strong></span> 
     </span>
    </p>
   </div>
   <div class='ocr_carea' id='block_1_37' title="bbox 248 2024 513 2099">
    <p class='ocr_par' dir='ltr' id='par_1_37' title="bbox 248 2024 513 2099">
     <span class='ocr_line' id='line_1_37' title="bbox 248 2024 513 2099; baseline -0.008 -15"><span class='ocrx_word' id='word_1_280' title='bbox 248 2042 383 2089; x_wconf 81' lang='lat' dir='ltr'><strong><em>xxix,</em></strong></span> <span class='ocrx_word' id='word_1_281' title='bbox 416 2024 447 2075; x_wconf 86' lang='lat'><strong>7</strong></span> <span class='ocrx_word' id='word_1_282' title='bbox 468 2028 513 2099; x_wconf 92' lang='lat'><strong><em>).</em></strong></span> 
     </span>
    </p>
   </div>
   <div class='ocr_carea' id='block_1_38' title="bbox 300 2108 1801 2187">
    <p class='ocr_par' dir='ltr' id='par_1_38' title="bbox 300 2108 1801 2187">
     <span class='ocr_line' id='line_1_38' title="bbox 300 2108 1801 2187; baseline -0.007 -16"><span class='ocrx_word' id='word_1_283' title='bbox 300 2118 427 2171; x_wconf 87' lang='lat' dir='ltr'><strong><em>Cum</em></strong></span> <span class='ocrx_word' id='word_1_284' title='bbox 456 2117 657 2187; x_wconf 82' lang='lat' dir='ltr'><strong><em>quibus</em></strong></span> <span class='ocrx_word' id='word_1_285' title='bbox 684 2116 849 2172; x_wconf 87' lang='lat' dir='ltr'><strong><em>etiam</em></strong></span> <span class='ocrx_word' id='word_1_286' title='bbox 884 2130 979 2172; x_wconf 88' lang='lat' dir='ltr'><strong><em>rex</em></strong></span> <span class='ocrx_word' id='word_1_287' title='bbox 1006 2113 1216 2185; x_wconf 87' lang='lat' dir='ltr'><strong><em>pondus</em></strong></span> <span class='ocrx_word' id='word_1_288' title='bbox 1240 2111 1521 2184; x_wconf 88' lang='lat' dir='ltr'><strong><em>regiminis</em></strong></span> <span class='ocrx_word' id='word_1_289' title='bbox 1563 2108 1651 2164; x_wconf 90' lang='lat' dir='ltr'><strong><em>sui</em></strong></span> <span class='ocrx_word' id='word_1_290' title='bbox 1674 2121 1801 2177; x_wconf 82' lang='lat' dir='ltr'><strong><em>par-</em></strong></span> 
     </span>
    </p>
   </div>
   <div class='ocr_carea' id='block_1_39' title="bbox 242 2199 1807 2273">
    <p class='ocr_par' dir='ltr' id='par_1_39' title="bbox 242 2199 1807 2273">
     <span class='ocr_line' id='line_1_39' title="bbox 242 2199 1807 2273; baseline -0.006 -13"><span class='ocrx_word' id='word_1_291' title='bbox 242 2207 318 2260; x_wconf 88' lang='lat' dir='ltr'><strong><em>tiri</em></strong></span> <span class='ocrx_word' id='word_1_292' title='bbox 345 2208 562 2272; x_wconf 84' lang='lat' dir='ltr'><strong><em>debeat,</em></strong></span> <span class='ocrx_word' id='word_1_293' title='bbox 593 2206 730 2261; x_wconf 89' lang='lat' dir='ltr'><strong><em>liber</em></strong></span> <span class='ocrx_word' id='word_1_294' title='bbox 758 2206 927 2260; x_wconf 81' lang='lat' dir='ltr'><strong><em>Exodi</em></strong></span> <span class='ocrx_word' id='word_1_295' title='bbox 970 2205 1322 2273; x_wconf 81' lang='lat' dir='ltr'><strong><em>demonstrat,</em></strong></span> <span class='ocrx_word' id='word_1_296' title='bbox 1348 2203 1402 2256; x_wconf 91' lang='lat' dir='ltr'><strong><em>in</em></strong></span> <span class='ocrx_word' id='word_1_297' title='bbox 1423 2215 1534 2272; x_wconf 84' lang='lat' dir='ltr'><strong><em>quo</em></strong></span> <span class='ocrx_word' id='word_1_298' title='bbox 1566 2199 1762 2270; x_wconf 78' lang='lat' dir='ltr'><strong><em>legitur</em></strong></span> <span class='ocrx_word' id='word_1_299' title='bbox 1785 2204 1807 2250; x_wconf 89' lang='lat'><strong><em>:&#39;</em></strong></span> 
     </span>
    </p>
   </div>
   <div class='ocr_carea' id='block_1_40' title="bbox 244 2291 1803 2365">
    <p class='ocr_par' dir='ltr' id='par_1_40' title="bbox 244 2291 1803 2365">
     <span class='ocr_line' id='line_1_40' title="bbox 244 2291 1803 2365; baseline -0.008 -11"><span class='ocrx_word' id='word_1_300' title='bbox 244 2299 455 2354; x_wconf 80' lang='lat' dir='ltr'><strong><em>Provide</em></strong></span> <span class='ocrx_word' id='word_1_301' title='bbox 481 2308 656 2351; x_wconf 71' lang='lat' dir='ltr'><strong><em>auum</em></strong></span> <span class='ocrx_word' id='word_1_302' title='bbox 683 2296 748 2352; x_wconf 91' lang='lat' dir='ltr'><strong><em>de</em></strong></span> <span class='ocrx_word' id='word_1_303' title='bbox 769 2296 909 2349; x_wconf 86' lang='lat' dir='ltr'><strong><em>omni</em></strong></span> <span class='ocrx_word' id='word_1_304' title='bbox 934 2293 1077 2365; x_wconf 84' lang='lat' dir='ltr'><strong><em>plebe</em></strong></span> <span class='ocrx_word' id='word_1_305' title='bbox 1103 2294 1241 2348; x_wconf 86' lang='lat' dir='ltr'><strong><em>viros</em></strong></span> <span class='ocrx_word' id='word_1_306' title='bbox 1260 2301 1511 2362; x_wconf 86' lang='lat' dir='ltr'><strong><em>potentes,</em></strong></span> <span class='ocrx_word' id='word_1_307' title='bbox 1538 2300 1586 2343; x_wconf 86' lang='lat' dir='ltr'><strong><em>et</em></strong></span> <span class='ocrx_word' id='word_1_308' title='bbox 1613 2291 1803 2343; x_wconf 85' lang='lat' dir='ltr'><strong><em>timen-</em></strong></span> 
     </span>
    </p>
   </div>
   <div class='ocr_carea' id='block_1_41' title="bbox 239 2380 1804 2456">
    <p class='ocr_par' dir='ltr' id='par_1_41' title="bbox 239 2380 1804 2456">
     <span class='ocr_line' id='line_1_41' title="bbox 239 2380 1804 2456; baseline -0.008 -12"><span class='ocrx_word' id='word_1_309' title='bbox 239 2399 305 2444; x_wconf 88' lang='lat' dir='ltr'><strong><em>tes</em></strong></span> <span class='ocrx_word' id='word_1_310' title='bbox 340 2388 531 2451; x_wconf 84' lang='lat' dir='ltr'><strong><em>Deum,</em></strong></span> <span class='ocrx_word' id='word_1_311' title='bbox 556 2387 611 2440; x_wconf 89' lang='lat' dir='ltr'><strong><em>in</em></strong></span> <span class='ocrx_word' id='word_1_312' title='bbox 632 2385 817 2456; x_wconf 83' lang='lat' dir='ltr'><strong><em>quibus</em></strong></span> <span class='ocrx_word' id='word_1_313' title='bbox 841 2385 909 2438; x_wconf 93' lang='lat' dir='ltr'><strong><em>sit</em></strong></span> <span class='ocrx_word' id='word_1_314' title='bbox 934 2388 1144 2447; x_wconf 78' lang='lat' dir='ltr'><strong><em>veritas,</em></strong></span> <span class='ocrx_word' id='word_1_315' title='bbox 1163 2390 1211 2437; x_wconf 91' lang='lat' dir='ltr'><strong><em>et</em></strong></span> <span class='ocrx_word' id='word_1_316' title='bbox 1246 2381 1336 2453; x_wconf 88' lang='lat' dir='ltr'><strong><em>qui</em></strong></span> <span class='ocrx_word' id='word_1_317' title='bbox 1380 2381 1599 2435; x_wconf 86' lang='lat' dir='ltr'><strong><em>oderunt</em></strong></span> <span class='ocrx_word' id='word_1_318' title='bbox 1626 2380 1804 2433; x_wconf 89' lang='lat' dir='ltr'><strong><em>avari-</em></strong></span> 
     </span>
    </p>
   </div>
   <div class='ocr_carea' id='block_1_42' title="bbox 239 2471 1806 2542">
    <p class='ocr_par' dir='ltr' id='par_1_42' title="bbox 239 2471 1806 2542">
     <span class='ocr_line' id='line_1_42' title="bbox 239 2471 1806 2542; baseline -0.006 -10"><span class='ocrx_word' id='word_1_319' title='bbox 239 2479 374 2542; x_wconf 81' lang='lat' dir='ltr'><strong><em>tiam,</em></strong></span> <span class='ocrx_word' id='word_1_320' title='bbox 400 2486 453 2532; x_wconf 90' lang='lat' dir='ltr'><strong><em>et</em></strong></span> <span class='ocrx_word' id='word_1_321' title='bbox 495 2477 750 2532; x_wconf 84' lang='lat' dir='ltr'><strong><em>constitue</em></strong></span> <span class='ocrx_word' id='word_1_322' title='bbox 774 2490 840 2529; x_wconf 79' lang='lat' dir='ltr'><strong><em>ea:</em></strong></span> <span class='ocrx_word' id='word_1_323' title='bbox 877 2475 953 2528; x_wconf 85' lang='lat' dir='ltr'><strong><em>eis</em></strong></span> <span class='ocrx_word' id='word_1_324' title='bbox 991 2472 1226 2527; x_wconf 83' lang='lat' dir='ltr'><strong><em>tribunos</em></strong></span> <span class='ocrx_word' id='word_1_325' title='bbox 1259 2482 1310 2525; x_wconf 88' lang='lat' dir='ltr'><strong><em>et</em></strong></span> <span class='ocrx_word' id='word_1_326' title='bbox 1356 2471 1719 2534; x_wconf 81' lang='lat' dir='ltr'><strong><em>centuriones,</em></strong></span> <span class='ocrx_word' id='word_1_327' title='bbox 1757 2477 1806 2524; x_wconf 88' lang='lat' dir='ltr'><strong><em>et</em></strong></span> 
     </span>
    </p>
   </div>
   <div class='ocr_carea' id='block_1_43' title="bbox 239 2548 1807 2641">
    <p class='ocr_par' dir='ltr' id='par_1_43' title="bbox 239 2548 1807 2641">
     <span class='ocr_line' id='line_1_43' title="bbox 239 2548 1807 2641; baseline -0.007 -17"><span class='ocrx_word' id='word_1_328' title='bbox 239 2568 706 2641; x_wconf 81' lang='lat' dir='ltr'><strong><em>quinquagenarios</em></strong></span> <span class='ocrx_word' id='word_1_329' title='bbox 733 2576 782 2620; x_wconf 87' lang='lat' dir='ltr'><strong><em>et</em></strong></span> <span class='ocrx_word' id='word_1_330' title='bbox 830 2566 1084 2630; x_wconf 84' lang='lat' dir='ltr'><strong><em>decanos,</em></strong></span> <span class='ocrx_word' id='word_1_331' title='bbox 1134 2564 1225 2636; x_wconf 90' lang='lat' dir='ltr'><strong><em>qui</em></strong></span> <span class='ocrx_word' id='word_1_332' title='bbox 1271 2548 1510 2634; x_wconf 82' lang='lat' dir='ltr'><strong><em>judicent</em></strong></span> <span class='ocrx_word' id='word_1_333' title='bbox 1555 2559 1807 2631; x_wconf 86' lang='lat' dir='ltr'><strong><em>populum</em></strong></span> 
     </span>
    </p>
   </div>
   <div class='ocr_carea' id='block_1_44' title="bbox 239 2651 1807 2728">
    <p class='ocr_par' dir='ltr' id='par_1_44' title="bbox 239 2651 1807 2728">
     <span class='ocr_line' id='line_1_44' title="bbox 239 2651 1807 2728; baseline -0.008 -12"><span class='ocrx_word' id='word_1_334' title='bbox 239 2662 367 2716; x_wconf 85' lang='lat' dir='ltr'><strong><em>omni</em></strong></span> <span class='ocrx_word' id='word_1_335' title='bbox 397 2671 632 2728; x_wconf 79' lang='lat' dir='ltr'><strong><em>ternpore</em></strong></span> <span class='ocrx_word' id='word_1_336' title='bbox 654 2670 674 2711; x_wconf 89' lang='lat'><strong><em>:</em></strong></span> <span class='ocrx_word' id='word_1_337' title='bbox 706 2657 961 2728; x_wconf 83' lang='lat' dir='ltr'><strong><em>quidquid</em></strong></span> <span class='ocrx_word' id='word_1_338' title='bbox 991 2666 1163 2710; x_wconf 88' lang='lat' dir='ltr'><strong><em>autem</em></strong></span> <span class='ocrx_word' id='word_1_339' title='bbox 1190 2653 1362 2724; x_wconf 85' lang='lat' dir='ltr'><strong><em>majus</em></strong></span> <span class='ocrx_word' id='word_1_340' title='bbox 1391 2653 1550 2722; x_wconf 80' lang='lat' dir='ltr'><strong><em>fuerit</em></strong></span> <span class='ocrx_word' id='word_1_341' title='bbox 1578 2651 1807 2720; x_wconf 82' lang='lat' dir='ltr'><strong><em>referant</em></strong></span> 
     </span>
    </p>
   </div>
   <div class='ocr_carea' id='block_1_45' title="bbox 238 2738 1801 2821">
    <p class='ocr_par' dir='ltr' id='par_1_45' title="bbox 238 2738 1801 2821">
     <span class='ocr_line' id='line_1_45' title="bbox 238 2738 1801 2821; baseline -0.009 -15"><span class='ocrx_word' id='word_1_342' title='bbox 238 2752 300 2806; x_wconf 77' lang='lat' dir='ltr'><strong><em>sd</em></strong></span> <span class='ocrx_word' id='word_1_343' title='bbox 323 2762 395 2814; x_wconf 90' lang='lat' dir='ltr'><strong><em>te,</em></strong></span> <span class='ocrx_word' id='word_1_344' title='bbox 436 2760 488 2805; x_wconf 81' lang='lat' dir='ltr'><strong><em>et</em></strong></span> <span class='ocrx_word' id='word_1_345' title='bbox 514 2750 612 2821; x_wconf 88' lang='lat' dir='ltr'><strong><em>ipsi</em></strong></span> <span class='ocrx_word' id='word_1_346' title='bbox 639 2748 845 2802; x_wconf 83' lang='lat' dir='ltr'><strong><em>minora</em></strong></span> <span class='ocrx_word' id='word_1_347' title='bbox 887 2744 1246 2800; x_wconf 88' lang='lat' dir='ltr'><strong><em>tantummodo</em></strong></span> <span class='ocrx_word' id='word_1_348' title='bbox 1276 2742 1560 2812; x_wconf 90' lang='lat' dir='ltr'><strong><em>judicent:</em></strong></span> <span class='ocrx_word' id='word_1_349' title='bbox 1604 2738 1801 2793; x_wconf 87' lang='lat' dir='ltr'><strong><em>levius-</em></strong></span> 
     </span>
    </p>
   </div>
   <div class='ocr_carea' id='block_1_46' title="bbox 238 2830 1810 2912">
    <p class='ocr_par' dir='ltr' id='par_1_46' title="bbox 238 2830 1810 2912">
     <span class='ocr_line' id='line_1_46' title="bbox 238 2830 1810 2912; baseline -0.01 -16"><span class='ocrx_word' id='word_1_350' title='bbox 238 2858 327 2912; x_wconf 80' lang='lat' dir='ltr'><strong><em>que</em></strong></span> <span class='ocrx_word' id='word_1_351' title='bbox 349 2842 417 2895; x_wconf 89' lang='lat' dir='ltr'><strong><em>sit</em></strong></span> <span class='ocrx_word' id='word_1_352' title='bbox 445 2839 760 2909; x_wconf 36' lang='lat' dir='ltr'><strong><em>tibivpartito</em></strong></span> <span class='ocrx_word' id='word_1_353' title='bbox 795 2838 853 2891; x_wconf 85' lang='lat' dir='ltr'><strong><em>in</em></strong></span> <span class='ocrx_word' id='word_1_354' title='bbox 875 2834 1008 2891; x_wconf 88' lang='lat' dir='ltr'><strong><em>alios</em></strong></span> <span class='ocrx_word' id='word_1_355' title='bbox 1036 2849 1208 2888; x_wconf 88' lang='lat' dir='ltr'><strong><em>onere.</em></strong></span> <span class='ocrx_word' id='word_1_356' title='bbox 1242 2831 1301 2886; x_wconf 83' lang='lat' dir='ltr'><strong><em>Si</em></strong></span> <span class='ocrx_word' id='word_1_357' title='bbox 1342 2832 1438 2886; x_wconf 82' lang='lat' dir='ltr'><strong><em>hoc</em></strong></span> <span class='ocrx_word' id='word_1_358' title='bbox 1463 2831 1646 2900; x_wconf 76' lang='lat' dir='ltr'><strong><em>feceris</em></strong></span> <span class='ocrx_word' id='word_1_359' title='bbox 1664 2869 1680 2896; x_wconf 95' lang='lat'><strong><em>,</em></strong></span> <span class='ocrx_word' id='word_1_360' title='bbox 1707 2830 1810 2882; x_wconf 86' lang='lat' dir='ltr'><strong><em>im-</em></strong></span> 
     </span>
    </p>
   </div>
   <div class='ocr_carea' id='block_1_47' title="bbox 236 2921 1809 3001">
    <p class='ocr_par' dir='ltr' id='par_1_47' title="bbox 236 2921 1809 3001">
     <span class='ocr_line' id='line_1_47' title="bbox 236 2921 1809 3001; baseline -0.008 -16"><span class='ocrx_word' id='word_1_361' title='bbox 236 2930 387 3001; x_wconf 84' lang='lat' dir='ltr'><strong><em>plebis</em></strong></span> <span class='ocrx_word' id='word_1_362' title='bbox 407 2929 688 2997; x_wconf 81' lang='lat' dir='ltr'><strong><em>imperium</em></strong></span> <span class='ocrx_word' id='word_1_363' title='bbox 725 2925 847 2991; x_wconf 88' lang='lat' dir='ltr'><strong><em>Dei,</em></strong></span> <span class='ocrx_word' id='word_1_364' title='bbox 877 2933 925 2980; x_wconf 88' lang='lat' dir='ltr'><strong><em>et</em></strong></span> <span class='ocrx_word' id='word_1_365' title='bbox 960 2932 1219 2994; x_wconf 68' lang='lat' dir='ltr'><strong><em>priet-cpta</em></strong></span> <span class='ocrx_word' id='word_1_366' title='bbox 1237 2921 1351 2991; x_wconf 87' lang='lat' dir='ltr'><strong><em>ejus</em></strong></span> <span class='ocrx_word' id='word_1_367' title='bbox 1375 2921 1567 2991; x_wconf 88' lang='lat' dir='ltr'><strong><em>poteris</em></strong></span> <span class='ocrx_word' id='word_1_368' title='bbox 1603 2928 1809 2974; x_wconf 80' lang='lat' dir='ltr'><strong><em>susten-</em></strong></span> 
     </span>
    </p>
   </div>
   <div class='ocr_carea' id='block_1_48' title="bbox 239 3011 1808 3087">
    <p class='ocr_par' dir='ltr' id='par_1_48' title="bbox 239 3011 1808 3087">
     <span class='ocr_line' id='line_1_48' title="bbox 239 3011 1808 3087; baseline -0.008 -10"><span class='ocrx_word' id='word_1_369' title='bbox 239 3032 385 3087; x_wconf 82' lang='lat' dir='ltr'><strong><em>tare;</em></strong></span> <span class='ocrx_word' id='word_1_370' title='bbox 442 3029 495 3074; x_wconf 84' lang='lat' dir='ltr'><strong><em>et</em></strong></span> <span class='ocrx_word' id='word_1_371' title='bbox 537 3018 707 3074; x_wconf 79' lang='lat' dir='ltr'><strong><em>omnis</em></strong></span> <span class='ocrx_word' id='word_1_372' title='bbox 758 3017 845 3071; x_wconf 84' lang='lat' dir='ltr'><strong><em>hic</em></strong></span> <span class='ocrx_word' id='word_1_373' title='bbox 884 3014 1106 3087; x_wconf 87' lang='lat' dir='ltr'><strong><em>papulus</em></strong></span> <span class='ocrx_word' id='word_1_374' title='bbox 1141 3023 1421 3069; x_wconf 78' lang='lat' dir='ltr'><strong><em>revertetur</em></strong></span> <span class='ocrx_word' id='word_1_375' title='bbox 1447 3012 1516 3067; x_wconf 89' lang='lat' dir='ltr'><strong><em>ad</em></strong></span> <span class='ocrx_word' id='word_1_376' title='bbox 1543 3011 1658 3066; x_wconf 88' lang='lat' dir='ltr'><strong><em>loca</em></strong></span> <span class='ocrx_word' id='word_1_377' title='bbox 1708 3026 1808 3065; x_wconf 82' lang='lat' dir='ltr'><strong><em>sua</em></strong></span> 
     </span>
    </p>
   </div>
   <div class='ocr_carea' id='block_1_49' title="bbox 1904 1823 3479 1894">
    <p class='ocr_par' dir='ltr' id='par_1_49' title="bbox 1904 1823 3479 1894">
     <span class='ocr_line' id='line_1_49' title="bbox 1904 1823 3479 1894; baseline 0 -16"><span class='ocrx_word' id='word_1_378' title='bbox 1904 1824 2218 1894; x_wconf 86' lang='lat' dir='ltr'><strong><em>temporalia</em></strong></span> <span class='ocrx_word' id='word_1_379' title='bbox 2249 1824 2396 1878; x_wconf 88' lang='lat' dir='ltr'><strong><em>lucra</em></strong></span> <span class='ocrx_word' id='word_1_380' title='bbox 2425 1839 2535 1880; x_wconf 87' lang='lat' dir='ltr'><strong><em>non</em></strong></span> <span class='ocrx_word' id='word_1_381' title='bbox 2585 1831 2862 1894; x_wconf 87' lang='lat' dir='ltr'><strong><em>appetunt,</em></strong></span> <span class='ocrx_word' id='word_1_382' title='bbox 2897 1823 3120 1894; x_wconf 73' lang='lat' dir='ltr'><strong><em>priemio</em></strong></span> <span class='ocrx_word' id='word_1_383' title='bbox 3151 1832 3354 1879; x_wconf 53' lang='lat' dir='ltr'><strong><em>aeterno</em></strong></span> <span class='ocrx_word' id='word_1_384' title='bbox 3396 1824 3479 1880; x_wconf 85' lang='lat' dir='ltr'><strong><em>di-</em></strong></span> 
     </span>
    </p>
   </div>
   <div class='ocr_carea' id='block_1_50' title="bbox 1906 1914 3475 1985">
    <p class='ocr_par' dir='ltr' id='par_1_50' title="bbox 1906 1914 3475 1985">
     <span class='ocr_line' id='line_1_50' title="bbox 1906 1914 3475 1985; baseline 0.001 -17"><span class='ocrx_word' id='word_1_385' title='bbox 1906 1920 2103 1969; x_wconf 79' lang='lat' dir='ltr'><strong><em>tentur.</em></strong></span> <span class='ocrx_word' id='word_1_386' title='bbox 2138 1932 2158 1964; x_wconf 76' lang='grc' dir='ltr'><strong><em>ι</em></strong></span> <span class='ocrx_word' id='word_1_387' title='bbox 2194 1914 2288 1967; x_wconf 89' lang='lat' dir='ltr'><strong><em>llis</em></strong></span> <span class='ocrx_word' id='word_1_388' title='bbox 2328 1928 2448 1983; x_wconf 66' lang='lat' dir='ltr'><strong><em>quae</em></strong></span> <span class='ocrx_word' id='word_1_389' title='bbox 2471 1914 2747 1982; x_wconf 69' lang='lat' dir='ltr'><strong><em>praemissa</em></strong></span> <span class='ocrx_word' id='word_1_390' title='bbox 2770 1922 2891 1968; x_wconf 90' lang='lat' dir='ltr'><strong><em>sunt</em></strong></span> <span class='ocrx_word' id='word_1_391' title='bbox 2915 1914 3222 1980; x_wconf 72' lang='lat' dir='ltr'><strong><em>declaratur</em></strong></span> <span class='ocrx_word' id='word_1_392' title='bbox 3255 1915 3397 1985; x_wconf 91' lang='lat' dir='ltr'><strong><em>quod</em></strong></span> <span class='ocrx_word' id='word_1_393' title='bbox 3422 1917 3475 1971; x_wconf 88' lang='lat' dir='ltr'><strong><em>hi</em></strong></span> 
     </span>
    </p>
   </div>
   <div class='ocr_carea' id='block_1_51' title="bbox 1903 2003 3476 2076">
    <p class='ocr_par' dir='ltr' id='par_1_51' title="bbox 1903 2003 3476 2076">
     <span class='ocr_line' id='line_1_51' title="bbox 1903 2003 3476 2076; baseline 0.002 -19"><span class='ocrx_word' id='word_1_394' title='bbox 1903 2004 1996 2075; x_wconf 88' lang='lat' dir='ltr'><strong><em>qui</em></strong></span> <span class='ocrx_word' id='word_1_395' title='bbox 2026 2012 2148 2074; x_wconf 89' lang='lat' dir='ltr'><strong><em>post</em></strong></span> <span class='ocrx_word' id='word_1_396' title='bbox 2167 2017 2348 2072; x_wconf 86' lang='lat' dir='ltr'><strong><em>regem</em></strong></span> <span class='ocrx_word' id='word_1_397' title='bbox 2405 2003 2658 2074; x_wconf 83' lang='lat' dir='ltr'><strong><em>populum</em></strong></span> <span class='ocrx_word' id='word_1_398' title='bbox 2689 2004 2785 2059; x_wconf 88' lang='lat' dir='ltr'><strong><em>Dei</em></strong></span> <span class='ocrx_word' id='word_1_399' title='bbox 2836 2019 3027 2076; x_wconf 86' lang='lat' dir='ltr'><strong><em>regere</em></strong></span> <span class='ocrx_word' id='word_1_400' title='bbox 3054 2005 3274 2071; x_wconf 87' lang='lat' dir='ltr'><strong><em>debent,</em></strong></span> <span class='ocrx_word' id='word_1_401' title='bbox 3304 2006 3354 2060; x_wconf 92' lang='lat' dir='ltr'><strong><em>id</em></strong></span> <span class='ocrx_word' id='word_1_402' title='bbox 3390 2015 3476 2062; x_wconf 88' lang='lat' dir='ltr'><strong><em>est</em></strong></span> 
     </span>
    </p>
   </div>
   <div class='ocr_carea' id='block_1_52' title="bbox 1904 2094 3474 2158">
    <p class='ocr_par' dir='ltr' id='par_1_52' title="bbox 1904 2094 3474 2158">
     <span class='ocr_line' id='line_1_52' title="bbox 1904 2094 3474 2158; baseline 0.001 -9"><span class='ocrx_word' id='word_1_403' title='bbox 1904 2094 2068 2150; x_wconf 88' lang='lat' dir='ltr'><strong><em>duces</em></strong></span> <span class='ocrx_word' id='word_1_404' title='bbox 2096 2101 2151 2149; x_wconf 83' lang='lat' dir='ltr'><strong><em>et</em></strong></span> <span class='ocrx_word' id='word_1_405' title='bbox 2196 2094 2441 2158; x_wconf 87' lang='lat' dir='ltr'><strong><em>comites,</em></strong></span> <span class='ocrx_word' id='word_1_406' title='bbox 2495 2108 2716 2149; x_wconf 86' lang='lat' dir='ltr'><strong><em>necesse</em></strong></span> <span class='ocrx_word' id='word_1_407' title='bbox 2767 2103 2850 2149; x_wconf 89' lang='lat' dir='ltr'><strong><em>est</em></strong></span> <span class='ocrx_word' id='word_1_408' title='bbox 2883 2102 2943 2149; x_wconf 89' lang='lat' dir='ltr'><strong><em>ut</em></strong></span> <span class='ocrx_word' id='word_1_409' title='bbox 2997 2094 3132 2149; x_wconf 86' lang='lat' dir='ltr'><strong><em>tales</em></strong></span> <span class='ocrx_word' id='word_1_410' title='bbox 3167 2096 3234 2149; x_wconf 90' lang='lat' dir='ltr'><strong><em>ad</em></strong></span> <span class='ocrx_word' id='word_1_411' title='bbox 3266 2096 3474 2151; x_wconf 87' lang='lat' dir='ltr'><strong><em>consti-</em></strong></span> 
     </span>
    </p>
   </div>
   <div class='ocr_carea' id='block_1_53' title="bbox 1906 2183 3481 2256">
    <p class='ocr_par' dir='ltr' id='par_1_53' title="bbox 1906 2183 3481 2256">
     <span class='ocr_line' id='line_1_53' title="bbox 1906 2183 3481 2256; baseline -0.001 -15"><span class='ocrx_word' id='word_1_412' title='bbox 1906 2188 2165 2242; x_wconf 86' lang='lat' dir='ltr'><strong><em>tuendum</em></strong></span> <span class='ocrx_word' id='word_1_413' title='bbox 2194 2185 2601 2255; x_wconf 86' lang='lat' dir='ltr'><strong><em>provideantur,</em></strong></span> <span class='ocrx_word' id='word_1_414' title='bbox 2627 2185 2719 2254; x_wconf 90' lang='lat' dir='ltr'><strong><em>qui</em></strong></span> <span class='ocrx_word' id='word_1_415' title='bbox 2750 2186 2868 2240; x_wconf 89' lang='lat' dir='ltr'><strong><em>sine</em></strong></span> <span class='ocrx_word' id='word_1_416' title='bbox 2890 2183 3130 2256; x_wconf 78' lang='lat' dir='ltr'><strong><em>periculo</em></strong></span> <span class='ocrx_word' id='word_1_417' title='bbox 3152 2183 3292 2252; x_wconf 86' lang='lat' dir='ltr'><strong><em>ejus,</em></strong></span> <span class='ocrx_word' id='word_1_418' title='bbox 3319 2200 3348 2238; x_wconf 86' lang='lat' dir='ltr'><strong><em>a</em></strong></span> <span class='ocrx_word' id='word_1_419' title='bbox 3372 2200 3481 2255; x_wconf 86' lang='lat' dir='ltr'><strong><em>quo</em></strong></span> 
     </span>
    </p>
   </div>
   <div class='ocr_carea' id='block_1_54' title="bbox 1905 2272 3481 2343">
    <p class='ocr_par' dir='ltr' id='par_1_54' title="bbox 1905 2272 3481 2343">
     <span class='ocr_line' id='line_1_54' title="bbox 1905 2272 3481 2343; baseline -0.001 -11"><span class='ocrx_word' id='word_1_420' title='bbox 1905 2275 2333 2339; x_wconf 81' lang='lat' dir='ltr'><strong><em>constituuntur,</em></strong></span> <span class='ocrx_word' id='word_1_421' title='bbox 2383 2274 2640 2328; x_wconf 86' lang='lat' dir='ltr'><strong><em>constitui</em></strong></span> <span class='ocrx_word' id='word_1_422' title='bbox 2674 2273 2902 2343; x_wconf 86' lang='lat' dir='ltr'><strong><em>possint,</em></strong></span> <span class='ocrx_word' id='word_1_423' title='bbox 2934 2272 3168 2328; x_wconf 87' lang='lat' dir='ltr'><strong><em>scientes</em></strong></span> <span class='ocrx_word' id='word_1_424' title='bbox 3192 2288 3252 2329; x_wconf 89' lang='lat' dir='ltr'><strong><em>se</em></strong></span> <span class='ocrx_word' id='word_1_425' title='bbox 3282 2277 3351 2328; x_wconf 88' lang='lat' dir='ltr'><strong><em>ad</em></strong></span> <span class='ocrx_word' id='word_1_426' title='bbox 3377 2275 3481 2331; x_wconf 84' lang='lat' dir='ltr'><strong><em>hoc</em></strong></span> 
     </span>
    </p>
   </div>
   <div class='ocr_carea' id='block_1_55' title="bbox 1903 2361 3480 2435">
    <p class='ocr_par' dir='ltr' id='par_1_55' title="bbox 1903 2361 3480 2435">
     <span class='ocr_line' id='line_1_55' title="bbox 1903 2361 3480 2435; baseline -0.001 -15"><span class='ocrx_word' id='word_1_427' title='bbox 1903 2366 2114 2435; x_wconf 86' lang='lat' dir='ltr'><strong><em>positos</em></strong></span> <span class='ocrx_word' id='word_1_428' title='bbox 2142 2366 2264 2419; x_wconf 80' lang='lat' dir='ltr'><strong><em>esse</em></strong></span> <span class='ocrx_word' id='word_1_429' title='bbox 2293 2371 2352 2416; x_wconf 89' lang='lat' dir='ltr'><strong><em>ut</em></strong></span> <span class='ocrx_word' id='word_1_430' title='bbox 2374 2361 2582 2432; x_wconf 87' lang='lat' dir='ltr'><strong><em>plebem</em></strong></span> <span class='ocrx_word' id='word_1_431' title='bbox 2621 2361 2822 2416; x_wconf 88' lang='lat' dir='ltr'><strong><em>Christi</em></strong></span> <span class='ocrx_word' id='word_1_432' title='bbox 2864 2361 2968 2417; x_wconf 90' lang='lat' dir='ltr'><strong><em>sibi</em></strong></span> <span class='ocrx_word' id='word_1_433' title='bbox 2999 2369 3193 2416; x_wconf 87' lang='lat' dir='ltr'><strong><em>natura</em></strong></span> <span class='ocrx_word' id='word_1_434' title='bbox 3222 2362 3480 2431; x_wconf 75' lang='lat' dir='ltr'><strong><em>a-qualem</em></strong></span> 
     </span>
    </p>
   </div>
   <div class='ocr_carea' id='block_1_56' title="bbox 1905 2450 3483 2528">
    <p class='ocr_par' dir='ltr' id='par_1_56' title="bbox 1905 2450 3483 2528">
     <span class='ocr_line' id='line_1_56' title="bbox 1905 2450 3483 2528; baseline -0.002 -17"><span class='ocrx_word' id='word_1_435' title='bbox 1905 2462 2318 2528; x_wconf 78' lang='lat' dir='ltr'><strong><em>recognoscant,</em></strong></span> <span class='ocrx_word' id='word_1_436' title='bbox 2378 2466 2608 2523; x_wconf 88' lang='lat' dir='ltr'><strong><em>eamque</em></strong></span> <span class='ocrx_word' id='word_1_437' title='bbox 2641 2450 2936 2508; x_wconf 88' lang='lat' dir='ltr'><strong><em>clementer</em></strong></span> <span class='ocrx_word' id='word_1_438' title='bbox 2978 2451 3211 2517; x_wconf 87' lang='lat' dir='ltr'><strong><em>salvent,</em></strong></span> <span class='ocrx_word' id='word_1_439' title='bbox 3236 2459 3291 2506; x_wconf 89' lang='lat' dir='ltr'><strong><em>et</em></strong></span> <span class='ocrx_word' id='word_1_440' title='bbox 3334 2451 3483 2520; x_wconf 77' lang='lat' dir='ltr'><strong><em>justo</em></strong></span> 
     </span>
    </p>
   </div>
   <div class='ocr_carea' id='block_1_57' title="bbox 1904 2540 3485 2617">
    <p class='ocr_par' dir='ltr' id='par_1_57' title="bbox 1904 2540 3485 2617">
     <span class='ocr_line' id='line_1_57' title="bbox 1904 2540 3485 2617; baseline -0.005 -16"><span class='ocrx_word' id='word_1_441' title='bbox 1904 2555 2118 2617; x_wconf 88' lang='lat' dir='ltr'><strong><em>regant,</em></strong></span> <span class='ocrx_word' id='word_1_442' title='bbox 2146 2559 2263 2600; x_wconf 89' lang='lat' dir='ltr'><strong><em>non</em></strong></span> <span class='ocrx_word' id='word_1_443' title='bbox 2293 2552 2355 2599; x_wconf 92' lang='grc' dir='ltr'><strong><em>ιιι</em></strong></span> <span class='ocrx_word' id='word_1_444' title='bbox 2377 2543 2723 2599; x_wconf 87' lang='lat' dir='ltr'><strong><em>dominentur</em></strong></span> <span class='ocrx_word' id='word_1_445' title='bbox 2742 2548 2798 2598; x_wconf 89' lang='lat' dir='ltr'><strong><em>et</em></strong></span> <span class='ocrx_word' id='word_1_446' title='bbox 2823 2540 3076 2612; x_wconf 75' lang='lat' dir='ltr'><strong><em>adligant,</em></strong></span> <span class='ocrx_word' id='word_1_447' title='bbox 3106 2555 3283 2610; x_wconf 82' lang='lat' dir='ltr'><strong><em>neque</em></strong></span> <span class='ocrx_word' id='word_1_448' title='bbox 3308 2554 3370 2594; x_wconf 89' lang='grc' dir='ltr'><strong><em>ιιι</em></strong></span> <span class='ocrx_word' id='word_1_449' title='bbox 3388 2556 3485 2610; x_wconf 84' lang='lat' dir='ltr'><strong><em>po-</em></strong></span> 
     </span>
    </p>
   </div>
   <div class='ocr_carea' id='block_1_58' title="bbox 1904 2629 3482 2705">
    <p class='ocr_par' dir='ltr' id='par_1_58' title="bbox 1904 2629 3482 2705">
     <span class='ocr_line' id='line_1_58' title="bbox 1904 2629 3482 2705; baseline -0.004 -14"><span class='ocrx_word' id='word_1_450' title='bbox 1904 2635 2092 2705; x_wconf 85' lang='lat' dir='ltr'><strong><em>pulum</em></strong></span> <span class='ocrx_word' id='word_1_451' title='bbox 2147 2650 2304 2690; x_wconf 90' lang='lat' dir='ltr'><strong><em>suum</em></strong></span> <span class='ocrx_word' id='word_1_452' title='bbox 2337 2635 2626 2698; x_wconf 68' lang='lat' dir='ltr'><strong><em>aestiment,</em></strong></span> <span class='ocrx_word' id='word_1_453' title='bbox 2666 2640 2762 2686; x_wconf 90' lang='lat' dir='ltr'><strong><em>aut</em></strong></span> <span class='ocrx_word' id='word_1_454' title='bbox 2784 2632 2853 2686; x_wconf 87' lang='lat' dir='ltr'><strong><em>ad</em></strong></span> <span class='ocrx_word' id='word_1_455' title='bbox 2912 2645 3067 2685; x_wconf 88' lang='lat' dir='ltr'><strong><em>suam</em></strong></span> <span class='ocrx_word' id='word_1_456' title='bbox 3096 2629 3326 2701; x_wconf 76' lang='lat' dir='ltr'><strong><em>gloriam</em></strong></span> <span class='ocrx_word' id='word_1_457' title='bbox 3376 2630 3482 2685; x_wconf 81' lang='lat' dir='ltr'><strong><em>siti</em></strong></span> 
     </span>
    </p>
   </div>
   <div class='ocr_carea' id='block_1_59' title="bbox 1908 2716 3481 2793">
    <p class='ocr_par' dir='ltr' id='par_1_59' title="bbox 1908 2716 3481 2793">
     <span class='ocr_line' id='line_1_59' title="bbox 1908 2716 3481 2793; baseline -0.006 -10"><span class='ocrx_word' id='word_1_458' title='bbox 1908 2719 2056 2783; x_wconf 77' lang='lat' dir='ltr'><strong><em>illum</em></strong></span> <span class='ocrx_word' id='word_1_459' title='bbox 2086 2723 2412 2792; x_wconf 77' lang='lat' dir='ltr'><strong><em>subjiciunt;</em></strong></span> <span class='ocrx_word' id='word_1_460' title='bbox 2445 2721 2591 2793; x_wconf 88' lang='lat' dir='ltr'><strong><em>quod</em></strong></span> <span class='ocrx_word' id='word_1_461' title='bbox 2636 2735 2745 2776; x_wconf 91' lang='lat' dir='ltr'><strong><em>non</em></strong></span> <span class='ocrx_word' id='word_1_462' title='bbox 2782 2719 3020 2790; x_wconf 87' lang='lat' dir='ltr'><strong><em>pertinet</em></strong></span> <span class='ocrx_word' id='word_1_463' title='bbox 3068 2718 3136 2774; x_wconf 88' lang='lat' dir='ltr'><strong><em>ad</em></strong></span> <span class='ocrx_word' id='word_1_464' title='bbox 3186 2716 3481 2786; x_wconf 86' lang='lat' dir='ltr'><strong><em>justitiam,</em></strong></span> 
     </span>
    </p>
   </div>
   <div class='ocr_carea' id='block_1_60' title="bbox 1906 2811 3474 2890">
    <p class='ocr_par' dir='ltr' id='par_1_60' title="bbox 1906 2811 3474 2890">
     <span class='ocr_line' id='line_1_60' title="bbox 1906 2811 3474 2890; baseline -0.009 -12"><span class='ocrx_word' id='word_1_465' title='bbox 1906 2820 2001 2877; x_wconf 86' lang='lat' dir='ltr'><strong><em>sed</em></strong></span> <span class='ocrx_word' id='word_1_466' title='bbox 2049 2819 2233 2890; x_wconf 90' lang='lat' dir='ltr'><strong><em>potius</em></strong></span> <span class='ocrx_word' id='word_1_467' title='bbox 2266 2817 2332 2872; x_wconf 86' lang='lat' dir='ltr'><strong><em>ad</em></strong></span> <span class='ocrx_word' id='word_1_468' title='bbox 2361 2814 2701 2887; x_wconf 86' lang='lat' dir='ltr'><strong><em>tyrannidem</em></strong></span> <span class='ocrx_word' id='word_1_469' title='bbox 2747 2821 2803 2868; x_wconf 89' lang='lat' dir='ltr'><strong><em>et</em></strong></span> <span class='ocrx_word' id='word_1_470' title='bbox 2833 2811 3076 2881; x_wconf 87' lang='lat' dir='ltr'><strong><em>iniquam</em></strong></span> <span class='ocrx_word' id='word_1_471' title='bbox 3126 2819 3474 2881; x_wconf 81' lang='lat' dir='ltr'><strong><em>potestatem.</em></strong></span> 
     </span>
    </p>
   </div>
   <div class='ocr_carea' id='block_1_61' title="bbox 1912 2898 3537 2977">
    <p class='ocr_par' dir='ltr' id='par_1_61' title="bbox 1912 2898 3537 2977">
     <span class='ocr_line' id='line_1_61' title="bbox 1912 2898 3537 2977; baseline -0.009 -11"><span class='ocrx_word' id='word_1_472' title='bbox 1912 2910 2083 2966; x_wconf 82' lang='lat' dir='ltr'><strong><em>Valde</em></strong></span> <span class='ocrx_word' id='word_1_473' title='bbox 2102 2908 2252 2963; x_wconf 89' lang='lat' dir='ltr'><strong><em>enim</em></strong></span> <span class='ocrx_word' id='word_1_474' title='bbox 2284 2906 2453 2977; x_wconf 86' lang='lat' dir='ltr'><strong><em>exigit</em></strong></span> <span class='ocrx_word' id='word_1_475' title='bbox 2472 2904 2771 2961; x_wconf 88' lang='lat' dir='ltr'><strong><em>necessitas</em></strong></span> <span class='ocrx_word' id='word_1_476' title='bbox 2802 2902 3003 2971; x_wconf 75' lang='lat' dir='ltr'><strong><em>utquia</em></strong></span> <span class='ocrx_word' id='word_1_477' title='bbox 3028 2900 3143 2970; x_wconf 86' lang='lat' dir='ltr'><strong><em>ipse</em></strong></span> <span class='ocrx_word' id='word_1_478' title='bbox 3173 2898 3360 2971; x_wconf 82' lang='lat' dir='ltr'><strong><em>procul</em></strong></span> <span class='ocrx_word' id='word_1_479' title='bbox 3381 2899 3484 2952; x_wconf 76' lang='lat' dir='ltr'><strong><em>du~</em></strong></span> <span class='ocrx_word' id='word_1_480' title='bbox 3527 2932 3537 2942; x_wconf 56' lang='grc' dir='ltr'><strong>κ</strong></span> 
     </span>
    </p>
   </div>
   <div class='ocr_carea' id='block_1_62' title="bbox 1905 2980 3484 3071">
    <p class='ocr_par' dir='ltr' id='par_1_62' title="bbox 1905 2980 3484 3071">
     <span class='ocr_line' id='line_1_62' title="bbox 1905 2980 3484 3071; baseline -0.011 -11"><span class='ocrx_word' id='word_1_481' title='bbox 1905 3003 1996 3060; x_wconf 88' lang='lat' dir='ltr'><strong><em>bio</em></strong></span> <span class='ocrx_word' id='word_1_482' title='bbox 2022 3018 2119 3058; x_wconf 88' lang='lat' dir='ltr'><strong><em>rex</em></strong></span> <span class='ocrx_word' id='word_1_483' title='bbox 2147 3000 2457 3071; x_wconf 81' lang='lat' dir='ltr'><strong><em>aequissimo</em></strong></span> <span class='ocrx_word' id='word_1_484' title='bbox 2477 2995 2647 3067; x_wconf 91' lang='lat' dir='ltr'><strong><em>judici</em></strong></span> <span class='ocrx_word' id='word_1_485' title='bbox 2674 2995 2754 3050; x_wconf 14' lang='lat' dir='ltr'><strong><em>ide</em></strong></span> <span class='ocrx_word' id='word_1_486' title='bbox 2778 2980 3069 3050; x_wconf 82' lang='lat' dir='ltr'><strong><em>commisso</em></strong></span> <span class='ocrx_word' id='word_1_487' title='bbox 3107 2991 3210 3048; x_wconf 89' lang='lat' dir='ltr'><strong><em>sibi</em></strong></span> <span class='ocrx_word' id='word_1_488' title='bbox 3237 2990 3484 3045; x_wconf 86' lang='lat' dir='ltr'><strong><em>ministe-</em></strong></span> 
     </span>
    </p>
   </div>
   <div class='ocr_carea' id='block_1_63' title="bbox 238 3080 3478 3182">
    <p class='ocr_par' dir='ltr' id='par_1_63' title="bbox 238 3080 3478 3182">
     <span class='ocr_line' id='line_1_63' title="bbox 238 3080 3478 3182; baseline -0.01 -16"><span class='ocrx_word' id='word_1_489' title='bbox 238 3080 507 3182; x_wconf 64' lang='grc' dir='ltr'><strong><em>σπη’ραεε</em></strong></span> <span class='ocrx_word' id='word_1_490' title='bbox 540 3108 737 3182; x_wconf 66' lang='lat' dir='ltr'><strong><em>(Exod.</em></strong></span> <span class='ocrx_word' id='word_1_491' title='bbox 767 3080 921 3172; x_wconf 74' lang='lat' dir='ltr'><strong><em>mu,</em></strong></span> <span class='ocrx_word' id='word_1_492' title='bbox 952 3080 1065 3176; x_wconf 65' lang='lat' dir='ltr'><strong><em>au).</em></strong></span> <span class='ocrx_word' id='word_1_493' title='bbox 1104 3103 1309 3171; x_wconf 88' lang='lat' dir='ltr'><strong><em>Quibus</em></strong></span> <span class='ocrx_word' id='word_1_494' title='bbox 1346 3101 1565 3166; x_wconf 88' lang='lat' dir='ltr'><strong><em>auditis,</em></strong></span> <span class='ocrx_word' id='word_1_495' title='bbox 1599 3100 1806 3171; x_wconf 78' lang='lat' dir='ltr'><strong><em>Moyses</em></strong></span> <span class='ocrx_word' id='word_1_496' title='bbox 1831 3118 1876 3182; x_wconf 70' lang='grc' dir='ltr'><strong>ρ</strong></span> <span class='ocrx_word' id='word_1_497' title='bbox 1908 3093 1991 3150; x_wconf 91' lang='lat' dir='ltr'><strong><em>rio</em></strong></span> <span class='ocrx_word' id='word_1_498' title='bbox 2030 3092 2297 3147; x_wconf 88' lang='lat' dir='ltr'><strong><em>rationem</em></strong></span> <span class='ocrx_word' id='word_1_499' title='bbox 2342 3089 2655 3146; x_wconf 86' lang='lat' dir='ltr'><strong><em>redditurus</em></strong></span> <span class='ocrx_word' id='word_1_500' title='bbox 2680 3094 2785 3153; x_wconf 82' lang='lat' dir='ltr'><strong><em>est,</em></strong></span> <span class='ocrx_word' id='word_1_501' title='bbox 2836 3093 2899 3140; x_wconf 85' lang='grc' dir='ltr'><strong><em>ιιι</em></strong></span> <span class='ocrx_word' id='word_1_502' title='bbox 2931 3084 3098 3139; x_wconf 86' lang='lat' dir='ltr'><strong><em>etiam</em></strong></span> <span class='ocrx_word' id='word_1_503' title='bbox 3153 3081 3348 3153; x_wconf 89' lang='lat' dir='ltr'><strong><em>singuli</em></strong></span> <span class='ocrx_word' id='word_1_504' title='bbox 3383 3080 3478 3150; x_wconf 88' lang='lat' dir='ltr'><strong><em>qui</em></strong></span> 
     </span>
    </p>
   </div>
   <div class='ocr_carea' id='block_1_64' title="bbox 239 3195 1811 3273">
    <p class='ocr_par' dir='ltr' id='par_1_64' title="bbox 239 3195 1811 3273">
     <span class='ocr_line' id='line_1_64' title="bbox 239 3195 1811 3273; baseline -0.005 -14"><span class='ocrx_word' id='word_1_505' title='bbox 239 3204 361 3261; x_wconf 88' lang='lat' dir='ltr'><strong><em>fecit</em></strong></span> <span class='ocrx_word' id='word_1_506' title='bbox 402 3204 590 3259; x_wconf 89' lang='lat' dir='ltr'><strong><em>omnia</em></strong></span> <span class='ocrx_word' id='word_1_507' title='bbox 631 3216 753 3273; x_wconf 64' lang='lat' dir='ltr'><strong><em>qua:</em></strong></span> <span class='ocrx_word' id='word_1_508' title='bbox 797 3200 890 3256; x_wconf 89' lang='lat' dir='ltr'><strong><em>ille</em></strong></span> <span class='ocrx_word' id='word_1_509' title='bbox 934 3205 1281 3270; x_wconf 78' lang='lat' dir='ltr'><strong><em>suggesserat</em></strong></span> <span class='ocrx_word' id='word_1_510' title='bbox 1314 3214 1328 3251; x_wconf 91' lang='lat'><strong>:</strong></span> <span class='ocrx_word' id='word_1_511' title='bbox 1359 3205 1417 3252; x_wconf 89' lang='lat' dir='ltr'><strong><em>et</em></strong></span> <span class='ocrx_word' id='word_1_512' title='bbox 1460 3196 1648 3252; x_wconf 88' lang='lat' dir='ltr'><strong><em>electis</em></strong></span> <span class='ocrx_word' id='word_1_513' title='bbox 1677 3195 1811 3251; x_wconf 84' lang='lat' dir='ltr'><strong><em>viris</em></strong></span> 
     </span>
    </p>
   </div>
   <div class='ocr_carea' id='block_1_65' title="bbox 238 3287 1812 3359">
    <p class='ocr_par' dir='ltr' id='par_1_65' title="bbox 238 3287 1812 3359">
     <span class='ocr_line' id='line_1_65' title="bbox 238 3287 1812 3359; baseline -0.006 -9"><span class='ocrx_word' id='word_1_514' title='bbox 238 3296 465 3350; x_wconf 85' lang='lat' dir='ltr'><strong><em>strenuis</em></strong></span> <span class='ocrx_word' id='word_1_515' title='bbox 490 3294 558 3350; x_wconf 89' lang='lat' dir='ltr'><strong><em>de</em></strong></span> <span class='ocrx_word' id='word_1_516' title='bbox 577 3300 774 3348; x_wconf 74' lang='lat' dir='ltr'><strong><em>uincto</em></strong></span> <span class='ocrx_word' id='word_1_517' title='bbox 787 3288 973 3354; x_wconf 82' lang='lat' dir='ltr'><strong><em>Israel,</em></strong></span> <span class='ocrx_word' id='word_1_518' title='bbox 1000 3289 1279 3344; x_wconf 89' lang='lat' dir='ltr'><strong><em>constituit</em></strong></span> <span class='ocrx_word' id='word_1_519' title='bbox 1299 3302 1395 3343; x_wconf 88' lang='lat' dir='ltr'><strong><em>eos</em></strong></span> <span class='ocrx_word' id='word_1_520' title='bbox 1418 3287 1690 3359; x_wconf 87' lang='lat' dir='ltr'><strong><em>principes</em></strong></span> <span class='ocrx_word' id='word_1_521' title='bbox 1714 3302 1812 3358; x_wconf 90' lang='lat' dir='ltr'><strong><em>po-</em></strong></span> 
     </span>
    </p>
   </div>
   <div class='ocr_carea' id='block_1_66' title="bbox 236 3372 1811 3457">
    <p class='ocr_par' dir='ltr' id='par_1_66' title="bbox 236 3372 1811 3457">
     <span class='ocr_line' id='line_1_66' title="bbox 236 3372 1811 3457; baseline -0.004 -18"><span class='ocrx_word' id='word_1_522' title='bbox 236 3384 361 3457; x_wconf 87' lang='lat' dir='ltr'><strong><em>puli,</em></strong></span> <span class='ocrx_word' id='word_1_523' title='bbox 391 3385 638 3439; x_wconf 87' lang='lat' dir='ltr'><strong><em>tribunos</em></strong></span> <span class='ocrx_word' id='word_1_524' title='bbox 663 3390 718 3436; x_wconf 91' lang='lat' dir='ltr'><strong><em>et</em></strong></span> <span class='ocrx_word' id='word_1_525' title='bbox 746 3380 1110 3445; x_wconf 85' lang='lat' dir='ltr'><strong><em>centuriones,</em></strong></span> <span class='ocrx_word' id='word_1_526' title='bbox 1133 3372 1189 3434; x_wconf 84' lang='lat' dir='ltr'><strong><em>et</em></strong></span> <span class='ocrx_word' id='word_1_527' title='bbox 1214 3378 1707 3450; x_wconf 85' lang='lat' dir='ltr'><strong><em>quinquagenarius</em></strong></span> <span class='ocrx_word' id='word_1_528' title='bbox 1751 3386 1811 3432; x_wconf 90' lang='lat' dir='ltr'><strong><em>et</em></strong></span> 
     </span>
    </p>
   </div>
   <div class='ocr_carea' id='block_1_67' title="bbox 238 3467 1808 3542">
    <p class='ocr_par' dir='ltr' id='par_1_67' title="bbox 238 3467 1808 3542">
     <span class='ocr_line' id='line_1_67' title="bbox 238 3467 1808 3542; baseline -0.006 -12"><span class='ocrx_word' id='word_1_529' title='bbox 238 3475 468 3530; x_wconf 85' lang='lat' dir='ltr'><strong><em>decanos</em></strong></span> <span class='ocrx_word' id='word_1_530' title='bbox 490 3513 507 3538; x_wconf 94' lang='lat'><strong><em>,</em></strong></span> <span class='ocrx_word' id='word_1_531' title='bbox 558 3472 652 3542; x_wconf 90' lang='lat' dir='ltr'><strong><em>qui</em></strong></span> <span class='ocrx_word' id='word_1_532' title='bbox 701 3470 1017 3541; x_wconf 85' lang='lat' dir='ltr'><strong><em>judicabant</em></strong></span> <span class='ocrx_word' id='word_1_533' title='bbox 1072 3468 1282 3538; x_wconf 87' lang='lat' dir='ltr'><strong><em>plebem</em></strong></span> <span class='ocrx_word' id='word_1_534' title='bbox 1328 3467 1473 3523; x_wconf 90' lang='lat' dir='ltr'><strong><em>omni</em></strong></span> <span class='ocrx_word' id='word_1_535' title='bbox 1525 3475 1808 3537; x_wconf 88' lang='lat' dir='ltr'><strong><em>tempore:</em></strong></span> 
     </span>
    </p>
   </div>
   <div class='ocr_carea' id='block_1_68' title="bbox 237 3556 1702 3634">
    <p class='ocr_par' dir='ltr' id='par_1_68' title="bbox 237 3556 1702 3634">
     <span class='ocr_line' id='line_1_68' title="bbox 237 3556 1702 3634; baseline -0.005 -17"><span class='ocrx_word' id='word_1_536' title='bbox 237 3563 491 3634; x_wconf 86' lang='lat' dir='ltr'><strong><em>quidquid</em></strong></span> <span class='ocrx_word' id='word_1_537' title='bbox 514 3569 696 3631; x_wconf 79' lang='lat' dir='ltr'><strong><em>autem</em></strong></span> <span class='ocrx_word' id='word_1_538' title='bbox 717 3559 933 3630; x_wconf 82' lang='lat' dir='ltr'><strong><em>gravius</em></strong></span> <span class='ocrx_word' id='word_1_539' title='bbox 959 3566 1099 3624; x_wconf 89' lang='lat' dir='ltr'><strong><em>erat,</em></strong></span> <span class='ocrx_word' id='word_1_540' title='bbox 1128 3556 1437 3613; x_wconf 80' lang='lat' dir='ltr'><strong><em>referebant</em></strong></span> <span class='ocrx_word' id='word_1_541' title='bbox 1461 3556 1529 3611; x_wconf 91' lang='lat' dir='ltr'><strong><em>ad</em></strong></span> <span class='ocrx_word' id='word_1_542' title='bbox 1555 3571 1702 3610; x_wconf 89' lang='lat' dir='ltr'><strong><em>eum.</em></strong></span> 
     </span>
    </p>
   </div>
   <div class='ocr_carea' id='block_1_69' title="bbox 299 3642 1814 3721">
    <p class='ocr_par' dir='ltr' id='par_1_69' title="bbox 299 3642 1814 3721">
     <span class='ocr_line' id='line_1_69' title="bbox 299 3642 1814 3721; baseline -0.008 -12"><span class='ocrx_word' id='word_1_543' title='bbox 299 3652 457 3721; x_wconf 88' lang='lat' dir='ltr'><strong><em>Quod</em></strong></span> <span class='ocrx_word' id='word_1_544' title='bbox 481 3664 615 3707; x_wconf 84' lang='lat' dir='ltr'><strong><em>vero</em></strong></span> <span class='ocrx_word' id='word_1_545' title='bbox 640 3664 734 3705; x_wconf 88' lang='lat' dir='ltr'><strong><em>rex</em></strong></span> <span class='ocrx_word' id='word_1_546' title='bbox 760 3662 980 3704; x_wconf 90' lang='lat' dir='ltr'><strong><em>causam</em></strong></span> <span class='ocrx_word' id='word_1_547' title='bbox 1002 3660 1295 3717; x_wconf 88' lang='lat' dir='ltr'><strong><em>pauperum</em></strong></span> <span class='ocrx_word' id='word_1_548' title='bbox 1323 3644 1393 3699; x_wconf 88' lang='lat' dir='ltr'><strong><em>ad</em></strong></span> <span class='ocrx_word' id='word_1_549' title='bbox 1416 3658 1475 3701; x_wconf 89' lang='lat' dir='ltr'><strong><em>se</em></strong></span> <span class='ocrx_word' id='word_1_550' title='bbox 1499 3643 1704 3715; x_wconf 84' lang='lat' dir='ltr'><strong><em>ingredi</em></strong></span> <span class='ocrx_word' id='word_1_551' title='bbox 1732 3642 1814 3698; x_wconf 87' lang='lat' dir='ltr'><strong><em>fa-</em></strong></span> 
     </span>
    </p>
   </div>
   <div class='ocr_carea' id='block_1_70' title="bbox 239 3732 1816 3814">
    <p class='ocr_par' dir='ltr' id='par_1_70' title="bbox 239 3732 1816 3814">
     <span class='ocr_line' id='line_1_70' title="bbox 239 3732 1816 3814; baseline -0.009 -13"><span class='ocrx_word' id='word_1_552' title='bbox 239 3760 387 3812; x_wconf 84' lang='lat' dir='ltr'><strong><em>cere,</em></strong></span> <span class='ocrx_word' id='word_1_553' title='bbox 432 3752 495 3799; x_wconf 87' lang='lat' dir='ltr'><strong><em>et</em></strong></span> <span class='ocrx_word' id='word_1_554' title='bbox 534 3742 816 3814; x_wconf 85' lang='lat' dir='ltr'><strong><em>diligenter</em></strong></span> <span class='ocrx_word' id='word_1_555' title='bbox 851 3740 1047 3795; x_wconf 87' lang='lat' dir='ltr'><strong><em>debeat</em></strong></span> <span class='ocrx_word' id='word_1_556' title='bbox 1077 3737 1351 3807; x_wconf 88' lang='lat' dir='ltr'><strong><em>inquirere</em></strong></span> <span class='ocrx_word' id='word_1_557' title='bbox 1378 3774 1394 3802; x_wconf 91' lang='lat'><strong><em>,</em></strong></span> <span class='ocrx_word' id='word_1_558' title='bbox 1444 3734 1539 3790; x_wconf 87' lang='lat' dir='ltr'><strong><em>dat</em></strong></span> <span class='ocrx_word' id='word_1_559' title='bbox 1590 3732 1816 3807; x_wconf 81' lang='lat' dir='ltr'><strong><em>intelligi</em></strong></span> 
     </span>
    </p>
   </div>
   <div class='ocr_carea' id='block_1_71' title="bbox 242 3824 1812 3906">
    <p class='ocr_par' dir='ltr' id='par_1_71' title="bbox 242 3824 1812 3906">
     <span class='ocr_line' id='line_1_71' title="bbox 242 3824 1812 3906; baseline -0.009 -15"><span class='ocrx_word' id='word_1_560' title='bbox 242 3836 361 3891; x_wconf 87' lang='lat' dir='ltr'><strong><em>illud</em></strong></span> <span class='ocrx_word' id='word_1_561' title='bbox 387 3833 539 3906; x_wconf 86' lang='lat' dir='ltr'><strong><em>quod</em></strong></span> <span class='ocrx_word' id='word_1_562' title='bbox 584 3832 812 3902; x_wconf 87' lang='lat' dir='ltr'><strong><em>legimus</em></strong></span> <span class='ocrx_word' id='word_1_563' title='bbox 835 3869 852 3895; x_wconf 94' lang='lat'><strong><em>,</em></strong></span> <span class='ocrx_word' id='word_1_564' title='bbox 904 3828 1200 3899; x_wconf 83' lang='lat' dir='ltr'><strong><em>antiquitus</em></strong></span> <span class='ocrx_word' id='word_1_565' title='bbox 1234 3825 1444 3895; x_wconf 89' lang='lat' dir='ltr'><strong><em>judices</em></strong></span> <span class='ocrx_word' id='word_1_566' title='bbox 1498 3824 1702 3880; x_wconf 87' lang='lat' dir='ltr'><strong><em>idcirco</em></strong></span> <span class='ocrx_word' id='word_1_567' title='bbox 1757 3824 1812 3878; x_wconf 91' lang='lat' dir='ltr'><strong><em>in</em></strong></span> 
     </span>
    </p>
   </div>
   <div class='ocr_carea' id='block_1_72' title="bbox 240 3913 1814 3997">
    <p class='ocr_par' dir='ltr' id='par_1_72' title="bbox 240 3913 1814 3997">
     <span class='ocr_line' id='line_1_72' title="bbox 240 3913 1814 3997; baseline -0.009 -15"><span class='ocrx_word' id='word_1_568' title='bbox 240 3935 382 3997; x_wconf 83' lang='lat' dir='ltr'><strong><em>porta</em></strong></span> <span class='ocrx_word' id='word_1_569' title='bbox 422 3925 498 3981; x_wconf 87' lang='lat' dir='ltr'><strong><em>ad</em></strong></span> <span class='ocrx_word' id='word_1_570' title='bbox 528 3922 877 3995; x_wconf 87' lang='lat' dir='ltr'><strong><em>judicandum</em></strong></span> <span class='ocrx_word' id='word_1_571' title='bbox 902 3920 1139 3984; x_wconf 89' lang='lat' dir='ltr'><strong><em>sedisse,</em></strong></span> <span class='ocrx_word' id='word_1_572' title='bbox 1186 3925 1248 3972; x_wconf 91' lang='lat' dir='ltr'><strong><em>ut</em></strong></span> <span class='ocrx_word' id='word_1_573' title='bbox 1294 3915 1474 3971; x_wconf 90' lang='lat' dir='ltr'><strong><em>nullus</em></strong></span> <span class='ocrx_word' id='word_1_574' title='bbox 1522 3913 1814 3971; x_wconf 90' lang='lat' dir='ltr'><strong><em>accedendi</em></strong></span> 
     </span>
    </p>
   </div>
   <div class='ocr_carea' id='block_1_73' title="bbox 239 4003 1814 4081">
    <p class='ocr_par' dir='ltr' id='par_1_73' title="bbox 239 4003 1814 4081">
     <span class='ocr_line' id='line_1_73' title="bbox 239 4003 1814 4081; baseline -0.009 -10"><span class='ocrx_word' id='word_1_575' title='bbox 239 4014 623 4080; x_wconf 78' lang='lat' dir='ltr'><strong><em>diﬂicultatem,</em></strong></span> <span class='ocrx_word' id='word_1_576' title='bbox 650 4026 744 4067; x_wconf 75' lang='lat' dir='ltr'><strong><em>aut</em></strong></span> <span class='ocrx_word' id='word_1_577' title='bbox 784 4009 1059 4081; x_wconf 81' lang='lat' dir='ltr'><strong><em>quispiam</em></strong></span> <span class='ocrx_word' id='word_1_578' title='bbox 1107 4007 1304 4063; x_wconf 87' lang='lat' dir='ltr'><strong><em>civium</em></strong></span> <span class='ocrx_word' id='word_1_579' title='bbox 1330 4006 1442 4061; x_wconf 90' lang='lat' dir='ltr'><strong><em>vim</em></strong></span> <span class='ocrx_word' id='word_1_580' title='bbox 1469 4012 1563 4059; x_wconf 91' lang='lat' dir='ltr'><strong><em>aut</em></strong></span> <span class='ocrx_word' id='word_1_581' title='bbox 1611 4003 1814 4059; x_wconf 87' lang='lat' dir='ltr'><strong><em>calum-</em></strong></span> 
     </span>
    </p>
   </div>
   <div class='ocr_carea' id='block_1_74' title="bbox 242 4092 1814 4159">
    <p class='ocr_par' dir='ltr' id='par_1_74' title="bbox 242 4092 1814 4159">
     <span class='ocr_line' id='line_1_74' title="bbox 242 4092 1814 4159; baseline -0.008 0"><span class='ocrx_word' id='word_1_582' title='bbox 242 4107 373 4159; x_wconf 83' lang='lat' dir='ltr'><strong><em>niam</em></strong></span> <span class='ocrx_word' id='word_1_583' title='bbox 402 4116 629 4158; x_wconf 87' lang='lat' dir='ltr'><strong><em>necesse</em></strong></span> <span class='ocrx_word' id='word_1_584' title='bbox 665 4101 893 4156; x_wconf 89' lang='lat' dir='ltr'><strong><em>haberet</em></strong></span> <span class='ocrx_word' id='word_1_585' title='bbox 920 4096 1356 4153; x_wconf 67' lang='lat' dir='ltr'><strong><em>sustinereJdeo</em></strong></span> <span class='ocrx_word' id='word_1_586' title='bbox 1383 4103 1440 4150; x_wconf 90' lang='lat' dir='ltr'><strong><em>et</em></strong></span> <span class='ocrx_word' id='word_1_587' title='bbox 1482 4092 1814 4151; x_wconf 82' lang='lat' dir='ltr'><strong><em>Hierusalem</em></strong></span> 
     </span>
    </p>
   </div>
   <div class='ocr_carea' id='block_1_75' title="bbox 245 4185 1816 4265">
    <p class='ocr_par' dir='ltr' id='par_1_75' title="bbox 245 4185 1816 4265">
     <span class='ocr_line' id='line_1_75' title="bbox 245 4185 1816 4265; baseline -0.007 -18"><span class='ocrx_word' id='word_1_588' title='bbox 245 4194 425 4249; x_wconf 81' lang='lat' dir='ltr'><strong><em>civitas</em></strong></span> <span class='ocrx_word' id='word_1_589' title='bbox 445 4193 585 4265; x_wconf 85' lang='lat' dir='ltr'><strong><em>justi</em></strong></span> <span class='ocrx_word' id='word_1_590' title='bbox 616 4199 809 4248; x_wconf 88' lang='lat' dir='ltr'><strong><em>vocata</em></strong></span> <span class='ocrx_word' id='word_1_591' title='bbox 837 4198 940 4255; x_wconf 90' lang='lat' dir='ltr'><strong><em>est,</em></strong></span> <span class='ocrx_word' id='word_1_592' title='bbox 968 4188 1204 4261; x_wconf 88' lang='lat' dir='ltr'><strong><em>quandiu</em></strong></span> <span class='ocrx_word' id='word_1_593' title='bbox 1240 4187 1294 4241; x_wconf 92' lang='lat' dir='ltr'><strong><em>in</em></strong></span> <span class='ocrx_word' id='word_1_594' title='bbox 1319 4202 1382 4241; x_wconf 88' lang='lat' dir='ltr'><strong><em>ea</em></strong></span> <span class='ocrx_word' id='word_1_595' title='bbox 1422 4185 1816 4241; x_wconf 83' lang='lat' dir='ltr'><strong><em>exercebantur</em></strong></span> 
     </span>
    </p>
   </div>
   <div class='ocr_carea' id='block_1_76' title="bbox 240 4275 1814 4356">
    <p class='ocr_par' dir='ltr' id='par_1_76' title="bbox 240 4275 1814 4356">
     <span class='ocr_line' id='line_1_76' title="bbox 240 4275 1814 4356; baseline -0.006 -18"><span class='ocrx_word' id='word_1_596' title='bbox 240 4285 455 4356; x_wconf 87' lang='lat' dir='ltr'><strong><em>judicia,</em></strong></span> <span class='ocrx_word' id='word_1_597' title='bbox 482 4285 628 4354; x_wconf 87' lang='lat' dir='ltr'><strong><em>quod</em></strong></span> <span class='ocrx_word' id='word_1_598' title='bbox 680 4299 789 4339; x_wconf 89' lang='lat' dir='ltr'><strong><em>non</em></strong></span> <span class='ocrx_word' id='word_1_599' title='bbox 835 4281 1248 4352; x_wconf 84' lang='lat' dir='ltr'><strong><em>permittebatur</em></strong></span> <span class='ocrx_word' id='word_1_600' title='bbox 1291 4278 1346 4332; x_wconf 93' lang='lat' dir='ltr'><strong><em>in</em></strong></span> <span class='ocrx_word' id='word_1_601' title='bbox 1402 4292 1466 4332; x_wconf 89' lang='lat' dir='ltr'><strong><em>ea</em></strong></span> <span class='ocrx_word' id='word_1_602' title='bbox 1512 4275 1814 4331; x_wconf 88' lang='lat' dir='ltr'><strong><em>rectoribus</em></strong></span> 
     </span>
    </p>
   </div>
   <div class='ocr_carea' id='block_1_77' title="bbox 242 4364 1814 4445">
    <p class='ocr_par' dir='ltr' id='par_1_77' title="bbox 242 4364 1814 4445">
     <span class='ocr_line' id='line_1_77' title="bbox 242 4364 1814 4445; baseline -0.007 -15"><span class='ocrx_word' id='word_1_603' title='bbox 242 4389 571 4445; x_wconf 86' lang='lat' dir='ltr'><strong><em>permanere.</em></strong></span> <span class='ocrx_word' id='word_1_604' title='bbox 603 4373 754 4440; x_wconf 85' lang='lat' dir='ltr'><strong><em>Quod</em></strong></span> <span class='ocrx_word' id='word_1_605' title='bbox 800 4385 930 4439; x_wconf 71' lang='lat' dir='ltr'><strong><em>vere</em></strong></span> <span class='ocrx_word' id='word_1_606' title='bbox 960 4384 1055 4424; x_wconf 88' lang='lat' dir='ltr'><strong><em>rex</em></strong></span> <span class='ocrx_word' id='word_1_607' title='bbox 1083 4368 1254 4422; x_wconf 85' lang='lat' dir='ltr'><strong><em>honos</em></strong></span> <span class='ocrx_word' id='word_1_608' title='bbox 1290 4366 1581 4421; x_wconf 89' lang='lat' dir='ltr'><strong><em>sublimare</em></strong></span> <span class='ocrx_word' id='word_1_609' title='bbox 1601 4404 1616 4427; x_wconf 91' lang='lat'><strong><em>,</em></strong></span> <span class='ocrx_word' id='word_1_610' title='bbox 1670 4364 1814 4433; x_wconf 88' lang='lat' dir='ltr'><strong><em>quod</em></strong></span> 
     </span>
    </p>
   </div>
   <div class='ocr_carea' id='block_1_78' title="bbox 1911 3175 3485 3249">
    <p class='ocr_par' dir='ltr' id='par_1_78' title="bbox 1911 3175 3485 3249">
     <span class='ocr_line' id='line_1_78' title="bbox 1911 3175 3485 3249; baseline -0.009 -6"><span class='ocrx_word' id='word_1_611' title='bbox 1911 3187 2012 3244; x_wconf 85' lang='lat' dir='ltr'><strong><em>sub</em></strong></span> <span class='ocrx_word' id='word_1_612' title='bbox 2034 3200 2100 3242; x_wconf 90' lang='lat' dir='ltr'><strong><em>eo</em></strong></span> <span class='ocrx_word' id='word_1_613' title='bbox 2129 3183 2408 3241; x_wconf 88' lang='lat' dir='ltr'><strong><em>constituti</em></strong></span> <span class='ocrx_word' id='word_1_614' title='bbox 2448 3190 2577 3239; x_wconf 88' lang='lat' dir='ltr'><strong><em>sunt</em></strong></span> <span class='ocrx_word' id='word_1_615' title='bbox 2619 3178 2856 3236; x_wconf 87' lang='lat' dir='ltr'><strong><em>ministri</em></strong></span> <span class='ocrx_word' id='word_1_616' title='bbox 2890 3175 3301 3249; x_wconf 88' lang='lat' dir='ltr'><strong><em>diligentissime</em></strong></span> <span class='ocrx_word' id='word_1_617' title='bbox 3325 3175 3394 3230; x_wconf 87' lang='lat' dir='ltr'><strong><em>ab</em></strong></span> <span class='ocrx_word' id='word_1_618' title='bbox 3418 3188 3485 3229; x_wconf 85' lang='lat' dir='ltr'><strong><em>eo</em></strong></span> 
     </span>
    </p>
   </div>
   <div class='ocr_carea' id='block_1_79' title="bbox 1910 3264 3485 3345">
    <p class='ocr_par' dir='ltr' id='par_1_79' title="bbox 1910 3264 3485 3345">
     <span class='ocr_line' id='line_1_79' title="bbox 1910 3264 3485 3345; baseline -0.008 -13"><span class='ocrx_word' id='word_1_619' title='bbox 1910 3276 2276 3345; x_wconf 71' lang='lat' dir='ltr'><strong><em>inquiruntur,</em></strong></span> <span class='ocrx_word' id='word_1_620' title='bbox 2315 3288 2384 3327; x_wconf 86' lang='lat' dir='ltr'><strong><em>ne</em></strong></span> <span class='ocrx_word' id='word_1_621' title='bbox 2405 3273 2521 3345; x_wconf 88' lang='lat' dir='ltr'><strong><em>ipse</em></strong></span> <span class='ocrx_word' id='word_1_622' title='bbox 2550 3286 2651 3341; x_wconf 92' lang='lat' dir='ltr'><strong><em>pro</em></strong></span> <span class='ocrx_word' id='word_1_623' title='bbox 2669 3269 2753 3324; x_wconf 88' lang='lat' dir='ltr'><strong><em>eis</em></strong></span> <span class='ocrx_word' id='word_1_624' title='bbox 2767 3267 3030 3338; x_wconf 83' lang='lat' dir='ltr'><strong><em>judicium</em></strong></span> <span class='ocrx_word' id='word_1_625' title='bbox 3074 3265 3319 3321; x_wconf 88' lang='lat' dir='ltr'><strong><em>incurrat</em></strong></span> <span class='ocrx_word' id='word_1_626' title='bbox 3343 3264 3485 3320; x_wconf 82' lang='lat' dir='ltr'><strong><em>divi-</em></strong></span> 
     </span>
    </p>
   </div>
   <div class='ocr_carea' id='block_1_80' title="bbox 1909 3354 3485 3433">
    <p class='ocr_par' dir='ltr' id='par_1_80' title="bbox 1909 3354 3485 3433">
     <span class='ocr_line' id='line_1_80' title="bbox 1909 3354 3485 3433; baseline -0.006 -14"><span class='ocrx_word' id='word_1_627' title='bbox 1909 3379 2059 3419; x_wconf 91' lang='lat' dir='ltr'><strong><em>num.</em></strong></span> <span class='ocrx_word' id='word_1_628' title='bbox 2092 3361 2227 3433; x_wconf 84' lang='lat' dir='ltr'><strong><em>ipsis</em></strong></span> <span class='ocrx_word' id='word_1_629' title='bbox 2252 3362 2417 3417; x_wconf 87' lang='lat' dir='ltr'><strong><em>etiam</em></strong></span> <span class='ocrx_word' id='word_1_630' title='bbox 2438 3359 2702 3416; x_wconf 89' lang='lat' dir='ltr'><strong><em>ministris</em></strong></span> <span class='ocrx_word' id='word_1_631' title='bbox 2747 3357 3176 3414; x_wconf 85' lang='lat' dir='ltr'><strong><em>denuntiandum</em></strong></span> <span class='ocrx_word' id='word_1_632' title='bbox 3224 3363 3310 3410; x_wconf 87' lang='lat' dir='ltr'><strong><em>est</em></strong></span> <span class='ocrx_word' id='word_1_633' title='bbox 3339 3354 3485 3425; x_wconf 89' lang='lat' dir='ltr'><strong><em>quod</em></strong></span> 
     </span>
    </p>
   </div>
   <div class='ocr_carea' id='block_1_81' title="bbox 1910 3442 3488 3524">
    <p class='ocr_par' dir='ltr' id='par_1_81' title="bbox 1910 3442 3488 3524">
     <span class='ocr_line' id='line_1_81' title="bbox 1910 3442 3488 3524; baseline -0.004 -18"><span class='ocrx_word' id='word_1_634' title='bbox 1910 3453 2170 3524; x_wconf 88' lang='lat' dir='ltr'><strong><em>quidquid</em></strong></span> <span class='ocrx_word' id='word_1_635' title='bbox 2190 3450 2555 3519; x_wconf 76' lang='lat' dir='ltr'><strong><em>iudicaverint</em></strong></span> <span class='ocrx_word' id='word_1_636' title='bbox 2579 3449 2633 3504; x_wconf 92' lang='lat' dir='ltr'><strong><em>in</em></strong></span> <span class='ocrx_word' id='word_1_637' title='bbox 2661 3463 2755 3503; x_wconf 87' lang='lat' dir='ltr'><strong><em>eos</em></strong></span> <span class='ocrx_word' id='word_1_638' title='bbox 2798 3446 3140 3509; x_wconf 89' lang='lat' dir='ltr'><strong><em>redundabit,</em></strong></span> <span class='ocrx_word' id='word_1_639' title='bbox 3171 3442 3326 3513; x_wconf 77' lang='lat' dir='ltr'><strong><em>juxta</em></strong></span> <span class='ocrx_word' id='word_1_640' title='bbox 3356 3442 3488 3500; x_wconf 85' lang='lat' dir='ltr'><strong><em>illud</em></strong></span> 
     </span>
    </p>
   </div>
   <div class='ocr_carea' id='block_1_82' title="bbox 1911 3534 3488 3614">
    <p class='ocr_par' dir='ltr' id='par_1_82' title="bbox 1911 3534 3488 3614">
     <span class='ocr_line' id='line_1_82' title="bbox 1911 3534 3488 3614; baseline -0.007 -17"><span class='ocrx_word' id='word_1_641' title='bbox 1911 3543 2055 3614; x_wconf 82' lang='lat' dir='ltr'><strong><em>quod</em></strong></span> <span class='ocrx_word' id='word_1_642' title='bbox 2080 3544 2133 3598; x_wconf 91' lang='lat' dir='ltr'><strong><em>in</em></strong></span> <span class='ocrx_word' id='word_1_643' title='bbox 2159 3543 2299 3598; x_wconf 90' lang='lat' dir='ltr'><strong><em>libro</em></strong></span> <span class='ocrx_word' id='word_1_644' title='bbox 2326 3542 2774 3613; x_wconf 84' lang='lat' dir='ltr'><strong><em>Paralipomenon</em></strong></span> <span class='ocrx_word' id='word_1_645' title='bbox 2801 3538 2997 3609; x_wconf 80' lang='lat' dir='ltr'><strong><em>legitur</em></strong></span> <span class='ocrx_word' id='word_1_646' title='bbox 3023 3555 3038 3591; x_wconf 75' lang='grc' dir='ltr'><strong>ε</strong></span> <span class='ocrx_word' id='word_1_647' title='bbox 3069 3534 3341 3589; x_wconf 82' lang='lat' dir='ltr'><strong><em>Habitabit</em></strong></span> <span class='ocrx_word' id='word_1_648' title='bbox 3363 3548 3488 3604; x_wconf 85' lang='lat' dir='ltr'><strong><em>erga</em></strong></span> 
     </span>
    </p>
   </div>
   <div class='ocr_carea' id='block_1_83' title="bbox 1910 3622 3484 3707">
    <p class='ocr_par' dir='ltr' id='par_1_83' title="bbox 1910 3622 3484 3707">
     <span class='ocr_line' id='line_1_83' title="bbox 1910 3622 3484 3707; baseline -0.007 -15"><span class='ocrx_word' id='word_1_649' title='bbox 1910 3636 2167 3707; x_wconf 79' lang='lat' dir='ltr'><strong><em>Josapltat</em></strong></span> <span class='ocrx_word' id='word_1_650' title='bbox 2197 3635 2253 3690; x_wconf 90' lang='lat' dir='ltr'><strong><em>in</em></strong></span> <span class='ocrx_word' id='word_1_651' title='bbox 2294 3632 2663 3696; x_wconf 86' lang='lat' dir='ltr'><strong><em>Hierusalem;</em></strong></span> <span class='ocrx_word' id='word_1_652' title='bbox 2714 3645 2997 3700; x_wconf 90' lang='lat' dir='ltr'><strong><em>rursusque</em></strong></span> <span class='ocrx_word' id='word_1_653' title='bbox 3042 3642 3277 3697; x_wconf 84' lang='lat' dir='ltr'><strong><em>egressus</em></strong></span> <span class='ocrx_word' id='word_1_654' title='bbox 3309 3634 3384 3680; x_wconf 89' lang='lat' dir='ltr'><strong><em>est</em></strong></span> <span class='ocrx_word' id='word_1_655' title='bbox 3413 3622 3484 3681; x_wconf 81' lang='lat' dir='ltr'><strong><em>ad</em></strong></span> 
     </span>
    </p>
   </div>
   <div class='ocr_carea' id='block_1_84' title="bbox 1911 3715 3485 3798">
    <p class='ocr_par' dir='ltr' id='par_1_84' title="bbox 1911 3715 3485 3798">
     <span class='ocr_line' id='line_1_84' title="bbox 1911 3715 3485 3798; baseline -0.01 -16"><span class='ocrx_word' id='word_1_656' title='bbox 1911 3724 2160 3798; x_wconf 82' lang='lat' dir='ltr'><strong><em>populum</em></strong></span> <span class='ocrx_word' id='word_1_657' title='bbox 2192 3725 2255 3779; x_wconf 89' lang='lat' dir='ltr'><strong><em>de</em></strong></span> <span class='ocrx_word' id='word_1_658' title='bbox 2274 3723 2533 3781; x_wconf 85' lang='lat' dir='ltr'><strong><em>Bersabee</em></strong></span> <span class='ocrx_word' id='word_1_659' title='bbox 2574 3736 2736 3791; x_wconf 89' lang='lat' dir='ltr'><strong><em>usque</em></strong></span> <span class='ocrx_word' id='word_1_660' title='bbox 2770 3719 2837 3772; x_wconf 87' lang='lat' dir='ltr'><strong><em>ad</em></strong></span> <span class='ocrx_word' id='word_1_661' title='bbox 2867 3726 3091 3772; x_wconf 89' lang='lat' dir='ltr'><strong><em>montem</em></strong></span> <span class='ocrx_word' id='word_1_662' title='bbox 3135 3715 3411 3785; x_wconf 79' lang='lat' dir='ltr'><strong><em>Epitraim,</em></strong></span> <span class='ocrx_word' id='word_1_663' title='bbox 3433 3723 3485 3768; x_wconf 89' lang='lat' dir='ltr'><strong><em>et</em></strong></span> 
     </span>
    </p>
   </div>
   <div class='ocr_carea' id='block_1_85' title="bbox 1912 3808 3482 3877">
    <p class='ocr_par' dir='ltr' id='par_1_85' title="bbox 1912 3808 3482 3877">
     <span class='ocr_line' id='line_1_85' title="bbox 1912 3808 3482 3877; baseline -0.006 -9"><span class='ocrx_word' id='word_1_664' title='bbox 1912 3814 2169 3870; x_wconf 82' lang='lat' dir='ltr'><strong><em>revocavit</em></strong></span> <span class='ocrx_word' id='word_1_665' title='bbox 2226 3828 2312 3867; x_wconf 88' lang='lat' dir='ltr'><strong><em>eos</em></strong></span> <span class='ocrx_word' id='word_1_666' title='bbox 2345 3812 2415 3866; x_wconf 84' lang='lat' dir='ltr'><strong><em>ad</em></strong></span> <span class='ocrx_word' id='word_1_667' title='bbox 2460 3811 2743 3865; x_wconf 88' lang='lat' dir='ltr'><strong><em>Dominum</em></strong></span> <span class='ocrx_word' id='word_1_668' title='bbox 2787 3808 2956 3862; x_wconf 86' lang='lat' dir='ltr'><strong><em>Deum</em></strong></span> <span class='ocrx_word' id='word_1_669' title='bbox 2998 3815 3209 3877; x_wconf 87' lang='lat' dir='ltr'><strong><em>patrum</em></strong></span> <span class='ocrx_word' id='word_1_670' title='bbox 3238 3818 3482 3859; x_wconf 80' lang='lat' dir='ltr'><strong><em>suorum.</em></strong></span> 
     </span>
    </p>
   </div>
   <div class='ocr_carea' id='block_1_86' title="bbox 1912 3890 3479 3971">
    <p class='ocr_par' dir='ltr' id='par_1_86' title="bbox 1912 3890 3479 3971">
     <span class='ocr_line' id='line_1_86' title="bbox 1912 3890 3479 3971; baseline -0.008 -13"><span class='ocrx_word' id='word_1_671' title='bbox 1912 3901 2291 3971; x_wconf 86' lang='lat' dir='ltr'><strong><em>Constituitque</em></strong></span> <span class='ocrx_word' id='word_1_672' title='bbox 2307 3898 2514 3969; x_wconf 87' lang='lat' dir='ltr'><strong><em>judices</em></strong></span> <span class='ocrx_word' id='word_1_673' title='bbox 2539 3908 2693 3951; x_wconf 76' lang='lat' dir='ltr'><strong><em>terra:</em></strong></span> <span class='ocrx_word' id='word_1_674' title='bbox 2710 3897 2766 3950; x_wconf 89' lang='lat' dir='ltr'><strong><em>in</em></strong></span> <span class='ocrx_word' id='word_1_675' title='bbox 2797 3895 2994 3949; x_wconf 87' lang='lat' dir='ltr'><strong><em>cunctis</em></strong></span> <span class='ocrx_word' id='word_1_676' title='bbox 3014 3892 3309 3947; x_wconf 83' lang='lat' dir='ltr'><strong><em>civitatibus</em></strong></span> <span class='ocrx_word' id='word_1_677' title='bbox 3331 3890 3365 3944; x_wconf 84' lang='grc' dir='ltr'><em>Ι</em></span> <span class='ocrx_word' id='word_1_678' title='bbox 3371 3890 3479 3945; x_wconf 89' lang='lat' dir='ltr'><strong><em>uda</em></strong></span> 
     </span>
    </p>
   </div>
   <div class='ocr_carea' id='block_1_87' title="bbox 1910 3979 3472 4060">
    <p class='ocr_par' dir='ltr' id='par_1_87' title="bbox 1910 3979 3472 4060">
     <span class='ocr_line' id='line_1_87' title="bbox 1910 3979 3472 4060; baseline -0.009 -14"><span class='ocrx_word' id='word_1_679' title='bbox 1910 3992 2126 4046; x_wconf 85' lang='lat' dir='ltr'><strong><em>munitis</em></strong></span> <span class='ocrx_word' id='word_1_680' title='bbox 2150 4005 2241 4060; x_wconf 90' lang='lat' dir='ltr'><strong><em>per</em></strong></span> <span class='ocrx_word' id='word_1_681' title='bbox 2283 3986 2491 4056; x_wconf 85' lang='lat' dir='ltr'><strong><em>singula</em></strong></span> <span class='ocrx_word' id='word_1_682' title='bbox 2539 3985 2679 4050; x_wconf 91' lang='lat' dir='ltr'><strong><em>loca,</em></strong></span> <span class='ocrx_word' id='word_1_683' title='bbox 2711 3994 2759 4038; x_wconf 90' lang='lat' dir='ltr'><strong><em>et</em></strong></span> <span class='ocrx_word' id='word_1_684' title='bbox 2803 3983 3105 4054; x_wconf 68' lang='lat' dir='ltr'><strong><em>praecipiens</em></strong></span> <span class='ocrx_word' id='word_1_685' title='bbox 3149 3979 3422 4051; x_wconf 87' lang='lat' dir='ltr'><strong><em>judicibus</em></strong></span> <span class='ocrx_word' id='word_1_686' title='bbox 3451 3996 3472 4032; x_wconf 89' lang='lat'><strong><em>:</em></strong></span> 
     </span>
    </p>
   </div>
   <div class='ocr_carea' id='block_1_88' title="bbox 1927 4069 3489 4149">
    <p class='ocr_par' dir='ltr' id='par_1_88' title="bbox 1927 4069 3489 4149">
     <span class='ocr_line' id='line_1_88' title="bbox 1927 4069 3489 4149; baseline -0.008 -14"><span class='ocrx_word' id='word_1_687' title='bbox 1927 4082 2120 4144; x_wconf 85' lang='lat' dir='ltr'><strong><em>Videte,</em></strong></span> <span class='ocrx_word' id='word_1_688' title='bbox 2162 4080 2259 4144; x_wconf 89' lang='lat' dir='ltr'><strong><em>ait,</em></strong></span> <span class='ocrx_word' id='word_1_689' title='bbox 2284 4076 2412 4149; x_wconf 86' lang='lat' dir='ltr'><strong><em>quid</em></strong></span> <span class='ocrx_word' id='word_1_690' title='bbox 2440 4076 2668 4146; x_wconf 70' lang='lat' dir='ltr'><strong><em>jlxciatis,</em></strong></span> <span class='ocrx_word' id='word_1_691' title='bbox 2697 4091 2802 4129; x_wconf 88' lang='lat' dir='ltr'><strong><em>non</em></strong></span> <span class='ocrx_word' id='word_1_692' title='bbox 2837 4075 2974 4129; x_wconf 89' lang='lat' dir='ltr'><strong><em>enim</em></strong></span> <span class='ocrx_word' id='word_1_693' title='bbox 2995 4072 3217 4128; x_wconf 85' lang='lat' dir='ltr'><strong><em>hominis</em></strong></span> <span class='ocrx_word' id='word_1_694' title='bbox 3238 4069 3489 4126; x_wconf 70' lang='lat' dir='ltr'><strong><em>exercetis</em></strong></span> 
     </span>
    </p>
   </div>
   <div class='ocr_carea' id='block_1_89' title="bbox 1903 4162 3487 4243">
    <p class='ocr_par' dir='ltr' id='par_1_89' title="bbox 1903 4162 3487 4243">
     <span class='ocr_line' id='line_1_89' title="bbox 1903 4162 3487 4243; baseline -0.006 -19"><span class='ocrx_word' id='word_1_695' title='bbox 1903 4170 2191 4243; x_wconf 84' lang='lat' dir='ltr'><strong><em>judicium,</em></strong></span> <span class='ocrx_word' id='word_1_696' title='bbox 2231 4167 2320 4223; x_wconf 90' lang='lat' dir='ltr'><strong><em>sed</em></strong></span> <span class='ocrx_word' id='word_1_697' title='bbox 2365 4167 2599 4231; x_wconf 87' lang='lat' dir='ltr'><strong><em>Domini,</em></strong></span> <span class='ocrx_word' id='word_1_698' title='bbox 2627 4173 2676 4219; x_wconf 90' lang='lat' dir='ltr'><strong><em>et</em></strong></span> <span class='ocrx_word' id='word_1_699' title='bbox 2720 4164 3062 4236; x_wconf 85' lang='lat' dir='ltr'><strong><em>quodcunque</em></strong></span> <span class='ocrx_word' id='word_1_700' title='bbox 3094 4162 3487 4234; x_wconf 79' lang='lat' dir='ltr'><strong><em>judicaveritis,</em></strong></span> 
     </span>
    </p>
   </div>
   <div class='ocr_carea' id='block_1_90' title="bbox 1916 4253 3483 4319">
    <p class='ocr_par' dir='ltr' id='par_1_90' title="bbox 1916 4253 3483 4319">
     <span class='ocr_line' id='line_1_90' title="bbox 1916 4253 3483 4319; baseline -0.008 -1"><span class='ocrx_word' id='word_1_701' title='bbox 1916 4265 1973 4319; x_wconf 88' lang='lat' dir='ltr'><strong><em>in</em></strong></span> <span class='ocrx_word' id='word_1_702' title='bbox 2011 4279 2101 4316; x_wconf 85' lang='lat' dir='ltr'><strong><em>vos</em></strong></span> <span class='ocrx_word' id='word_1_703' title='bbox 2153 4259 2485 4315; x_wconf 85' lang='lat' dir='ltr'><strong><em>redundabit.</em></strong></span> <span class='ocrx_word' id='word_1_704' title='bbox 2541 4257 2623 4313; x_wconf 89' lang='lat' dir='ltr'><strong><em>Sit</em></strong></span> <span class='ocrx_word' id='word_1_705' title='bbox 2669 4258 2827 4311; x_wconf 90' lang='lat' dir='ltr'><strong><em>timor</em></strong></span> <span class='ocrx_word' id='word_1_706' title='bbox 2874 4254 3089 4309; x_wconf 87' lang='lat' dir='ltr'><strong><em>Domini</em></strong></span> <span class='ocrx_word' id='word_1_707' title='bbox 3123 4253 3483 4315; x_wconf 58' lang='lat' dir='ltr'><strong><em>vobiscum,»</em></strong></span> 
     </span>
    </p>
   </div>
   <div class='ocr_carea' id='block_1_91' title="bbox 1914 4342 3483 4425">
    <p class='ocr_par' dir='ltr' id='par_1_91' title="bbox 1914 4342 3483 4425">
     <span class='ocr_line' id='line_1_91' title="bbox 1914 4342 3483 4425; baseline -0.01 -14"><span class='ocrx_word' id='word_1_708' title='bbox 1914 4373 2033 4411; x_wconf 88' lang='lat' dir='ltr'><strong><em>cum</em></strong></span> <span class='ocrx_word' id='word_1_709' title='bbox 2059 4353 2330 4425; x_wconf 84' lang='lat' dir='ltr'><strong><em>diligentia</em></strong></span> <span class='ocrx_word' id='word_1_710' title='bbox 2357 4360 2548 4407; x_wconf 85' lang='lat' dir='ltr'><strong><em>cuncta</em></strong></span> <span class='ocrx_word' id='word_1_711' title='bbox 2575 4350 2734 4420; x_wconf 74' lang='lat' dir='ltr'><strong><em>facite</em></strong></span> <span class='ocrx_word' id='word_1_712' title='bbox 2760 4361 2779 4400; x_wconf 89' lang='lat'><strong><em>:</em></strong></span> <span class='ocrx_word' id='word_1_713' title='bbox 2812 4363 2916 4403; x_wconf 87' lang='lat' dir='ltr'><strong><em>non</em></strong></span> <span class='ocrx_word' id='word_1_714' title='bbox 2940 4356 3017 4400; x_wconf 89' lang='lat' dir='ltr'><strong><em>est</em></strong></span> <span class='ocrx_word' id='word_1_715' title='bbox 3036 4345 3174 4400; x_wconf 84' lang='lat' dir='ltr'><strong><em>enim</em></strong></span> <span class='ocrx_word' id='word_1_716' title='bbox 3201 4343 3341 4414; x_wconf 81' lang='lat' dir='ltr'><strong><em>apud</em></strong></span> <span class='ocrx_word' id='word_1_717' title='bbox 3368 4342 3483 4397; x_wconf 75' lang='lat' dir='ltr'><strong><em>Do-</em></strong></span> 
     </span>
    </p>
   </div>
   <div class='ocr_carea' id='block_1_92' title="bbox 243 4439 3484 4530">
    <p class='ocr_par' dir='ltr' id='par_1_92' title="bbox 243 4439 3484 4530">
     <span class='ocr_line' id='line_1_92' title="bbox 243 4439 3484 4530; baseline -0.01 -11"><span class='ocrx_word' id='word_1_718' title='bbox 243 4439 402 4522; x_wconf 70' lang='grc' dir='ltr'><strong><em>ἱωιοε</em></strong></span> <span class='ocrx_word' id='word_1_719' title='bbox 446 4439 645 4521; x_wconf 83' lang='lat' dir='ltr'><strong><em>debeat</em></strong></span> <span class='ocrx_word' id='word_1_720' title='bbox 686 4460 1064 4530; x_wconf 87' lang='lat' dir='ltr'><strong><em>comprimere,</em></strong></span> <span class='ocrx_word' id='word_1_721' title='bbox 1093 4457 1367 4526; x_wconf 88' lang='lat' dir='ltr'><strong><em>apostolus</em></strong></span> <span class='ocrx_word' id='word_1_722' title='bbox 1412 4455 1607 4510; x_wconf 88' lang='lat' dir='ltr'><strong><em>Petrus</em></strong></span> <span class='ocrx_word' id='word_1_723' title='bbox 1654 4454 1810 4509; x_wconf 89' lang='lat' dir='ltr'><strong><em>docet</em></strong></span> <span class='ocrx_word' id='word_1_724' title='bbox 1838 4464 1886 4524; x_wconf 80' lang='grc' dir='ltr'>ι)</span> <span class='ocrx_word' id='word_1_725' title='bbox 1912 4446 2110 4501; x_wconf 67' lang='lat' dir='ltr'><strong><em>mitium</em></strong></span> <span class='ocrx_word' id='word_1_726' title='bbox 2138 4444 2307 4497; x_wconf 81' lang='lat' dir='ltr'><strong><em>Deum</em></strong></span> <span class='ocrx_word' id='word_1_727' title='bbox 2329 4452 2564 4530; x_wconf 71' lang='lat' dir='ltr'><strong><em>nostrum</em></strong></span> <span class='ocrx_word' id='word_1_728' title='bbox 2593 4439 2891 4530; x_wconf 72' lang='lat' dir='ltr'><strong><em>iniqvitas_,_</em></strong></span> <span class='ocrx_word' id='word_1_729' title='bbox 2912 4452 3003 4530; x_wconf 69' lang='lat' dir='ltr'><strong><em>n_ec</em></strong></span> <span class='ocrx_word' id='word_1_730' title='bbox 3024 4450 3484 4530; x_wconf 49' lang='lat' dir='ltr'><strong><em>personarum.“—</em></strong></span> 
     </span>
    </p>
   </div>
   <div class='ocr_carea' id='block_1_93' title="bbox 243 4545 1811 4617">
    <p class='ocr_par' dir='ltr' id='par_1_93' title="bbox 243 4545 1811 4617">
     <span class='ocr_line' id='line_1_93' title="bbox 243 4545 1811 4617; baseline -0.007 -11"><span class='ocrx_word' id='word_1_731' title='bbox 243 4551 456 4608; x_wconf 82' lang='lat' dir='ltr'><strong><em>dicens:</em></strong></span> <span class='ocrx_word' id='word_1_732' title='bbox 490 4550 703 4608; x_wconf 87' lang='lat' dir='ltr'><strong><em>Subditi</em></strong></span> <span class='ocrx_word' id='word_1_733' title='bbox 755 4548 915 4617; x_wconf 88' lang='lat' dir='ltr'><strong><em>igitur</em></strong></span> <span class='ocrx_word' id='word_1_734' title='bbox 959 4556 1116 4601; x_wconf 89' lang='lat' dir='ltr'><strong><em>estote</em></strong></span> <span class='ocrx_word' id='word_1_735' title='bbox 1150 4546 1288 4598; x_wconf 87' lang='lat' dir='ltr'><strong><em>omni</em></strong></span> <span class='ocrx_word' id='word_1_736' title='bbox 1327 4545 1570 4598; x_wconf 74' lang='lat' dir='ltr'><strong><em>humana:</em></strong></span> <span class='ocrx_word' id='word_1_737' title='bbox 1606 4552 1811 4597; x_wconf 88' lang='lat' dir='ltr'><strong><em>creatu—</em></strong></span> 
     </span>
    </p>
   </div>
   <div class='ocr_carea' id='block_1_94' title="bbox 246 4632 1806 4710">
    <p class='ocr_par' dir='ltr' id='par_1_94' title="bbox 246 4632 1806 4710">
     <span class='ocr_line' id='line_1_94' title="bbox 246 4632 1806 4710; baseline -0.006 -17"><span class='ocrx_word' id='word_1_738' title='bbox 246 4657 311 4694; x_wconf 80' lang='lat' dir='ltr'><strong><em>rte</em></strong></span> <span class='ocrx_word' id='word_1_739' title='bbox 338 4651 549 4710; x_wconf 89' lang='lat' dir='ltr'><strong><em>propter</em></strong></span> <span class='ocrx_word' id='word_1_740' title='bbox 600 4638 913 4700; x_wconf 89' lang='lat' dir='ltr'><strong><em>Dominum,</em></strong></span> <span class='ocrx_word' id='word_1_741' title='bbox 959 4638 1065 4690; x_wconf 89' lang='lat' dir='ltr'><strong><em>sive</em></strong></span> <span class='ocrx_word' id='word_1_742' title='bbox 1121 4634 1229 4704; x_wconf 88' lang='lat' dir='ltr'><strong><em>regi</em></strong></span> <span class='ocrx_word' id='word_1_743' title='bbox 1267 4635 1418 4704; x_wconf 89' lang='lat' dir='ltr'><strong><em>quasi</em></strong></span> <span class='ocrx_word' id='word_1_744' title='bbox 1459 4632 1806 4702; x_wconf 71' lang='lat' dir='ltr'><strong><em>prrecellenti,</em></strong></span> 
     </span>
    </p>
   </div>
   <div class='ocr_carea' id='block_1_95' title="bbox 244 4722 1811 4798">
    <p class='ocr_par' dir='ltr' id='par_1_95' title="bbox 244 4722 1811 4798">
     <span class='ocr_line' id='line_1_95' title="bbox 244 4722 1811 4798; baseline -0.005 -16"><span class='ocrx_word' id='word_1_745' title='bbox 244 4731 339 4784; x_wconf 77' lang='lat' dir='ltr'><strong><em>sive</em></strong></span> <span class='ocrx_word' id='word_1_746' title='bbox 363 4731 584 4785; x_wconf 86' lang='lat' dir='ltr'><strong><em>ducibus</em></strong></span> <span class='ocrx_word' id='word_1_747' title='bbox 609 4738 861 4798; x_wconf 88' lang='lat' dir='ltr'><strong><em>tanquam</em></strong></span> <span class='ocrx_word' id='word_1_748' title='bbox 884 4726 949 4781; x_wconf 90' lang='lat' dir='ltr'><strong><em>ab</em></strong></span> <span class='ocrx_word' id='word_1_749' title='bbox 994 4742 1056 4780; x_wconf 90' lang='lat' dir='ltr'><strong><em>eo</em></strong></span> <span class='ocrx_word' id='word_1_750' title='bbox 1085 4725 1255 4779; x_wconf 86' lang='lat' dir='ltr'><strong><em>missis</em></strong></span> <span class='ocrx_word' id='word_1_751' title='bbox 1285 4724 1354 4777; x_wconf 90' lang='lat' dir='ltr'><strong><em>ad</em></strong></span> <span class='ocrx_word' id='word_1_752' title='bbox 1383 4722 1667 4776; x_wconf 86' lang='lat' dir='ltr'><strong><em>vindictam</em></strong></span> <span class='ocrx_word' id='word_1_753' title='bbox 1695 4738 1811 4775; x_wconf 83' lang='lat' dir='ltr'><strong><em>ma-</em></strong></span> 
     </span>
    </p>
   </div>
   <div class='ocr_carea' id='block_1_96' title="bbox 243 4810 1809 4890">
    <p class='ocr_par' dir='ltr' id='par_1_96' title="bbox 243 4810 1809 4890">
     <span class='ocr_line' id='line_1_96' title="bbox 243 4810 1809 4890; baseline -0.004 -18"><span class='ocrx_word' id='word_1_754' title='bbox 243 4820 545 4890; x_wconf 81' lang='lat' dir='ltr'><strong><em>lefactorum</em></strong></span> <span class='ocrx_word' id='word_1_755' title='bbox 571 4859 587 4885; x_wconf 95' lang='lat'><strong><em>,</em></strong></span> <span class='ocrx_word' id='word_1_756' title='bbox 629 4820 839 4873; x_wconf 88' lang='lat' dir='ltr'><strong><em>laudem</em></strong></span> <span class='ocrx_word' id='word_1_757' title='bbox 891 4833 1007 4872; x_wconf 85' lang='lat' dir='ltr'><strong><em>vero</em></strong></span> <span class='ocrx_word' id='word_1_758' title='bbox 1047 4817 1295 4871; x_wconf 85' lang='lat' dir='ltr'><strong><em>bonorum</em></strong></span> <span class='ocrx_word' id='word_1_759' title='bbox 1327 4814 1376 4885; x_wconf 90' lang='grc' dir='ltr'><strong><em>(Ι</em></strong></span> <span class='ocrx_word' id='word_1_760' title='bbox 1404 4810 1547 4867; x_wconf 87' lang='lat' dir='ltr'><strong><em>Petr.</em></strong></span> <span class='ocrx_word' id='word_1_761' title='bbox 1600 4827 1663 4878; x_wconf 84' lang='lat' dir='ltr'><strong><em>ii,</em></strong></span> <span class='ocrx_word' id='word_1_762' title='bbox 1699 4811 1809 4882; x_wconf 73' lang='grc'><strong><em>15).</em></strong></span> 
     </span>
    </p>
   </div>
   <div class='ocr_carea' id='block_1_97' title="bbox 244 4900 1807 4975">
    <p class='ocr_par' dir='ltr' id='par_1_97' title="bbox 244 4900 1807 4975">
     <span class='ocr_line' id='line_1_97' title="bbox 244 4900 1807 4975; baseline -0.006 -10"><span class='ocrx_word' id='word_1_763' title='bbox 244 4909 361 4975; x_wconf 71' lang='lat' dir='ltr'><strong><em>Quze</em></strong></span> <span class='ocrx_word' id='word_1_764' title='bbox 386 4912 558 4964; x_wconf 84' lang='lat' dir='ltr'><strong><em>verba</em></strong></span> <span class='ocrx_word' id='word_1_765' title='bbox 601 4908 678 4962; x_wconf 85' lang='lat' dir='ltr'><strong><em>ita</em></strong></span> <span class='ocrx_word' id='word_1_766' title='bbox 716 4907 858 4961; x_wconf 85' lang='lat' dir='ltr'><strong><em>Beda</em></strong></span> <span class='ocrx_word' id='word_1_767' title='bbox 902 4905 1167 4975; x_wconf 81' lang='lat' dir='ltr'><strong><em>exponitll</em></strong></span> <span class='ocrx_word' id='word_1_768' title='bbox 1197 4921 1211 4957; x_wconf 91' lang='lat'><strong>:</strong></span> <span class='ocrx_word' id='word_1_769' title='bbox 1248 4922 1267 4953; x_wconf 79' lang='grc' dir='ltr'><strong><em>ι</em></strong></span> <span class='ocrx_word' id='word_1_770' title='bbox 1301 4900 1581 4971; x_wconf 82' lang='lat' dir='ltr'><strong><em>Nonquod</em></strong></span> <span class='ocrx_word' id='word_1_771' title='bbox 1617 4915 1807 4956; x_wconf 88' lang='lat' dir='ltr'><strong><em>omnes</em></strong></span> 
     </span>
    </p>
   </div>
   <div class='ocr_carea' id='block_1_98' title="bbox 244 4991 1808 5067">
    <p class='ocr_par' dir='ltr' id='par_1_98' title="bbox 244 4991 1808 5067">
     <span class='ocr_line' id='line_1_98' title="bbox 244 4991 1808 5067; baseline -0.003 -15"><span class='ocrx_word' id='word_1_772' title='bbox 244 4999 379 5067; x_wconf 86' lang='lat' dir='ltr'><strong><em>quia</em></strong></span> <span class='ocrx_word' id='word_1_773' title='bbox 412 4997 634 5067; x_wconf 81' lang='lat' dir='ltr'><strong><em>regibus</em></strong></span> <span class='ocrx_word' id='word_1_774' title='bbox 678 4997 964 5051; x_wconf 89' lang='lat' dir='ltr'><strong><em>mittuntur</em></strong></span> <span class='ocrx_word' id='word_1_775' title='bbox 1008 4995 1170 5049; x_wconf 88' lang='lat' dir='ltr'><strong><em>duces</em></strong></span> <span class='ocrx_word' id='word_1_776' title='bbox 1195 5033 1211 5058; x_wconf 94' lang='lat'><strong><em>,</em></strong></span> <span class='ocrx_word' id='word_1_777' title='bbox 1268 4993 1353 5047; x_wconf 87' lang='lat' dir='ltr'><strong><em>vel</em></strong></span> <span class='ocrx_word' id='word_1_778' title='bbox 1404 4991 1808 5047; x_wconf 81' lang='lat' dir='ltr'><strong><em>malefacientes</em></strong></span> 
     </span>
    </p>
   </div>
   <div class='ocr_carea' id='block_1_99' title="bbox 245 5082 1809 5156">
    <p class='ocr_par' dir='ltr' id='par_1_99' title="bbox 245 5082 1809 5156">
     <span class='ocr_line' id='line_1_99' title="bbox 245 5082 1809 5156; baseline -0.004 -13"><span class='ocrx_word' id='word_1_779' title='bbox 245 5091 425 5156; x_wconf 87' lang='lat' dir='ltr'><strong><em>punire</em></strong></span> <span class='ocrx_word' id='word_1_780' title='bbox 447 5130 464 5155; x_wconf 95' lang='lat'><strong><em>,</em></strong></span> <span class='ocrx_word' id='word_1_781' title='bbox 520 5088 607 5144; x_wconf 86' lang='lat' dir='ltr'><strong><em>vel</em></strong></span> <span class='ocrx_word' id='word_1_782' title='bbox 658 5085 1058 5142; x_wconf 81' lang='lat' dir='ltr'><strong><em>benefacientes</em></strong></span> <span class='ocrx_word' id='word_1_783' title='bbox 1106 5084 1324 5139; x_wconf 89' lang='lat' dir='ltr'><strong><em>laudare</em></strong></span> <span class='ocrx_word' id='word_1_784' title='bbox 1370 5082 1664 5138; x_wconf 89' lang='lat' dir='ltr'><strong><em>noverint:</em></strong></span> <span class='ocrx_word' id='word_1_785' title='bbox 1713 5083 1809 5137; x_wconf 87' lang='lat' dir='ltr'><strong><em>sed</em></strong></span> 
     </span>
    </p>
   </div>
   <div class='ocr_carea' id='block_1_100' title="bbox 245 5173 1805 5249">
    <p class='ocr_par' dir='ltr' id='par_1_100' title="bbox 245 5173 1805 5249">
     <span class='ocr_line' id='line_1_100' title="bbox 245 5173 1805 5249; baseline -0.005 -14"><span class='ocrx_word' id='word_1_786' title='bbox 245 5194 354 5249; x_wconf 60' lang='lat' dir='ltr'><strong><em>Quae</em></strong></span> <span class='ocrx_word' id='word_1_787' title='bbox 378 5180 575 5235; x_wconf 86' lang='lat' dir='ltr'><strong><em>debeat</em></strong></span> <span class='ocrx_word' id='word_1_788' title='bbox 598 5192 719 5235; x_wconf 84' lang='lat' dir='ltr'><strong><em>esse</em></strong></span> <span class='ocrx_word' id='word_1_789' title='bbox 753 5179 895 5233; x_wconf 87' lang='lat' dir='ltr'><strong><em>actio</em></strong></span> <span class='ocrx_word' id='word_1_790' title='bbox 938 5176 1063 5233; x_wconf 89' lang='lat' dir='ltr'><strong><em>boni</em></strong></span> <span class='ocrx_word' id='word_1_791' title='bbox 1093 5175 1245 5232; x_wconf 90' lang='lat' dir='ltr'><strong><em>ducis</em></strong></span> <span class='ocrx_word' id='word_1_792' title='bbox 1272 5173 1590 5245; x_wconf 85' lang='lat' dir='ltr'><strong><em>simpliciter</em></strong></span> <span class='ocrx_word' id='word_1_793' title='bbox 1613 5188 1805 5228; x_wconf 85' lang='lat' dir='ltr'><strong><em>nam-</em></strong></span> 
     </span>
    </p>
   </div>
   <div class='ocr_carea' id='block_1_101' title="bbox 245 5265 1821 5334">
    <p class='ocr_par' dir='ltr' id='par_1_101' title="bbox 245 5265 1821 5334">
     <span class='ocr_line' id='line_1_101' title="bbox 245 5265 1821 5334; baseline -0.005 -13"><span class='ocrx_word' id='word_1_794' title='bbox 245 5277 344 5333; x_wconf 88' lang='lat' dir='ltr'><strong><em>tnr,</em></strong></span> <span class='ocrx_word' id='word_1_795' title='bbox 374 5272 484 5325; x_wconf 80' lang='lat' dir='ltr'><strong><em>hoc</em></strong></span> <span class='ocrx_word' id='word_1_796' title='bbox 509 5278 594 5326; x_wconf 87' lang='lat' dir='ltr'><strong><em>est</em></strong></span> <span class='ocrx_word' id='word_1_797' title='bbox 611 5278 669 5323; x_wconf 89' lang='lat' dir='ltr'><strong><em>ut</em></strong></span> <span class='ocrx_word' id='word_1_798' title='bbox 697 5267 1094 5324; x_wconf 88' lang='lat' dir='ltr'><strong><em>malefacientes</em></strong></span> <span class='ocrx_word' id='word_1_799' title='bbox 1122 5274 1389 5329; x_wconf 86' lang='lat' dir='ltr'><strong><em>coerceat,</em></strong></span> <span class='ocrx_word' id='word_1_800' title='bbox 1414 5273 1469 5319; x_wconf 88' lang='lat' dir='ltr'><strong><em>et</em></strong></span> <span class='ocrx_word' id='word_1_801' title='bbox 1490 5265 1625 5319; x_wconf 89' lang='lat' dir='ltr'><strong><em>bene</em></strong></span> <span class='ocrx_word' id='word_1_802' title='bbox 1650 5278 1821 5334; x_wconf 73' lang='lat' dir='ltr'><strong><em>agen-</em></strong></span> 
     </span>
    </p>
   </div>
   <div class='ocr_carea' id='block_1_102' title="bbox 246 5353 1813 5427">
    <p class='ocr_par' dir='ltr' id='par_1_102' title="bbox 246 5353 1813 5427">
     <span class='ocr_line' id='line_1_102' title="bbox 246 5353 1813 5427; baseline -0.003 -13"><span class='ocrx_word' id='word_1_803' title='bbox 246 5365 319 5414; x_wconf 80' lang='lat' dir='ltr'><strong><em>tes</em></strong></span> <span class='ocrx_word' id='word_1_804' title='bbox 342 5368 671 5415; x_wconf 81' lang='lat' dir='ltr'><strong><em>remaneret.</em></strong></span> <span class='ocrx_word' id='word_1_805' title='bbox 698 5358 834 5413; x_wconf 79' lang='lat' dir='ltr'><strong><em>Hinc</em></strong></span> <span class='ocrx_word' id='word_1_806' title='bbox 856 5360 910 5413; x_wconf 88' lang='lat' dir='ltr'><strong><em>in</em></strong></span> <span class='ocrx_word' id='word_1_807' title='bbox 932 5356 1158 5413; x_wconf 88' lang='lat' dir='ltr'><strong><em>historia</em></strong></span> <span class='ocrx_word' id='word_1_808' title='bbox 1178 5355 1362 5427; x_wconf 89' lang='lat' dir='ltr'><strong><em>gentili</em></strong></span> <span class='ocrx_word' id='word_1_809' title='bbox 1390 5353 1622 5410; x_wconf 83' lang='lat' dir='ltr'><strong><em>refertur</em></strong></span> <span class='ocrx_word' id='word_1_810' title='bbox 1646 5355 1813 5410; x_wconf 89' lang='lat' dir='ltr'><strong><em>moris</em></strong></span> 
     </span>
    </p>
   </div>
   <div class='ocr_carea' id='block_1_103' title="bbox 242 5444 700 5512">
    <p class='ocr_par' dir='ltr' id='par_1_103' title="bbox 242 5444 700 5512">
     <span class='ocr_line' id='line_1_103' title="bbox 242 5444 700 5512; baseline 0.009 -13"><span class='ocrx_word' id='word_1_811' title='bbox 242 5444 402 5503; x_wconf 77' lang='lat' dir='ltr'><strong><em>fuisse</em></strong></span> <span class='ocrx_word' id='word_1_812' title='bbox 426 5449 700 5512; x_wconf 76' lang='lat' dir='ltr'><strong><em>Romanis,</em></strong></span> 
     </span>
    </p>
   </div>
   <div class='ocr_carea' id='block_1_104' title="bbox 310 5557 1389 5630">
    <p class='ocr_par' dir='ltr' id='par_1_104' title="bbox 310 5557 1389 5630">
     <span class='ocr_line' id='line_1_104' title="bbox 310 5557 1389 5630; baseline 0 -19"><span class='ocrx_word' id='word_1_813' title='bbox 310 5573 333 5630; x_wconf 59' lang='grc' dir='ltr'>ει</span> <span class='ocrx_word' id='word_1_814' title='bbox 368 5558 535 5630; x_wconf 54' lang='lat' dir='ltr'><strong><em>Deda,</em></strong></span> <span class='ocrx_word' id='word_1_815' title='bbox 568 5560 620 5613; x_wconf 89' lang='lat' dir='ltr'><strong><em>iu</em></strong></span> <span class='ocrx_word' id='word_1_816' title='bbox 646 5576 828 5630; x_wconf 79' lang='lat' dir='ltr'><strong><em>expos.</em></strong></span> <span class='ocrx_word' id='word_1_817' title='bbox 855 5562 1094 5630; x_wconf 81' lang='lat' dir='ltr'><strong><em>ejusdem</em></strong></span> <span class='ocrx_word' id='word_1_818' title='bbox 1120 5557 1389 5630; x_wconf 69' lang='lat' dir='ltr'><strong><em>Epistula).</em></strong></span> 
     </span>
    </p>
   </div>
   <div class='ocr_carea' id='block_1_105' title="bbox 313 5577 910 5696">
    <p class='ocr_par' dir='ltr' id='par_1_105' title="bbox 313 5577 910 5696">
     <span class='ocr_line' id='line_1_105' title="bbox 313 5577 904 5630; baseline 0.002 -19"><span class='ocrx_word' id='word_1_819' title='bbox 313 5577 333 5598; x_wconf 80' lang='grc' dir='ltr'><strong><em>ι</em></strong></span> <span class='ocrx_word' id='word_1_820' title='bbox 370 5577 535 5620; x_wconf 75' lang='lat' dir='ltr'><strong><em>neua,</em></strong></span> <span class='ocrx_word' id='word_1_821' title='bbox 568 5577 620 5613; x_wconf 89' lang='lat' dir='ltr'><strong><em>Ill</em></strong></span> <span class='ocrx_word' id='word_1_822' title='bbox 646 5577 707 5614; x_wconf 80' lang='lat' dir='ltr'><strong><em>ex</em></strong></span> <span class='ocrx_word' id='word_1_823' title='bbox 750 5578 828 5615; x_wconf 89' lang='lat' dir='ltr'><strong><em>os.</em></strong></span> <span class='ocrx_word' id='word_1_824' title='bbox 855 5578 904 5630; x_wconf 64' lang='lat' dir='ltr'><strong><em>ej</em></strong></span> 
     </span>
     <span class='ocr_line' id='line_1_106' title="bbox 313 5577 910 5696; baseline 0.017 -18"><span class='ocrx_word' id='word_1_825' title='bbox 313 5629 337 5667; x_wconf 73' lang='grc' dir='ltr'>δ</span> <span class='ocrx_word' id='word_1_826' title='bbox 371 5626 582 5696; x_wconf 75' lang='lat' dir='ltr'><strong><em>Virgil.,</em></strong></span> <span class='ocrx_word' id='word_1_827' title='bbox 606 5646 672 5685; x_wconf 82' lang='lat' dir='ltr'><strong><em>vi.</em></strong></span> <span class='ocrx_word' id='word_1_828' title='bbox 700 5577 910 5689; x_wconf 50' lang='lat' dir='ltr'><strong><em>.gincid.</em></strong></span> 
     </span>
    </p>
   </div>
   <div class='ocr_carea' id='block_1_106' title="bbox 1913 4520 3483 4600">
    <p class='ocr_par' dir='ltr' id='par_1_106' title="bbox 1913 4520 3483 4600">
     <span class='ocr_line' id='line_1_107' title="bbox 1913 4520 3483 4600; baseline -0.004 -16"><span class='ocrx_word' id='word_1_829' title='bbox 1913 4529 2094 4600; x_wconf 86' lang='lat' dir='ltr'><strong><em>ceptio,</em></strong></span> <span class='ocrx_word' id='word_1_830' title='bbox 2125 4545 2216 4583; x_wconf 88' lang='lat' dir='ltr'><strong><em>nec</em></strong></span> <span class='ocrx_word' id='word_1_831' title='bbox 2267 4527 2455 4598; x_wconf 86' lang='lat' dir='ltr'><strong><em>cupido</em></strong></span> <span class='ocrx_word' id='word_1_832' title='bbox 2491 4541 2768 4580; x_wconf 81' lang='lat' dir='ltr'><strong><em>munerum</em></strong></span> <span class='ocrx_word' id='word_1_833' title='bbox 2803 4523 2891 4596; x_wconf 88' lang='grc'><strong><em>(11</em></strong></span> <span class='ocrx_word' id='word_1_834' title='bbox 2919 4522 3049 4577; x_wconf 84' lang='lat' dir='ltr'><strong><em>Par.</em></strong></span> <span class='ocrx_word' id='word_1_835' title='bbox 3088 4538 3202 4589; x_wconf 83' lang='lat' dir='ltr'><strong><em>xix,</em></strong></span> <span class='ocrx_word' id='word_1_836' title='bbox 3229 4520 3307 4593; x_wconf 75' lang='grc' dir='ltr'><strong><em>ι).</em></strong></span> <span class='ocrx_word' id='word_1_837' title='bbox 3336 4520 3483 4585; x_wconf 69' lang='lat' dir='ltr'><strong><em>llaec,</em></strong></span> 
     </span>
    </p>
   </div>
   <div class='ocr_carea' id='block_1_107' title="bbox 1910 4610 3483 4687">
    <p class='ocr_par' dir='ltr' id='par_1_107' title="bbox 1910 4610 3483 4687">
     <span class='ocr_line' id='line_1_108' title="bbox 1910 4610 3483 4687; baseline -0.008 -11"><span class='ocrx_word' id='word_1_838' title='bbox 1910 4631 1965 4676; x_wconf 87' lang='lat' dir='ltr'><strong><em>et</em></strong></span> <span class='ocrx_word' id='word_1_839' title='bbox 1991 4620 2076 4674; x_wconf 89' lang='lat' dir='ltr'><strong><em>his</em></strong></span> <span class='ocrx_word' id='word_1_840' title='bbox 2105 4617 2303 4674; x_wconf 88' lang='lat' dir='ltr'><strong><em>similia</em></strong></span> <span class='ocrx_word' id='word_1_841' title='bbox 2333 4631 2454 4687; x_wconf 62' lang='lat' dir='ltr'><strong><em>qua:</em></strong></span> <span class='ocrx_word' id='word_1_842' title='bbox 2477 4614 2754 4686; x_wconf 72' lang='lat' dir='ltr'><strong><em>prmlibata</em></strong></span> <span class='ocrx_word' id='word_1_843' title='bbox 2805 4622 2952 4678; x_wconf 89' lang='lat' dir='ltr'><strong><em>sunt,</em></strong></span> <span class='ocrx_word' id='word_1_844' title='bbox 2991 4628 3086 4667; x_wconf 84' lang='lat' dir='ltr'><strong><em>rex</em></strong></span> <span class='ocrx_word' id='word_1_845' title='bbox 3129 4610 3352 4681; x_wconf 82' lang='lat' dir='ltr'><strong><em>ejusque</em></strong></span> <span class='ocrx_word' id='word_1_846' title='bbox 3380 4611 3483 4664; x_wconf 86' lang='lat' dir='ltr'><strong><em>mi-</em></strong></span> 
     </span>
    </p>
   </div>
   <div class='ocr_carea' id='block_1_108' title="bbox 1913 4701 3482 4773">
    <p class='ocr_par' dir='ltr' id='par_1_108' title="bbox 1913 4701 3482 4773">
     <span class='ocr_line' id='line_1_109' title="bbox 1913 4701 3482 4773; baseline -0.008 -8"><span class='ocrx_word' id='word_1_847' title='bbox 1913 4709 2071 4766; x_wconf 88' lang='lat' dir='ltr'><strong><em>nistri</em></strong></span> <span class='ocrx_word' id='word_1_848' title='bbox 2109 4722 2212 4763; x_wconf 90' lang='lat' dir='ltr'><strong><em>non</em></strong></span> <span class='ocrx_word' id='word_1_849' title='bbox 2234 4706 2522 4771; x_wconf 85' lang='lat' dir='ltr'><strong><em>desidiose,</em></strong></span> <span class='ocrx_word' id='word_1_850' title='bbox 2547 4703 2641 4759; x_wconf 87' lang='lat' dir='ltr'><strong><em>sed</em></strong></span> <span class='ocrx_word' id='word_1_851' title='bbox 2695 4703 2982 4773; x_wconf 86' lang='lat' dir='ltr'><strong><em>diligenter</em></strong></span> <span class='ocrx_word' id='word_1_852' title='bbox 3025 4701 3223 4756; x_wconf 86' lang='lat' dir='ltr'><strong><em>debent</em></strong></span> <span class='ocrx_word' id='word_1_853' title='bbox 3246 4712 3482 4770; x_wconf 72' lang='lat' dir='ltr'><strong><em>perpen~</em></strong></span> 
     </span>
    </p>
   </div>
   <div class='ocr_carea' id='block_1_109' title="bbox 1913 4782 3483 4866">
    <p class='ocr_par' dir='ltr' id='par_1_109' title="bbox 1913 4782 3483 4866">
     <span class='ocr_line' id='line_1_110' title="bbox 1913 4782 3483 4866; baseline -0.006 -10"><span class='ocrx_word' id='word_1_854' title='bbox 1913 4801 2063 4866; x_wconf 89' lang='lat' dir='ltr'><strong><em>dere,</em></strong></span> <span class='ocrx_word' id='word_1_855' title='bbox 2121 4808 2177 4855; x_wconf 89' lang='lat' dir='ltr'><strong><em>et</em></strong></span> <span class='ocrx_word' id='word_1_856' title='bbox 2203 4798 2437 4854; x_wconf 89' lang='lat' dir='ltr'><strong><em>studium</em></strong></span> <span class='ocrx_word' id='word_1_857' title='bbox 2469 4797 2536 4852; x_wconf 91' lang='lat' dir='ltr'><strong><em>de</em></strong></span> <span class='ocrx_word' id='word_1_858' title='bbox 2587 4782 2888 4852; x_wconf 87' lang='lat' dir='ltr'><strong><em>ministerio</em></strong></span> <span class='ocrx_word' id='word_1_859' title='bbox 2918 4792 3022 4848; x_wconf 90' lang='lat' dir='ltr'><strong><em>sibi</em></strong></span> <span class='ocrx_word' id='word_1_860' title='bbox 3057 4791 3347 4848; x_wconf 85' lang='lat' dir='ltr'><strong><em>commisso</em></strong></span> <span class='ocrx_word' id='word_1_861' title='bbox 3373 4790 3483 4847; x_wconf 86' lang='lat' dir='ltr'><strong><em>tale</em></strong></span> 
     </span>
    </p>
   </div>
   <div class='ocr_carea' id='block_1_110' title="bbox 1915 4881 3482 4958">
    <p class='ocr_par' dir='ltr' id='par_1_110' title="bbox 1915 4881 3482 4958">
     <span class='ocr_line' id='line_1_111' title="bbox 1915 4881 3482 4958; baseline -0.008 -9"><span class='ocrx_word' id='word_1_862' title='bbox 1915 4892 2193 4957; x_wconf 86' lang='lat' dir='ltr'><strong><em>adhibere,</em></strong></span> <span class='ocrx_word' id='word_1_863' title='bbox 2230 4897 2291 4944; x_wconf 89' lang='lat' dir='ltr'><strong><em>ut</em></strong></span> <span class='ocrx_word' id='word_1_864' title='bbox 2342 4905 2450 4944; x_wconf 92' lang='lat' dir='ltr'><strong><em>non</em></strong></span> <span class='ocrx_word' id='word_1_865' title='bbox 2473 4902 2573 4958; x_wconf 91' lang='lat' dir='ltr'><strong><em>pro</em></strong></span> <span class='ocrx_word' id='word_1_866' title='bbox 2603 4902 2668 4942; x_wconf 91' lang='lat' dir='ltr'><strong><em>eo</em></strong></span> <span class='ocrx_word' id='word_1_867' title='bbox 2710 4884 3039 4941; x_wconf 81' lang='lat' dir='ltr'><strong><em>:eternaliter</em></strong></span> <span class='ocrx_word' id='word_1_868' title='bbox 3090 4882 3357 4948; x_wconf 88' lang='lat' dir='ltr'><strong><em>damnari,</em></strong></span> <span class='ocrx_word' id='word_1_869' title='bbox 3384 4881 3482 4937; x_wconf 84' lang='lat' dir='ltr'><strong><em>sed</em></strong></span> 
     </span>
    </p>
   </div>
   <div class='ocr_carea' id='block_1_111' title="bbox 1909 4971 3375 5054">
    <p class='ocr_par' dir='ltr' id='par_1_111' title="bbox 1909 4971 3375 5054">
     <span class='ocr_line' id='line_1_112' title="bbox 1909 4971 3375 5054; baseline -0.008 -17"><span class='ocrx_word' id='word_1_870' title='bbox 1909 4981 2088 5054; x_wconf 88' lang='lat' dir='ltr'><strong><em>potius</em></strong></span> <span class='ocrx_word' id='word_1_871' title='bbox 2110 4995 2143 5037; x_wconf 89' lang='lat' dir='ltr'><strong><em>a</em></strong></span> <span class='ocrx_word' id='word_1_872' title='bbox 2176 4979 2400 5035; x_wconf 88' lang='lat' dir='ltr'><strong><em>Domino</em></strong></span> <span class='ocrx_word' id='word_1_873' title='bbox 2426 4985 2737 5033; x_wconf 82' lang='lat' dir='ltr'><strong><em>mereantur</em></strong></span> <span class='ocrx_word' id='word_1_874' title='bbox 2762 4973 2990 5031; x_wconf 77' lang='lat' dir='ltr'><strong><em>feliciter</em></strong></span> <span class='ocrx_word' id='word_1_875' title='bbox 3017 4971 3375 5028; x_wconf 86' lang='lat' dir='ltr'><strong><em>remunerari.</em></strong></span> 
     </span>
    </p>
   </div>
   <div class='ocr_carea' id='block_1_112' title="bbox 2516 5082 2868 5142">
    <p class='ocr_par' dir='ltr' id='par_1_112' title="bbox 2516 5082 2868 5142">
     <span class='ocr_line' id='line_1_113' title="bbox 2516 5082 2868 5142; baseline -0.014 0"><span class='ocrx_word' id='word_1_876' title='bbox 2516 5084 2741 5142; x_wconf 86' lang='lat' dir='ltr'><strong><em>CAPUT</em></strong></span> <span class='ocrx_word' id='word_1_877' title='bbox 2780 5082 2868 5139; x_wconf 82' lang='lat' dir='ltr'><strong><em>Vl.</em></strong></span> 
     </span>
    </p>
   </div>
   <div class='ocr_carea' id='block_1_113' title="bbox 1913 5158 3479 5255">
    <p class='ocr_par' dir='ltr' id='par_1_113' title="bbox 1913 5158 3479 5255">
     <span class='ocr_line' id='line_1_114' title="bbox 1913 5158 3479 5255; baseline -0.008 -14"><span class='ocrx_word' id='word_1_878' title='bbox 1913 5184 2068 5255; x_wconf 76' lang='lat' dir='ltr'><strong><em>Quod</em></strong></span> <span class='ocrx_word' id='word_1_879' title='bbox 2087 5184 2305 5255; x_wconf 75' lang='lat' dir='ltr'><strong><em>atquitas</em></strong></span> <span class='ocrx_word' id='word_1_880' title='bbox 2333 5180 2567 5255; x_wconf 78' lang='lat' dir='ltr'><strong><em>judicii,_</em></strong></span> <span class='ocrx_word' id='word_1_881' title='bbox 2592 5177 3000 5255; x_wconf 76' lang='lat' dir='ltr'><strong><em>stabilimentum</em></strong></span> <span class='ocrx_word' id='word_1_882' title='bbox 3056 5175 3223 5247; x_wconf 81' lang='lat' dir='ltr'><strong><em>regni,</em></strong></span> <span class='ocrx_word' id='word_1_883' title='bbox 3251 5183 3300 5228; x_wconf 89' lang='lat' dir='ltr'><strong><em>et</em></strong></span> <span class='ocrx_word' id='word_1_884' title='bbox 3329 5158 3479 5244; x_wconf 61' lang='lat' dir='ltr'><strong><em>injuv</em></strong></span> 
     </span>
    </p>
   </div>
   <div class='ocr_carea' id='block_1_114' title="bbox 1928 5247 2993 5318">
    <p class='ocr_par' dir='ltr' id='par_1_114' title="bbox 1928 5247 2993 5318">
     <span class='ocr_line' id='line_1_115' title="bbox 1928 5247 2993 5318; baseline -0.008 -11"><span class='ocrx_word' id='word_1_885' title='bbox 1928 5247 1953 5269; x_wconf 50' lang='grc' dir='ltr'><em>τ</em></span> <span class='ocrx_word' id='word_1_886' title='bbox 2145 5247 2156 5255; x_wconf 86' lang='grc'><em>’</em></span> <span class='ocrx_word' id='word_1_887' title='bbox 2333 5247 2487 5305; x_wconf 68' lang='lat' dir='ltr'><strong><em>stitia</em></strong></span> <span class='ocrx_word' id='word_1_888' title='bbox 2522 5249 2588 5303; x_wconf 87' lang='lat' dir='ltr'><strong><em>sit</em></strong></span> <span class='ocrx_word' id='word_1_889' title='bbox 2622 5249 2737 5318; x_wconf 85' lang='lat' dir='ltr'><strong><em>ejus</em></strong></span> <span class='ocrx_word' id='word_1_890' title='bbox 2779 5247 2993 5302; x_wconf 87' lang='lat' dir='ltr'><strong><em>eversio.</em></strong></span> 
     </span>
    </p>
   </div>
   <div class='ocr_carea' id='block_1_115' title="bbox 1980 5340 3481 5423">
    <p class='ocr_par' dir='ltr' id='par_1_115' title="bbox 1980 5340 3481 5423">
     <span class='ocr_line' id='line_1_116' title="bbox 1980 5340 3481 5423; baseline -0.009 -14"><span class='ocrx_word' id='word_1_891' title='bbox 1980 5354 2133 5421; x_wconf 84' lang='lat' dir='ltr'><strong><em>Quod</em></strong></span> <span class='ocrx_word' id='word_1_892' title='bbox 2161 5349 2542 5423; x_wconf 88' lang='lat' dir='ltr'><strong><em>perjustitiam</em></strong></span> <span class='ocrx_word' id='word_1_893' title='bbox 2575 5356 2682 5403; x_wconf 89' lang='lat' dir='ltr'><strong><em>stet</em></strong></span> <span class='ocrx_word' id='word_1_894' title='bbox 2710 5360 2956 5418; x_wconf 82' lang='lat' dir='ltr'><strong><em>regnum,</em></strong></span> <span class='ocrx_word' id='word_1_895' title='bbox 2988 5344 3244 5399; x_wconf 87' lang='lat' dir='ltr'><strong><em>Salomon</em></strong></span> <span class='ocrx_word' id='word_1_896' title='bbox 3268 5343 3322 5397; x_wconf 94' lang='lat' dir='ltr'><strong><em>in</em></strong></span> <span class='ocrx_word' id='word_1_897' title='bbox 3352 5340 3481 5405; x_wconf 54' lang='lat' dir='ltr'><strong><em>Prog</em></strong></span> 
     </span>
    </p>
   </div>
   <div class='ocr_carea' id='block_1_116' title="bbox 1913 5430 3476 5507">
    <p class='ocr_par' dir='ltr' id='par_1_116' title="bbox 1913 5430 3476 5507">
     <span class='ocr_line' id='line_1_117' title="bbox 1913 5430 3476 5507; baseline -0.012 -6"><span class='ocrx_word' id='word_1_898' title='bbox 1913 5444 2111 5502; x_wconf 84' lang='lat' dir='ltr'><strong><em>verbiis</em></strong></span> <span class='ocrx_word' id='word_1_899' title='bbox 2131 5441 2342 5506; x_wconf 88' lang='lat' dir='ltr'><strong><em>astruit,</em></strong></span> <span class='ocrx_word' id='word_1_900' title='bbox 2374 5440 2449 5494; x_wconf 91' lang='lat' dir='ltr'><strong><em>ita</em></strong></span> <span class='ocrx_word' id='word_1_901' title='bbox 2479 5438 2727 5507; x_wconf 90' lang='lat' dir='ltr'><strong><em>inquiens</em></strong></span> <span class='ocrx_word' id='word_1_902' title='bbox 2760 5454 2773 5489; x_wconf 90' lang='lat'><strong>:</strong></span> <span class='ocrx_word' id='word_1_903' title='bbox 2804 5435 3023 5490; x_wconf 73' lang='lat' dir='ltr'><strong><em>Iustitia</em></strong></span> <span class='ocrx_word' id='word_1_904' title='bbox 3067 5430 3229 5487; x_wconf 84' lang='lat' dir='ltr'><strong><em>elevat</em></strong></span> <span class='ocrx_word' id='word_1_905' title='bbox 3254 5430 3476 5501; x_wconf 72' lang='lat' dir='ltr'><strong><em>gentem_</em></strong></span> 
     </span>
    </p>
   </div>
   <div class='ocr_carea' id='block_1_117' title="bbox 1985 5549 2925 5623">
    <p class='ocr_par' dir='ltr' id='par_1_117' title="bbox 1985 5549 2925 5623">
     <span class='ocr_line' id='line_1_118' title="bbox 1985 5549 2925 5623; baseline -0.016 -7"><span class='ocrx_word' id='word_1_906' title='bbox 1985 5571 2008 5601; x_wconf 82' lang='grc' dir='ltr'><strong><em>ο</em></strong></span> <span class='ocrx_word' id='word_1_907' title='bbox 2035 5558 2248 5623; x_wconf 87' lang='lat' dir='ltr'><strong><em>lsidor.,</em></strong></span> <span class='ocrx_word' id='word_1_908' title='bbox 2272 5556 2364 5610; x_wconf 87' lang='lat' dir='ltr'><strong><em>lib.</em></strong></span> <span class='ocrx_word' id='word_1_909' title='bbox 2393 5571 2452 5608; x_wconf 87' lang='grc' dir='ltr'><strong><em>ιιι</em></strong></span> <span class='ocrx_word' id='word_1_910' title='bbox 2479 5555 2655 5618; x_wconf 87' lang='lat' dir='ltr'><strong><em>Sent.,</em></strong></span> <span class='ocrx_word' id='word_1_911' title='bbox 2685 5566 2802 5621; x_wconf 86' lang='lat' dir='ltr'><strong><em>cap.</em></strong></span> <span class='ocrx_word' id='word_1_912' title='bbox 2836 5549 2925 5603; x_wconf 75' lang='lat'><strong><em>5‘2.</em></strong></span> 
     </span>
    </p>
   </div>
  </div>
