4030 6190
269 305 381 362 9.97

1094 307 1178 362 DE
1216 305 1690 362 ιΝετιτιιτιοΝΕ
1730 304 1930 358 ιιιςςιΑ
1971 305 2061 358 AD
2097 303 2413 360 PlPPlNUM
2454 305 2702 360 REGEM.

3389 309 3498 365 298

269 418 616 474 nistrandam
638 458 653 482 ,
686 417 1138 472 indissimulanter
1163 431 1322 488 atque
1377 417 1836 472 irretractabilitcr
1863 423 1912 480 Α
1938 418 2082 470 nobis
2110 419 2394 487 :quoniam
2419 415 2612 472 Filium
2648 435 2796 472 suum
2832 422 3151 489 unigenitum
3173 425 3314 477 misit
3353 425 3491 482 Deus

268 509 526 562 solatium
555 517 911 578 opportunum
957 509 1151 562 debent
1201 510 1475 564 exhibere.
1509 509 1661 574 Quod
1713 523 1834 562 cum

269 599 501 662 faciunt,
530 609 584 653 et
623 599 862 653 divinum
892 609 1214 668 praeceptum
1244 600 1553 668 adimplere,
1589 607 1645 653 et
1681 597 1838 656 [idem

264 689 387 758 regi
414 688 648 742 debitam
688 687 966 741 evidenter
996 689 1292 756 probantur
1341 703 1680 742 conservare.
1721 685 1837 740 llu-

175 779 180 783 ’
258 774 569 841 juscemodi
597 790 724 843 ergo
781 777 1099 845 obsequium
1127 792 1155 830 a
1186 776 1442 844 subjectis
1488 778 1648 846 regia:
1683 785 1834 846 pote-

263 865 397 920 stati
438 865 672 934 impendi
729 866 946 930 debere,
1011 876 1066 919 et
1113 866 1306 937 lcgalia
1355 877 1619 936 przecepta
1653 874 1836 935 aperte

265 965 560 1019 testantur,
610 964 663 1008 et
695 956 949 1010 Dominus
994 957 1046 1011 in
1103 957 1388 1026 Evangelia
1447 959 1716 1021 admonet,
1755 957 1834 1011 di-

266 1062 398 1101 cens
424 1063 437 1098 :
476 1045 693 1098 Reddi:e
717 1063 832 1115 qua:
850 1055 971 1100 sunt
1011 1046 1233 1100 Ctesaris
1257 1047 1476 1110 Cwsari,
1498 1057 1548 1110 et
1568 1063 1683 1116 quia
1711 1055 1832 1099 sunt

267 1139 368 1190 Dei
416 1137 529 1189 Deo
558 1135 774 1205 (Matth.
803 1152 938 1200 xxu,
964 1135 1076 1207 21).
1098 1136 1290 1192 Petrus
1315 1152 1526 1206 quoque
1549 1138 1625 1190 ait
1653 1155 1665 1189 :
1701 1136 1835 1191 Sub-

255 1228 388 1293 jecti
433 1226 599 1295 igitur
637 1236 796 1279 estote
827 1227 968 1280 omni
1011 1237 1264 1280 creatura:
1287 1237 1494 1296 prapter
1519 1226 1708 1291 Deum,
1730 1228 1832 1281 sive

261 1319 374 1386 regi
423 1317 579 1386 quasi
629 1316 961 1385 prwccllenti,
1003 1317 1107 1371 sive
1146 1316 1366 1370 ducibus
1411 1327 1662 1387 tauquam
1688 1317 1831 1371 abeo

262 1409 441 1461 missis
493 1406 544 1479 (Ι
570 1404 712 1460 Patr.
749 1422 806 1472 ιι,
857 1407 968 1477 15).
1010 1407 1076 1460 Et
1119 1423 1224 1461 non
1267 1416 1389 1477 post
1415 1409 1622 1462 multa:
1663 1407 1829 1466 Deum

256 1498 460 1560 timete,
491 1496 1015 1564 regem'ltonoriﬁcate
1037 1497 1286 1568 (lbid.,.v.
1309 1497 1418 1566 l7).
1450 1497 1646 1552 Paulus
1665 1500 1829 1553 etiam

253 1593 540 1660 apostolus
567 1609 619 1646 In
648 1592 873 1660 idipsun
905 1593 1236 1646 coneordans
1271 1593 1388 1647 ait:
1425 1590 1612 1645 Omnis
1653 1593 1830 1644 anima

254 1683 603 1753 potestatibus
630 1683 1016 1736 sublimioribus
1059 1683 1269 1736 subdita
1310 1683 1398 1735 sit.
1434 1681 1557 1734 Non
1591 1689 1666 1734 est
1691 1683 1827 1734 enim

1937 508 1991 560 in
2019 509 2290 571 mundum,
2320 519 2373 561 ut
2404 514 2635 562 vivamus
2665 525 2756 578 per
2783 527 2917 566 cum.
2972 511 3036 565 In
3075 514 3176 571 hoc
3213 526 3287 568 est
3311 517 3488 573 chari-

1939 605 2018 649 tas
2048 609 2066 646 :
2100 613 2201 650 non
2232 599 2381 666 quasi
2418 614 2510 650 nos
2533 597 2864 653 dilexerimus
2900 601 3087 666 Deum,
3113 605 3202 657 sed
3243 609 3492 675 quoniam

1934 685 2042 754 ipse
2067 687 2212 755 prior
2239 686 2418 740 dileait
2442 703 2533 741 nos
2557 729 2572 752 ,
2615 698 2663 742 et
2691 689 2827 742 misit
2848 688 3045 752 Filium
3070 711 3221 747 suum
3241 697 3490 764 propitia-

1935 776 2121 830 tioncm
2147 794 2240 846 pro
2273 779 2494 846 peccatis
2535 780 2742 832 nostris.
2782 779 3106 847 Charissimi,
3157 786 3201 837 si
3242 788 3317 840 sic
3352 787 3488 842 Deus

1934 863 2114 918 dilexit
2156 881 2269 929 nos,
2319 876 2386 919 et-
2413 884 2510 920 nos
2557 868 2798 922 debemus
2854 869 3160 926 alterutrum
3205 875 3460 946 diligere;

1933 956 2098 1010 Deum
2141 975 2286 1011 nemo
2343 961 2467 1013 uidit
2513 977 2761 1030 unquam.
2816 960 2873 1016 Si
2923 963 3200 1034 diligamus
3249 969 3484 1037 invicem,

1931 1047 2071 1101 Deus
2096 1050 2150 1101 in
2179 1050 2322 1102 nobis
2362 1061 2555 1113 malm,
2592 1062 2639 1104 et
2669 1053 2894 1106 Charitas
2933 1054 3046 1122 ejus
3087 1056 3142 1108 in
3193 1057 3338 1111 nobis
3363 1076 3486 1127 per-

1931 1137 2065 1206 fecta
2103 1149 2196 1192 est.
2232 1140 2297 1192 In
2343 1142 2438 1194 hoc
2483 1144 2838 1212 cognoscimus
2872 1146 3117 1214 quoniam
3145 1148 3280 1202 ineo
3305 1167 3484 1206 mane-

1930 1246 2064 1293 mus,
2099 1241 2144 1284 et
2167 1232 2273 1302 ipse
2301 1235 2356 1286 in
2391 1234 2554 1299 nobis,
2601 1235 2847 1305 quoniam
2873 1235 2936 1294 de
2979 1235 3187 1306 Spiritu
3208 1255 3302 1292 suo
3344 1241 3486 1295 dedit

1930 1322 2097 1385 nobis;
2123 1333 2170 1376 et
2199 1339 2289 1377 nos
2319 1324 2537 1378 uidimus
2562 1334 2608 1378 et
2640 1326 2996 1394 testiﬁcamur,
3037 1330 3285 1397 quoniam
3325 1329 3486 1384 Pater

1928 1412 2067 1466 misit
2093 1411 2290 1466 Filium
2311 1431 2462 1469 suum
2485 1413 2801 1470 Salvatorem
2831 1419 3032 1471 mundi.
3075 1418 3319 1491 Quisquis
3357 1440 3487 1480 con-

1928 1500 2094 1568 fessus
2125 1502 2277 1570 fuerit
2306 1506 2549 1574 quoniam
2575 1504 2729 1559 Iesus
2751 1516 2824 1560 est
2849 1505 3019 1561 Filius
3048 1508 3164 1574 Dei,
3194 1509 3330 1564 Deus
3353 1513 3408 1565 in
3427 1529 3486 1566 eo

1928 1599 2119 1654 manet,
2148 1602 2200 1644 et
2221 1593 2328 1661 ipse
2354 1592 2411 1646 in
2428 1593 2557 1647 Deo.
2589 1593 2658 1647 Et
2699 1611 2791 1649 nos
2832 1598 3158 1665 cognovimus
3177 1609 3226 1652 et
3256 1602 3482 1655 credidi-

1928 1695 2042 1733 mus
2075 1680 2316 1734 cltaritati
2352 1699 2508 1751 quam
2532 1683 2682 1736 habet
2710 1683 2847 1737 Deus
2874 1686 2929 1738 in
2961 1687 3128 1740 nobis.
3172 1687 3312 1742 Deus
3356 1691 3484 1745 cha-

254 1784 493 1842 pozestas
514 1773 614 1825 nisi
638 1789 671 1825 a
692 1771 800 1825 Deo
822 1788 840 1825 :
865 1788 980 1842 qua'
1009 1781 1182 1825 autem
1203 1781 1347 1855 sunt,
1381 1788 1412 1824 a
1434 1770 1542 1824 Deo
1573 1770 1826 1830 ordinatis
1855 1765 1902 1825 Β
1929 1771 2058 1824 ritas
2087 1781 2184 1836 est,
2210 1781 2258 1824 et
2296 1773 2383 1841 qui
2405 1783 2575 1826 manet
2599 1774 2653 1826 in
2673 1773 2950 1839 citat-itote,
2993 1777 3048 1829 in
3077 1775 3184 1830 Deo
3214 1789 3406 1844 manet,
3435 1791 3484 1834 et

253 1876 404 1918 sunt.
449 1866 635 1937 Itaque
670 1866 760 1938 qui
791 1867 984 1920 resistit
1034 1868 1301 1937 potestati,
1361 1866 1454 1920 Dei
1508 1865 1827 1924 ordinationi

251 1956 456 2008 resistit
480 1955 656 2025 (Rom.
693 1971 815 2021 xui,
856 1956 930 2028 1),
959 1965 1017 2011 et
1039 1964 1248 2018 caetera,
1282 1971 1401 2026 qua:
1430 1956 1496 2010 de
1521 1953 1826 2022 huiusmodi

254 2054 531 2112 potestate
557 2047 878 2116 apostolicus
909 2061 1086 2102 sermo
1131 2047 1461 2116 exsequitur.
1495 2045 1639 2101 ldem
1664 2045 1827 2102 etiam

243 2136 453 2189 scribit
477 2138 543 2190 ad
572 2137 748 2191 Titum
775 2156 788 2189 :
819 2137 1052 2190 Admone
1094 2135 1213 2190 illos
1260 2135 1579 2205 principibus
1615 2144 1663 2188 et
1689 2144 1827 2203 pote-

245 2228 482 2280 statibus
543 2228 775 2282 subditos
819 2243 931 2281 esse
986 2226 1112 2297 (Tit.
1142 2242 1222 2291 ιιι,
1272 2224 1346 2295 l).
1379 2225 1511 2280 ltem
1543 2224 1613 2278 ad
1643 2223 1826 2277 Timo-

253 2320 470 2383 theum,
500 2320 686 2389 quanti
733 2319 930 2389 pendat
963 2333 1179 2376 causam
1205 2326 1259 2371 et
1281 2317 1509 2371 salutem
1533 2315 1698 2386 regis,
1728 2315 1858 2400 de-'

257 2421 527 2465 ιειοιιςιτιιι
553 2413 626 2465 ita
655 2411 938 2466 scribendo
961 2429 974 2464 :
997 2409 1218 2463 Obsecro
1233 2409 1394 2477 igitur
1409 2407 1579 2476 primo
1599 2405 1828 2461 omnium

247 2502 375 2567 ﬁeri
385 2501 783 2565 obsecrationes,
800 2501 1090 2564 orationes,
1117 2497 1508 2569 postulationes,
1537 2497 1827 2565 gratiarum

251 2593 492 2645 actiones
513 2631 527 2654 ,
553 2608 648 2661 pro
678 2592 914 2645 onmibus
941 2590 1254 2653 hominibus,
1277 2603 1373 2656 pro
1409 2586 1613 2656 regibus
1640 2593 1687 2642 et
1713 2601 1827 2642 am-

256 2682 416 2733 nibus
443 2682 606 2750 quiin
625 2681 944 2734 sublimitate
971 2688 1112 2743 sunt,
1142 2687 1198 2733 ut
1219 2679 1444 2749 quietam
1475 2685 1523 2729 et
1567 2675 1825 2746 tranquil-

249 2771 368 2823 lam
399 2773 558 2824 vitam
585 2787 820 2842 agamus,
865 2771 920 2824 in
943 2770 1081 2824 omni
1120 2770 1307 2839 pietate
1337 2776 1386 2822 et
1425 2767 1679 2828 castitate.
1707 2763 1828 2825 Hoc

251 2861 400 2913 enim
431 2861 616 2915 bonum
646 2873 719 2914 est
758 2871 805 2916 et
844 2870 1110 2931 acceptum
1135 2875 1309 2914 coram
1347 2857 1618 2913 Saluatore
1648 2864 1824 2917 nostra

249 2953 393 3016 Deo,
420 2954 508 3020 qui
539 2967 712 3006 omnes
737 2953 969 3007 homines
988 2951 1100 3005 vult
1124 2949 1296 3006 salvos
1319 2948 1458 3016 ﬁeri,
1501 2957 1550 3001 et
1581 2947 1648 3000 ad
1671 2946 1823 3016 agni-

248 3045 454 3098 tionem
499 3045 729 3099 ueritatis
775 3032 943 3098 venire
988 3041 1039 3114 (Ι
1068 3041 1201 3098 Tim.
1230 3057 1289 3106 ιι,
1315 3039 1388 3111 1).
1419 3039 1478 3093 Si
1498 3037 1643 3094 enim
1676 3036 1824 3092 Jere-

1927 1859 2066 1918 Deus
2089 1862 2144 1914 in
2171 1878 2231 1913 eo
2271 1861 2322 1930 (I
2335 1861 2498 1915 loun.‘
2523 1878 2597 1926 tv,
2625 1866 2659 1920 9
2677 1861 2828 1933 seq.).
2866 1862 3164 1934 Perpendat
3187 1868 3412 1936 quisque
3435 1871 3484 1924 si

1927 1949 1980 2002 in
2013 1950 2277 2032 charitate
2319 1958 2518 2015 manet,
2549 1951 2715 2005 Deum
2747 1967 2965 2007 manere
3011 1954 3064 2007 in
3095 1970 3153 2009 se
3178 1972 3192 2020 ;
3222 1957 3268 2011 si
3297 1958 3478 2012 chari-

1928 2045 2088 2091 tatem
2142 2053 2248 2092 non
2282 2039 2459 2104 habet,
2511 2054 2614 2092 non
2660 2040 2850 2104 Deum,
2908 2042 3001 2096 sed
3041 2043 3246 2099 hostem
3288 2047 3482 2101 animae

1927 2141 2037 2181 suae
2055 2126 2301 2182 habitare
2355 2127 2511 2182 inse.
2549 2127 2681 2185 Cum
2731 2131 2992 2186 charitate
3045 2133 3239 2202 quippe
3285 2146 3482 2192 cuncta

1927 2218 2086 2284 bona,
2119 2219 2234 2274 sine
2256 2220 2519 2275 eharitate
2545 2235 2676 2276 vero
2713 2222 2858 2276 nulla
2909 2224 3094 2280 haberi
3124 2236 3364 2294 possunt,
3390 2243 3484 2284 ne-

1927 2325 2031 2380 que
2063 2312 2225 2366 etiam
2259 2313 2416 2383 digne
2469 2313 2765 2382 angelicum
2794 2315 3067 2385 hymnum
3096 2317 3360 2375 charitate
3386 2336 3480 2376 ca-

1928 2415 2054 2455 rens
2083 2401 2309 2457 Domino
2336 2403 2621 2458 decantare
2642 2403 2801 2458 valet.
2833 2403 2939 2460 Sed
2965 2407 3225 2474 quaeritur
3271 2412 3484 2479 quare?

1926 2490 2156 2547 Attende
2182 2507 2348 2561 quare
2377 2510 2390 2546 :
2421 2492 2547 2561 quia
2573 2507 2682 2566 nqn
2709 2502 2791 2548 est
2823 2494 2976 2548 bonae
3001 2495 3320 2563 voluntatis;
3347 2498 3486 2555 deli--

1928 2583 2281 2654 nitioquippe
2311 2583 2550 2638 charitas
2597 2592 2680 2637 est
2729 2583 2821 2654 (ut
2875 2585 3122 2640 doctores
3151 2589 3319 2642 nostri
3365 2598 3482 2644 tra-

1928 2675 2081 2746 dunt)
2107 2677 2243 2731 bona
2262 2675 2536 2738 voluntas.
2573 2675 2713 2747 Ergo
2737 2676 3038 2747 quicunque
3072 2679 3267 2734 bonam
3293 2681 3484 2736 volun-

1929 2776 2094 2822 tatem
2137 2783 2240 2821 non
2274 2768 2453 2832 habet,
2500 2769 2816 2832 charitatem
2858 2785 2965 2823 non
2997 2770 3194 2826 habere
3233 2787 3485 2844 compro-

1929 2859 2087 2912 batur
2119 2875 2130 2909 :
2168 2866 2224 2911 et
2266 2857 2385 2912 ideo
2421 2873 2626 2927 pacem,
2659 2859 2749 2926 qui
2798 2858 3044 2914 Christus
3072 2868 3174 2925 est,
3206 2862 3298 2931 qui
3329 2864 3484 2918 bona:

1929 2945 2347 3004 voluntatisnon
2379 2957 2461 2999 est
2483 2945 2682 3000 habere
2712 2962 2818 2999 non
2851 2956 3106 3016 meretur.
3161 2945 3363 3018 Gloria,
3393 2952 3480 3006 in-

1929 3038 2048 3108 quit
2082 3036 2369 3092 multitudo
2412 3035 2646 3111 coelestis
2688 3037 2980 3102 exercitus,
3014 3039 3071 3091 iu
3109 3038 3325 3094 excelsis
3347 3040 3482 3106 Deo,

252 3135 401 3188 mins
429 3135 682 3203 propheta
713 3133 806 3187 Dei
833 3147 931 3202 pro
983 3133 1090 3185 vita
1137 3129 1427 3186 idololatraa
1460 3128 1600 3198 regis
1652 3126 1898 3192 Nalm-(3
1927 3143 1975 3186 et
2021 3132 2076 3184 in
2129 3140 2271 3182 terra
2315 3143 2420 3196 pax
2477 3125 2766 3182 hominibus
2815 3129 2962 3182 bona:
3001 3128 3282 3184 uoluntatis
3321 3130 3486 3202 (Luc.-

249 3224 600 3279 chodonosor
643 3238 802 3278 orare
832 3223 1104 3285 admonet,
1152 3229 1352 3290 quanto
1403 3218 1576 3288 magis
1603 3232 1706 3286 pro
1730 3230 1820 3270 sa-

250 3314 373 3368 lute
422 3314 849 3373 Christianorum
901 3330 1090 3385 reg-um
1134 3314 1200 3370 ab
1250 3313 1500 3370 omnibus
1549 3309 1825 3368 ordinibus

252 3407 371 3460 Deo
394 3416 479 3461 est
507 3406 778 3460 humiliter
808 3406 1211 3477 supplicandum
1241 3407 1253 3459 !
1286 3405 1526 3472 Qualiter
1551 3405 1714 3476 igitur
1740 3419 1824 3458 re-

248 3500 359 3569 giae
391 3500 642 3570 potestati
682 3499 1262 3570 parendum,-qualiter
1297 3497 1411 3566 ejus
1438 3497 1596 3552 saluti
1628 3513 1822 3552 consu-

254 3591 473 3646 lendum
505 3599 606 3654 est,
637 3591 872 3645 breviter
891 3607 957 3646 ex
981 3591 1388 3648 auctoritatibus
1412 3588 1604 3644 divinis
1619 3589 1820 3646 dictum

253 3681 347 3735 sit.
384 3681 721 3750 Quapropter
774 3697 992 3739 necesse
1028 3690 1112 3737 est
1144 3690 1202 3738 ut
1247 3681 1610 3750 unusquisque
1647 3680 1820 3735 lidelis

251 3783 421 3826 tanta
445 3774 695 3842 potestati
721 3773 788 3827 ad
815 3773 1040 3829 salutem
1071 3773 1361 3843 propriam,
1385 3783 1442 3827 et
1470 3774 1537 3828 ad
1561 3773 1821 3828 honorem

252 3863 409 3931 regni
438 3864 730 3918 secundum
761 3864 852 3920 Dei
878 3864 1230 3928 voluntatem,
1263 3871 1322 3920 ut
1361 3872 1486 3933 pote
1519 3865 1818 3918 membrum

221 3954 443 4023 capiti,
472 3969 629 4021 opem
661 3970 949 4024 congruam
1000 3953 1174 4018 ferat;
1214 3953 1438 4022 plusque
1467 3955 1519 4008 in
1548 3953 1638 4007 illo
1661 3968 1821 4023 gene-

219 4041 226 4048 ⁴
256 4044 428 4100 ralem
455 4043 781 4112 proiectum,
807 4051 860 4097 et
896 4043 1204 4107 utilitatem,
1253 4050 1414 4111 atque
1451 4043 1709 4102 honorem
1739 4057 1822 4094 re—

253 4134 367 4202 gni,
401 4149 562 4201 quam
592 4133 740 4188 lucra
779 4142 982 4201 quzerat
1004 4134 1220 4197 mundi;
1259 4141 1526 4200 quatenus
1558 4132 1642 4185 bis
1673 4132 1819 4186 salu-

253 4224 508 4277 her-rimis
531 4224 968 4292 opitulationibus
996 4223 1097 4277 sibi
1154 4221 1392 4276 vicissim
1441 4219 1817 4289 suifragantes,

253 4320 460 4367 alterno
487 4329 648 4379 regno
675 4314 879 4383 pariter
909 4320 1218 4367 mereantur
1248 4310 1448 4380 perfrui
1474 4309 1678 4364 felices.

855 4422 1080 4478 CAPUT
1125 4421 1214 4475 IX.

1926 3239 1986 3286 ιι,
2025 3220 2137 3291 Μ).

1994 3319 2368 3375 Miserabiliter
2393 3317 2549 3388 plane
2571 3317 2910 3386 decipiuntur
2955 3319 3214 3388 plerique,
3245 3321 3335 3390 qui
3363 3321 3482 3375 sine

1919 3412 2186 3466 charitate
2238 3419 2329 3462 aut
2360 3409 2471 3462 Deo
2498 3408 2742 3477 placere,
2761 3417 2852 3461 aut
2880 3409 2946 3462 ad
2974 3422 3097 3462 eum
3143 3409 3259 3464 sine
3307 3410 3394 3464 illa
3425 3427 3484 3465 se

1923 3510 2112 3572 putant
2135 3501 2433 3570 pervenire.
2480 3501 2673 3554 Verum
2715 3499 2758 3552 si
2799 3500 2851 3552 in
2899 3500 3053 3554 nobis
3097 3500 3334 3555 Charitas
3368 3517 3474 3556 non

1921 3601 2025 3656 est,
2052 3593 2144 3646 sed
2165 3591 2364 3657 odium,
2395 3599 2450 3644 et
2475 3590 2693 3654 invidia,
2741 3600 2796 3644 et
2815 3591 3060 3655 avaritia,
3105 3599 3159 3645 et
3188 3593 3475 3656 disCordia,

1923 3695 1978 3740 et
2025 3682 2312 3746 simuiatio,
2360 3691 2416 3736 et
2466 3681 2698 3746 luxnria,
2748 3690 2802 3735 et
2848 3690 3041 3736 caatera
3068 3681 3207 3736 mala
3235 3693 3482 3753 regnant,

1923 3791 2042 3846 qua:
2067 3773 2296 3826 omniaa
2351 3771 2773 3838 Christianitatis
2826 3775 3097 3840 proposito
3141 3772 3474 3838 abhorrent;

1923 3871 2119 3942 mirum
2145 3883 2244 3922 non
2274 3879 2356 3923 est
2393 3867 2950 3922 si‘animadversiones
2984 3864 3180 3919 divina:
3201 3882 3299 3921 nos
3344 3868 3481 3922 inte-

1923 3960 2038 4014 rius
2067 3958 2408 4026 exteriusque
2431 3955 2809 4009 diversissimis
2844 3953 2998 4008 malis
3051 3953 3266 4018 feriant,
3302 3965 3356 4010 et
3381 3957 3486 4016 iui-

1925 4057 2107 4117 petum
2131 4047 2473 4100 inimicorum
2496 4045 2778 4113 adversum
2797 4059 2895 4100 nos
2919 4055 3308 4100 commoveant.
3342 4045 3486 4112 Qua-

1920 4145 2140 4206 propter
2173 4136 2217 4191 si
2241 4135 2389 4204 pacis
2421 4143 2658 4202 tempora
2683 4133 2863 4202 quiete
2890 4142 2944 4188 et
2978 4135 3262 4202 tranquille
3288 4138 3484 4192 ducere

1921 4227 2188 4288 volumus,
2224 4224 2372 4294 pacis
2419 4231 2474 4278 et
2521 4223 2803 4276 charitatis
2851 4231 3148 4286 amatorem
3195 4224 3479 4294 diligamus

1925 4326 1979 4371 et
2006 4317 2312 4378 timeamus,
2333 4312 2553 4382 ejusque
2581 4312 2861 4382 praeceptis
2888 4313 3164 4368 humiliter
3189 4313 3324 4368 colla
3349 4318 3478 4369 sub-

1927 4407 2222 4461 mittamus.
2272 4405 2337 4459 Hi
2383 4412 2562 4458 autem
2599 4403 2692 4474 qui
2746 4403 2997 4472 palatinis
3050 4403 3343 4460 honoribus
3372 4405 3479 4459 l'ul-

247 4514 412 4579 οηοα
443 4521 530 4567 ,ιω
571 4497 803 4569 ειιάνεεαε
843 4531 944 4568 non
987 4523 1083 4577 εει,
1115 4510 1260 4565 naua
1316 4512 1448 4565 bona
1496 4512 1661 4565 inesse
1698 4529 1818 4580 ρος-
1848 4482 1899 4540 D
1926 4497 2159 4558 ciuntur,
2197 4495 2308 4549 sive
2334 4493 2517 4548 clerici
2560 4493 2688 4555 sint,
2739 4491 2853 4546 sive
2898 4490 3041 4555 laici,
3075 4493 3290 4563 dignum
3317 4506 3398 4550 est
3425 4507 3484 4550 ut

977 4594 1115 4636 sunt.

325 4677 578 4747 Magnum
629 4677 683 4730 in
728 4685 953 4744 utroque
975 4675 1181 4738 ordine,
1229 4672 1460 4729 clericali
1491 4672 1738 4726 videlicet
1768 4683 1822 4728 et

249 4767 454 4826 init-ali,
486 4766 782 4836 periculum
811 4780 928 4819 esse
957 4764 1327 4834 cognoscimus
1349 4803 1362 4826 ,
1391 4763 1533 4832 quod
1561 4763 1819 4826 Charitas,

249 4876 378 4931 qua}
418 4861 555 4914 Deus
607 4869 690 4915 est
731 4861 988 4914 ac-decus
1041 4857 1478 4919 Christianitatis,
1513 4865 1567 4911 et
1624 4856 1676 4910 in
1716 4873 1820 4925 qua

248 4968 466 5006 summa
498 4952 656 5005 totius
680 4950 798 5005 ﬁdei
825 4958 1019 5003 nostra:
1047 4949 1310 5011 consistit,
1333 4947 1385 5000 in
1415 4945 1593 4999 multis
1623 4945 1826 4999 utrius-

249 5061 364 5115 que
422 5044 630 5110 ordinis
682 5043 846 5116 (quod
879 5058 983 5095 non
1041 5041 1156 5095 sine
1199 5054 1395 5110 magno
1445 5039 1609 5092 animi
1637 5038 1821 5091 dolore

251 5136 508 5205 dicimus)
543 5151 647 5190 non
687 5148 914 5202 regnare
942 5132 1294 5207 convincitur.
1332 5129 1460 5195 Quae
1490 5130 1659 5183 virtus
1685 5130 1818 5182 cha-

256 5229 399 5282 ritas
424 5227 514 5289 sit,
541 5236 596 5280 et
615 5224 921 5294 evangelica
952 5231 1006 5276 et
1038 5220 1331 5290 apostolica
1386 5219 1564 5281 lectio,
1611 5226 1665 5272 et
1692 5233 1819 5271 san-

251 5328 473 5372 ctorum
500 5315 718 5369 Patrum
743 5313 1106 5384 expositiones
1133 5309 1447 5378 plenissime
1475 5309 1684 5362 docent.
1717 5308 1822 5360 Ex-

254 5408 602 5478 pressissime
657 5420 890 5474 namque
940 5403 1175 5458 Joannes
1232 5400 1502 5470 apostolus
1556 5400 1632 5452 ait
1682 5402 1822 5469 quod

255 5501 405 5554 Deus
429 5498 665 5551 Charitas
685 5507 769 5552 est
797 5515 812 5550 :
846 5497 914 5551 In
943 5496 1038 5549 hoc
1084 5494 1324 5564 apparuit
1368 5493 1596 5546 cltaritas
1640 5493 1732 5546 Dei
1769 5496 1823 5548 in

1925 4585 2137 4641 vinculo
2161 4584 2441 4639 charitatis
2480 4590 2906 4646 connectentur;
2945 4596 3044 4635 nec
3068 4581 3376 4638 alterutrius
3403 4585 3481 4638 in-

1921 4678 2118 4750 juriam
2149 4687 2238 4730 aut
2271 4674 2747 4732 dehonorationem
2777 4681 2962 4726 contra
3010 4671 3089 4725 fas
3118 4673 3485 4740 meditemur;

1931 4785 1998 4822 ne
2028 4766 2238 4820 desides
2266 4773 2359 4818 aut
2399 4762 2565 4818 dolosi
2593 4762 2660 4816 ad
2697 4761 2922 4815 invicem
2947 4760 3199 4824 existant,
3247 4775 3314 4814 ne
3350 4760 3486 4816 forte

1931 4859 2023 4929 qui
2049 4857 2216 4912 dolosi
2268 4863 2391 4909 sunt
2421 4853 2657 4907 incidant
2687 4852 2738 4904 in
2791 4850 2917 4903 illud
2963 4849 3259 4903 Psalmistze
3297 4852 3483 4905 dicen-

1935 4951 2004 5003 tis
2036 4967 2047 5001 :
2086 4947 2186 5012 Qui
2215 4947 2494 5017 loquuntur
2530 4959 2707 5012 pacem
2751 4958 2867 4993 cum
2913 4941 3149 5008 proximo
3190 4956 3306 5005 suo,
3345 4940 3488 4994 mala

1926 5051 2098 5094 autem
2135 5040 2187 5092 in
2223 5035 2463 5090 cordibus
2499 5048 2697 5086 eorum.
2730 5031 2810 5082 Da
2857 5030 2984 5091 ilt's,
3025 5029 3263 5091 Domine,
3301 5046 3486 5082 secun-

1927 5134 2052 5186 dum
2089 5127 2243 5200 opera
2269 5143 2470 5186 eorum,
2501 5135 2546 5176 et
2579 5122 2861 5176 secundum
2908 5120 3189 5188 nequitiam
3234 5119 3486 5171 adinven-e

1927 5223 2123 5274 tionum
2149 5233 2347 5280 eorum,
2387 5225 2490 5269 etc.
2542 5211 2712 5285 (I’sal.
2743 5227 2910 5272 xxvu,
2935 5210 3008 5276 5).
3037 5221 3061 5246 ει
3095 5208 3197 5274 Qui
3227 5222 3354 5260 vero
3382 5208 3477 5262 de-

1930 5312 2071 5364 sides
2094 5310 2348 5369 existunt,
2390 5311 2634 5374 patenter
2682 5301 2750 5356 ab
2796 5300 3166 5360 unanimitate,
3213 5312 3374 5366 quam
3425 5299 3480 5352 in

1930 5399 2144 5453 Christo
2173 5395 2366 5450 Paulus
2396 5394 2638 5447 habitare
2665 5392 2838 5454 docet,
2865 5389 3201 5450 scinduntur,
3229 5397 3485 5441 caveant-

1931 5506 2035 5559 que
2060 5487 2365 5558 hypocrisin
2390 5482 2539 5537 Judae
2562 5482 2852 5552 proditoris
2881 5478 3108 5534 Domini.
3141 5476 3278 5531 Sunt
3306 5487 3360 5532 et
3385 5479 3488 5533 alia

402 5611 508 5676 Qui
568 5626 682 5663 vero
711 5609 930 5663 desides.
965 5607 1086 5660 "me
1121 5605 1361 5675 profecto
1417 5619 1563 5676 cum,
1603 5605 2024 5672 przrcedentilms
2063 5617 2166 5656 non
2208 5600 2495 5653 cohzrrent.
2539 5597 2621 5649 An
2671 5594 2947 5663 legendum
2988 5589 3076 5659 qui
3113 5597 3255 5642 vero'
3284 5589 3487 5645 dissidii

252 5675 502 5738 auctores
530 5682 553 5732 ἱ)
591 5679 732 5733 Sane
762 5679 1011 5746 quiddam
1041 5676 1337 5743 hujusmodi
1371 5675 1676 5742 requiritur.

630 5771 899 5828 ΡΑτιιοι..
946 5767 1099 5827 CVI.

2949 5755 3022 5814 10
