4030 6190
532 260 650 317 1οθ

1612 247 1798 305 JDNAZ
1839 243 2389 309 AlIltEldAb'liNSlS
2429 211 2769 300 Episcom‘

3663 241 3773 297 300

516 380 671 437 .huic
694 374 772 432 rei
809 348 1204 433 convenientta,
1256 364 1623 437 qutclongmn
1668 350 1771 418 est'
1798 374 2101 423 munerare.
2139 365 2182 422 Α
2209 375 2430 429 regnum
2463 359 2729 415 interiisse
2752 339 2973 435 propter
2998 355 3153 420 unius
3177 365 3457 427 peccatum
3485 355 3776 412 velinobe-

544 475 707 531 Certe
749 483 872 524 cum
902 463 1182 536 dignitatis
1226 442 1820 532 palatinze‘hujosmodi
1864 453 2109 508 homines

523 560 840 619 .honorihus
865 554 1087 619 suﬁ‘ulti,
1120 551 1392 611 morsibus
1439 550 1653 606 invidia:
1679 564 1738 604 se
1767 546 2004 602 vicissim
2035 544 2085 600 la

544 666 749 721 ccrant,
807 665 865 711 et.
915 654 970 708 in
1016 648 1251 722 proximi
1299 645 1513 701 ruinam
1544 652 1601 698 ct
1629 641 2111 697 dehonorationetn

545 753 812 813 testuant,
842 754 899 799 et
923 743 1035 799 Deo
1073 738 1227 809 cujus
1267 734 1584 792 muneribus
1610 740 1857 793 utuntur,
1904 731 1957 786 in
1981 744 2112 800 pro-

544 840 676 895 rimi
706 833 1150 893 ~adversitatibus
1194 828 1447 899 injuriam
1482 824 1756 888 inferunt;
1784 830 1839 877 et
1867 821 1998 891 regi,
2025 819 2112 874 cui

546 924 1286 986 familiariter.inh:erent,~et
1309 917 1582 987 adjutores
1617 913 1910 969 secundum
1942 911 2111 965 Deum

542 1034 665 1075 esse
692 1017 1016 1077 debuerunt,
1071 1009 1308 1065 debitam
1341 1006 1500 1061 ﬁdem
1525 1018 1634 1058 non
1661 1008 1916 1064 servant;
1942 1008 1997 1054 et
2022 999 2113 1053 ho-

543 1126 735 1168 norem
769 1107 1086 1179 palatinum,
1130 1100 1331 1156 malum
1378 1097 1683 1167 exemplum
1731 1094 1853 1149 aliis
1901 1094 2112 1158 dantes,

545 1200 970 1264 commaculant;
999 1203 1075 1261 et,
1101 1194 1245 1264 quod
1263 1193 1330 1247 iis
1352 1189 1690 1247 indecentius
1714 1197 1820 1253 est,
1847 1187 1913 1242 ad
1935 1185 2115 1241 inimi-

544 1309 639 1347 eos
677 1289 912 1346 nominis
957 1285 1161 1342 Christi
1213 1297 1468 1352 magnum
1501 1280 1795 1352 tripudium
1833 1277 2114 1357 transmit-

547 1394 687 1440 tum.

1164 1463 1390 1522 CAPUT
1426 1463 1495 1520 Χ.
1595 1526 1606 1537 ι

762 1563 838 1619 De
872 1556 1343 1631 transgressoribus
1380 1555 1755 1610 mandatorum
1784 1552 1904 1609 Dei.

2209 449 2501 515 dientiatn,
2542 450 2657 505 sive
2695 447 2934 518 pradati,
2978 449 3094 503 sive
3133 447 3395 517 subjecti,
3437 446 3651 518 longum
3689 457 3781 502 est

2208 555 2569 595 enumerare:
2601 539 2759 594 sicuti
2800 538 3023 609 contigit
3063 539 3116 593 in
3159 536 3317 598 Saul,
3353 553 3451 606 pro
3500 536 3654 605 cujus
3696 538 3783 592 in-

2208 628 2511 684 obedientia
2535 643 2756 700 regnum
2786 629 2862 709 ab.
2879 644 2945 683 eo
2989 627 3251 694 ablatum,
3293 629 3556 699 aitet-ique
3595 631 3784 684 datum

2211 721 2457 793 legimus.
2500 719 2632 775 Nam
2675 729 2729 776 et
2759 721 2897 777 ﬁlius
2923 719 3040 790 ejus
3064 720 3359 787 Jonathas,
3392 722 3444 777 in
3474 720 3627 790 cujus
3656 723 3785 777 ﬁdei

2210 813 2525 871 fortitudine
2564 814 2790 869 victoria
2829 813 2953 868 data
2993 821 3076 868 est
3116 813 3181 867 de
3207 814 3561 878 adversariis,
3591 825 3789 884 postea

2211 905 2650 961 sanctificationis
2700 912 2885 958 votum
2925 915 3329 975 transgressus,
3391 905 3515 959 licet
3564 906 3793 976 ignarus

2213 996 2554 1067 concupivit,
2592 1005 2647 1050 et
2685 995 2967 1073 victoriam
3008 996 3174 1050 totius
3211 996 3390 1066 populi
3421 997 3787 1066 perturbavit.

2214 1088 2322 1145 Sed
2348 1098 2402 1144 et
2431 1088 2549 1144 Heli
2586 1089 2652 1144 de
2691 1088 2881 1144 ordine
2922 1088 3276 1152 sacerdotali,
3320 1089 3446 1158 quia
3484 1088 3623 1144 ﬁlios
3652 1105 3797 1146 suos

2213 1198 2321 1237 non
2366 1182 2501 1238 satis
2545 1183 2817 1247 correxit,
2859 1182 3097 1247 decidit;
3139 1182 3247 1237 imo
3288 1180 3411 1236 ﬁliis
3452 1182 3565 1248 suis
3590 1182 3798 1236 tnerito

2214 1292 2323 1332 suae
2361 1277 3084 1348 iuiquitatiscorruentibus
3122 1277 3360 1341 corruit,
3390 1277 3795 1333 sacerdotioru-

2216 1383 2319 1439 que
2347 1369 2699 1439 deprogenie
2724 1369 2842 1439 ejus
2880 1369 3152 1424 sublatum
3190 1378 3277 1424 est
3301 1385 3316 1435 ;
3344 1385 3572 1440 quorum
3612 1370 3793 1442 negli-

2215 1462 2393 1531 gentia
2432 1468 2489 1516 et
2528 1461 2821 1530 iniquitate.
2849 1461 3078 1533 populus
3105 1461 3156 1515 in
3186 1460 3326 1517 bello
3353 1460 3566 1532 fugatus
3595 1477 3658 1517 ac
3686 1479 3798 1516 εω-

2217 1567 2309 1609 sus
2336 1562 2451 1619 est,
2481 1560 2537 1608 et
2560 1552 2729 1622 gloria
2760 1567 2882 1607 cum
2913 1567 3037 1607 arca
3078 1553 3171 1607 Dei
3212 1553 3279 1607 de
3316 1552 3478 1607 Israel
3525 1553 3797 1608 translata

622 1654 761 1709 Mala
801 1651 995 1721 quibus
1024 1628 1174 1703 Deus
1209 1645 1500 1701 offenditur
1536 1643 1621 1700 vel
1658 1642 1993 1715 periclitatur
2032 1657 2117 1698 re-
2148 1718 2181 1721 _
2206 1656 2339 1710 est,
2370 1644 2529 1700 simul
2552 1652 2608 1699 et
2630 1643 2782 1699 locus
2805 1658 2993 1699 eorum
3018 1643 3305 1713 dissipatus
3328 1628 3430 1699 est.
3455 1644 3639 1698 Achan
3660 1659 3802 1699 vero

548 1758 749 1813 gnum,
780 1718 836 1794 si.
854 1739 977 1808 quis
1002 1734 1205 1806 liquido
1232 1732 1347 1787 vult
1372 1747 1733 1804 cognoscere,
1765 1732 2033 1796 divinam,
2064 1729 2118 1784 id

2220 1745 2444 1807 propter
2487 1736 2978 1807 concupiscentiam
3019 1736 3338 1803 inobediens
3372 1736 3576 1802 factus,
3621 1746 3802 1792 totum

538 1843 662 1899 est,
711 1830 934 1901 legalem
956 1869 974 1895 ,
1018 1825 1386 1898 propheticum
1430 1833 1484 1879 et
1511 1824 1906 1895 evangelieam,
1955 1835 2118 1893 atque

548 1922 897 1995 apostolicam
939 1918 1232 1990 perspiciat
1269 1910 1678 1981 auctoritatem,
1708 1915 1799 1969 ubi
1839 1913 1997 1998 plene
2037 1915 2118 1968 in-

548 2014 729 2070 veniet
771 2010 965 2066 omnia
992 2008 1244 2064 mandata
1283 2014 1447 2076 atque
1483 2015 1767 2077 prmeepta;
1789 2006 1985 2077 quibus
2023 2006 2118 2061 Dei

547 2102 881 2175 adempletur
919 2100 1203 2155 voluntas:
1245 2098 1320 2154 ibi
1361 2097 1524 2153 etiam
1552 2097 1789 2151 inveniet
1826 2111 1946 2166 qua:
1977 2096 2119 2151 Deus

528 2195 671 2249 .tieri
702 2191 1020 2264 prohibuit;
1053 2204 1154 2260 pro
1193 2188 1391 2259 quibus
1419 2187 1486 2242 ad
1513 2202 1729 2243 omnem
1756 2186 1999 2241 ordinem
2037 2184 2119 2239 di-

528 2285 687 2340 ‘vinae
712 2280 1161 2338 comminationes
1191 2277 1374 2333 multa:
1410 2285 1569 2341 sunt,
1611 2284 1665 2331 et
1703 2277 1758 2331 in
1796 2274 2118 2345 quibusdam

520 2377 642 2448 qui
690 2375 883 2431 audire
927 2379 1400 2451 contempserunt,
1444 2368 1580 2423 ultio
1628 2368 1809 2424 divina
1850 2366 2116 2437 completa

551 2475 653 2523 est.
700 2465 915 2521 Primus
940 2464 1136 2534 quippe
1178 2462 1338 2516 homo
1383 2471 1602 2531 propter
1632 2458 2118 2530 transgressionem

550 2552 1002 2623 divinipraacepti
1031 2551 1099 2605 de
1127 2549 1378 2620 paradiso
1404 2546 1612 2618 ejectus
1631 2587 1646 2612 ,
1675 2554 1732 2602 et
1759 2545 1950 2601 exsilio
1977 2546 2122 2601 dam-

550 2655 741 2710 natus,
787 2653 845 2699 ct
872 2650 1044 2697 ntorte
1082 2640 1339 2697 multatus
1367 2648 1453 2695 est
1475 2679 1493 2705 ,
1546 2639 1690 2709 quod
1716 2638 1915 2694 malum
1946 2639 2121 2695 adhuc

549 2738 711 2794 hodie
745 2751 915 2808 genus
954 2734 1248 2790 humanum
1285 2731 1440 2802 quasi
1481 2740 1672 2787 natura
1714 2732 1817 2787 sibi
1858 2733 2120 2789 insertum

549 2825 848 2901 experitur.
871 2823 1007 2880 Inde
1031 2823 1175 2879 facta
1203 2831 1287 2877 est
1323 2821 1428 2877 alia
1466 2821 1733 2894 generalis
1761 2822 2035 2879 damnatio
2065 2824 2118 2879 in

554 2916 787 2981 diluvio,
830 2929 951 2985 qua:
989 2912 1359 2984 multiplicatis
1396 2912 1543 2968 vitiis
1580 2920 1637 2968 et
1672 2912 1901 2969 diversis
1928 2912 2133 2981 malis,

549 3004 784 3062 naturali
826 3004 942 3075 lege
972 3010 1236 3072 corrupta
1259 3041 1274 3065 ,
1317 3001 1560 3057 evenisse
1599 3001 1885 3057 manifeste
1922 3004 2120 3072 proba—

2220 1828 2471 1899 populum
2501 1828 2858 1897 perturbavit.
2891 1826 3071 1882 Pauca
3095 1828 3292 1898 quippe
3315 1830 3381 1882 de
3409 1828 3591 1882 multis
3616 1844 3807 1898 prose

2220 1920 2330 1974 cuti
2380 1934 2599 1984 sumus,
2645 1926 2706 1973 ut
2752 1918 3042 1987 diligenter
3082 1920 3570 1984 animadvertatur,
3618 1921 3664 1975 si
3721 1929 3807 1975 tot

2219 2009 2417 2065 divinis
2444 2008 2767 2074 ultionibus,
2803 2016 2986 2078 totque
3016 2009 3298 2078 periculis,
3333 2018 3413 2066 tot
3450 2011 3615 2066 etiam
3644 2012 3805 2066 dam-

2220 2100 2527 2155 nationibus
2555 2098 2937 2168 subjacuerunt
2977 2108 3377 2170 contemptores
3416 2103 3805 2157 mandatorum

2220 2189 2348 2255 Dei,
2389 2205 2618 2259 quorum
2659 2188 2903 2244 inﬁnitus
2936 2197 3022 2245 cst
3046 2205 3336 2263 numerus,
3368 2198 3433 2246 et
3474 2206 3581 2245 non
3619 2192 3806 2246 solum

2221 2284 2299 2338 illi
2328 2284 2419 2352 qui
2449 2290 2716 2353 praecepta
2745 2291 3135 2353 susceperunt,
3167 2296 3354 2338 verum
3384 2283 3548 2338 etiam
3577 2285 3670 2353 qui
3705 2300 3809 2339 na-

2220 2375 2448 2431 turalem
2470 2375 2640 2445 legem
2661 2375 3019 2444 corruperunt
3033 2416 3051 2438 ,
3072 2383 3276 2444 quanto
3295 2382 3454 2444 putas
3475 2374 3647 2428 reatui
3672 2374 3815 2429 sub-

2212 2465 2470 2536 jaeehunt
2510 2465 2680 2536 gratia
2709 2463 2908 2520 Christi
2950 2465 3248 2534 redempti,
3277 2472 3334 2518 et
3367 2464 3434 2519 ab
3474 2465 3665 2520 eodem
3696 2467 3810 2521 Do-

2220 2559 2369 2614 mino
2395 2559 2448 2613 in
2481 2558 2622 2613 viam
2642 2555 2868 2626 justitia:
2894 2557 3073 2613 cdocti
3099 2566 3156 2613 et
3182 2558 3466 2623 instructi,
3505 2558 3551 2612 si
3589 2574 3808 2629 praece-

2220 2650 2326 2720 ptis
2351 2646 2467 2717 ejus
2488 2648 2709 2704 obedire
2730 2650 3174 2719 contempserint.
3205 2649 3439 2705 Proinde
3466 2665 3692 2707 necesse
3722 2661 3812 2707 est

2220 2750 2282 2797 ut
2309 2741 2677 2813 unusquisque
2699 2741 2753 2796 in
2779 2742 2971 2797 ordine
2992 2757 3091 2797 suo
3116 2758 3216 2812 pro
3240 2742 3446 2800 viribus
3471 2742 3722 2807 studeat,
3752 2751 3811 2798 et

2222 2836 2483 2902 quantum
2515 2833 2681 2888 Deum
2712 2832 3010 2898 amaverit,
3041 2849 3162 2904 qua:
3198 2834 3361 2905 jussit
3396 2834 3719 2904 adimpleat,
3754 2844 3810 2889 et

2223 2939 2342 2995 quae
2387 2924 2556 2979 vetuit
2604 2932 2796 2980 caveat
2847 2942 2860 2977 :
2910 2932 2969 2979 ut
3012 2940 3121 2979 non
3169 2941 3293 2980 cum
3338 2927 3813 2995 contemptor-ibus

2224 3019 2498 3083 damnari,
2532 3018 2633 3073 sed
2676 3017 2856 3087 potius
2895 3033 3018 3073 cum
3058 3018 3467 3073 exsecutoribus
3495 3017 3807 3074 divinorum

553 3109 659 3151 tur.
681 3094 857 3163 Quam
883 3094 956 3148 sit
981 3092 1515 3161 etiam-prtesumptio
1537 3093 1717 3163 gravis
1741 3101 1797 3149 et
1820 3094 2120 3162 periculosa

2225 3116 2618 3179 prmceptorum
2654 3108 2832 3163 valeat
2870 3109 3244 3175 remunerari,
3274 3110 3673 3185 quoniamnon
3718 3121 3810 3166 est

551 3201 672 3258 qua:
712 3200 780 3240 ex
811 3191 1127 3252 contemptu
1157 3191 1550 3252 praeceptorum
1581 3182 1674 3238 Dei
1702 3186 1966 3252 nascitur,
1996 3187 2125 3241 tedi-

550 3276 734 3333 ficatio
762 3274 929 3330 turris
948 3314 963 3339 ,
986 3282 1042 3328 et
1061 3272 1306 3329 confusio
1330 3272 1636 3344 linguarum
1663 3276 1863 3345 prodit.
1891 3276 2124 3334 Sodoma

547 3376 734 3424 autem
782 3374 838 3422 et
882 3364 1185 3420 Gomorrha
1229 3370 1286 3417 et
1331 3362 1572 3419 ﬁnitimae
1608 3365 1887 3431 civitates,
1930 3369 2126 3438 quibus

548 3459 768 3533 flagitiis
807 3457 1018 3522 deletae,
1065 3463 1123 3511 et
1140 3454 1410 3525 quomodo
1451 3463 1655 3511 aeterna
1693 3456 2037 3515 damnatione
2069 3461 2125 3516 in

548 3549 858 3621 exemplum
890 3547 1112 3604 humani
1142 3546 1355 3618 generis
1383 3546 1491 3601 sint
1519 3547 1740 3617 perdita:
1778 3548 2125 3607 manifestum

550 3657 674 3716 est;
717 3656 774 3704 et
813 3654 997 3702 tamen
1036 3645 1095 3700 in
1130 3642 1537 3716 comparatione
1572 3657 1761 3699 earum
1789 3643 2123 3702 Hierusalem

551 3739 772 3812 duplum
809 3737 1011 3794 malum
1052 3734 1246 3791 fecisse
1283 3735 1500 3807 legitur,
1526 3749 1596 3790 eo
1625 3736 1768 3806 quod
1799 3737 2045 3792 notitiam
2071 3744 2117 3794 et

554 3845 886 3910 praeceptum
917 3833 1014 3890 Dei
1042 3831 1325 3896 habuerit,
1355 3838 1413 3886 et
1448 3845 1667 3887 servare
1707 3833 2121 3902 eontempserit,

552 3937 739 3985 secuta
764 3925 983 3998 propria
1010 3922 1305 3979 voluntate.
1336 3921 1470 3976 Nam
1512 3920 1770 3992 iniquitas
1808 3920 2126 3977 sodomitica

546 4022 704 4093 juxta
731 4019 1051 4090 prophetam
1095 4013 1198 4091 fuit
1232 4013 1516 4086 superbia,
1565 4013 1824 4068 saturitas
1865 4020 1919 4069 et
1956 4014 2128 4068 abun-

554 4114 772 4177 dantia,
802 4124 857 4166 et
882 4109 1051 4165 otium
1073 4116 1178 4173 ,σει
1201 4108 1344 4178 quod
1373 4122 1544 4178 egeno
1572 4115 1626 4162 et
1655 4106 1881 4177 pauperi
1905 4122 2126 4162 manum

551 4222 658 4262 non
686 4202 1033 4277 porrigebant
1057 4220 1070 4255 :
1101 4201 1243 4256 unde
1273 4201 1498 4255 recessit
1526 4199 1724 4255 oblivio
1755 4198 1883 4265 Dei,
1910 4208 1967 4255 et
1992 4215 2125 4271 ope-

556 4296 661 4352 rati
705 4302 831 4350 sunt
866 4293 1043 4349 adhuc
1081 4289 1530 4345 abominationes.
1574 4289 1871 4345 Obduratio
1913 4304 2128 4361 quoque

552 4386 964 4459 Egyptiorum,
1006 4382 1100 4453 qui
1140 4381 1305 4436 nullis
1343 4381 1512 4453 signis
1554 4395 1656 4437 nec
1694 4382 1990 4453 prodigiis,
2032 4382 2126 4438 sed

551 4494 726 4552 neque
772 4477 995 4550 ﬂagellis
1027 4474 1234 4546 corrigi
1279 4482 1605 4545 potuerunt,
1649 4475 1717 4529 ad
1760 4492 1918 4546 quem
1961 4475 2123 4530 tinem

549 4569 863 4642 pervenerit
889 4578 1076 4623 notum
1098 4574 1181 4622 est
1205 4582 1219 4622 :
1250 4580 1376 4620 nam
1400 4564 1608 4620 Dathan
1637 4574 1692 4620 et
1717 4565 1916 4622 Ahiron
1962 4577 2125 4637 atque

550 4664 689 4720 Core
711 4676 833 4718 cum
862 4659 1023 4715 sociis
1047 4673 1233 4715 eorum
1263 4657 1356 4728 qui
1381 4672 1503 4713 cum
1532 4657 1600 4712 iis
1626 4656 1932 4727 perierunt,
1963 4673 2123 4728 quam

553 4754 800 4813 horribili
842 4762 1002 4808 terra:
1040 4751 1223 4818 hiatu,
1280 4757 1505 4820 prepter
1545 4758 1910 4820 contemptum
1948 4761 2002 4806 et
2043 4750 2126 4804 in-

554 4844 920 4904 ohedientiam
963 4851 1153 4900 contra
1184 4842 1355 4897 Deum
1379 4841 1679 4913 consumpti
1702 4850 1856 4907 sunt,
1899 4840 2126 4897 manife-

554 4949 697 4995 stum
726 4945 829 4993 est.
854 4935 1136 5004 Quomodo
1156 4935 1320 4990 etiam
1348 4932 1634 4987 multitudo
1665 4933 1845 5004 populi
1872 4932 1970 4988 Dei
1996 4949 2126 5005 per-

552 5008 676 5086 ierit
716 5028 772 5083 in
813 5024 1030 5082 deserto
1062 5033 1290 5096 propter
1331 5020 1824 5094 concupiscentiam
1873 5032 1928 5079 et
1994 5039 2125 5079 con-

550 5129 810 5192 temptum
848 5126 904 5173 et
923 5131 1205 5188 perversas
1228 5115 1645 5172 consuetudines
1669 5132 1700 5171 a
1730 5116 1841 5172 Deo
1869 5116 1975 5172 illis
2000 5131 2125 5187 pro-

543 5212 771 5277 hibitus,
803 5213 975 5265 donec
1012 5207 1239 5263 diversis
1280 5209 1523 5264 cladibus
1548 5217 2015 5276 consumerentur,
2048 5209 2127 5264 ita

550 5310 610 5356 ιιι
650 5300 830 5356 nullus
874 5313 1062 5355 eorum
1111 5297 1180 5353 ad
1226 5304 1428 5353 terram
1474 5298 1785 5367 pervenerit
1831 5298 2124 5367 repromis-

550 5392 720 5451 sionis
756 5400 951 5464 praeter
980 5390 1116 5447 duos
1142 5397 1356 5445 tantum
1381 5389 1698 5447 obedientes
1724 5390 1843 5446 voci
1876 5389 2119 5456 Domini,

549 5482 803 5537 erunibus
829 5481 1172 5553 perspicuum
1196 5487 1299 5536 est.

619 5563 843 5640 Quoties
880 5583 1061 5631 autem
1097 5574 1358 5631 acciderit
1392 5575 1647 5647 populum
1688 5578 1960 5635 corruisse
1980 5581 2009 5644 ,'
2036 5581 2123 5635 vel

2227 3198 2447 3253 dubium
2491 3198 2620 3268 quin
2662 3206 2884 3269 propter
2912 3199 3329 3254 inobedientiam
3356 3209 3410 3254 et
3437 3208 3808 3271 contemptum

2226 3297 2621 3360 prteceptorum
2670 3288 2794 3355 Dei,
2843 3290 2995 3362 regni
3035 3290 3358 3360 periclitatio
3400 3298 3454 3346 et
3493 3291 3809 3347 animarum

2225 3381 2506 3452 proveniat
2531 3381 2825 3438 damnatio.

2831 3494 3058 3553 CAPUT
3094 3496 3184 3552 XI.

2229 3583 2381 3650 Quod
2409 3584 2562 3639 multi
2600 3585 2973 3656 professionem
3001 3585 3357 3642 Christianam
3396 3589 3563 3645 verbis
3601 3600 3809 3646 tantum

2537 3664 2742 3710 teneant
2763 3697 2778 3722 ,
2809 3657 2900 3711 sed
2943 3659 3183 3729 operibus
3212 3659 3494 3731 negligant.

2301 3748 2357 3803 Si
2397 3749 2792 3804 mundanarum
2831 3750 3009 3821 legum
3042 3749 3166 3820 jura
3195 3751 3264 3805 ob
3289 3752 3590 3822 jurgiorum
3623 3754 3806 3809 foren-

2227 3838 2365 3894 sium
2394 3839 2604 3910 negotia
2631 3839 2932 3896 dirimenda
2959 3857 2989 3896 a
3017 3842 3331 3898 mortalibus
3354 3843 3499 3898 edita
3517 3885 3533 3909 ,
3556 3844 3807 3899 homines

2229 3928 2540 3986 avidissime
2562 3931 2774 3986 discere
2794 3940 2852 3986 et
2872 3931 3175 4003 intelligere
3197 3933 3509 3988 acutissime
3529 3944 3802 4005 satagunt,

2228 4028 2277 4072 et
2307 4029 2495 4074 caetera
2520 4030 2577 4074 ut
2619 4037 2736 4091 cap.
2776 4020 2847 4075 20
2888 4020 3008 4076 libri
3039 4037 3055 4075 ι
3106 4022 3170 4077 de
3215 4021 3352 4078 Inst.
3383 4022 3506 4077 laic.
3542 4041 3710 4096 usque
3738 4026 3803 4079 ad

2226 4111 2690 4167 indissimulanter
2715 4113 3053 4168 observanda
3079 4121 3392 4170 censentur.

2298 4202 2450 4270 Quod
2488 4219 2618 4260 vero
2659 4204 2791 4260 tides
2816 4203 2928 4259 sola
2958 4205 3226 4261 nemiuem
3259 4206 3326 4261 ad
3357 4195 3579 4276 regnum
3607 4220 3805 4276 prove-

2228 4293 2324 4347 hat
2349 4293 2607 4348 eaalorum
2626 4333 2642 4359 ,
2670 4292 2785 4363 jam
2818 4294 2872 4348 in
2903 4295 3274 4365 superioribus
3304 4295 3557 4366 capitulis
3580 4295 3809 4351 demon-

2228 4392 2456 4439 stratum
2485 4394 2587 4439 est.
2617 4385 2819 4442 Verum
2846 4386 3109 4456 professio
3135 4385 3445 4441 Christiana
3470 4402 3502 4441 a
3527 4388 3716 4444 multis
3752 4397 3809 4443 et

2152 4448 2205 4508 D
2232 4473 2286 4528 in
2314 4474 2750 4545 multispropter
2776 4448 3164 4546 delectationes
3190 4466 3470 4544 carnales,
3499 4487 3554 4536 et
3583 4490 3812 4551 propter

2228 4564 2621 4622 diversissimas
2650 4566 2810 4638 hujus
2837 4568 3019 4624 saeculi
3049 4569 3343 4635 vanitates,
3376 4582 3429 4626 et
3456 4574 3810 4641 perversissi-

2227 4670 2344 4710 mas
2372 4657 2811 4724 consuetudines,
2834 4658 3218 4714 miserabiliter
3253 4659 3577 4731 negligitur;
3608 4663 3812 4732 quibus

2223 4756 2428 4818 quanto
2452 4748 2573 4819 plus
2604 4748 2839 4804 inaniter
2877 4749 3211 4817 inserviunt,
3245 4760 3396 4808 tanto
3424 4752 3604 4808 minus
3631 4756 3813 4826 Operi.

2227 4842 2331 4897 bus
2368 4840 2697 4898 Christiana:
2741 4842 3095 4913 professionis
3124 4855 3338 4922 vacant.
3368 4844 3522 4913 Quod
3554 4847 3599 4901 si
3629 4846 3771 4903 Acta
3791 4888 3807 4913 ,

2230 4945 2279 4990 et
2320 4944 2511 4991 cratera
2554 4947 2613 4991 ut
2651 4938 2707 4992 in
2746 4938 2924 4993 eodem
2950 4956 3066 5010 cap.
3095 4941 3164 4995 20
3193 4941 3312 4996 libri
3338 4958 3355 4996 ι
3387 4958 3548 5013 usque
3578 4942 3650 4997 ad
3677 4960 3809 5017 erga

2225 5027 2558 5085 lautissimos
2601 5030 2704 5088 sibi
2741 5032 2892 5087 cibos
2930 5044 3261 5103 prznparatos
3290 5043 3463 5091 artem
3492 5035 3809 5093 collaudant

2227 5138 2543 5193 coquorum.

2297 5227 2324 5255 α
2352 5215 2449 5271 Est
2475 5225 2528 5272 et
2553 5216 2696 5272 aliud
2721 5218 2775 5273 in
2799 5216 3105 5275 Christiana
3130 5220 3385 5292 religione
3410 5238 3603 5296 magna
3629 5225 3806 5280 admi-

2230 5307 2439 5363 ratione
2468 5308 2687 5380 dignum
2715 5326 2729 5377 ;
2773 5325 2839 5366 eo
2878 5312 3021 5381 quod
3053 5312 3198 5383 leges
3228 5314 3510 5381 humanae,
3539 5332 3662 5386 quae
3690 5317 3806 5388 plc-

2229 5414 2458 5471 rumque
2499 5416 2727 5471 peccare
2767 5402 3070 5459 volentibus
3111 5413 3371 5461 terrorem
3415 5407 3595 5477 potius
3634 5423 3803 5478 quam

2234 5492 2427 5548 Christi
2452 5504 2716 5566 prtecepta
2747 5496 3041 5562 incutiunt,
3068 5498 3324 5569 majorem
3348 5500 3456 5555 vim
3484 5515 3647 5571 quatn
3668 5501 3807 5556 divi-

2228 5597 2311 5638 na:
2340 5584 2541 5640 habere
2566 5586 2887 5653 videantur;
2920 5604 3040 5645 cum
3073 5590 3257 5659 utique
3287 5588 3390 5647 ilhc
3418 5593 3519 5649 sibi
3546 5600 3806 5664 parentes

624 5697 653 5727 ι
694 5681 794 5738 Est
832 5693 881 5740 et
917 5680 1083 5745 aliud.
1115 5682 1242 5743 Haec
1266 5684 1483 5758 quidem
1508 5687 1673 5743 etiam
1704 5688 1975 5749 habentur
2003 5689 2220 5749 laudato
2258 5695 2435 5765 capite
2461 5695 2564 5764 20,
2596 5699 2687 5754 sed
2718 5698 2835 5755 aliis
2863 5698 3179 5771 plerumque
3205 5701 3404 5759 verbis.
