4030 6190
326 300 432 360 SOI

1108 304 1196 359 ne
1232 284 1709 359 ms'munoNt:
1744 301 1949 357 RECIA
1988 301 2079 356 Λῐ)
2116 298 2437 357 PlPPlNUM
2475 299 2728 356 necem.
2789 267 2802 279 ’

3434 305 3543 362 302

329 436 365 473 ει
398 415 710 488 temporali,
740 417 821 491 ha:
856 430 1068 487 quoque
1106 417 1174 470 ab
1212 425 1412 471 :eterna
1444 416 1671 470 liberem
1708 427 1890 484 ptena.
1921 419 1968 476 Α
1999 422 2097 466 tat.
2141 403 2423 485 Non'ergo
2455 413 2649 467 mirum
2688 420 2771 470 est
2800 412 2845 468 si
2875 427 3060 469 mucro
3087 414 3298 471 divinus
3334 432 3550 488 grasse-

328 511 469 566 Cum
511 525 654 565 nunc
692 507 955 580 quispiam
983 509 1145 579 regia:
1172 516 1265 562 aut
1293 507 1586 579 imperialis
1614 505 1891 577 dignitatis

325 602 541 671 apicem
574 609 794 663 tenens,
823 598 1030 654 caeteris
1058 597 1371 653 mortalibus
1399 595 1763 666 teniporaliter
1788 594 1890 647 im-

329 705 566 764 perans,
598 688 814 758 aliquod
841 687 1075 742 edictum
1103 687 1382 756 proponit,
1412 685 1551 756 quod
1583 699 1614 738 a
1645 683 1746 738 sibi
1773 683 1895 737 sub-

333 780 466 834 ditis
491 787 548 833 et
573 778 746 833 audiri
775 776 1072 848 diligenter,
1105 784 1159 831 et
1196 775 1403 845 impleri
1434 774 1663 829 ﬁdeliter
1691 771 1914 842 sagaci-‘

335 878 529 939 terque
552 868 719 932 velit;
750 868 901 936 quis,
935 883 1095 937 rogo,
1125 866 1460 921 subditorum
1490 881 1595 919 non
1625 864 1894 917 inbianter

330 962 588 1023 obaudit,
622 961 866 1030 illiusque
900 959 1229 1029 jussionihus
1257 959 1628 1027 obtemperare
1657 955 1893 1023 satagit?

330 1053 471 1121 Quis
507 1067 637 1106 vero
676 1051 730 1105 in
772 1057 973 1104 tantam
1004 1048 1284 1103 audaciam
1314 1059 1665 1117 prorumpere
1693 1044 1893 1107 audet,

328 1145 427 1214 qui
465 1144 519 1198 id
550 1143 652 1198 nisi
676 1144 747 1198 ad
774 1158 929 1199 suum
976 1141 1263 1196 discrimen
1311 1147 1655 1194 contemnere
1699 1150 1895 1206 pracsu-

332 1235 493 1289 rnat?
539 1232 691 1290 Unde
737 1234 866 1289 satis
914 1232 1099 1287 mirari
1146 1246 1252 1286 non
1300 1237 1478 1300 potest
1514 1243 1610 1283 cur
1650 1225 1896 1284 homines

335 1331 491 1379 tanta
533 1324 772 1378 excitate
811 1321 1051 1392 percussi
1091 1320 1360 1384 existunt,
1403 1327 1463 1373 ut
1501 1315 1773 1372 Creatoris
1808 1313 1891 1368 sui

330 1414 507 1484 legem
562 1422 668 1468 tam
722 1412 1011 1467 temerario
1058 1426 1193 1465 ausu
1243 1415 1582 1480 postponant.
1638 1404 1895 1460 Homines

326 1510 576 1566 condunt
617 1508 794 1579 leges,
839 1516 893 1563 et
942 1522 973 1561 a
1025 1504 1254 1560 subditis
1298 1501 1702 1563 custodiuntur;
1755 1499 1895 1553 Deus

332 1609 556 1657 creator
592 1598 828 1654 omnium
872 1594 1197 1651 mternaliter
1243 1593 1540 1661 imperans,
1580 1589 1671 1657 qui
1711 1595 1894 1641 nostro

330 1698 624 1762 augmento
666 1704 770 1743 non
806 1686 1040 1749 crescit,
1080 1685 1132 1739 in
1175 1684 1328 1753 cujus
1374 1696 1536 1736 manu
1585 1680 1659 1734 ita
1706 1691 1891 1733 sumus

1996 513 2104 569 tur,
2134 505 2226 559 ubi
2257 505 2390 560 ﬁdes
2416 504 2617 561 Christi
2648 520 2755 560 non
2784 506 3073 574 veraciter,
3112 510 3209 566 sed
3235 509 3552 569 simulanter

1994 605 2223 649 tenetur.
2253 594 2477 667 Semper
2501 596 2645 652 enim
2669 596 2895 654 dicimus
2920 612 3021 654 nos
3059 600 3225 656 Deum
3246 602 3383 658 velle
3407 619 3554 674 quaa-

1995 700 2143 751 rere,
2169 694 2227 741 et
2252 686 2318 761 de
2344 686 2634 754 prmteritis
2661 687 2909 743 admissis
2932 690 3005 745 ab
3033 703 3098 745 eo
3123 692 3335 746 veniam
3362 704 3549 764 postu-

1995 774 2136 839 lare,
2180 784 2243 827 et
2275 776 2595 840 mentimur;
2625 776 2751 845 quia
2792 784 2934 846 quod
2972 779 3232 846 dicimus,
3263 784 3554 854 adimplere

1994 864 2307 919 tlill‘erimus.
2341 865 2591 931 Quotidie
2617 867 2779 921 etiam
2808 867 3037 925 dicimus
3063 873 3203 926 viam
3234 873 3350 939 Dei,
3384 890 3416 928 a
3445 891 3551 945 qua

1993 956 2265 1025 peccando
2308 958 2760 1025 cxorbitavimus,
2812 974 2910 1015 nos
2955 976 3197 1030 quaerere
3240 966 3409 1032 velle,
3453 983 3555 1038 per

1994 1063 2153 1115 quam
2180 1049 2248 1101 ad
2276 1048 2443 1103 Deum
2474 1060 2825 1115 revertamur,
2856 1060 2910 1106 et
2938 1053 3080 1110 Deus
3115 1057 3303 1111 stravit
3339 1072 3458 1113 eam
3496 1059 3553 1114 in

1994 1148 2284 1206 conspectu
2313 1139 2589 1193 oculorum
2623 1151 2961 1206 nostrorum,
2989 1152 3044 1198 et
3073 1160 3169 1215 per
3197 1160 3316 1200 eam
3346 1146 3551 1219 ingredi

1995 1227 2403 1283 contemnimus.
2432 1228 2564 1296 Quis
2589 1230 2797 1285 ratione
2823 1243 2977 1288 utens
3000 1233 3212 1305 ignorat
3236 1251 3333 1291 nos
3359 1237 3554 1292 debere

1994 1331 2207 1386 semper
2234 1319 2445 1386 potiora
2470 1318 2700 1390 eligere,
2730 1329 2786 1375 et
2813 1322 3003 1378 viliora
3044 1328 3431 1383 contemnere?
3458 1328 3554 1384 Di-

1994 1406 2168 1461 versis
2204 1406 2399 1467 divinae
2437 1408 2659 1466 ultionis
2699 1411 2943 1469 cladibus
2981 1417 3175 1471 merito
3209 1427 3412 1474 nostra:
3451 1420 3557 1474 ini-

1994 1494 2216 1562 quitatis
2242 1496 2544 1562 atterimur,
2575 1509 2632 1552 et
2658 1500 2726 1553 ad
2753 1514 2877 1555 eum
2907 1513 2937 1556 a
2965 1519 3073 1573 quo
3110 1507 3445 1575 percutimur
3470 1524 3557 1565 re-

1995 1589 2130 1644 verti
2159 1591 2573 1656 contemnimus,
2609 1593 2958 1663 adimplentes
2984 1596 3114 1652 illud
3140 1600 3510 1670 pr0pbeticum
3534 1619 3550 1655 :

1995 1677 2063 1731 Et
2103 1678 2325 1748 populus
2366 1695 2468 1733 non
2506 1690 2582 1735 est
2626 1698 2858 1739 reversus
2886 1686 2955 1738 ad
2979 1690 3346 1756 percutientem
3384 1707 3471 1757 se,
3503 1701 3555 1747 et

328 1761 477 1837 sicut
503 1780 675 1834 lutum
704 1778 756 1833 in
786 1791 948 1832 manu
982 1774 1161 1846 ﬁguli,
1194 1772 1339 1829 dedit
1367 1771 1536 1841 legem
1563 1770 1633 1823 ob
1662 1766 1887 1823 salutem
1916 1761 1962 1821 B
1993 1766 2269 1820 Dominum
2294 1770 2610 1823 exercituum
2637 1787 2740 1824 non
2763 1775 3114 1843 exquisierunt
3139 1775 3158 1846 (
3175 1775 3286 1831 Isa.
3313 1794 3368 1832 ix
3388 1819 3404 1844 ,
3428 1778 3551 1852 l5).

326 1874 638 1927 animarum
661 1868 1060 1940 capessendam,
1083 1874 1139 1921 et
1162 1864 1333 1920 audiri
1361 1861 1751 1923 contemnitur;
1773 1866 1828 1911 et
1847 1855 1893 1911 si

326 1977 466 2017 aure
486 1960 731 2030 corporis
754 1957 986 2021 auditur,
1011 1969 1141 2010 aure
1163 1952 1338 2009 cordis
1364 1967 1469 2007 non
1494 1948 1814 2021 percipitur;
1844 1955 1898 2000 et

328 2053 379 2108 si
406 2066 541 2106 aure
571 2048 753 2104 cordis
778 2047 1093 2119 percipitur,
1126 2059 1290 2115 Opere
1318 2057 1424 2096 non
1455 2039 1724 2110 impletur.
1751 2036 1895 2104 Quid

332 2151 517 2197 autem
560 2138 924 2196 excusationis
953 2135 1244 2195 Christiani
1274 2133 1499 2188 Domino
1528 2130 1721 2185 aﬂ'erre
1749 2137 1895 2200 pote-

332 2241 489 2295 runt,
530 2232 622 2302 qui
660 2230 942 2286 mundanae
977 2229 1111 2299 legis
1143 2241 1426 2283 censuram
1462 2225 1532 2279 ob
1568 2222 1891 2278 mundialem

334 2332 542 2377 metum
573 2319 904 2390 suscipiunt,
943 2326 999 2374 et
1027 2318 1158 2389 jugo
1190 2315 1422 2380 Christi,
1457 2313 1600 2384 quod
1643 2327 1807 2370 suave
1841 2320 1897 2366 et

335 2414 452 2470 leve
480 2421 596 2479 est,
622 2420 677 2467 et
701 2412 768 2466 ad
797 2411 966 2481 vitam
1000 2408 1147 2464 ducit
1179 2415 1437 2463 :eternam
1455 2445 1471 2471 ,
1497 2403 1634 2459 colla
1668 2401 1896 2458 submit-

332 2514 452 2561 tere
486 2511 719 2559 renuunt
735 2500 1041 2556 ‘teDominus
1078 2498 1249 2555 dicit:
1281 2496 1462 2551 Venite
1488 2494 1557 2548 ad
1594 2510 1695 2557 me,
1720 2508 1893 2546 omnes

282 2614 289 2621 ’
332 2596 422 2666 qui
446 2592 695 2649 laboratis
716 2600 763 2645 et
787 2590 987 2644 onerati
1010 2589 1162 2655 estis,
1189 2597 1238 2642 et
1265 2603 1357 2658 ego
1380 2586 1609 2654 reﬁciam
1633 2599 1721 2638 vos
1744 2596 1762 2634 :
1790 2580 1893 2635 tol-

333 2684 425 2736 lite
444 2682 637 2753 jugum
659 2696 829 2735 meum
853 2695 1008 2750 super
1030 2695 1118 2733 cos
1135 2718 1151 2743 ,
1177 2686 1225 2731 et
1246 2676 1427 2731 discite
1449 2693 1482 2729 a
1503 2691 1583 2729 me
1605 2673 1730 2745 quia
1754 2672 1894 2725 mitis

330 2789 453 2828 sum
476 2781 525 2826 et
554 2769 765 2825 humilis
788 2770 985 2836 corde;
1014 2779 1061 2824 et
1081 2769 1346 2824 invenietis
1370 2768 1594 2837 requiem
1612 2764 1893 2818 animabus

334 2865 535 2919 restris.
567 2862 767 2933 Iugum
796 2863 933 2917 enim
962 2878 1131 2916 meum
1159 2877 1314 2916 suave
1339 2869 1414 2914 est
1433 2900 1448 2926 ,
1476 2868 1525 2913 et
1551 2873 1681 2911 onus
1722 2871 1897 2910 meum

329 2957 441 3010 lac
469 2954 693 3026 (Matth.
721 2968 775 3007 ιι
795 2993 812 3018 ,
836 2951 962 3025 28).
992 2951 1059 3006 Et
1087 2950 1271 3006 venire
1296 2950 1362 3004 ad
1392 2948 1553 3004 talem
1583 2953 1897 3015 tantumque

332 3054 648 3111 vocantem,
676 3052 731 3099 et
760 3044 830 3098 ab
859 3058 923 3099 eo
952 3043 1309 3098 humilitatem
1338 3050 1394 3095 et
1428 3037 1892 3094 mansuetudinem

333 3140 578 3203 discere,
627 3137 850 3208 ejusque
891 3135 1078 3207 iugum
1125 3134 1403 3204 suscipere
1441 3137 1737 3186 recusatur.
1781 3127 1896 3182 Hoc
1920 3112 1964 3173 C

332 3232 430 3302 qui
471 3230 713 3296 faciunt,
748 3230 877 3300 quid
906 3229 1051 3284 aliud
1084 3226 1322 3291 faciunt,
1360 3225 1464 3280 nisi
1501 3238 1530 3276 a
1566 3222 1741 3278 salute
1771 3235 1897 3291 pro-

333 3321 456 3391 pria
488 3319 787 3375 deﬁciunt?
813 3318 965 3386 Quod
990 3333 1150 3388 quam
1182 3314 1482 3371 miserabile
1506 3322 1561 3368 et
1585 3311 1799 3368 exitiale
1827 3312 1899 3366 sit

331 3412 596 3484 explicari
618 3427 724 3466 non
746 3418 939 3482 potest.
970 3409 1255 3479 Perspicua
1277 3423 1409 3463 sane
1433 3404 1783 3462 animadverti
1804 3419 1897 3476 po-

335 3515 445 3560 test
470 3506 615 3575 quod
643 3503 905 3574 professio
933 3502 1242 3557 Christiana
1268 3500 1538 3555 modernis
1567 3500 1893 3570 temporibus

329 3618 363 3653 a
395 3599 668 3669 plerisque
695 3612 801 3653 non
834 3597 915 3652 sic
951 3596 1142 3651 devote
1175 3610 1239 3650 ac
1262 3594 1514 3665 religiose
1546 3593 1758 3658 colitur,
1788 3594 1896 3683 sic-

335 3702 398 3744 ut
428 3706 458 3743 a
488 3690 685 3760 priscis
711 3687 990 3743 colebatur
1015 3684 1355 3741 Christianis.

410 3780 560 3835 lianc
586 3779 776 3849 itaque
810 3778 934 3832 ﬁdei
970 3776 1207 3847 regulam
1226 3816 1241 3842 ,
1273 3777 1341 3830 de
1370 3790 1472 3844 qua
1499 3771 1748 3844 superius
1776 3775 1897 3831 bre—

264 3936 277 3960 ς
333 3873 497 3935 vitor,
527 3879 583 3925 et
612 3870 667 3925 in
699 3869 1009 3924 memoratis
1038 3868 1181 3922 Actis
1207 3867 1566 3937 apostolorum
1592 3866 1899 3936 plenissime

330 3965 546 4018 dictum
592 3971 706 4027 est,
756 3960 1013 4030 apostoli,
1062 3961 1170 4015 imo
1217 3974 1313 4029 per
1356 3959 1623 4028 apostolos
1656 3958 1898 4013 Christus

334 4054 632 4125 tenendam
662 4054 905 4108 ﬁdelibus
930 4053 1141 4108 censuit
1195 4051 1447 4122 Si~igitur
1479 4052 1618 4105 hanc
1653 4049 1899 4104 Christus

333 4147 561 4211 docuit,
588 4145 777 4215 utquid
810 4153 887 4200 tot
913 4144 1182 4213 tantisque
1210 4141 1477 4213 perversis
1502 4140 1899 4196 consuetudini-

330 4239 442 4293 bus
461 4237 529 4291 ad
549 4244 729 4291 votum
749 4236 1100 4305 quorumdam
1124 4233 1350 4302 repertis
1368 4230 1750 4287 contemnitur?
1770 4229 1898 4295 Quae

332 4324 589 4393 quamvis
616 4324 726 4377 Deo
752 4330 1021 4377 annuente
1047 4306 1314 4376 veraciter
1343 4319 1693 4389 percipiatur,
1721 4317 1898 4386 operi-

334 4416 446 4469 bus
472 4422 653 4468 tamen
685 4427 715 4491 a
745 4411 1015 4466 nonnullis
1042 4410 1270 4464 diversis
1298 4408 1585 4479 negligitur
1610 4408 1814 4485 modis,
1843 4416 1898 4461 et

334 4505 544 4559 idcirco
585 4504 845 4559 accidisse
885 4502 1288 4573 cognoscimus,
1334 4502 1459 4571 quia
1502 4501 1718 4570 irrepsit
1755 4502 1895 4553 inter

332 4593 604 4663 quosdam
639 4592 862 4646 nimium
895 4591 1137 4646 deﬂenda
1165 4589 1523 4654 consuetudo,
1553 4590 1644 4658 qui
1675 4590 1890 4657 utique,

333 4683 549 4751 legibus
573 4681 770 4736 divinis
796 4681 990 4750 quibus
1015 4695 1073 4735 se
1099 4697 1195 4751 per
1221 4680 1379 4735 ﬁdem
1407 4679 1756 4735 subdiderunt
1787 4695 1891 4735 non

330 4783 402 4829 ut
432 4779 643 4843 oportet
675 4770 1091 4836 animadversis,
1130 4771 1272 4841 quod
1305 4770 1445 4826 libet
1461 4778 1516 4824 et
1541 4769 1746 4825 licitum
1786 4784 1892 4823 non
1942 4836 1951 4845 ⁸

330 4873 455 4927 est,
491 4862 585 4918 sed
618 4872 674 4916 et
705 4862 846 4932 quod
883 4861 1039 4927 licet,
1075 4877 1179 4917 non
1220 4870 1396 4917 tamen
1435 4860 1682 4930 expedit,
1720 4860 1890 4930 legem

329 4956 442 5011 sibi
479 4955 713 5019 faciunt,
751 4963 808 5009 et
840 4954 1134 5017 secundum
1169 4953 1222 5008 id
1259 4957 1401 5024 quod
1432 4954 1643 5008 libitum
1691 4953 1893 5015 fuerit,

328 5049 522 5100 vivere
549 5061 608 5101 se
632 5060 791 5116 posse
821 5045 1217 5115 inculpabiliter
1241 5045 1485 5100 credunt.
1527 5046 1623 5101 His
1650 5047 1726 5101 ita
1762 5062 1897 5116 prte—

331 5137 521 5205 missis
539 5176 555 5202 ,
585 5150 807 5192 necesse
832 5144 916 5190 est
938 5144 998 5190 ut
1021 5136 1385 5205 unusquisque
1408 5135 1578 5190 ﬁdelis
1601 5135 1895 5205 penetralia
1918 5142 1923 5157 '

332 5227 524 5284 cordis
550 5228 635 5283 sui
670 5228 915 5292 rimetur,
944 5236 999 5282 et
1028 5242 1074 5281 s1
1107 5225 1269 5305 ﬁdem
1295 5226 1492 5282 Christi
1521 5243 1680 5297 quam
1708 5241 1892 5297 perce-

331 5322 448 5392 pit,
483 5320 734 5390 operibus
760 5312 868 5375 non
898 5327 1156 5384 exornat,
1187 5320 1327 5389 pacti
1355 5319 1495 5390 quod
1537 5336 1656 5374 cum
1688 5321 1797 5375 Deo
1837 5322 1888 5379 in

333 5408 667 5480 baptismate
699 5408 826 5465 fecit
859 5424 918 5465 se
949 5408 1412 5479 praevaricatorem
1438 5421 1557 5462 esse
1583 5412 1887 5478 cognoscat.

335 5499 481 5553 Dum
511 5513 639 5569 ergo
668 5505 876 5568 tempus
904 5497 1096 5560 habet,
1126 5495 1326 5552 Christi
1364 5495 1647 5563 adiuvante
1685 5498 1853 5568 gratia
1872 5539 1888 5563 ,

1998 1856 2299 1911 Verendum
2328 1873 2489 1928 porro
2512 1861 2644 1916 satis
2667 1868 2781 1927 est,
2809 1877 2877 1917 ne
2899 1864 3055 1920 nobis
3080 1866 3242 1922 toties
3268 1882 3299 1921 a
3328 1867 3555 1924 Domino

1992 1962 2089 2017 per
2116 1948 2314 2018 legales
2336 1959 2390 2006 et
2415 1953 2776 2021 propheticus,
2788 1938 2962 2024 atque
2985 1957 3322 2029 evangelicas
3347 1967 3403 2015 et
3425 1974 3557 2030 apo-i

1993 2038 2209 2095 stolicas
2246 2041 2682 2099 denuntiationes
2721 2045 2835 2101 sive
2864 2048 3338 2115 comminationes,
3369 2051 3555 2106 admo-

1994 2129 2121 2184 nitis
2150 2141 2205 2186 et
2233 2131 2532 2203 ﬂagellatis,
2559 2145 2612 2191 et
2637 2137 2703 2191 ad
2730 2137 2898 2192 Deum
2926 2140 3194 2194 veraciter
3220 2141 3399 2197 redire
3426 2156 3556 2197 cnn-

1981 2221 2388 2287 ,tcmnentibus,
2435 2224 2564 2279 illud
2605 2228 2819 2283 tandem
2862 2230 3149 2298 proveniat
3172 2231 3313 2301 quod
3342 2230 3555 2287 Israeli-

1995 2310 2104 2365 tico
2130 2311 2326 2380 populo
2350 2314 2625 2383 prophetis
2645 2315 2856 2370 Domini
2883 2318 3161 2389 insultanti
3178 2359 3193 2384 ,
3214 2328 3269 2375 et
3294 2320 3363 2376 ad
3382 2320 3553 2377 Deum

1996 2403 2196 2457 reverti
2228 2405 2625 2470 contemnenti,
2654 2408 2902 2476 provenit
2927 2425 2951 2476 ;,
2974 2423 3201 2479 quorum
3242 2411 3552 2481 iniquitates

1995 2493 2255 2551 Dominus
2295 2495 2385 2549 diu
2432 2497 2705 2566 patienter
2745 2499 3003 2570 pertulit,
3045 2511 3102 2557 et
3141 2502 3211 2557 ad
3254 2511 3554 2560 extremum

1996 2582 2062 2637 iis
2099 2583 2382 2652 propitiari
2421 2584 2641 2652 nolens,
2669 2603 2763 2643 eos
2798 2589 2850 2643 in
2885 2588 3233 2662 Assyriorum
3268 2594 3556 2663 captivita-

1997 2682 2103 2727 tem
2133 2674 2366 2744 migrare
2396 2677 2657 2746 permisit.
2685 2678 2890 2749 Assyrii
2916 2686 2945 2720 ι
2974 2696 3205 2751 namque
3243 2683 3555 2754 signiﬁcant

1995 2772 2047 2817 et
2080 2762 2502 2832 interpretantur
2525 2768 2881 2835 captivantes.
2918 2769 3069 2825 Unde
3099 2771 3231 2827 satis
3257 2773 3545 2844 vigilanter

1994 2854 2379 2924 providendum
2411 2864 2493 2910 est
2518 2870 2586 2910 ne
2612 2856 2751 2911 sicut
2779 2857 2853 2911 illi
2884 2859 3262 2928 corporaliter,
3300 2861 3374 2915 ita
3412 2877 3546 2928 nos,

1995 2942 2137 3010 quod
2185 2940 2354 3007 absit,
2404 2943 2756 3013 Spiritualiter
2782 2946 2834 2999 in
2863 2961 3048 3001 eorum
3077 2948 3422 3005 deveniamus
3460 2965 3556 3007 ca-

1995 3031 2315 3102 ptivitatem.

2586 3148 2812 3205 CAPUT
2851 3150 2959 3205 XII.

1998 3258 2381 3345 Quodgravius
2402 3259 2791 3345 puniantuquui
2815 3260 2970 3345 ﬁdem
2990 3259 3182 3345 Christi
3203 3274 3558 3345 perceperunt,

2064 3338 2113 3381 et
2146 3327 2203 3382 in
2234 3327 2583 3403 malis'vitam
2608 3327 2887 3403 ﬁnierunt,
2921 3347 3076 3401 quam
3098 3330 3178 3386 illi
3197 3327 3289 3402 qui
3313 3327 3424 3388 sine
3449 3327 3554 3403 ﬁde

2065 3399 2257 3453 mortui
2282 3406 2435 3464 sunt,
2464 3407 2510 3452 et
2536 3406 2708 3452 tamen
2737 3399 2869 3453 bona
2895 3399 3048 3471 opera
3076 3399 3319 3472 egerunt.‘

2069 3530 2182 3586 Diei
2217 3531 2355 3585 solet
2385 3545 2416 3584 a
2450 3529 2719 3584 nonnullis
2754 3529 3079 3586 Christianis
3116 3532 3260 3600 quod
3290 3531 3343 3586 hi
3369 3534 3460 3604 qui
3493 3534 3548 3587 in

1995 3612 2212 3678 Christo
2249 3622 2419 3677 renati
2450 3630 2605 3686 sunt,
2634 3636 2939 3692 quanquam
2967 3622 3227 3691 scelerate
3253 3620 3473 3687 vivant,
3499 3633 3557 3680 et

1996 3715 2049 3769 in
2083 3714 2237 3771 malis
2279 3715 2533 3784 operibus
2577 3715 2717 3768 diem
2761 3721 3061 3768 extremum
3102 3713 3385 3780 claudant,
3424 3716 3547 3770 diu-

1997 3815 2157 3861 turno
2176 3847 2191 3872 ,
2220 3815 2268 3860 et
2297 3815 2485 3865 cetera
2506 3815 2561 3859 ut
2588 3807 2644 3859 in
2666 3805 2755 3859 lib.
2787 3821 2829 3868 ι,
2858 3820 2971 3875 cap.
2993 3806 3083 3871 19,
3113 3806 3176 3861 de
3200 3805 3377 3862 Instit.
3403 3807 3548 3869 laic..

1995 3913 2157 3967 usque
2175 3895 2243 3951 ad
2259 3937 2275 3964 ,
2299 3910 2460 3966 quam
2481 3903 2603 3966 post
2624 3893 2948 3965 agnitionem
2972 3903 3266 3949 retrorsum
3289 3898 3553 3952 converti.

2064 3986 2399 4056 Quapropter
2435 3983 2829 4055 procurandum
2870 3992 2953 4038 est
2988 3992 3049 4038 ut
3075 3983 3204 4039 dum
3235 3985 3288 4039 in
3318 3986 3419 4041 hac
3444 3987 3554 4041 vita

1999 4077 2217 4141 vivitur,
2265 4075 2420 4130 bonis
2461 4073 2715 4143 operibus
2746 4072 3043 4128 insistatur.
3072 4073 3337 4130 Admonet
3361 4076 3558 4148 quippe

1998 4168 2256 4224 Dominus
2282 4166 2335 4220 in
2357 4165 2647 4235 Evangelia
2673 4181 2686 4217 :
2719 4162 2943 4234 Vigilate
2967 4173 3015 4217 et
3040 4174 3202 4230 orate,
3228 4166 3351 4236 quia
3393 4169 3558 4221 nesci-

1995 4260 2061 4313 tis
2094 4259 2230 4313 diem
2260 4272 2421 4328 neque
2448 4255 2631 4309 horam
2661 4252 2891 4325 (Matth.
2918 4240 3044 4319 xiv,
3077 4255 3141 4309 15
3162 4256 3202 4327 ).
3233 4256 3361 4310 Item
3388 4273 3403 4310 :
3435 4256 3558 4312 Dies

1994 4347 2226 4413 Domini,
2241 4346 2373 4399 sicut
2396 4344 2482 4412 fur
2494 4345 2548 4398 in
2562 4354 2730 4411 nocte,
2754 4344 2829 4397 ita
2852 4345 3014 4398 veniet
3037 4343 3130 4416 (11
3155 4343 3297 4399 Petr.
3324 4334 3384 4400 m
3405 4387 3420 4412 ,
3445 4347 3555 4415 l0).

1921 4463 1973 4522 υ
1998 4437 2132 4491 Item
2158 4452 2170 4486 :
2198 4433 2473 4488 Ambulate
2494 4432 2618 4486 dum
2643 4430 2808 4486 lucem
2830 4432 3028 4487 habetis
3049 4473 3064 4497 ,
3090 4442 3145 4486 ut
3172 4449 3276 4488 non
3304 4450 3391 4487 vos
3419 4444 3559 4489 tene-

2003 4528 2109 4581 brat
2138 4524 2571 4596 comprehendant
2601 4524 2796 4594 (Joan.
2826 4530 2902 4579 xu
2925 4524 3036 4591 ,‘55
3054 4523 3096 4596 ).
3126 4524 3194 4579 Et
3224 4526 3514 4594 Apostolus
3540 4544 3554 4578 :

1999 4618 2135 4672 Ecce
2170 4632 2307 4670 nunc
2334 4624 2530 4684 tempus
2562 4615 2904 4685 acceptabile,
2931 4631 3045 4669 ecce
3072 4631 3208 4668 nunc
3232 4616 3342 4670 dies
3369 4615 3559 4669 salutis

2000 4707 2017 4777 (
2041 4705 2103 4759 Il
2130 4705 2256 4760 Cor.
2286 4721 2337 4758 γι
2360 4703 2401 4774 ).
2436 4703 2531 4759 His
2560 4706 2896 4760 documentis
2922 4705 3278 4773 perdocemur
3304 4706 3449 4775 quod
3476 4707 3561 4761 iu-

1997 4795 2147 4850 dulta
2173 4784 2413 4864 tempora
2444 4794 2772 4862 paenitentiae
2798 4795 2853 4847 in
2880 4808 3078 4847 vanum
3108 4808 3215 4848 non
3255 4780 3364 4848 Sint
3391 4794 3561 4849 dedu~

2006 4883 2176 4938 cenda
2195 4924 2210 4948 ,
2241 4891 2296 4937 et
2322 4882 2465 4951 quod
2493 4880 2627 4936 ﬁdes
2655 4880 2856 4936 Christi
2881 4881 3040 4936 bonis
3066 4896 3279 4952 semper
3307 4883 3561 4952 operibus

1999 4975 2068 5028 sit
2095 4974 2420 5029 exornanda.

2581 5083 2807 5141 CAPUT
2839 5083 2968 5139 Xlll.

2139 5198 2290 5264 Quod
2320 5198 2387 5251 ad
2414 5196 2683 5253 ecclesiam
2714 5200 2898 5272 orandi
2925 5202 3096 5270 gratia
3122 5200 3417 5272 frequenter

2535 5269 2793 5323 conveniri
2815 5269 3013 5324 debeat.

2064 5403 2199 5470 Quia
2228 5404 2486 5459 moderno
2512 5411 2751 5473 tempore
2778 5401 3072 5458 Christiani
3112 5403 3289 5473 populi
3331 5405 3544 5461 devotio

1994 5513 2023 5550 a
2052 5495 2332 5551 devotione
2355 5493 2587 5563 plebium
2615 5492 2851 5548 ﬁdelium
2872 5532 2887 5558 ,
2914 5506 3032 5561 quae
3056 5492 3155 5546 sub
3179 5492 3436 5563 apostolis
3456 5510 3555 5549 ex-

332 5588 487 5641 viam
514 5586 703 5642 salutis
732 5603 838 5642 non
868 5586 1048 5642 verbis
1077 5595 1314 5649 tantum,
1344 5585 1436 5672 sed
1463 5586 1714 5654 operibus
1740 5601 1891 5657 repe-
1993 5588 2162 5653 stitit,
2193 5588 2351 5658 longe
2386 5587 2458 5641 sit
2484 5586 2674 5655 impar,
2708 5584 2760 5638 in
2790 5583 3219 5654 praecedentibus
3253 5584 3364 5653 iam
3410 5599 3559 5642 com-

406 5714 436 5742 ι
475 5699 717 5787 Suntque
744 5702 1059 5772 significant.
1097 5701 1307 5756 Editum
1335 5708 1453 5756 erat
1480 5715 1697 5769 namque
1728 5700 1973 5757 Dominus
1997 5702 2309 5771 sianiﬁcant.
