4030 6190
483 334 590 394 sas

456 452 838 507 .memoratuut
866 445 977 503 est,
1008 444 1055 489 at
1081 442 1267 487 ca’tera
1293 439 1344 483 at
1381 428 1431 481 in
1462 426 1549 481 lib.

455 579 461 585 ε
481 545 595 600 uit.
641 538 763 594 laic.
1422 560 1425 565 ι

1066 619 1292 676 CAPUT
1334 615 1472 671 XIV.

485 727 643 793 Quod
677 725 729 777 in
772 716 989 793 ecclesia
1011 712 1207 769 Christi
1245 720 1348 763 n’on
1380 707 1457 793 .sit
1497 698 2050 793 ot'iosis’turpibusque

458 770 527 863 ,κ
558 794 748 864 fabulis
789 770 1078 864 necandum
1106 798 1133 859 ,‘r
1163 793 1209 836 et
1254 778 1391 861 quod
1422 776 1509 848 qui
1537 774 1649 864 Iur‘c
1677 770 1912 849 faciunt,
1945 780 2046 843 non

554 838 723 919 iolum
748 842 848 916 sibi
876 838 1088 929 peccata
1107 838 1216 907 non
1245 838 1480 904 minuunt
1498 885 1513 909 ,
1539 841 1628 897 sed
1654 838 1700 894 et
1730 838 1937 909 majora
1963 842 2053 888 ac-

537 933 836 989 cumulant.

544 1029 704 1085 Multi
745 1025 1033 1082 caelestum
1075 1003 1338 1090 ingressi,
1379 1023 1486 1069 nan
1531 1002 1599 1064 ad
1643 1002 1816 1062 Deum
1858 1014 2051 1073 puram

482 1125 893 1197 simplicemque
936 1117 1241 1174 ’oratio'nem
1286 1110 1567 1180 dirigunt:
1613 1098 1871 1173 quoniam
1909 1093 2054 1164 quod

484 1233 580 1275 ore
606 1188 918 1287 precantur,
951 1211 1056 1264 hoc
1080 1206 1245 1262 etiam
1272 1208 1453 1257 mente
1482 1211 1590 1250 non
1620 1188 1972 1250 meditantur,
2004 1191 2054 1238 et

487 1284 676 1362 crete—ra
722 1308 776 1358 ut
814 1304 872 1356 'in
914 1300 1005 1353 lib.
1054 1315 1069 1352 t
1112 1304 1231 1367 c‘ap.
1286 1292 1348 1347 15
1386 1288 1566 1343 In'stit.
1616 1284 1743 1338 laic.

1078 1396 1304 1467 CAPUT
1342 1394 1459 1461 ‘x‘v.

492 1505 644 1583 Quod
667 1512 794 1583 etin
819 1507 940 1583 aliis
965 1498 1368 1583 competentibus
1390 1494 1522 1583 locis
1544 1533 1559 1557 ,
1582 1490 1628 1545 si
1644 1488 1800 1583 rlocus
1828 1479 2059 1583 basilifntc

557 1556 742 1657 procul
768 1556 1146 1657 fuerit,orut'io
1174 1569 1244 1657 ρει
1274 1568 1441 1621 De'uin
1468 1573 1516 1618 et
1539 1556 1795 1627 confessio
1819 1559 2057 1625 peccato-

561 1640 678 1708 'rum
706 1640 821 1721 fieri
846 1640 1007 1718 possit
1034 1652 1082 1697 et
1109 1640 1310 1695 debeat.

562 1758 588 1785 ει
629 1742 783 1798 Sicut
807 1744 936 1793 sunt
965 1730 1240 1795 nonnulli,
1270 1726 1365 1797 qui
1386 1721 1586 1781 orandi

477 1836 675 1891 'limina
714 1831 1061 1899 frequentare
1097 1821 1409 1893 negligant,
1452 1816 1528 1870 ita
1567 1827 1599 1867 e
1640 1805 1915 1866 contrario
1942 1802 2058 1858 exi-

473 1896 938 1996 stuntpletique,
972 1917 1065 1987 qui
1092 1918 1190 1985 pro
1223 1926 1289 1967 eo
1321 1906 1463 1980 quod
1491 1901 1747 1961 basilicas
1781 1896 1933 1952 adire
1962 1908 2062 1947 ne-

476 1986 696 2091 queunt
714 2057 729 2083 ,
760 1986 1098 2080 tat-reliquias
1130 2008 1442 2061 sanctorum
1474 2000 1678 2069 praeSto
1703 2006 1810 2047 non
1838 1986 2062 2049 habent,

480 2086 698 2168 ideirco
718 2115 840 2161 vota
867 2112 1088 2174 precum
1116 2102 1334 2153 suarum
1369 2091 1437 2147 ad
1465 2086 1776 2146 Dominum,
1811 2087 1875 2135 ut
1899 2090 2065 2147 opor-

488 2215 592 2268 tet,
624 2197 850 2272 supplici
870 2170 1158 2251 devotione
1185 2202 1291 2242 non
1318 2183 1573 2245 fundunt:
1591 2192 1696 2234 non
1725 2170 2065 2229 animadver—

498 2255 854 2362 tentes‘tiuod
887 2282 1030 2340 Deus
1069 2292 1177 2335 non
1220 2277 1294 2331 sit
1337 2273 1517 2329 minus
1551 2269 1605 2322 in
1638 2271 1791 2337 parte
1821 2273 1983 2331 quam
2015 2255 2069 2309 in

502 2395 631 2447 .oto,
663 2345 756 2438 sed
783 2377 982 2445 ubique
1008 2380 1189 2433 totus,
1221 2365 1421 2434 ubique
1442 2364 1701 2432 presens,
1737 2345 2069 2437 ubique‘mi-

496 2438 708 2530 istius.
739 2438 913 2523 Unde"
934 2460 1009 2515 ait
1031 2454 1317 2512 Ps'almista
1351 2469 1364 2503 ε
1396 2447 1513 2515 Quo
1539 2446 1624 2499 ibo
1671 2460 1703 2496 a
1733 2438 1922 2530 ipsum
1947 2444 2070 2530 tuo,

449 2538 452 2551 δ
485 2573 546 2618 ἐί
582 2575 682 2633 quo
718 2572 751 2611 a
791 2553 926 2624 facie
963 2558 1053 2603 tua
1093 2541 1333 2615 fugiam?
1374 2536 1431 2593 Si
1471 2531 1749 2590 escendero
1783 2529 1838 2582 in
1864 2524 2071 2588 coelum,

496 2613 553 2708 tu
585 2613 704 2704 illic
735 2613 825 2710 esi;
866 2642 912 2697 si
943 2613 1255 2693 descendero
1289 2632 1346 2686 in
1379 2628 1676 2698 infernum,
1724 2620 1848 2674 ades
1887 2613 2070 2689 (Psal.

492 2750 765 2803 cxxxvm,
799 2733 888 2801 7).
926 2729 993 2784 In
1022 2726 1163 2782 omni
1190 2722 1300 2776 loco
1329 2714 1702 2774 dominationis
1734 2710 1849 2785 ejus
1870 2748 1885 2773 ,
1920 2705 2074 2760 bene-

496 2834 608 2898 ‘dic,
637 2798 814 2885 anima
837 2798 972 2888 mea,
997 2818 1221 2875 Domino
1247 2811 1420 2887 (Psal.
1456 2825 1554 2873 cn,
1578 2800 1692 2877 ἓξ).
1726 2802 1945 2871 Legitur
1971 2798 2076 2853 ita-

496 2895 607 2994 que
634 2922 686 2976 in
714 2919 856 2973 libro
874 2913 1090 2983 Regum
1117 2925 1131 2961 :
1166 2906 1227 2961 Si
1257 2916 1492 2975 egressus
1520 2896 1678 2967 fuerit
1706 2895 1928 2964 populus
1957 2897 2078 2942 tuus

494 3013 572 3068 'ad
612 3010 799 3066 belium
839 3014 1023 3061 contra
1060 2995 1391 3054 adversarios
1421 3007 1545 3047 suos
1564 3029 1580 3055 ,
1609 3000 1701 3059 per
1724 2985 1861 3039 viam
1895 2983 1950 3035 in
1975 2994 2081 3051 qua

481 3100 706 3156 ':ntiseris
730 3113 817 3152 eos
837 3135 854 3160 ,
882 3090 1176 3148 adorabunt
1211 3096 1260 3140 te
1293 3092 1474 3138 contra
1506 3080 1646 3134 viam
1680 3077 1734 3131 in
1768 3090 1874 3145 qua
1899 3070 2080 3126 civitas

507 3194 619 3246 Itazc
645 3198 719 3243 est
751 3200 910 3258 quam
947 3179 1177 3250 elegisti,
1205 3185 1252 3230 et
1285 3174 1470 3228 domus
1509 3184 1666 3242 quam
1698 3163 1952 3233 aediﬁcavi
1988 3176 2081 3214 no-

507 3280 638 3336 mini
665 3288 753 3332 tuo
772 3317 789 3343 ,
823 3284 878 3329 tu
900 3270 1149 3328 exaudies
1177 3267 1241 3321 de
1269 3264 1393 3321 coelo
1420 3276 1594 3333 preces
1620 3272 1832 3321 eorum,
1861 3263 1910 3308 et
1942 3251 2083 3306 obse-

510 3370 797 3426 crationem
819 3405 837 3431 ,
876 3373 934 3418 et
972 3358 1257 3415 ulcisceris.
1310 3351 1369 3409 Si
1412 3360 1586 3406 autem
1625 3344 1946 3418 peccaverint
1993 3340 2085 3395 tibi

499 3455 859 3530 {nequeenim
887 3460 973 3507 est.
991 3449 1143 3502 homo
1172 3445 1261 3516 qui
1291 3458 1396 3497 non
1418 3435 1622 3511 peccet)
1654 3444 1702 3490 et
1728 3432 1897 3488 iratus
1922 3430 2086 3501 fueris

504 3522 683 3617 eis,'et
710 3545 988 3602 tradideris
1008 3539 1281 3603 hostibus,
1315 3545 1362 3590 et
1393 3532 1618 3604 captivos
1652 3525 1894 3583 duxerint
1920 3539 2009 3578 eos
2031 3522 2088 3575 in
2130 3576 2134 3580 _

518 3654 714 3698 terram
751 3637 1119 3709 longinquam,
1159 3627 1236 3684 vel
1276 3633 1411 3681 certe
1438 3638 1555 3695 quae
1579 3620 1742 3692 juxta
1767 3623 1863 3680 est,
1894 3622 1942 3669 et
1971 3628 2091 3667 con—

517 3733 656 3790 versi
676 3732 732 3786 in
758 3703 914 3784 corde
935 3703 1029 3781 suo
1068 3724 1124 3778 in
1153 3731 1293 3775 terra
1322 3716 1392 3770 ad
1421 3728 1577 3783 quam
1599 3709 1787 3781 captivi
1804 3705 1948 3761 ducti
1984 3703 2092 3772 fue—

512 3824 647 3890 rint,
692 3819 886 3891 egerint
910 3812 1297 3887 pwnitentiam,
1336 3815 1385 3861 et
1430 3801 1689 3874 deprecati
1717 3807 1766 3853 te
1807 3790 2000 3866 fuerint
2037 3793 2093 3846 in

510 3928 665 3973 terra
691 3909 1004 3984 captivitatis
1047 3920 1180 3969 suae,
1220 3901 1449 3956 dicentes
1482 3910 1500 3949 :
1533 3891 1890 3955 Peccavimus,
1917 3886 2094 3957 inique

514 3980 765 4078 fecimus,
790 4001 983 4071 injuste
1003 3997 1219 4069 egimus,
1245 4001 1293 4047 et
1315 3988 1502 4045 reversi
1527 3985 1724 4057 fuerint
1749 3980 1818 4036 ad
1839 3980 1965 4034 tein
1988 3986 2095 4032 toto

512 4062 681 4150 ἔσται
708 4106 825 4155 suo,
854 4098 901 4144 et
930 4087 984 4140 in
1009 4062 1118 4139 tota
1143 4082 1321 4138 anima
1354 4094 1485 4141 sua,
1512 4075 1567 4129 in
1601 4082 1741 4128 terra
1780 4062 2099 4141 captivitatis

526 4201 658 4250 sure,
686 4182 756 4237 ad
780 4196 937 4253 quam
977 4176 1121 4231 ducti
1147 4166 1300 4237 sunt,
1323 4167 1619 4225 adorabunt
1648 4173 1698 4219 te
1740 4172 1923 4216 contra
1962 4160 2098 4213 viam

527 4247 683 4332 terrae
729 4247 861 4337 suit,
909 4284 1068 4341 quam
1106 4264 1297 4320 dedisti
1336 4260 1573 4332 patribus
1605 4270 1819 4319 eorum,
1863 4260 1912 4306 et
1957 4247 2099 4303 urbis

524 4381 687 4439 quam
710 4361 931 4433 elegisti,
956 4366 1004 4413 et
1038 4356 1227 4421 domus
1250 4367 1407 4423 quam
1458 4345 1714 4416 wdiﬁcavi
1749 4341 1947 4400 nomini
1988 4350 2100 4403 tuo,

1543 308 1735 368 JONAS
1778 295 2328 363 AURELIANENSIS
2365 290 2667 349 EPISCOP!

1583 442 1599 480 ι
1632 440 1746 494 cap.
1777 422 1835 475 ll
1868 420 1933 473 de
1962 417 2055 471 1η-
2084 422 2131 479 Α
2157 410 2523 485 gretlientibus
2546 408 2611 461 de
2634 405 2813 476 platea
2837 403 3011 459 oratio
3035 407 3285 456 occurrat
3304 407 3593 468 antequam
3620 415 3732 455 ses-

2107 3132 2153 3195 C

3618 280 3723 337 5οι

2150 509 2263 571 sio;
2293 518 2391 557 nec
2419 503 2566 572 prius
2594 495 2969 567 corpusculum
2997 492 3322 563 requiescat,
3354 507 3517 559 quant
3545 491 3730 547 anima

2151 603 2434 668 pascatur;
2469 592 2538 645 ad
2577 603 2792 645 omnem
2835 595 3048 651 actum,
3089 583 3155 637 ad
3193 596 3411 636 onmem
3455 581 3729 637 incessum

2151 702 2342 745 manus
2370 687 2556 757 pingat
2583 697 2821 739 crucem.
2845 700 2863 733 ι

2728 788 2959 845 CAPUT
3002 785 3141 842 XVI.
3229 756 3233 759 λ

2154 888 2230 943 De
2257 884 2611 941 observatione
2635 881 2739 935 diei
2766 878 3049 943 Dominiei,
3077 887 3125 930 et
3149 875 3473 947 perceptione
3498 874 3733 944 corporis

2354 964 2403 1008 et
2428 953 2700 1024 sanguinis
2728 949 2942 1004 Domini
2968 949 3133 1002 nostri
3150 943 3287 1001 'Jesu
3303 943 3535 999 Christi.

2222 1047 2357 1102 Nam
2393 1053 2449 1101 et
2483 1045 2538 1099 in
2564 1045 2668 1099 hoc
2691 1041 2889 1097 obnixe
2915 1039 3274 1109 deprecamur
3311 1043 3370 1091 ut
3397 1035 3450 1089 in
3475 1034 3738 1089 observa-

2156 1139 2301 1194 tione
2325 1137 2429 1192 diei
2461 1132 2749 1198 Dominici,
2790 1146 2899 1202 quo
2942 1130 3083 1185 Deus
3110 1128 3284 1182 lucem
3316 1126 3505 1181 mundi
3538 1125 3735 1181 concli-

2108 1283 2112 1287 .
2154 1230 2255 1295 dit,
2280 1236 2472 1297 etquo
2515 1233 2704 1281 auctor
2735 1227 2859 1278 vita:
2901 1237 2931 1276 a
2978 1223 3206 1276 mortuis
3255 1218 3590 1282 resurrexit,
3630 1232 3745 1285 quo

2156 1321 2318 1375 etiam
2350 1316 2610 1388 Spiritum
2639 1323 2884 1370 sanctum
2931 1309 3268 1383 paracletum
3317 1308 3386 1363 de
3414 1308 3568 1364 ctelis
3606 1324 3740 1378 apo—

2156 1412 2308 1468 stolis
2333 1411 2501 1474 misit,
2531 1408 2692 1463 sicuti
2722 1407 2922 1462 dudum
2942 1405 3254 1481 genitorem
3283 1412 3526 1459 vestrum
3557 1402 3746 1457 admo-

2158 1504 2335 1558 nendo
2376 1499 2650 1571 deprecati
2678 1513 2883 1560 sumus,
2914 1497 3150 1552 debitam
3182 1495 3487 1566 adbibeatis
3523 1508 3740 1557 curam,

2159 1604 2215 1652 et
2239 1604 2389 1650 tanto
2416 1592 2521 1648 diei
2560 1590 2801 1645 debitum
2833 1586 3152 1659 impendatis
3194 1588 3490 1650 honorem;
3534 1584 3747 1640 scilicet

1615 1717 1790 1791 gnua
1817 1710 2060 1770 ecclesim
2088 1776 2134 1791 ﬁ
2160 1696 2235 1791 ut
2257 1687 2374 1758 ipsa
2401 1684 2510 1749 die,
2537 1689 2801 1753 quantum
2830 1679 3076 1751 potestis,
3105 1694 3135 1733 a
3172 1677 3322 1734 curis
3346 1686 3404 1732 et
3432 1676 3746 1732 sollicitudi-

2088 1776 2137 1837 B
2161 1779 2322 1835 nibus
2366 1776 2650 1833 mundanis
2678 1790 2776 1830 vos
2808 1773 3043 1839 exustis,
3069 1783 3126 1829 et
3155 1773 3298 1843 quod
3344 1773 3478 1827 tanti
3507 1772 3616 1827 diei
3646 1787 3745 1825 ve-

2160 1870 2498 1928 nerationem
2549 1866 2847 1938 competit,
2895 1872 2953 1920 et
2997 1878 3096 1921 vos
3148 1864 3396 1932 faciatis,
3437 1874 3493 1921 et
3537 1873 3756 1920 vestros

2163 1959 2412 2031 exemplo
2441 1968 2628 2014 vestro
2655 1956 2725 2012 ad
2771 1956 2825 2011 id
2869 1955 3175 2011 faciendum
3209 1955 3469 2011 erudiatis
3506 1964 3563 2011 et
3589 1970 3755 2026 agere

2163 2052 2423 2109 doceatis.
2468 2050 2551 2107 Ad
2598 2048 2999 2121 perceptionem
3049 2063 3177 2103 vero
3218 2049 3366 2104 sacri
3412 2049 3656 2118 corporis
3692 2058 3756 2102 et

2165 2143 2444 2217 sanguinis
2479 2141 2693 2196 Domini
2736 2140 2908 2196 uestri
2954 2139 3080 2195 Jein
3122 2139 3360 2205 Christi,
3399 2139 3757 2195 nihilominus

2167 2251 2472 2297 monemus,
2494 2243 2557 2289 ut
2583 2234 2724 2289 sicut
2745 2231 3068 2289 Christiana:
3094 2232 3340 2304 religioni
3366 2233 3602 2303 expedit,
3624 2248 3758 2288 eou-

2168 2334 2318 2406 gruis
2347 2330 2679 2402 temporibus
2722 2327 3013 2384 salubriter
3039 2324 3183 2398 lvos}
3208 2326 3546 2396 praeparetis,
3577 2331 3759 2377 atten-

2170 2426 2361 2482 dentes
2386 2424 2512 2478 iilud
2541 2420 2949 2492 evangelicum:
2977 2417 3080 2484 Qui
3109 2416 3395 2471 manducet
3420 2431 3592 2469 meam
3629 2431 3761 2468 car-

2171 2530 2320 2580 nem,
2361 2525 2409 2569 et
2451 2513 2573 2567 bibit
2606 2522 2777 2566 meum
2808 2510 3151 2581 sanguinem,
3196 2506 3350 2562 habet
3394 2508 3551 2561 vitam
3604 2515 3765 2560 αἰεν-

2174 2621 2295 2661 nam
2317 2645 2333 2670 ,
2380 2614 2428 2659 et
2461 2616 2553 2674 ego
2605 2600 2917 2656 resuscitabo
2949 2615 3067 2653 eum
3094 2600 3147 2653 in
3178 2599 3455 2652 novissimo
3488 2596 3592 2650 die.
3618 2595 3767 2650 Caro

2172 2710 2288 2750 mea
2308 2709 2424 2748 vere
2446 2701 2522 2746 est
2543 2691 2711 2756 cibus,
2734 2699 2782 2745 et
2810 2688 3027 2760 sanguis
3052 2702 3197 2741 meus
3212 2701 3337 2741 vere
3359 2696 3433 2740 est
3459 2695 3629 2756 potus.
3651 2682 3764 2749 Qui

2174 2783 2459 2840 manducat
2487 2798 2657 2837 meam
2687 2794 2922 2845 carnem,
2948 2788 3001 2833 et
3043 2778 3167 2832 bibit
3207 2793 3382 2832 meum
3424 2777 3761 2846 sanguinem,

2175 2877 2234 2930 in
2260 2890 2341 2928 me
2383 2882 2582 2938 manet,
2608 2880 2656 2927 et
2686 2886 2779 2942 ego
2819 2871 2874 2925 in
2904 2868 2997 2923 illo
3025 2867 3207 2942 (Jaan.
3238 2872 3316 2933 vi,
3347 2867 3462 2940 55).
3487 2866 3769 2935 Quatenus

2180 2963 2237 3020 id
2276 2970 2663 3033 exsequentes,
2687 2970 2872 3017 vestro
2894 2959 3140 3031 exemplo
3164 2959 3321 3015 vobis
3343 2957 3662 3014 famulantes
3697 2964 3771 3010 ut

2183 3056 2289 3112 hoc
2317 3054 2523 3110 faciant
2544 3052 2845 3108 instruatis.

2775 3160 3005 3221 CAPUT
3041 3160 3204 3219 XVII.

2185 3258 2290 3326 Qui
2316 3267 2690 3329 imperatorum
2717 3254 2794 3329 vel
2824 3272 3001 3329 regum
3026 3255 3287 3329 veraciter
3310 3251 3485 3324 felices
3514 3252 3617 3307 dici
3641 3269 3776 3323 pos-

2750 3326 2924 3381 sint‘et
2951 3326 3190 3380 debeant.

2257 3438 2373 3494 Hoc
2412 3438 2762 3509 opusculum,
2810 3438 3011 3509 optime
3039 3452 3156 3503 rex,
3189 3438 3258 3493 ob
3294 3451 3536 3492 amorem
3578 3436 3780 3492 salutis

2186 3536 2383 3588 vestrm
2416 3529 2769 3603 digessimus,
2800 3529 3077 3585 humiliter
3116 3530 3470 3600 deprecantes
3502 3535 3563 3582 ut
3607 3527 3776 3593 illud,

2188 3622 2330 3678 sicut
2349 3621 2462 3692 jam
2507 3620 2561 3675 in
2592 3618 3025 3691 praecedentibus
3069 3617 3272 3673 dictum
3300 3625 3406 3683 est,
3435 3616 3668 3672 libenter
3690 3615 3781 3670 le-

2189 3726 2320 3784 gero
2340 3719 2395 3766 et
2432 3709 2619 3789 audire
2645 3708 2957 3781 dignemini,
3000 3716 3269 3778 quatenus
3301 3705 3562 3762 libentius
3603 3714 3777 3776 atque

2192 3803 2527 3874 frequentius
2567 3802 2821 3871 deinceps
2867 3799 3147 3856 serenitati
3193 3807 3392 3855 vestra:
3421 3814 3485 3853 ea
3533 3813 3653 3869 qua:
3699 3800 3775 3852 ad

2194 3894 2421 3951 salutem
2452 3893 2646 3948 anima:
2670 3900 2869 3948 vestrae
2913 3898 2970 3946 et
3009 3891 3271 3947 honorem
3307 3890 3458 3962 regni
3502 3890 3784 3959 pertinere

2195 3988 2519 4058 ceguovcro,
2540 3983 2709 4038 alacri
2738 3982 2921 4037 animo
2945 3982 3198 4036 scribam.
3227 3979 3381 4049 Quod
3425 3989 3605 4036 tamen
3634 3996 3771 4050 opu-

2198 4075 2404 4131 sculum
2445 4084 2552 4130 non
2583 4073 2740 4137 meis,
2770 4072 2865 4128 sed
2895 4071 3038 4127 beati
3066 4070 3352 4142 Augustini
3392 4070 3632 4126 doctoris
3659 4073 3785 4125 exi-

2201 4170 2292 4224 mii
2335 4167 2516 4223 verbis
2541 4165 2832 4221 ﬁniendum
2864 4173 3041 4219 ratum
3080 4163 3408 4234 dignumque
3438 4162 3589 4229 duxi,
3618 4170 3677 4217 ut
3725 4163 3786 4218 in

2199 4258 2280 4314 eis
2332 4256 2613 4328 perspicue
2665 4254 3001 4327 cognoscatis
3039 4253 3135 4324 qui
3188 4253 3573 4322 imperatores,
3618 4248 3789 4323 quive

2202 4363 2357 4420 reges
2386 4347 2571 4403 felices
2596 4346 2702 4402 dici
2729 4344 2938 4416 possint
2963 4353 3020 4400 et
3056 4344 3306 4399 debeant.
3357 4340 3560 4398 Scribit
3595 4352 3788 4398 autem

522 4431 589 4515 tu
624 4431 871 4513 exaudies
900 4452 966 4505 de
989 4445 1139 4513 celo,
1164 4444 1261 4499 hoc
1286 4450 1382 4507 est,
1408 4440 1474 4494 de
1501 4438 1655 4507 ﬁrmo
1683 4431 1978 4490 habitacula
2014 4439 2088 4484 ιιι(

2200 4443 2261 4517 in
2291 4441 2428 4496 libro
2457 4456 2489 4494 v
2519 4438 2841 4495 de’Civitate
2886 4434 2982 4492 Dei
3021 4433 3174 4508 (Cap.
3199 4432 3342 4500 ⁷24),
3372 4434 3521 4489 inter
3561 4443 3762 4489 cetera

533 4476 589 4515 tu
624 4476 871 4513 exauaws
900 4476 966 4505 ac
989 4476 1139 4513 cwsu,
1164 4476 1261 4499 ιιυν
1286 4476 1382 4507 συθ,
1410 4476 1472 4494 ων
1501 4476 1654 4507 ιιι-ην
1683 4476 1975 4490 ὀων-*υνν--ν
2014 4476 2097 4484 "vv
2128 4484 2131 4487 η
2200 4476 2261 4517 au
2292 4476 2428 4496 ιιυιυ
2466 4476 2482 4494 ν
2519 4476 2585 4495 uo
2613 4476 2841 4495 νινηωιν
2887 4476 2982 4492 "VI
3021 4476 3174 4508 ναιομ-
3206 4476 3342 4500 ..τ-ι,
3379 4476 3509 4489 ..ην-
3563 4476 3714 4489 νιννν.
3730 4476 3791 4500 ..ν

533 4564 708 4622 prem
739 4557 952 4607 eorum,
980 4548 1031 4622 et
1078 4537 1241 4608 facies
1278 4532 1540 4604 judicium
1578 4542 1763 4622 eorum
1810 4523 1925 4622 1
1972 4522 2101 4622 ng-
2128 4494 2184 4554 Β
2209 4535 2282 4589 ita
2313 4550 2325 4585 :
2356 4550 2380 4582 τ
2409 4529 2593 4600 Neque
2619 4544 2764 4584 nunc
2790 4542 2890 4582 nos
2924 4525 3267 4582 Christianos
3300 4523 3563 4594 quosdam
3609 4523 3790 4592 impe-

534 4614 657 4707 hu,
682 4638 752 4694 44
775 4652 908 4707 seq.,
932 4640 984 4687 et
1002 4618 1074 4684 ἸΙ
1102 4626 1233 4683 Par.
1258 4641 1313 4681 γι
1330 4665 1347 4691 ,
1370 4622 1439 4677 54
1466 4619 1617 4692 seq.).
1646 4617 1715 4672 Et
1745 4617 1802 4671 in
1837 4614 1976 4670 libro
2004 4614 2109 4668 Da-

533 4732 682 4789 niel:
711 4726 865 4796 Quod
894 4738 1013 4779 cum
1043 4717 1232 4775 Daniel
1263 4714 1613 4787 comperisset,
1640 4710 1695 4765 id
1721 4717 1820 4774 est,
1854 4707 2108 4762 constitu—

532 4836 648 4880 tam
686 4820 884 4891 legem,
920 4815 1182 4884 ingressus
1220 4810 1278 4863 in
1309 4808 1523 4861 domum
1564 4801 1745 4867 suam',
1784 4810 1834 4855 et
1875 4798 2128 4870 fenestris,

535 4911 733 4983 apertis
757 4909 814 4964 in
839 4901 1105 4962 caenaculo
1135 4908 1316 4955 contra
1345 4892 1697 4958 Hierusalem,
1729 4892 1894 4946 tribus
1918 4900 2112 4960 tempe-

538 4980 686 5060 ribus
705 5002 761 5056 in
783 4999 869 5053 die
888 4994 1123 5068 ﬂectebat
1152 5006 1341 5063 genua,
1375 4995 1423 5042 et
1448 4983 1724 5049 adorabat,
1752 4980 2118 5050 conﬁtebatur-

542 5112 643 5167 que
687 5107 866 5149 coram
891 5088 1002 5143 Deo
1032 5102 1150 5150 suo,
1175 5085 1307 5138 sicut
1336 5089 1384 5135 et
1413 5088 1534 5135 ante
1566 5077 1737 5147 facere
1782 5082 2116 5130 consueverat

539 5165 708 5261 (Dan.
736 5200 815 5249 Vl,
839 5181 949 5249 ‘10).
979 5175 1266 5250 Apostolus
1291 5186 1505 5244 quoque
1530 5171 1606 5226 ait
1629 5186 1643 5223 :
1681 5166 1811 5222 Volo
1835 5181 1957 5235 ergo
1980 5165 2117 5218 viros

545 5295 698 5335 orare
722 5278 775 5332 in
802 5273 943 5330 omni
974 5274 1107 5331 loco,
1151 5266 1378 5322 levantes
1405 5276 1565 5333 puras
1600 5274 1784 5314 manus
1816 5257 1929 5312 sine
1959 5257 2042 5310 ira
2069 5265 2119 5309 et

548 5369 916 5441 disceptatione
957 5362 1009 5434 (Ι
1042 5346 1175 5415 Tim.
1201 5374 1274 5423 ιι,
1297 5355 1373 5425 8).
1423 5353 1780 5422 Hieronymus
1812 5348 1880 5404 ad
1923 5347 2116 5402 Eusto-

537 5463 730 5519 ‘clrium
762 5479 775 5514 :
814 5476 833 5510 ι
859 5454 1212 5528 Egredientes
1243 5447 1535 5517 bOSpitium
1580 5452 1755 5499 armet
1780 5441 1955 5498 oratio
1991 5457 2004 5492 :
2039 5454 2121 5491 re-

626 5609 652 5635 ι
697 5593 844 5649 Sicut
885 5599 1004 5646 sunt
1053 5583 1308 5643 nonnulli.
1348 5570 1473 5637 illoc
1514 5581 1736 5650 quidem;
1776 5576 2121 5650 caput_inte-

558 5644 729 5746 graui
743 5644 1018 5746 reperitur
1064 5671 1225 5740 supra
1248 5697 1263 5721 ,
1312 5654 1365 5708 in
1390 5644 1550 5746 Acapf
1578 5649 1644 5703 M
1686 5647 1829 5746 libri.l
1842 5644 1914 5701 de
1944 5644 2119 5699 lnstit.

968 5744 977 5746 -
1024 5744 1089 5746 ,-_
1149 5735 1319 5746 .-μη-,Α
1357 5736 1382 5746 Α
1427 5739 1438 5746 .
1475 5728 1723 5746 .-.ιλ-ιΑ-ιὶ
1751 5733 1777 5746 ι.
1832 5716 1999 5746 εἷο-βηοῖ
2033 5728 2119 5746 οη-

561 5716 736 5800 aiat;
756 5716 872 5786 *séa
898 5730 1101 5835 idcirco
1127 5716 1323 5783 iterum
1353 5722 1440 5778 odi
1471 5716 1723 5792 oportere
1750 5716 2000 5775 arbitrati
2033 5728 2122 5769 su-

2210 4630 2421 4677 ratores
2459 4620 2581 4676 ideo
2598 4618 2789 4675 felices
2822 4616 3069 4679 dicimus,
3097 4614 3226 4686 quia
3264 4614 3346 4670 vel
3377 4612 3581 4668 diutius
3609 4613 3793 4683 impe-

2210 4720 2400 4768 rarunt
2417 4752 2432 4775 ,
2459 4710 2545 4765 vel
2572 4710 2925 4779 imperatores
2948 4705 3087 4761 ﬁlios
3114 4713 3290 4762 morte
3322 4702 3532 4776 placida
3556 4703 3801 4772 relique.

2215 4815 2360 4872 runt,
2388 4805 2471 4861 vel
2498 4801 2682 4860 hostes
2711 4800 3018 4873 reipublicae
3045 4801 3385 4864 domuerant,
3414 4797 3499 4852 vel
3538 4789 3805 4853 inimicos

2214 4900 2360 4956 cives
2402 4897 2661 4952 adversus
2705 4910 2763 4950 se
2800 4893 3160 4964 insurgentes,
3191 4899 3246 4947 et
3284 4904 3497 4953 cavere,
3524 4898 3580 4943 et
3607 4888 3802 4958 Oppri-

2218 5004 2366 5047 mere
2395 4993 2702 5059 potuerunt.
2729 4984 2854 5039 Haec
2876 4983 3019 5039 enim
3045 4990 3101 5037 et
3126 4981 3230 5036 alia
3258 4980 3384 5035 vita:
3400 4980 3569 5050 hujus
3593 4992 3804 5033 terum-

2221 5097 2364 5138 nosae
2390 5079 2476 5134 vel
2510 5091 2737 5133 munera
2760 5074 2846 5130 vel
2872 5072 3063 5137 solatia
3097 5072 3316 5143 quidam
3358 5069 3522 5125 etiam
3554 5067 3803 5124 cultores

2219 5172 2519 5227 daemonum
2548 5166 2791 5237 accipere
2814 5171 3149 5228 meruerunt,
3171 5161 3263 5232 qui
3290 5174 3398 5218 non
3423 5159 3697 5230 pertinent
3722 5157 3799 5213 ad

2220 5279 2443 5337 regnum
2476 5262 2592 5327 Dei,
2618 5276 2724 5332 quo
2746 5258 3027 5330 pertinent
3063 5255 3182 5322 isti;
3210 5263 3267 5310 et
3290 5254 3399 5309 boc
3426 5251 3595 5322 ipsius
3633 5250 3804 5304 mise-

2224 5354 2453 5410 ricordia
2485 5352 2682 5407 factum
2707 5358 2811 5414 est,
2845 5346 3008 5403 nerab
3032 5345 3122 5402 illo
3160 5345 3285 5410 ista,
3306 5342 3410 5414 “qui
3432 5341 3494 5396 in
3524 5355 3648 5395 eum
3671 5353 3804 5394 cre-

2222 5451 2431 5514 iterent,
2462 5446 2607 5501 velut
2637 5457 2843 5499 summa
2871 5442 3010 5496 bona
3034 5437 3400 5495 desiderarent
3425 5452 3439 5487 :
3471 5432 3566 5490 sed
3606 5430 3806 5488 felices

2224 5577 2555 5651 mushquod
2596 5576 2648 5630 in
2688 5575 2754 5631 iis
2797 5589 2916 5645 qua:
2955 5572 3045 5628 hic
3068 5565 3522 5651 exscribitdonas
3547 5581 3615 5621 ex
3648 5563 3807 5622 libro

2226 5638 2391 5708 tertio
2406 5638 2630 5718 Regum,
2654 5638 2946 5702 occurrunt
2972 5640 3132 5697 variae
3156 5638 3420 5696 lectiones
3443 5652 3551 5693 non
3573 5650 3797 5706 paucae.
