4030 6190
228 424 311 480 5’33

1173 417 1260 472 DE
1297 414 1525 471 (IULTU
1564 409 1922 467 lllAGl‘NL'Ill.
1960 441 2028 449 -—
2067 405 2451 462 ΡΒᾸΞΕΑΤΙΟ.

3317 395 3438 451 506-

227 550 303 590 eos
331 531 575 597 dicimus,
602 529 646 583 si
678 526 826 595 jnste
852 528 1138 605 imperant,
1172 526 1218 579 si
1256 527 1396 579 inter
1442 524 1649 593 linguas
1677 537 1764 575 su-
1793 525 1839 581 Α
1866 519 2007 586 quod
2036 532 2226 587 aspere
2255 506 2571 585 plerumque
2614 518 2875 581 coguntur
2918 508 3226 567 decernere.
3259 508 3419 561 mism

229 623 432 679 blimiter
481 618 883 681 honorantium,
913 626 967 670 et
993 617 1246 685 obsequia
1291 613 1453 670 nimis
1489 613 1766 670 humiliter

230 709 550 769 salutantium
599 723 708 771 non
743 706 1092 771 extolluntur,
1122 705 1215 759 sed
1265 720 1323 760 se
1365 703 1609 758 homines
1645 715 1766 755 esse

232 804 561 859 utcuiinerunt
584 818 597 853 :
623 789 668 856 si
695 814 846 855 suam
872 807 1191 868 potestatem
1216 798 1284 853 ad
1306 797 1399 853 Dei
1426 796 1627 851 cultum
1654 812 1766 848 ma-

233 896 346 948 xime
372 891 727 955 dilatandam,
772 888 1035 959 majestati
1064 886 1181 955 ejus
1222 886 1475 954 famulam
1521 885 1758 950 faciunt;

233 988 268 1040 si
300 986 457 1040 Deum
488 985 697 1047 timent,
729 983 975 1053 diligunt,
1011 981 1220 1045 colunt;
1252 979 1298 1033 si
1324 978 1445 1050 plus
1478 985 1663 1031 amant
1700 976 1752 1029 il-

235 1074 302 1129 lud
334 1056 588 1146 regnum,
628 1073 720 1127 ubi
760 1088 869 1127 non
912 1072 1102 1125 timent
1131 1068 1328 1124 habere
1368 1075 1685 1123 consortes:
1719 1065 1764 1119 si

235 1163 411 1221 tardius
449 1154 742 1225 vindicant,
772 1158 927 1214 facile
951 1159 1263 1227 ignoscunt;
1291 1157 1338 1210 si
1365 1156 1609 1210 eamdem
1648 1154 1766 1207 vin-

234 1251 398 1308 dictam
430 1267 530 1322 pro
571 1252 891 1307 necessitate
931 1249 1177 1320 regenda:
1216 1248 1533 1316 tuendzeque
1580 1246 1761 1315 reipu-

232 1344 371 1408 blitxe,
402 1360 511 1398 non
553 1358 651 1416 pro
678 1342 982 1399 saturandis
1019 1339 1422 1397 inimicitiarum
1455 1338 1614 1403 odiis,
1640 1352 1765 1392 exe-

234 1445 358 1490 runt:
389 1435 437 1490 si
465 1436 711 1490 eamdem
751 1434 961 1488 veniam
1002 1448 1107 1488 non
1136 1431 1206 1485 ad
1246 1429 1615 1500 impunitatem
1666 1428 1767 1482 ini-

232 1525 453 1594 quitatis,
499 1525 594 1579 sed
635 1524 700 1579 ad
747 1539 895 1594 Spem
941 1521 1289 1579 correctionis
1345 1520 1619 1590 indulgent
1660 1537 1673 1572 :
1719 1519 1764 1573 si

236 1669 2241 1704 Μ

1867 608 2112 662 ricordia:
2157 606 2375 660 lenitate
2428 612 2482 657 et
2527 601 2909 657 beneficiorum
2958 598 3203 667 largitate
3271 612 3421 652 com-

1866 704 2092 767 pensant
2117 714 2129 749 :
2162 696 2206 750 si
2242 694 2451 748 luxuria
2482 700 2631 747 tanto
2653 692 2730 745 eis
2755 698 2837 749 est
2862 688 3203 760 castigatior,
3222 696 3440 757 quanto.

1867 788 2036 859 possit
2063 803 2183 843 esse
2210 786 2466 841 liberior:
2498 784 2542 839 si
2574 784 2780 838 malunt
2804 780 3182 852 cupiditatibus
3221 780 3422 848 pravis,

1866 896 2026 950 quam
2053 878 2379 949 quibuslibet
2407 876 2654 947 gentibus
2679 875 2980 944 imperare;
3009 870 3065 926 et
3099 872 3144 925 si
3173 871 3289 925 haec
3311 886 3426 924 om-

1867 971 1956 1025 nia
1993 970 2196 1024 faciunt
2223 983 2327 1022 non
2360 976 2577 1037 propter
2614 966 2863 1033 ardorem
2897 961 3081 1016 inanis
3098 959 3301 1031 gloriae,
3332 959 3426 1013 sed

1868 1068 2086 1131 propter
2126 1058 2445 1117 charitatcm
2493 1055 2762 1110 felicitatis
2808 1061 3052 1116 aeternas;
3093 1051 3137 1104 si
3176 1064 3273 1119 pro
3316 1048 3428 1103 suis

1873 1152 2129 1223 peccatis,
2175 1149 2509 1212 humilitatis,
2551 1156 2607 1202 et
2649 1144 3032 1209 miserationis,
3072 1150 3127 1197 ct
3168 1140 3437 1196 orationis

1868 1242 2186 1301 sacrilicium
2229 1240 2340 1294 Deo
2374 1254 2471 1293 suo
2488 1253 2625 1293 vero
2666 1235 2944 1291 immolare
2985 1249 3091 1287 non
3138 1230 3434 1301 negligant.

1869 1336 2030 1390 'l‘ales
2056 1333 2390 1389 Christianos
2434 1331 2785 1401 imperatores
2810 1328 3039 1384 dicimus
3064 1340 3183 1381 esse
3225 1322 3429 1383 felices,

1868 1427 2087 1483 interim
2118 1441 2232 1497 spe,
2256 1433 2440 1495 postea
2476 1438 2532 1477 re
2558 1422 2672 1492 ipsa
2697 1419 2925 1483 futuros,
2950 1417 3151 1473 cum‘id
3176 1414 3318 1485 quod
3339 1428 3435 1468 cx—

1871 1526 2174 1588 spectamus
2200 1515 2495 1575 advenerit.
2519 1533 2537 1566 ι
2570 1513 2678 1567 Deo
2702 1510 2919 1583 gratias.

2243 1663 3386 1693 Μ

2777 1660 3431 1707 W

1478 1827 2151 1990 JONZE
2255 1807 2264 1814 ’

852 2121 1088 2242 DE
1161 2116 1734 2243 ωιτη
1810 2110 2781 2237 IMAGINUM

1538 2326 1791 2399 LIBRI
1849 2325 2108 2399 TRES,

228 2490 390 2565 Quos,
424 2490 763 2565 imperante
800 2475 1109 2541 Ludovico
1153 2473 1406 2542 Cwsare,
1448 2466 1638 2545 edidit
1668 2464 1970 2624 31:13:22?
2002 2461 2404 2542 blasphemias
2439 2457 2690 2537 Claudii
2726 2458 3123 2547 Taurinenst's
3155 2459 3442 2523 Ecclesia:

1247 2698 1340 2760 (Ex
1366 2694 1663 2746 Bibliotheca
1684 2695 1906 2740 veterum
1931 2685 2141 2745 Patrum,
2168 2696 2279 2735 uec.
2305 2682 2398 2742 ιι.)

1677 2822 1982 2838 ﬂ

1407 2906 1695 3033 JoN/E'
1736 2937 2259 3035 Puerum

1166 3083 1230 3139 In
1257 3098 1471 3154 sequens
1496 3075 1802 3152 opusculum
1826 3073 2017 3129 Carolo
2047 3079 2155 3142 regi
2180 3079 2495 3141 porrectum.

286 3327 482 3382 Dilecto
534 3322 749 3387 Carolo,
781 3321 979 3393 inclyto
1009 3319 1140 3390 regi,
1174 3318 1358 3383 Jonas,
1397 3319 1651 3373 minimus
1690 3315 1771 3370 fa-
1802 3318 1848 3376 Β
1875 3310 2090 3366 natione
2142 3308 2471 3381 Hispanum,
2521 3311 2737 3365 nomine
2770 3311 3069 3379 Claudium,
3102 3317 3192 3385 qui
3243 3317 3445 3388 aliquid

228 3416 476 3470 mulorum
527 3412 731 3469 Christi
784 3409 1054 3478 famulus,
1109 3410 1378 3480 geminam
1438 3416 1586 3478 optat
1630 3398 1797 3483 salu?

228 3516 345 3560 tem.

285 3605 524 3672 Quantus
577 3603 824 3659 dominus
884 3610 1067 3658 noster
1112 3600 1529 3672 gloriosissimus
1574 3602 1785 3673 genitor

226 3686 406 3757 vester,
442 3695 558 3749 Deo
602 3691 999 3755 dilectissimus,
1029 3690 1333 3745 Ludovicus
1357 3689 1540 3751 Caesar
1571 3689 1784 3761 religio-

229 3783 486 3849 sissimus,
517 3783 573 3836 in
604 3781 724 3837 ﬁdei
755 3781 1066 3836 sinceritate
1091 3781 1252 3835 totius
1280 3780 1537 3835 bonitatis
1558 3779 1780 3845 virtute,

226 3848 504 3942 pioborum
552 3889 763 3928 morum
793 3871 1129 3937 claritudine,
1175 3872 1452 3941 sapientiae
1488 3887 1552 3926 ac
1585 3870 1783 3926 sancti-

228 3966 339 4020 tatis
375 3967 524 4030 dote,
552 3965 826 4033 divinique
862 3964 1063 4018 amoris
1104 3977 1169 4016 ac
1208 3962 1415 4018 timoris
1442 3962 1655 4018 fervore
1692 3976 1787 4017 ex-

227 4056 430 4113 stiterit.
461 4054 521 4113 et
555 4057 611 4110 in
655 4054 1035 4111 ecclesiasticis
1077 4055 1323 4124 negotiis,
1362 4054 1589 4109 Domino
1621 4054 1786 4109 admi-

229 4145 512 4211 niculante,
541 4147 609 4201 ad
635 4148 894 4201 honorem
920 4154 978 4202 et
1016 4145 1218 4201 cultum
1245 4144 1485 4199 divinum
1514 4145 1787 4215 pertinen-

226 4235 357 4291 tibus
381 4236 798 4307 augmeutandis
823 4243 878 4291 et
901 4235 1263 4307 gubernandis
1288 4235 1596 4299 emicuerit;
1624 4249 1789 4303 quan-

229 4332 435 4396 tumque
482 4327 770 4401 imperium
812 4335 1096 4397 paternum
1142 4325 1290 4396 (quia
1319 4326 1397 4380 sic
1430 4325 1570 4385 Deus
1598 4324 1786 4396 voluit)

221 4412 332 4483 iure
344 4418 659 4488 requissimo
675 4418 920 4485 sortitus,
939 4415 1239 4471 rectissimo
1258 4416 1481 4485 iustitiae
1506 4415 1789 4481 libramine

227 4507 453 4562 tenuerit
481 4507 812 4578 rexeritque,
836 4514 890 4560 et
910 4514 1099 4567 contra
1133 4505 1367 4567 hostium
1396 4505 1626 4574 impetus
1650 4505 1789 4560 mili-

228 4598 410 4653 tariter
430 4598 743 4661 muniverit,
769 4605 825 4653 et
852 4596 1144 4652 Ecclesium
1170 4595 1372 4653 Christi
1402 4596 1636 4667 pretioso
1665 4611 1790 4651 san-

1884 3407 2143 3476 temporis
2168 3407 2223 3461 in
2254 3406 2450 3475 palatio
2477 3418 2581 3461 suo
2599 3407 2652 3461 in
2689 3409 3089 3480 presbyteratus
3123 3413 3447 3470 militaverat

1881 3499 2107 3563 honore,
2149 3497 2234 3552 cui
2284 3497 2340 3552 in
2385 3497 2732 3568 explanandis
2772 3509 3082 3559 sanctorum
3130 3504 3443 3577 Evangelia-

1884 3607 2001 3646 rum
2033 3589 2351 3646 lectionibus
2378 3590 2844 3662 quantulacunque
2881 3595 3070 3652 notitia
3099 3596 3274 3656 utesse
3306 3599 3449 3654 vide-

1882 3686 2063 3751 batur,
2090 3694 2148 3740 ut
2179 3684 2373 3740 Italica:
2397 3684 2586 3755 plebis,
2614 3701 2734 3755 quat
2758 3702 2951 3758 magna
2978 3702 3043 3742 ex
3088 3700 3240 3760 parte
3265 3706 3298 3744 a
3324 3707 3449 3746 san-

1882 3787 2091 3835 ctorum
2134 3776 2582 3849 evangelistamm
2626 3778 2872 3834 sensibus
2896 3779 3082 3849 procul
3124 3780 3328 3846 aberat,
3361 3798 3448 3839 sa-

1881 3883 1993 3924 crae
2036 3868 2291 3924 doctrina:
2328 3866 2630 3923 consultum
2658 3866 2845 3934 ferret,
2887 3868 3204 3925 Taurinensi
3244 3887 3448 3942 przrsu-

1883 3959 1990 4014 lem
2037 3958 2315 4030 subrogari
2342 3957 2471 4012 fecit
2500 3958 2771 4014 Ecclesiae.
2802 3958 2908 4015 Sed
2933 3975 3094 4030 quam
3134 3962 3448 4032 pestiferum

1886 4051 2077 4121 dogma
2105 4060 2175 4115 et-
2197 4051 2265 4104 ab
2292 4048 2546 4104 Ecclesiae
2574 4050 2900 4105 auctoritate
2925 4050 3219 4107 abhorrens
3258 4054 3310 4108 in
3342 4054 3451 4124 ple-

1884 4144 2006 4198 bem
2033 4144 2138 4201 sibi
2177 4140 2521 4198 transfuderit
2549 4142 2915 4207 commissam,
2955 4141 3162 4201 libellus
3195 4160 3357 4215 quem
3383 4146 3450 4200 ad

1887 4235 2300 4290 Theodemirum
2348 4232 2709 4289 venerabilem
2756 4234 3023 4301 abbatem,
3069 4250 3147 4301 se,
3187 4236 3450 4291 charitatc

1889 4327 2205 4397 imperante,
2248 4324 2606 4397 corrigentem
2644 4334 2700 4380 et
2727 4341 2759 4381 a
2799 4327 3169 4396 superstitiosa
3205 4328 3453 4402 doctrina

1889 4426 2134 4474 avertere
2160 4417 2449 4485 volentem,
2476 4416 2711 4485 scripsit,
2741 4418 2988 4486 eumdem
3015 4417 3195 4490 legere
3218 4428 3276 4475 et
3296 4435 3454 4475 nosse

1886 4510 2189 4569 volentibus
2220 4516 2467 4580 patenter
2491 4509 2844 4577 demonstrat.
2873 4510 3193 4569 Memoratus
3224 4512 3456 4581 denique

1888 4598 2097 4655 libellus
2138 4598 2316 4655 eidem
2357 4598 2576 4655 domino
2615 4608 2822 4665 nostro,
2852 4600 3081 4669 genitori
3122 4610 3320 4665 vestro,
3351 4602 3457 4655 siu-

227 4690 377 4757 guine
422 4691 785 4761 redemptam,
822 4704 1027 4757 suoque
1072 4687 1314 4760 regimini
1352 4688 1607 4745 divinitus
1641 4703 1791 4743 com—
1819 4706 1863 4769 ρ
1893 4688 2173 4743 cerissime
2217 4703 2281 4743 ac
2328 4687 2732 4759 religiosissime
2772 4689 3127 4745 orthodoxam
3166 4690 3324 4746 fidem
3363 4708 3456 4746 co-

229 4780 478 4847 missam,
522 4797 731 4836 moram
759 4780 932 4852 patris
968 4779 1067 4843 tui,
1110 4780 1361 4837 videlicet
1386 4780 1460 4855 pii
1505 4787 1560 4835 et
1601 4779 1790 4836 homo-

229 4874 361 4940 nymi
402 4872 511 4926 viri
544 4871 721 4926 Caroli
760 4870 1078 4927 nobilissimi
1117 4869 1362 4941 Augusti,
1399 4870 1638 4934 imitans,
1684 4871 1791 4929 imo

228 4961 662 5031 sopergrediens,
690 4959 985 5030 disciplinis
1026 4958 1325 5015 liberalium
1368 4961 1566 5015 artium
1594 4960 1794 5031 educa-

230 5053 381 5117 verit,
403 5060 463 5107 et
496 5052 793 5122 utriusque
816 5051 1139 5115 Testameuti
1182 5052 1350 5106 sancti
1395 5052 1605 5123 paginis
1629 5062 1794 5122 atque

233 5142 553 5198 eximiorum
580 5142 798 5197 Patrum
841 5143 1020 5205 dictis,
1050 5142 1117 5198 ad
1143 5142 1488 5212 propellenda
1509 5143 1792 5199 haeretico-

235 5247 339 5287 rum
374 5236 639 5306 dogmata
676 5243 960 5296 venenata,
990 5240 1045 5287 et
1077 5232 1390 5287 instruxerit
1414 5242 1471 5288 et
1498 5232 1689 5287 instrui
1722 5232 1797 5288 fe-

238 5322 389 5388 cerit,
446 5322 664 5377 cunctis
716 5322 994 5378 catholica:
1044 5320 1453 5391 apostolicazque
1503 5320 1625 5376 ﬁdei
1675 5322 1798 5379 ﬁliis

239 5415 579 5483 perspicuum
620 5427 738 5468 esse
762 5428 871 5469 non
899 5411 1208 5483 ambigitur,
1245 5411 1498 5481 quoniam
1530 5427 1715 5467 revera
1746 5414 1795 5469 id

238 5502 365 5569 quod
415 5503 625 5561 dicitur
666 5504 719 5558 in
755 5511 1001 5575 promptu
1042 5517 1161 5558 esse
1197 5501 1455 5557 cernitur.
1489 5501 1537 5556 ls
1565 5517 1794 5572 nzunq'te

240 5594 332 5649 leo
372 5595 767 5652 dilectissimus
810 5596 1079 5667 princeps,
1123 5594 1263 5649 inter
1308 5602 1499 5652 caetera
1543 5594 1798 5650 bonitatis

236 5699 335 5739 sue
385 5684 611 5751 studia,
660 5700 784 5757 erga
828 5688 1065 5744 divinum
1120 5684 1320 5740 cultum
1368 5669 1794 5755 amplificandum

232 5775 521 5847 multiplici
571 5776 726 5831 modo
772 5777 1054 5840 ferventia,
1095 5774 1379 5846 quemdam
1424 5776 1801 5846 presbyterum

1888 4783 2042 4848 lenti,
2071 4782 2141 4839 ob
2166 4782 2533 4841 defensionem
2562 4792 2763 4852 sanctae
2805 4784 2996 4854 matris
3037 4783 3458 4853 Ecclesitemna:

1892 4877 1961 4932 ab
2000 4877 2185 4943 eodem
2217 4876 2461 4941 Claudio,
2492 4878 2633 4933 sicut
2669 4884 2849 4932 textus
2890 4891 3109 4937 suarum
3153 4876 3457 4932 litterarum

1896 4966 2090 5035 prodit.
2133 4964 2398 5025 hostiliter
2427 4964 2860 5035 impugnabatur,
2889 4964 3095 5031 delatus
3121 4975 3226 5018 est.
3255 4965 3354 5030 Qui
3392 4964 3460 5018 ab

1897 5066 1962 5109 eo
1988 5054 2180 5122 suique
2221 5054 2405 5122 palatii
2451 5053 2886 5124 prudentissimis
2921 5054 3054 5109 viris
3095 5054 3457 5116 examinatus,

1892 5141 2039 5211 justo
2070 5143 2275 5214 judicio
2304 5144 2632 5213 repudiatus.
2680 5143 2849 5211 Quem
2896 5144 3019 5207 licet
3055 5160 3154 5215 ego
3182 5161 3281 5200 nec
3319 5145 3459 5214 lege-

1903 5233 2023 5297 rim,
2052 5249 2154 5289 nec
2176 5234 2424 5298 viderim,
2449 5234 2713 5303 quoddam
2744 5244 2924 5301 tamen
2948 5251 3011 5290 ex
3040 5249 3104 5290 eo
3126 5243 3454 5305 excerptum.

1901 5323 2089 5380 eodem
2113 5326 2357 5396 genitore
2380 5333 2557 5382 vestro
2584 5327 2850 5393 mittente,
2882 5324 3109 5394 suscepi.
3138 5323 3460 5395 Prtecipiens

1897 5424 1953 5469 et
1978 5431 2200 5470 monens
2215 5414 2420 5487 [Farte,
2432 5412 3117 5486 praecipiebatetmonebat]
3136 5429 3369 5468 memora
3379 5423 3461 5468 tns

1902 5505 2010 5561 Deo
2053 5507 2250 5563 charus
2296 5506 2475 5565 Ctesar
2509 5515 2567 5571 ut
2597 5507 2664 5573 ad
2710 5505 2993 5567 refellenda
3023 5512 3078 5559 et
3114 5502 3458 5579 improbanda

1900 5596 2136 5664 ejusdem
2168 5596 2397 5659 Claudii,
2420 5614 2543 5666 qtra:
2570 5598 2620 5661 in
2649 5596 2836 5656 eodem
2879 5602 3130 5667 excerpta
3172 5593 3464 5665 perversis..-

1900 5691 2037 5745 sima
2083 5690 2515 5751 continebantur,
2545 5690 2708 5752 dicta,
2744 5697 2799 5742 et
2832 5688 2883 5741 in
2913 5686 3300 5756 blasphemiam
3329 5686 3464 5738 vitu—

1902 5778 2337 5847 perationcmque
2402 5789 2597 5833 sant-tte
2649 5779 2739 5831 Dei
2805 5776 3057 5832 Ecclesiae
3105 5775 3465 5831 irreverenter
