  <div class='ocr_page' id='page_1' title='image "/cluster/home/n/w/nwhite01/storage/ocr_20150623/106/hvd.32044054759717/159.png"; bbox 0 0 4030 6190; ppageno 0'>
   <div class='ocr_carea' id='block_1_1' title="bbox 552 358 3776 421">
    <p class='ocr_par' dir='ltr' id='par_1_1' title="bbox 552 358 3776 421">
     <span class='ocr_line' id='line_1_1' title="bbox 552 358 3776 421; baseline 0.002 -6"><span class='ocrx_word' id='word_1_1' title='bbox 552 361 654 416; x_wconf 76' lang='lat'><strong>507</strong></span> <span class='ocrx_word' id='word_1_2' title='bbox 1598 358 1792 416; x_wconf 67' lang='lat' dir='ltr'><strong>JONAE</strong></span> <span class='ocrx_word' id='word_1_3' title='bbox 1832 359 2386 416; x_wconf 68' lang='lat' dir='ltr'><strong>AURELIANENSIS</strong></span> <span class='ocrx_word' id='word_1_4' title='bbox 2424 360 2726 418; x_wconf 79' lang='lat' dir='ltr'><strong>EPISCOPI</strong></span> <span class='ocrx_word' id='word_1_5' title='bbox 3670 364 3776 421; x_wconf 74' lang='lat'><strong>308</strong></span> 
     </span>
    </p>
   </div>
   <div class='ocr_carea' id='block_1_2' title="bbox 553 470 3779 548">
    <p class='ocr_par' dir='ltr' id='par_1_2' title="bbox 553 470 3779 548">
     <span class='ocr_line' id='line_1_2' title="bbox 553 470 3779 548; baseline 0.001 -20"><span class='ocrx_word' id='word_1_6' title='bbox 553 481 710 529; x_wconf 87' lang='lat' dir='ltr'><strong>erant</strong></span> <span class='ocrx_word' id='word_1_7' title='bbox 749 470 1006 541; x_wconf 88' lang='lat' dir='ltr'><strong>jaculata,</strong></span> <span class='ocrx_word' id='word_1_8' title='bbox 1049 472 1340 526; x_wconf 87' lang='lat' dir='ltr'><strong>secundum</strong></span> <span class='ocrx_word' id='word_1_9' title='bbox 1374 471 1688 526; x_wconf 70' lang='lat' dir='ltr'><strong>tenuitatem</strong></span> <span class='ocrx_word' id='word_1_10' title='bbox 1735 487 1926 527; x_wconf 78' lang='lat' dir='ltr'><strong>sensus</strong></span> <span class='ocrx_word' id='word_1_11' title='bbox 1976 473 2110 536; x_wconf 87' lang='lat' dir='ltr'><strong>mei,</strong></span> <span class='ocrx_word' id='word_1_12' title='bbox 2142 481 2189 535; x_wconf 75' lang='grc' dir='ltr'><strong>Α</strong></span> <span class='ocrx_word' id='word_1_13' title='bbox 2217 471 2296 527; x_wconf 88' lang='lat' dir='ltr'><strong>tii.</strong></span> <span class='ocrx_word' id='word_1_14' title='bbox 2344 471 2450 548; x_wconf 82' lang='lat' dir='ltr'><strong>Sed</strong></span> <span class='ocrx_word' id='word_1_15' title='bbox 2483 473 2569 528; x_wconf 90' lang='lat' dir='ltr'><strong>his</strong></span> <span class='ocrx_word' id='word_1_16' title='bbox 2594 473 2821 544; x_wconf 85' lang='lat' dir='ltr'><strong>geminis</strong></span> <span class='ocrx_word' id='word_1_17' title='bbox 2845 473 3084 543; x_wconf 80' lang='lat' dir='ltr'><strong>pestibus</strong></span> <span class='ocrx_word' id='word_1_18' title='bbox 3114 474 3334 531; x_wconf 88' lang='lat' dir='ltr'><strong>minime</strong></span> <span class='ocrx_word' id='word_1_19' title='bbox 3363 485 3665 543; x_wconf 90' lang='lat' dir='ltr'><strong>contentus,</strong></span> <span class='ocrx_word' id='word_1_20' title='bbox 3698 480 3779 534; x_wconf 75' lang='lat' dir='ltr'><strong>at-</strong></span> 
     </span>
    </p>
   </div>
   <div class='ocr_carea' id='block_1_3' title="bbox 552 561 3772 638">
    <p class='ocr_par' dir='ltr' id='par_1_3' title="bbox 552 561 3772 638">
     <span class='ocr_line' id='line_1_3' title="bbox 552 561 3772 638; baseline 0.002 -19"><span class='ocrx_word' id='word_1_21' title='bbox 552 571 811 636; x_wconf 87' lang='lat' dir='ltr'><strong>quantum</strong></span> <span class='ocrx_word' id='word_1_22' title='bbox 835 563 975 618; x_wconf 90' lang='lat' dir='ltr'><strong>Deus</strong></span> <span class='ocrx_word' id='word_1_23' title='bbox 998 562 1293 629; x_wconf 78' lang='lat' dir='ltr'><strong>annuisset,</strong></span> <span class='ocrx_word' id='word_1_24' title='bbox 1318 563 1622 619; x_wconf 73' lang='lat' dir='ltr'><strong>nullatenus</strong></span> <span class='ocrx_word' id='word_1_25' title='bbox 1646 565 1943 621; x_wconf 81' lang='lat' dir='ltr'><strong>rescribere</strong></span> <span class='ocrx_word' id='word_1_26' title='bbox 1962 566 2116 621; x_wconf 55' lang='lat' dir='ltr'><strong>omit.</strong></span> <span class='ocrx_word' id='word_1_27' title='bbox 2217 563 2339 616; x_wconf 80' lang='lat' dir='ltr'><strong>tiort</strong></span> <span class='ocrx_word' id='word_1_28' title='bbox 2363 561 2675 632; x_wconf 80' lang='lat' dir='ltr'><strong>perditionis</strong></span> <span class='ocrx_word' id='word_1_29' title='bbox 2699 578 2808 618; x_wconf 64' lang='lat' dir='ltr'><strong>suae</strong></span> <span class='ocrx_word' id='word_1_30' title='bbox 2831 564 3086 620; x_wconf 74' lang='lat' dir='ltr'><strong>barathro</strong></span> <span class='ocrx_word' id='word_1_31' title='bbox 3107 579 3228 621; x_wconf 87' lang='lat' dir='ltr'><strong>sese</strong></span> <span class='ocrx_word' id='word_1_32' title='bbox 3255 566 3581 638; x_wconf 72' lang='lat' dir='ltr'><strong>przecipitem</strong></span> <span class='ocrx_word' id='word_1_33' title='bbox 3607 569 3772 633; x_wconf 91' lang='lat' dir='ltr'><strong>dedit,</strong></span> 
     </span>
    </p>
   </div>
   <div class='ocr_carea' id='block_1_4' title="bbox 552 651 3775 726">
    <p class='ocr_par' dir='ltr' id='par_1_4' title="bbox 552 651 3775 726">
     <span class='ocr_line' id='line_1_4' title="bbox 552 651 3775 726; baseline 0.001 -15"><span class='ocrx_word' id='word_1_34' title='bbox 552 663 745 711; x_wconf 87' lang='lat' dir='ltr'><strong>terem.</strong></span> <span class='ocrx_word' id='word_1_35' title='bbox 792 654 957 725; x_wconf 83' lang='lat' dir='ltr'><strong>Cujus</strong></span> <span class='ocrx_word' id='word_1_36' title='bbox 1001 651 1228 722; x_wconf 84' lang='lat' dir='ltr'><strong>jussloni</strong></span> <span class='ocrx_word' id='word_1_37' title='bbox 1274 653 1625 711; x_wconf 81' lang='lat' dir='ltr'><strong>libentissime</strong></span> <span class='ocrx_word' id='word_1_38' title='bbox 1673 670 1903 726; x_wconf 87' lang='lat' dir='ltr'><strong>parens,</strong></span> <span class='ocrx_word' id='word_1_39' title='bbox 1951 665 2111 725; x_wconf 85' lang='lat' dir='ltr'><strong>prout</strong></span> <span class='ocrx_word' id='word_1_40' title='bbox 2212 653 2339 707; x_wconf 89' lang='lat' dir='ltr'><strong>dum</strong></span> <span class='ocrx_word' id='word_1_41' title='bbox 2369 652 2701 708; x_wconf 81' lang='lat' dir='ltr'><strong>infestissimi</strong></span> <span class='ocrx_word' id='word_1_42' title='bbox 2729 653 2898 709; x_wconf 87' lang='lat' dir='ltr'><strong>hostis</strong></span> <span class='ocrx_word' id='word_1_43' title='bbox 2930 663 3127 710; x_wconf 69' lang='lat' dir='ltr'><strong>sancta:</strong></span> <span class='ocrx_word' id='word_1_44' title='bbox 3155 655 3250 710; x_wconf 87' lang='lat' dir='ltr'><strong>Dei</strong></span> <span class='ocrx_word' id='word_1_45' title='bbox 3288 656 3544 713; x_wconf 63' lang='lat' dir='ltr'><strong>Ecclesiae</strong></span> <span class='ocrx_word' id='word_1_46' title='bbox 3567 657 3681 714; x_wconf 85' lang='lat' dir='ltr'><strong>Arii</strong></span> <span class='ocrx_word' id='word_1_47' title='bbox 3714 676 3775 715; x_wconf 92' lang='lat' dir='ltr'><strong>se</strong></span> 
     </span>
    </p>
   </div>
   <div class='ocr_carea' id='block_1_5' title="bbox 550 742 3775 817">
    <p class='ocr_par' dir='ltr' id='par_1_5' title="bbox 550 742 3775 817">
     <span class='ocr_line' id='line_1_5' title="bbox 550 742 3775 817; baseline 0.001 -16"><span class='ocrx_word' id='word_1_48' title='bbox 550 745 693 801; x_wconf 88' lang='lat' dir='ltr'><strong>Deus</strong></span> <span class='ocrx_word' id='word_1_49' title='bbox 721 760 876 816; x_wconf 87' lang='lat' dir='ltr'><strong>posse</strong></span> <span class='ocrx_word' id='word_1_50' title='bbox 917 743 1082 811; x_wconf 86' lang='lat' dir='ltr'><strong>dedit,</strong></span> <span class='ocrx_word' id='word_1_51' title='bbox 1112 753 1168 801; x_wconf 89' lang='lat' dir='ltr'><strong>et</strong></span> <span class='ocrx_word' id='word_1_52' title='bbox 1211 742 1439 801; x_wconf 79' lang='lat' dir='ltr'><strong>facultas</strong></span> <span class='ocrx_word' id='word_1_53' title='bbox 1468 747 1725 816; x_wconf 86' lang='lat' dir='ltr'><strong>temporis</strong></span> <span class='ocrx_word' id='word_1_54' title='bbox 1755 747 1911 811; x_wconf 84' lang='lat' dir='ltr'><strong>sivit,</strong></span> <span class='ocrx_word' id='word_1_55' title='bbox 1943 748 2112 817; x_wconf 86' lang='lat' dir='ltr'><strong>quod-</strong></span> <span class='ocrx_word' id='word_1_56' title='bbox 2208 752 2530 799; x_wconf 80' lang='lat' dir='ltr'><strong>sectatorem</strong></span> <span class='ocrx_word' id='word_1_57' title='bbox 2575 743 2999 815; x_wconf 82' lang='lat' dir='ltr'><strong>discipulumque</strong></span> <span class='ocrx_word' id='word_1_58' title='bbox 3041 754 3097 800; x_wconf 89' lang='lat' dir='ltr'><strong>et</strong></span> <span class='ocrx_word' id='word_1_59' title='bbox 3139 746 3194 800; x_wconf 92' lang='lat' dir='ltr'><strong>in</strong></span> <span class='ocrx_word' id='word_1_60' title='bbox 3238 747 3349 801; x_wconf 89' lang='lat' dir='ltr'><strong>vita</strong></span> <span class='ocrx_word' id='word_1_61' title='bbox 3395 756 3451 803; x_wconf 91' lang='lat' dir='ltr'><strong>et</strong></span> <span class='ocrx_word' id='word_1_62' title='bbox 3494 748 3549 803; x_wconf 92' lang='lat' dir='ltr'><strong>in</strong></span> <span class='ocrx_word' id='word_1_63' title='bbox 3595 763 3775 806; x_wconf 85' lang='lat' dir='ltr'><strong>morte</strong></span> 
     </span>
    </p>
   </div>
   <div class='ocr_carea' id='block_1_6' title="bbox 547 835 2108 907">
    <p class='ocr_par' dir='ltr' id='par_1_6' title="bbox 547 835 2108 907">
     <span class='ocr_line' id='line_1_6' title="bbox 547 835 2108 907; baseline 0.001 -17"><span class='ocrx_word' id='word_1_64' title='bbox 547 835 675 892; x_wconf 88' lang='lat' dir='ltr'><strong>dam</strong></span> <span class='ocrx_word' id='word_1_65' title='bbox 697 836 1010 907; x_wconf 86' lang='lat' dir='ltr'><strong>opusculum</strong></span> <span class='ocrx_word' id='word_1_66' title='bbox 1031 836 1263 906; x_wconf 82' lang='lat' dir='ltr'><strong>dirigere</strong></span> <span class='ocrx_word' id='word_1_67' title='bbox 1282 849 1551 905; x_wconf 70' lang='lat' dir='ltr'><strong>cmperam</strong></span> <span class='ocrx_word' id='word_1_68' title='bbox 1569 843 1625 891; x_wconf 91' lang='lat' dir='ltr'><strong>et</strong></span> <span class='ocrx_word' id='word_1_69' title='bbox 1650 851 1842 907; x_wconf 83' lang='lat' dir='ltr'><strong>magna</strong></span> <span class='ocrx_word' id='word_1_70' title='bbox 1865 851 1931 892; x_wconf 81' lang='lat' dir='ltr'><strong>ex</strong></span> <span class='ocrx_word' id='word_1_71' title='bbox 1955 846 2108 906; x_wconf 88' lang='lat' dir='ltr'><strong>parte</strong></span> 
     </span>
    </p>
   </div>
   <div class='ocr_carea' id='block_1_7' title="bbox 547 918 2103 998">
    <p class='ocr_par' dir='ltr' id='par_1_7' title="bbox 547 918 2103 998">
     <span class='ocr_line' id='line_1_7' title="bbox 547 918 2103 998; baseline -0.001 -16"><span class='ocrx_word' id='word_1_72' title='bbox 547 926 898 998; x_wconf 80' lang='lat' dir='ltr'><strong>digesseram.</strong></span> <span class='ocrx_word' id='word_1_73' title='bbox 930 918 1036 981; x_wconf 74' lang='lat' dir='ltr'><strong>Sed</strong></span> <span class='ocrx_word' id='word_1_74' title='bbox 1071 926 1295 981; x_wconf 87' lang='lat' dir='ltr'><strong>audiens</strong></span> <span class='ocrx_word' id='word_1_75' title='bbox 1341 928 1586 982; x_wconf 91' lang='lat' dir='ltr'><strong>eumdem</strong></span> <span class='ocrx_word' id='word_1_76' title='bbox 1636 925 1915 981; x_wconf 89' lang='lat' dir='ltr'><strong>Claudium</strong></span> <span class='ocrx_word' id='word_1_77' title='bbox 1950 928 2103 998; x_wconf 81' lang='lat' dir='ltr'><strong>juxta</strong></span> 
     </span>
    </p>
   </div>
   <div class='ocr_carea' id='block_1_8' title="bbox 544 1014 2105 1081">
    <p class='ocr_par' dir='ltr' id='par_1_8' title="bbox 544 1014 2105 1081">
     <span class='ocr_line' id='line_1_8' title="bbox 544 1014 2105 1081; baseline 0 -11"><span class='ocrx_word' id='word_1_78' title='bbox 544 1014 834 1071; x_wconf 85' lang='lat' dir='ltr'><strong>humanam</strong></span> <span class='ocrx_word' id='word_1_79' title='bbox 862 1015 1220 1071; x_wconf 89' lang='lat' dir='ltr'><strong>conditionem</strong></span> <span class='ocrx_word' id='word_1_80' title='bbox 1263 1014 1510 1070; x_wconf 91' lang='lat' dir='ltr'><strong>ultimum</strong></span> <span class='ocrx_word' id='word_1_81' title='bbox 1539 1015 1797 1070; x_wconf 84' lang='lat' dir='ltr'><strong>clausisse</strong></span> <span class='ocrx_word' id='word_1_82' title='bbox 1844 1016 2008 1081; x_wconf 88' lang='lat' dir='ltr'><strong>diem,</strong></span> <span class='ocrx_word' id='word_1_83' title='bbox 2038 1016 2105 1070; x_wconf 87' lang='lat' dir='ltr'><strong>ab</strong></span> 
     </span>
    </p>
   </div>
   <div class='ocr_carea' id='block_1_9' title="bbox 543 1103 2102 1176">
    <p class='ocr_par' dir='ltr' id='par_1_9' title="bbox 543 1103 2102 1176">
     <span class='ocr_line' id='line_1_9' title="bbox 543 1103 2102 1176; baseline -0.004 -13"><span class='ocrx_word' id='word_1_84' title='bbox 543 1107 733 1163; x_wconf 90' lang='lat' dir='ltr'><strong>eodem</strong></span> <span class='ocrx_word' id='word_1_85' title='bbox 772 1121 935 1176; x_wconf 90' lang='lat' dir='ltr'><strong>opere</strong></span> <span class='ocrx_word' id='word_1_86' title='bbox 974 1106 1300 1175; x_wconf 80' lang='lat' dir='ltr'><strong>perﬁciendo</strong></span> <span class='ocrx_word' id='word_1_87' title='bbox 1344 1105 1538 1176; x_wconf 82' lang='lat' dir='ltr'><strong>stylum</strong></span> <span class='ocrx_word' id='word_1_88' title='bbox 1586 1103 2102 1160; x_wconf 82' lang='lat' dir='ltr'><strong>meumferiendnm</strong></span> 
     </span>
    </p>
   </div>
   <div class='ocr_carea' id='block_1_10' title="bbox 541 1178 2104 1266">
    <p class='ocr_par' dir='ltr' id='par_1_10' title="bbox 541 1178 2104 1266">
     <span class='ocr_line' id='line_1_10' title="bbox 541 1178 2104 1266; baseline -0.003 -16"><span class='ocrx_word' id='word_1_89' title='bbox 541 1195 727 1250; x_wconf 86' lang='lat' dir='ltr'><strong>statui.</strong></span> <span class='ocrx_word' id='word_1_90' title='bbox 754 1194 930 1251; x_wconf 83' lang='lat' dir='ltr'><strong>Rebar</strong></span> <span class='ocrx_word' id='word_1_91' title='bbox 965 1195 1107 1250; x_wconf 90' lang='lat' dir='ltr'><strong>enim</strong></span> <span class='ocrx_word' id='word_1_92' title='bbox 1136 1194 1277 1265; x_wconf 90' lang='lat' dir='ltr'><strong>quod</strong></span> <span class='ocrx_word' id='word_1_93' title='bbox 1320 1194 1412 1249; x_wconf 93' lang='lat' dir='ltr'><strong>illo</strong></span> <span class='ocrx_word' id='word_1_94' title='bbox 1452 1178 1715 1249; x_wconf 77' lang='lat' dir='ltr'><strong>moriente</strong></span> <span class='ocrx_word' id='word_1_95' title='bbox 1760 1193 1962 1266; x_wconf 86' lang='lat' dir='ltr'><strong>pariter</strong></span> <span class='ocrx_word' id='word_1_96' title='bbox 1988 1193 2104 1263; x_wconf 85' lang='lat' dir='ltr'><strong>ejus</strong></span> 
     </span>
    </p>
   </div>
   <div class='ocr_carea' id='block_1_11' title="bbox 540 1284 2101 1355">
    <p class='ocr_par' dir='ltr' id='par_1_11' title="bbox 540 1284 2101 1355">
     <span class='ocr_line' id='line_1_11' title="bbox 540 1284 2101 1355; baseline -0.002 -14"><span class='ocrx_word' id='word_1_97' title='bbox 540 1300 699 1341; x_wconf 89' lang='lat' dir='ltr'><strong>error</strong></span> <span class='ocrx_word' id='word_1_98' title='bbox 750 1300 1015 1355; x_wconf 87' lang='lat' dir='ltr'><strong>nusquam</strong></span> <span class='ocrx_word' id='word_1_99' title='bbox 1068 1284 1497 1355; x_wconf 86' lang='lat' dir='ltr'><strong>comparuisset,</strong></span> <span class='ocrx_word' id='word_1_100' title='bbox 1550 1286 1843 1340; x_wconf 89' lang='lat' dir='ltr'><strong>secundum</strong></span> <span class='ocrx_word' id='word_1_101' title='bbox 1892 1284 2101 1339; x_wconf 82' lang='lat' dir='ltr'><strong>Domini</strong></span> 
     </span>
    </p>
   </div>
   <div class='ocr_carea' id='block_1_12' title="bbox 539 1376 2101 1433">
    <p class='ocr_par' dir='ltr' id='par_1_12' title="bbox 539 1376 2101 1433">
     <span class='ocr_line' id='line_1_12' title="bbox 539 1376 2101 1433; baseline -0.002 -1"><span class='ocrx_word' id='word_1_102' title='bbox 539 1377 862 1433; x_wconf 86' lang='lat' dir='ltr'><strong>sententiam</strong></span> <span class='ocrx_word' id='word_1_103' title='bbox 898 1377 1157 1433; x_wconf 88' lang='lat' dir='ltr'><strong>dicentis:</strong></span> <span class='ocrx_word' id='word_1_104' title='bbox 1192 1376 1381 1431; x_wconf 86' lang='lat' dir='ltr'><strong>Delebo</strong></span> <span class='ocrx_word' id='word_1_105' title='bbox 1426 1378 1728 1431; x_wconf 79' lang='lat' dir='ltr'><strong>memoriam</strong></span> <span class='ocrx_word' id='word_1_106' title='bbox 1758 1376 1969 1431; x_wconf 81' lang='lat' dir='ltr'><strong>Amalec</strong></span> <span class='ocrx_word' id='word_1_107' title='bbox 2008 1377 2101 1431; x_wconf 83' lang='lat' dir='ltr'><strong>sub</strong></span> 
     </span>
    </p>
   </div>
   <div class='ocr_carea' id='block_1_13' title="bbox 540 1466 2103 1540">
    <p class='ocr_par' dir='ltr' id='par_1_13' title="bbox 540 1466 2103 1540">
     <span class='ocr_line' id='line_1_13' title="bbox 540 1466 2103 1540; baseline 0.001 -18"><span class='ocrx_word' id='word_1_108' title='bbox 540 1466 667 1522; x_wconf 73' lang='lat' dir='ltr'><strong>caelo</strong></span> <span class='ocrx_word' id='word_1_109' title='bbox 715 1467 911 1540; x_wconf 77' lang='lat' dir='ltr'><strong>(Exod.</strong></span> <span class='ocrx_word' id='word_1_110' title='bbox 937 1469 1099 1540; x_wconf 85' lang='lat' dir='ltr'><strong>xvn),</strong></span> <span class='ocrx_word' id='word_1_111' title='bbox 1130 1468 1476 1524; x_wconf 83' lang='lat' dir='ltr'><strong>nihilominus</strong></span> <span class='ocrx_word' id='word_1_112' title='bbox 1511 1466 1769 1525; x_wconf 77' lang='lat' dir='ltr'><strong>memoria</strong></span> <span class='ocrx_word' id='word_1_113' title='bbox 1811 1469 1953 1526; x_wconf 87' lang='lat' dir='ltr'><strong>illius</strong></span> <span class='ocrx_word' id='word_1_114' title='bbox 1980 1484 2103 1538; x_wconf 85' lang='lat' dir='ltr'><strong>per-</strong></span> 
     </span>
    </p>
   </div>
   <div class='ocr_carea' id='block_1_14' title="bbox 536 1562 2100 1618">
    <p class='ocr_par' dir='ltr' id='par_1_14' title="bbox 536 1562 2100 1618">
     <span class='ocr_line' id='line_1_14' title="bbox 536 1562 2100 1618; baseline -0.001 -3"><span class='ocrx_word' id='word_1_115' title='bbox 536 1575 709 1616; x_wconf 70' lang='lat' dir='ltr'><strong>versa:</strong></span> <span class='ocrx_word' id='word_1_116' title='bbox 751 1562 1005 1617; x_wconf 68' lang='lat' dir='ltr'><strong>doctrina:</strong></span> <span class='ocrx_word' id='word_1_117' title='bbox 1043 1562 1214 1617; x_wconf 88' lang='lat' dir='ltr'><strong>deleta</strong></span> <span class='ocrx_word' id='word_1_118' title='bbox 1260 1562 1449 1617; x_wconf 84' lang='lat' dir='ltr'><strong>fuisset</strong></span> <span class='ocrx_word' id='word_1_119' title='bbox 1484 1562 1536 1616; x_wconf 92' lang='lat' dir='ltr'><strong>in</strong></span> <span class='ocrx_word' id='word_1_120' title='bbox 1584 1562 1821 1618; x_wconf 89' lang='lat' dir='ltr'><strong>omnium</strong></span> <span class='ocrx_word' id='word_1_121' title='bbox 1864 1562 2100 1616; x_wconf 87' lang='lat' dir='ltr'><strong>virorum</strong></span> 
     </span>
    </p>
   </div>
   <div class='ocr_carea' id='block_1_15' title="bbox 534 1650 2100 1722">
    <p class='ocr_par' dir='ltr' id='par_1_15' title="bbox 534 1650 2100 1722">
     <span class='ocr_line' id='line_1_15' title="bbox 534 1650 2100 1722; baseline -0.001 -17"><span class='ocrx_word' id='word_1_122' title='bbox 534 1651 879 1719; x_wconf 87' lang='lat' dir='ltr'><strong>prudentium</strong></span> <span class='ocrx_word' id='word_1_123' title='bbox 909 1660 1145 1722; x_wconf 86' lang='lat' dir='ltr'><strong>pectore.</strong></span> <span class='ocrx_word' id='word_1_124' title='bbox 1179 1650 1286 1707; x_wconf 89' lang='lat' dir='ltr'><strong>Sed</strong></span> <span class='ocrx_word' id='word_1_125' title='bbox 1315 1652 1458 1720; x_wconf 84' lang='lat' dir='ltr'><strong>quia,</strong></span> <span class='ocrx_word' id='word_1_126' title='bbox 1487 1660 1548 1705; x_wconf 89' lang='lat' dir='ltr'><strong>ut</strong></span> <span class='ocrx_word' id='word_1_127' title='bbox 1575 1651 1835 1705; x_wconf 89' lang='lat' dir='ltr'><strong>relatione</strong></span> <span class='ocrx_word' id='word_1_128' title='bbox 1862 1652 2100 1706; x_wconf 84' lang='lat' dir='ltr'><strong>veridica</strong></span> 
     </span>
    </p>
   </div>
   <div class='ocr_carea' id='block_1_16' title="bbox 535 1736 2103 1813">
    <p class='ocr_par' dir='ltr' id='par_1_16' title="bbox 535 1736 2103 1813">
     <span class='ocr_line' id='line_1_16' title="bbox 535 1736 2103 1813; baseline -0.001 -16"><span class='ocrx_word' id='word_1_129' title='bbox 535 1742 724 1808; x_wconf 92' lang='lat' dir='ltr'><strong>didici,</strong></span> <span class='ocrx_word' id='word_1_130' title='bbox 752 1758 859 1797; x_wconf 93' lang='lat' dir='ltr'><strong>non</strong></span> <span class='ocrx_word' id='word_1_131' title='bbox 909 1743 1067 1798; x_wconf 90' lang='lat' dir='ltr'><strong>modo</strong></span> <span class='ocrx_word' id='word_1_132' title='bbox 1094 1758 1246 1797; x_wconf 90' lang='lat' dir='ltr'><strong>error</strong></span> <span class='ocrx_word' id='word_1_133' title='bbox 1273 1743 1337 1797; x_wconf 92' lang='lat' dir='ltr'><strong>de</strong></span> <span class='ocrx_word' id='word_1_134' title='bbox 1368 1758 1473 1813; x_wconf 89' lang='lat' dir='ltr'><strong>quo</strong></span> <span class='ocrx_word' id='word_1_135' title='bbox 1503 1742 1683 1813; x_wconf 86' lang='lat' dir='ltr'><strong>agitur</strong></span> <span class='ocrx_word' id='word_1_136' title='bbox 1712 1742 1765 1807; x_wconf 87' lang='lat' dir='ltr'><strong>in</strong></span> <span class='ocrx_word' id='word_1_137' title='bbox 1813 1736 2103 1811; x_wconf 59' lang='lat' dir='ltr'><strong>discipuloJ</strong></span> 
     </span>
    </p>
   </div>
   <div class='ocr_carea' id='block_1_17' title="bbox 2208 834 3831 907">
    <p class='ocr_par' dir='ltr' id='par_1_17' title="bbox 2208 834 3831 907">
     <span class='ocr_line' id='line_1_17' title="bbox 2208 834 3831 907; baseline 0.005 -19"><span class='ocrx_word' id='word_1_138' title='bbox 2208 834 2479 891; x_wconf 83' lang='lat' dir='ltr'><strong>exstitisse</strong></span> <span class='ocrx_word' id='word_1_139' title='bbox 2526 836 2888 890; x_wconf 82' lang='lat' dir='ltr'><strong>monstravit:</strong></span> <span class='ocrx_word' id='word_1_140' title='bbox 2927 837 2981 891; x_wconf 91' lang='lat' dir='ltr'><strong>in</strong></span> <span class='ocrx_word' id='word_1_141' title='bbox 3011 837 3122 891; x_wconf 89' lang='lat' dir='ltr'><strong>vita</strong></span> <span class='ocrx_word' id='word_1_142' title='bbox 3160 838 3396 907; x_wconf 88' lang='lat' dir='ltr'><strong>quidem,</strong></span> <span class='ocrx_word' id='word_1_143' title='bbox 3435 838 3674 897; x_wconf 89' lang='lat' dir='ltr'><strong>docendo</strong></span> <span class='ocrx_word' id='word_1_144' title='bbox 3714 852 3772 896; x_wconf 90' lang='lat' dir='ltr'><strong>et</strong></span> <span class='ocrx_word' id='word_1_145' title='bbox 3828 876 3831 879; x_wconf 97' lang='lat'><strong><em>-</em></strong></span> 
     </span>
    </p>
   </div>
   <div class='ocr_carea' id='block_1_18' title="bbox 2207 927 3774 999">
    <p class='ocr_par' dir='ltr' id='par_1_18' title="bbox 2207 927 3774 999">
     <span class='ocr_line' id='line_1_18' title="bbox 2207 927 3774 999; baseline 0.006 -20"><span class='ocrx_word' id='word_1_146' title='bbox 2207 927 2575 995; x_wconf 67' lang='lat' dir='ltr'><strong>praedicando;</strong></span> <span class='ocrx_word' id='word_1_147' title='bbox 2618 927 2671 981; x_wconf 91' lang='lat' dir='ltr'><strong>in</strong></span> <span class='ocrx_word' id='word_1_148' title='bbox 2707 939 2879 983; x_wconf 88' lang='lat' dir='ltr'><strong>morte</strong></span> <span class='ocrx_word' id='word_1_149' title='bbox 2923 944 3156 999; x_wconf 90' lang='lat' dir='ltr'><strong>quoque,</strong></span> <span class='ocrx_word' id='word_1_150' title='bbox 3191 931 3243 984; x_wconf 92' lang='lat' dir='ltr'><strong>in</strong></span> <span class='ocrx_word' id='word_1_151' title='bbox 3281 930 3525 987; x_wconf 81' lang='lat' dir='ltr'><strong>nefandis</strong></span> <span class='ocrx_word' id='word_1_152' title='bbox 3566 934 3774 989; x_wconf 89' lang='lat' dir='ltr'><strong>codici—</strong></span> 
     </span>
    </p>
   </div>
   <div class='ocr_carea' id='block_1_19' title="bbox 2208 1020 3771 1095">
    <p class='ocr_par' dir='ltr' id='par_1_19' title="bbox 2208 1020 3771 1095">
     <span class='ocr_line' id='line_1_19' title="bbox 2208 1020 3771 1095; baseline 0.004 -22"><span class='ocrx_word' id='word_1_153' title='bbox 2208 1021 2307 1073; x_wconf 88' lang='lat' dir='ltr'><strong>bus</strong></span> <span class='ocrx_word' id='word_1_154' title='bbox 2347 1020 2459 1075; x_wconf 89' lang='lat' dir='ltr'><strong>suis</strong></span> <span class='ocrx_word' id='word_1_155' title='bbox 2502 1021 2749 1076; x_wconf 89' lang='lat' dir='ltr'><strong>eumdem</strong></span> <span class='ocrx_word' id='word_1_156' title='bbox 2808 1036 3049 1077; x_wconf 90' lang='lat' dir='ltr'><strong>errorem</strong></span> <span class='ocrx_word' id='word_1_157' title='bbox 3093 1038 3124 1077; x_wconf 91' lang='lat' dir='ltr'><strong>a</strong></span> <span class='ocrx_word' id='word_1_158' title='bbox 3173 1038 3232 1079; x_wconf 89' lang='lat' dir='ltr'><strong>se</strong></span> <span class='ocrx_word' id='word_1_159' title='bbox 3289 1025 3546 1095; x_wconf 90' lang='lat' dir='ltr'><strong>scriptum</strong></span> <span class='ocrx_word' id='word_1_160' title='bbox 3600 1026 3771 1080; x_wconf 87' lang='lat' dir='ltr'><strong>relin-</strong></span> 
     </span>
    </p>
   </div>
   <div class='ocr_carea' id='block_1_20' title="bbox 2206 1107 3771 1182">
    <p class='ocr_par' dir='ltr' id='par_1_20' title="bbox 2206 1107 3771 1182">
     <span class='ocr_line' id='line_1_20' title="bbox 2206 1107 3771 1182; baseline 0.006 -20"><span class='ocrx_word' id='word_1_161' title='bbox 2206 1109 2437 1177; x_wconf 83' lang='lat' dir='ltr'><strong>quendo.</strong></span> <span class='ocrx_word' id='word_1_162' title='bbox 2464 1107 2619 1163; x_wconf 88' lang='lat' dir='ltr'><strong>Secta</strong></span> <span class='ocrx_word' id='word_1_163' title='bbox 2660 1111 2853 1181; x_wconf 87' lang='lat' dir='ltr'><strong>quippe</strong></span> <span class='ocrx_word' id='word_1_164' title='bbox 2895 1111 3134 1182; x_wconf 91' lang='lat' dir='ltr'><strong>ejusdem</strong></span> <span class='ocrx_word' id='word_1_165' title='bbox 3174 1112 3322 1179; x_wconf 86' lang='lat' dir='ltr'><strong>Arii,</strong></span> <span class='ocrx_word' id='word_1_166' title='bbox 3352 1113 3480 1169; x_wconf 91' lang='lat' dir='ltr'><strong>olim</strong></span> <span class='ocrx_word' id='word_1_167' title='bbox 3508 1130 3540 1169; x_wconf 90' lang='lat' dir='ltr'><strong>a</strong></span> <span class='ocrx_word' id='word_1_168' title='bbox 3564 1116 3771 1171; x_wconf 88' lang='lat' dir='ltr'><strong>sanctis</strong></span> 
     </span>
    </p>
   </div>
   <div class='ocr_carea' id='block_1_21' title="bbox 2205 1195 3770 1274">
    <p class='ocr_par' dir='ltr' id='par_1_21' title="bbox 2205 1195 3770 1274">
     <span class='ocr_line' id='line_1_21' title="bbox 2205 1195 3770 1274; baseline 0.007 -25"><span class='ocrx_word' id='word_1_169' title='bbox 2205 1195 2450 1253; x_wconf 82' lang='lat' dir='ltr'><strong>Patribus</strong></span> <span class='ocrx_word' id='word_1_170' title='bbox 2476 1199 2723 1253; x_wconf 90' lang='lat' dir='ltr'><strong>damnata</strong></span> <span class='ocrx_word' id='word_1_171' title='bbox 2746 1200 3113 1270; x_wconf 87' lang='lat' dir='ltr'><strong>catholicoque</strong></span> <span class='ocrx_word' id='word_1_172' title='bbox 3137 1218 3389 1258; x_wconf 88' lang='lat' dir='ltr'><strong>mucrone</strong></span> <span class='ocrx_word' id='word_1_173' title='bbox 3399 1205 3500 1259; x_wconf 89' lang='lat' dir='ltr'><strong>sub</strong></span> <span class='ocrx_word' id='word_1_174' title='bbox 3510 1214 3770 1274; x_wconf 90' lang='lat' dir='ltr'><strong>perpetuo</strong></span> 
     </span>
    </p>
   </div>
   <div class='ocr_carea' id='block_1_22' title="bbox 2204 1287 3772 1369">
    <p class='ocr_par' dir='ltr' id='par_1_22' title="bbox 2204 1287 3772 1369">
     <span class='ocr_line' id='line_1_22' title="bbox 2204 1287 3772 1369; baseline 0.008 -30"><span class='ocrx_word' id='word_1_175' title='bbox 2204 1288 2543 1343; x_wconf 85' lang='lat' dir='ltr'><strong>anathemate</strong></span> <span class='ocrx_word' id='word_1_176' title='bbox 2571 1287 2835 1354; x_wconf 88' lang='lat' dir='ltr'><strong>confossa,</strong></span> <span class='ocrx_word' id='word_1_177' title='bbox 2865 1306 2983 1360; x_wconf 76' lang='lat' dir='ltr'><strong>qua:</strong></span> <span class='ocrx_word' id='word_1_178' title='bbox 3008 1291 3076 1345; x_wconf 89' lang='lat' dir='ltr'><strong>ab</strong></span> <span class='ocrx_word' id='word_1_179' title='bbox 3103 1292 3288 1346; x_wconf 90' lang='lat' dir='ltr'><strong>eodem</strong></span> <span class='ocrx_word' id='word_1_180' title='bbox 3321 1292 3540 1369; x_wconf 86' lang='lat' dir='ltr'><strong>Claudio</strong></span> <span class='ocrx_word' id='word_1_181' title='bbox 3568 1295 3772 1351; x_wconf 91' lang='lat' dir='ltr'><strong>dicitur</strong></span> 
     </span>
    </p>
   </div>
   <div class='ocr_carea' id='block_1_23' title="bbox 2205 1377 3769 1455">
    <p class='ocr_par' dir='ltr' id='par_1_23' title="bbox 2205 1377 3769 1455">
     <span class='ocr_line' id='line_1_23' title="bbox 2205 1377 3769 1455; baseline 0.009 -27"><span class='ocrx_word' id='word_1_182' title='bbox 2205 1377 2545 1443; x_wconf 88' lang='lat' dir='ltr'><strong>resuscitata,</strong></span> <span class='ocrx_word' id='word_1_183' title='bbox 2577 1393 2799 1434; x_wconf 88' lang='lat' dir='ltr'><strong>necesse</strong></span> <span class='ocrx_word' id='word_1_184' title='bbox 2827 1387 2914 1433; x_wconf 89' lang='lat' dir='ltr'><strong>est</strong></span> <span class='ocrx_word' id='word_1_185' title='bbox 2959 1389 3017 1434; x_wconf 89' lang='lat' dir='ltr'><strong>ut</strong></span> <span class='ocrx_word' id='word_1_186' title='bbox 3064 1382 3412 1453; x_wconf 75' lang='lat' dir='ltr'><strong>sagacissimo</strong></span> <span class='ocrx_word' id='word_1_187' title='bbox 3440 1385 3668 1455; x_wconf 70' lang='lat' dir='ltr'><strong>qumsitu</strong></span> <span class='ocrx_word' id='word_1_188' title='bbox 3710 1397 3769 1442; x_wconf 91' lang='lat' dir='ltr'><strong>et</strong></span> 
     </span>
    </p>
   </div>
   <div class='ocr_carea' id='block_1_24' title="bbox 2202 1463 3765 1535">
    <p class='ocr_par' dir='ltr' id='par_1_24' title="bbox 2202 1463 3765 1535">
     <span class='ocr_line' id='line_1_24' title="bbox 2202 1463 3765 1535; baseline 0.008 -17"><span class='ocrx_word' id='word_1_189' title='bbox 2202 1463 2608 1535; x_wconf 85' lang='lat' dir='ltr'><strong>diligentissimo</strong></span> <span class='ocrx_word' id='word_1_190' title='bbox 2632 1469 2961 1524; x_wconf 88' lang='lat' dir='ltr'><strong>scrutamine</strong></span> <span class='ocrx_word' id='word_1_191' title='bbox 2990 1478 3166 1525; x_wconf 76' lang='lat' dir='ltr'><strong>exstet</strong></span> <span class='ocrx_word' id='word_1_192' title='bbox 3191 1471 3403 1526; x_wconf 89' lang='lat' dir='ltr'><strong>inventa</strong></span> <span class='ocrx_word' id='word_1_193' title='bbox 3428 1482 3484 1529; x_wconf 90' lang='lat' dir='ltr'><strong>et</strong></span> <span class='ocrx_word' id='word_1_194' title='bbox 3505 1474 3558 1528; x_wconf 92' lang='lat' dir='ltr'><strong>in</strong></span> <span class='ocrx_word' id='word_1_195' title='bbox 3588 1468 3765 1530; x_wconf 81' lang='lat' dir='ltr'><strong>lucem</strong></span> 
     </span>
    </p>
   </div>
   <div class='ocr_carea' id='block_1_25' title="bbox 2201 1554 3759 1632">
    <p class='ocr_par' dir='ltr' id='par_1_25' title="bbox 2201 1554 3759 1632">
     <span class='ocr_line' id='line_1_25' title="bbox 2201 1554 3759 1632; baseline 0.008 -24"><span class='ocrx_word' id='word_1_196' title='bbox 2201 1554 2531 1623; x_wconf 63' lang='lat' dir='ltr'><strong>praeferenda</strong></span> <span class='ocrx_word' id='word_1_197' title='bbox 2558 1557 2760 1630; x_wconf 82' lang='lat' dir='ltr'><strong>[Forte,</strong></span> <span class='ocrx_word' id='word_1_198' title='bbox 2784 1558 3146 1632; x_wconf 90' lang='lat' dir='ltr'><strong>proferenda],</strong></span> <span class='ocrx_word' id='word_1_199' title='bbox 3162 1569 3356 1615; x_wconf 90' lang='lat' dir='ltr'><strong>etcum</strong></span> <span class='ocrx_word' id='word_1_200' title='bbox 3379 1563 3759 1621; x_wconf 87' lang='lat' dir='ltr'><strong>resuscitatore</strong></span> 
     </span>
    </p>
   </div>
   <div class='ocr_carea' id='block_1_26' title="bbox 2201 1648 3766 1727">
    <p class='ocr_par' dir='ltr' id='par_1_26' title="bbox 2201 1648 3766 1727">
     <span class='ocr_line' id='line_1_26' title="bbox 2201 1648 3766 1727; baseline 0.008 -27"><span class='ocrx_word' id='word_1_201' title='bbox 2201 1662 2299 1701; x_wconf 87' lang='lat' dir='ltr'><strong>suo</strong></span> <span class='ocrx_word' id='word_1_202' title='bbox 2324 1648 2393 1703; x_wconf 93' lang='lat' dir='ltr'><strong>ab</strong></span> <span class='ocrx_word' id='word_1_203' title='bbox 2416 1649 2793 1705; x_wconf 89' lang='lat' dir='ltr'><strong>ecclesiasticis</strong></span> <span class='ocrx_word' id='word_1_204' title='bbox 2814 1650 2943 1705; x_wconf 89' lang='lat' dir='ltr'><strong>viris</strong></span> <span class='ocrx_word' id='word_1_205' title='bbox 2972 1666 3160 1707; x_wconf 88' lang='lat' dir='ltr'><strong>rursus</strong></span> <span class='ocrx_word' id='word_1_206' title='bbox 3183 1661 3491 1708; x_wconf 88' lang='lat' dir='ltr'><strong>sanctarum</strong></span> <span class='ocrx_word' id='word_1_207' title='bbox 3520 1654 3766 1727; x_wconf 79' lang='lat' dir='ltr'><strong>Scriptu-</strong></span> 
     </span>
    </p>
   </div>
   <div class='ocr_carea' id='block_1_27' title="bbox 2201 1739 3760 1814">
    <p class='ocr_par' dir='ltr' id='par_1_27' title="bbox 2201 1739 3760 1814">
     <span class='ocr_line' id='line_1_27' title="bbox 2201 1739 3760 1814; baseline 0.008 -25"><span class='ocrx_word' id='word_1_208' title='bbox 2201 1752 2383 1793; x_wconf 86' lang='lat' dir='ltr'><strong>rarum</strong></span> <span class='ocrx_word' id='word_1_209' title='bbox 2426 1739 2547 1795; x_wconf 89' lang='lat' dir='ltr'><strong>telis</strong></span> <span class='ocrx_word' id='word_1_210' title='bbox 2590 1739 2830 1795; x_wconf 90' lang='lat' dir='ltr'><strong>ferienda</strong></span> <span class='ocrx_word' id='word_1_211' title='bbox 2873 1750 3034 1809; x_wconf 88' lang='lat' dir='ltr'><strong>atque</strong></span> <span class='ocrx_word' id='word_1_212' title='bbox 3081 1739 3431 1808; x_wconf 87' lang='lat' dir='ltr'><strong>frustranda;</strong></span> <span class='ocrx_word' id='word_1_213' title='bbox 3472 1758 3570 1810; x_wconf 92' lang='lat' dir='ltr'><strong>ne,</strong></span> <span class='ocrx_word' id='word_1_214' title='bbox 3614 1747 3760 1814; x_wconf 86' lang='lat' dir='ltr'><strong>quod</strong></span> 
     </span>
    </p>
   </div>
   <div class='ocr_carea' id='block_1_28' title="bbox 534 1830 3760 1904">
    <p class='ocr_par' dir='ltr' id='par_1_28' title="bbox 534 1830 3760 1904">
     <span class='ocr_line' id='line_1_28' title="bbox 534 1830 3760 1904; baseline 0.001 -19"><span class='ocrx_word' id='word_1_215' title='bbox 534 1846 656 1885; x_wconf 88' lang='lat' dir='ltr'><strong>rum</strong></span> <span class='ocrx_word' id='word_1_216' title='bbox 697 1846 916 1886; x_wconf 88' lang='lat' dir='ltr'><strong>suorum</strong></span> <span class='ocrx_word' id='word_1_217' title='bbox 964 1831 1231 1885; x_wconf 89' lang='lat' dir='ltr'><strong>mentibus</strong></span> <span class='ocrx_word' id='word_1_218' title='bbox 1279 1830 1583 1896; x_wconf 87' lang='lat' dir='ltr'><strong>reviviscit,</strong></span> <span class='ocrx_word' id='word_1_219' title='bbox 1626 1831 1754 1900; x_wconf 92' lang='lat' dir='ltr'><strong>quin</strong></span> <span class='ocrx_word' id='word_1_220' title='bbox 1789 1830 1986 1899; x_wconf 86' lang='lat' dir='ltr'><strong>potius,</strong></span> <span class='ocrx_word' id='word_1_221' title='bbox 2029 1846 2095 1886; x_wconf 89' lang='lat' dir='ltr'><strong>eo</strong></span> <span class='ocrx_word' id='word_1_222' title='bbox 2124 1831 2168 1891; x_wconf 79' lang='grc' dir='ltr'><strong><em>Β</em></strong></span> <span class='ocrx_word' id='word_1_223' title='bbox 2196 1831 2357 1896; x_wconf 81' lang='lat' dir='ltr'><strong>absit,</strong></span> <span class='ocrx_word' id='word_1_224' title='bbox 2393 1833 2438 1885; x_wconf 91' lang='lat' dir='ltr'><strong>si</strong></span> <span class='ocrx_word' id='word_1_225' title='bbox 2464 1831 2749 1894; x_wconf 85' lang='lat' dir='ltr'><strong>delituerit,</strong></span> <span class='ocrx_word' id='word_1_226' title='bbox 2779 1832 3100 1902; x_wconf 85' lang='lat' dir='ltr'><strong>simplicium</strong></span> <span class='ocrx_word' id='word_1_227' title='bbox 3127 1833 3397 1888; x_wconf 87' lang='lat' dir='ltr'><strong>mentibus</strong></span> <span class='ocrx_word' id='word_1_228' title='bbox 3423 1834 3475 1888; x_wconf 94' lang='lat' dir='ltr'><strong>in</strong></span> <span class='ocrx_word' id='word_1_229' title='bbox 3501 1849 3760 1904; x_wconf 88' lang='lat' dir='ltr'><strong>processu</strong></span> 
     </span>
    </p>
   </div>
   <div class='ocr_carea' id='block_1_29' title="bbox 532 1920 2095 1992">
    <p class='ocr_par' dir='ltr' id='par_1_29' title="bbox 532 1920 2095 1992">
     <span class='ocr_line' id='line_1_29' title="bbox 532 1920 2095 1992; baseline -0.001 -14"><span class='ocrx_word' id='word_1_230' title='bbox 532 1923 767 1988; x_wconf 89' lang='lat' dir='ltr'><strong>dicente,</strong></span> <span class='ocrx_word' id='word_1_231' title='bbox 795 1923 1016 1980; x_wconf 68' lang='lat' dir='ltr'><strong>haeresis</strong></span> <span class='ocrx_word' id='word_1_232' title='bbox 1056 1922 1254 1977; x_wconf 84' lang='lat' dir='ltr'><strong>Ariana</strong></span> <span class='ocrx_word' id='word_1_233' title='bbox 1279 1921 1542 1992; x_wconf 90' lang='lat' dir='ltr'><strong>pullulare</strong></span> <span class='ocrx_word' id='word_1_234' title='bbox 1566 1920 1999 1991; x_wconf 87' lang='lat' dir='ltr'><strong>deprehenditur,</strong></span> <span class='ocrx_word' id='word_1_235' title='bbox 2029 1921 2095 1976; x_wconf 90' lang='lat' dir='ltr'><strong>de</strong></span> 
     </span>
    </p>
   </div>
   <div class='ocr_carea' id='block_1_30' title="bbox 531 2012 2094 2086">
    <p class='ocr_par' dir='ltr' id='par_1_30' title="bbox 531 2012 2094 2086">
     <span class='ocr_line' id='line_1_30' title="bbox 531 2012 2094 2086; baseline -0.002 -15"><span class='ocrx_word' id='word_1_236' title='bbox 531 2032 635 2086; x_wconf 86' lang='lat' dir='ltr'><strong>qua</strong></span> <span class='ocrx_word' id='word_1_237' title='bbox 683 2015 855 2071; x_wconf 89' lang='lat' dir='ltr'><strong>fertur</strong></span> <span class='ocrx_word' id='word_1_238' title='bbox 897 2015 1137 2085; x_wconf 67' lang='lat' dir='ltr'><strong>quaedam</strong></span> <span class='ocrx_word' id='word_1_239' title='bbox 1186 2021 1528 2069; x_wconf 89' lang='lat' dir='ltr'><strong>monumenta</strong></span> <span class='ocrx_word' id='word_1_240' title='bbox 1574 2012 1831 2068; x_wconf 88' lang='lat' dir='ltr'><strong>librorum</strong></span> <span class='ocrx_word' id='word_1_241' title='bbox 1871 2028 2094 2082; x_wconf 81' lang='lat' dir='ltr'><strong>conges-</strong></span> 
     </span>
    </p>
   </div>
   <div class='ocr_carea' id='block_1_31' title="bbox 531 2102 2093 2174">
    <p class='ocr_par' dir='ltr' id='par_1_31' title="bbox 531 2102 2093 2174">
     <span class='ocr_line' id='line_1_31' title="bbox 531 2102 2093 2174; baseline -0.003 -13"><span class='ocrx_word' id='word_1_242' title='bbox 531 2107 687 2171; x_wconf 89' lang='lat' dir='ltr'><strong>sisse,</strong></span> <span class='ocrx_word' id='word_1_243' title='bbox 713 2115 769 2160; x_wconf 91' lang='lat' dir='ltr'><strong>et</strong></span> <span class='ocrx_word' id='word_1_244' title='bbox 795 2104 862 2160; x_wconf 88' lang='lat' dir='ltr'><strong>ad</strong></span> <span class='ocrx_word' id='word_1_245' title='bbox 892 2103 1287 2174; x_wconf 88' lang='lat' dir='ltr'><strong>simplicitatem</strong></span> <span class='ocrx_word' id='word_1_246' title='bbox 1330 2112 1384 2159; x_wconf 90' lang='lat' dir='ltr'><strong>et</strong></span> <span class='ocrx_word' id='word_1_247' title='bbox 1423 2103 1716 2174; x_wconf 85' lang='lat' dir='ltr'><strong>puritatem</strong></span> <span class='ocrx_word' id='word_1_248' title='bbox 1755 2102 1878 2157; x_wconf 87' lang='lat' dir='ltr'><strong>fidei</strong></span> <span class='ocrx_word' id='word_1_249' title='bbox 1909 2104 2093 2158; x_wconf 85' lang='lat' dir='ltr'><strong>catho-</strong></span> 
     </span>
    </p>
   </div>
   <div class='ocr_carea' id='block_1_32' title="bbox 530 2196 2093 2267">
    <p class='ocr_par' dir='ltr' id='par_1_32' title="bbox 530 2196 2093 2267">
     <span class='ocr_line' id='line_1_32' title="bbox 530 2196 2093 2267; baseline -0.002 -15"><span class='ocrx_word' id='word_1_250' title='bbox 530 2197 649 2254; x_wconf 74' lang='lat' dir='ltr'><strong>lica:</strong></span> <span class='ocrx_word' id='word_1_251' title='bbox 678 2207 733 2253; x_wconf 91' lang='lat' dir='ltr'><strong>et</strong></span> <span class='ocrx_word' id='word_1_252' title='bbox 760 2196 1064 2267; x_wconf 64' lang='lat' dir='ltr'><strong>apostolica:</strong></span> <span class='ocrx_word' id='word_1_253' title='bbox 1099 2196 1511 2267; x_wconf 87' lang='lat' dir='ltr'><strong>oppugnandum</strong></span> <span class='ocrx_word' id='word_1_254' title='bbox 1542 2196 1596 2250; x_wconf 92' lang='lat' dir='ltr'><strong>in</strong></span> <span class='ocrx_word' id='word_1_255' title='bbox 1622 2196 1857 2249; x_wconf 90' lang='lat' dir='ltr'><strong>armario</strong></span> <span class='ocrx_word' id='word_1_256' title='bbox 1886 2196 2093 2265; x_wconf 83' lang='lat' dir='ltr'><strong>episco-</strong></span> 
     </span>
    </p>
   </div>
   <div class='ocr_carea' id='block_1_33' title="bbox 528 2286 2092 2359">
    <p class='ocr_par' dir='ltr' id='par_1_33' title="bbox 528 2286 2092 2359">
     <span class='ocr_line' id='line_1_33' title="bbox 528 2286 2092 2359; baseline -0.003 -16"><span class='ocrx_word' id='word_1_257' title='bbox 528 2289 604 2359; x_wconf 89' lang='lat' dir='ltr'><strong>pii</strong></span> <span class='ocrx_word' id='word_1_258' title='bbox 644 2287 729 2343; x_wconf 91' lang='lat' dir='ltr'><strong>sui</strong></span> <span class='ocrx_word' id='word_1_259' title='bbox 773 2286 1104 2343; x_wconf 90' lang='lat' dir='ltr'><strong>clandestina</strong></span> <span class='ocrx_word' id='word_1_260' title='bbox 1151 2286 1443 2341; x_wconf 91' lang='lat' dir='ltr'><strong>calliditate</strong></span> <span class='ocrx_word' id='word_1_261' title='bbox 1485 2286 1799 2356; x_wconf 84' lang='lat' dir='ltr'><strong>reliquisse;</strong></span> <span class='ocrx_word' id='word_1_262' title='bbox 1837 2302 1943 2341; x_wconf 93' lang='lat' dir='ltr'><strong>non</strong></span> <span class='ocrx_word' id='word_1_263' title='bbox 1973 2301 2092 2340; x_wconf 90' lang='lat' dir='ltr'><strong>sum</strong></span> 
     </span>
    </p>
   </div>
   <div class='ocr_carea' id='block_1_34' title="bbox 530 2375 2088 2447">
    <p class='ocr_par' dir='ltr' id='par_1_34' title="bbox 530 2375 2088 2447">
     <span class='ocr_line' id='line_1_34' title="bbox 530 2375 2088 2447; baseline -0.001 -16"><span class='ocrx_word' id='word_1_264' title='bbox 530 2392 695 2432; x_wconf 91' lang='lat' dir='ltr'><strong>ausus</strong></span> <span class='ocrx_word' id='word_1_265' title='bbox 733 2377 890 2447; x_wconf 90' lang='lat' dir='ltr'><strong>quin,</strong></span> <span class='ocrx_word' id='word_1_266' title='bbox 919 2375 1125 2431; x_wconf 89' lang='lat' dir='ltr'><strong>monitu</strong></span> <span class='ocrx_word' id='word_1_267' title='bbox 1161 2384 1216 2431; x_wconf 88' lang='lat' dir='ltr'><strong>et</strong></span> <span class='ocrx_word' id='word_1_268' title='bbox 1245 2377 1459 2431; x_wconf 84' lang='lat' dir='ltr'><strong>hortatu</strong></span> <span class='ocrx_word' id='word_1_269' title='bbox 1499 2376 1729 2430; x_wconf 85' lang='lat' dir='ltr'><strong>filiorum</strong></span> <span class='ocrx_word' id='word_1_270' title='bbox 1751 2387 1951 2431; x_wconf 66' lang='lat' dir='ltr'><strong>sanctae</strong></span> <span class='ocrx_word' id='word_1_271' title='bbox 1996 2375 2088 2430; x_wconf 88' lang='lat' dir='ltr'><strong>Dei</strong></span> 
     </span>
    </p>
   </div>
   <div class='ocr_carea' id='block_1_35' title="bbox 530 2466 2091 2538">
    <p class='ocr_par' dir='ltr' id='par_1_35' title="bbox 530 2466 2091 2538">
     <span class='ocr_line' id='line_1_35' title="bbox 530 2466 2091 2538; baseline -0.003 -15"><span class='ocrx_word' id='word_1_272' title='bbox 530 2468 806 2533; x_wconf 74' lang='lat' dir='ltr'><strong>Ecclesiae,</strong></span> <span class='ocrx_word' id='word_1_273' title='bbox 833 2482 967 2538; x_wconf 87' lang='lat' dir='ltr'><strong>opus</strong></span> <span class='ocrx_word' id='word_1_274' title='bbox 991 2467 1133 2536; x_wconf 83' lang='lat' dir='ltr'><strong>quod</strong></span> <span class='ocrx_word' id='word_1_275' title='bbox 1161 2467 1610 2537; x_wconf 69' lang='lat' dir='ltr'><strong>praetermiseram</strong></span> <span class='ocrx_word' id='word_1_276' title='bbox 1633 2466 1953 2522; x_wconf 88' lang='lat' dir='ltr'><strong>enucleatim</strong></span> <span class='ocrx_word' id='word_1_277' title='bbox 1980 2466 2091 2520; x_wconf 90' lang='lat' dir='ltr'><strong>dis-</strong></span> 
     </span>
    </p>
   </div>
   <div class='ocr_carea' id='block_1_36' title="bbox 529 2558 2089 2630">
    <p class='ocr_par' dir='ltr' id='par_1_36' title="bbox 529 2558 2089 2630">
     <span class='ocr_line' id='line_1_36' title="bbox 529 2558 2089 2630; baseline -0.003 -13"><span class='ocrx_word' id='word_1_278' title='bbox 529 2561 839 2618; x_wconf 89' lang='lat' dir='ltr'><strong>cutiendum</strong></span> <span class='ocrx_word' id='word_1_279' title='bbox 868 2568 1198 2630; x_wconf 88' lang='lat' dir='ltr'><strong>repeterem,</strong></span> <span class='ocrx_word' id='word_1_280' title='bbox 1248 2568 1303 2614; x_wconf 92' lang='lat' dir='ltr'><strong>et</strong></span> <span class='ocrx_word' id='word_1_281' title='bbox 1343 2558 1565 2630; x_wconf 82' lang='lat' dir='ltr'><strong>singulis</strong></span> <span class='ocrx_word' id='word_1_282' title='bbox 1609 2574 1729 2629; x_wconf 76' lang='lat' dir='ltr'><strong>quae</strong></span> <span class='ocrx_word' id='word_1_283' title='bbox 1773 2568 2089 2628; x_wconf 86' lang='lat' dir='ltr'><strong>supererant</strong></span> 
     </span>
    </p>
   </div>
   <div class='ocr_carea' id='block_1_37' title="bbox 526 2650 2085 2726">
    <p class='ocr_par' dir='ltr' id='par_1_37' title="bbox 526 2650 2085 2726">
     <span class='ocr_line' id='line_1_37' title="bbox 526 2650 2085 2726; baseline -0.004 -16"><span class='ocrx_word' id='word_1_284' title='bbox 526 2667 783 2726; x_wconf 85' lang='lat' dir='ltr'><strong>perverse</strong></span> <span class='ocrx_word' id='word_1_285' title='bbox 806 2650 1031 2721; x_wconf 86' lang='lat' dir='ltr'><strong>objectis</strong></span> <span class='ocrx_word' id='word_1_286' title='bbox 1059 2651 1411 2706; x_wconf 87' lang='lat' dir='ltr'><strong>rationalibus</strong></span> <span class='ocrx_word' id='word_1_287' title='bbox 1456 2660 1616 2721; x_wconf 88' lang='lat' dir='ltr'><strong>atque</strong></span> <span class='ocrx_word' id='word_1_288' title='bbox 1660 2650 1917 2721; x_wconf 78' lang='lat' dir='ltr'><strong>piissimis</strong></span> <span class='ocrx_word' id='word_1_289' title='bbox 1944 2650 2085 2704; x_wconf 86' lang='lat' dir='ltr'><strong>anti-</strong></span> 
     </span>
    </p>
   </div>
   <div class='ocr_carea' id='block_1_38' title="bbox 528 2734 2087 2814">
    <p class='ocr_par' dir='ltr' id='par_1_38' title="bbox 528 2734 2087 2814">
     <span class='ocr_line' id='line_1_38' title="bbox 528 2734 2087 2814; baseline -0.003 -14"><span class='ocrx_word' id='word_1_290' title='bbox 528 2745 691 2800; x_wconf 82' lang='lat' dir='ltr'><strong>thetis</strong></span> <span class='ocrx_word' id='word_1_291' title='bbox 716 2743 784 2798; x_wconf 89' lang='lat' dir='ltr'><strong>ad</strong></span> <span class='ocrx_word' id='word_1_292' title='bbox 812 2743 1073 2814; x_wconf 90' lang='lat' dir='ltr'><strong>liquidum</strong></span> <span class='ocrx_word' id='word_1_293' title='bbox 1103 2744 1398 2798; x_wconf 90' lang='lat' dir='ltr'><strong>obviarem.</strong></span> <span class='ocrx_word' id='word_1_294' title='bbox 1427 2741 1578 2809; x_wconf 86' lang='lat' dir='ltr'><strong>Quod</strong></span> <span class='ocrx_word' id='word_1_295' title='bbox 1601 2757 1727 2813; x_wconf 90' lang='lat' dir='ltr'><strong>ergo</strong></span> <span class='ocrx_word' id='word_1_296' title='bbox 1754 2758 1855 2813; x_wconf 87' lang='lat' dir='ltr'><strong>pro</strong></span> <span class='ocrx_word' id='word_1_297' title='bbox 1883 2734 2087 2796; x_wconf 88' lang='lat' dir='ltr'><strong>viribus</strong></span> 
     </span>
    </p>
   </div>
   <div class='ocr_carea' id='block_1_39' title="bbox 524 2830 2085 2903">
    <p class='ocr_par' dir='ltr' id='par_1_39' title="bbox 524 2830 2085 2903">
     <span class='ocr_line' id='line_1_39' title="bbox 524 2830 2085 2903; baseline -0.003 -13"><span class='ocrx_word' id='word_1_298' title='bbox 524 2841 833 2897; x_wconf 82' lang='lat' dir='ltr'><strong>exsecutus,</strong></span> <span class='ocrx_word' id='word_1_299' title='bbox 867 2832 1009 2888; x_wconf 88' lang='lat' dir='ltr'><strong>idem</strong></span> <span class='ocrx_word' id='word_1_300' title='bbox 1049 2831 1361 2902; x_wconf 83' lang='lat' dir='ltr'><strong>opusculum</strong></span> <span class='ocrx_word' id='word_1_301' title='bbox 1401 2830 1555 2900; x_wconf 82' lang='lat' dir='ltr'><strong>juxta</strong></span> <span class='ocrx_word' id='word_1_302' title='bbox 1590 2831 1872 2901; x_wconf 89' lang='lat' dir='ltr'><strong>imperium</strong></span> <span class='ocrx_word' id='word_1_303' title='bbox 1913 2831 2085 2903; x_wconf 87' lang='lat' dir='ltr'><strong>patris</strong></span> 
     </span>
    </p>
   </div>
   <div class='ocr_carea' id='block_1_40' title="bbox 520 2910 2086 3003">
    <p class='ocr_par' dir='ltr' id='par_1_40' title="bbox 520 2910 2086 3003">
     <span class='ocr_line' id='line_1_40' title="bbox 520 2910 2086 3003; baseline -0.001 -25"><span class='ocrx_word' id='word_1_304' title='bbox 520 2926 719 2991; x_wconf 82' lang='lat' dir='ltr'><strong>vestri,</strong></span> <span class='ocrx_word' id='word_1_305' title='bbox 756 2925 825 2981; x_wconf 82' lang='lat' dir='ltr'><strong>ob</strong></span> <span class='ocrx_word' id='word_1_306' title='bbox 854 2910 1205 2995; x_wconf 72' lang='lat' dir='ltr'><strong>capacitatem</strong></span> <span class='ocrx_word' id='word_1_307' title='bbox 1240 2924 1357 3003; x_wconf 84' lang='lat' dir='ltr'><strong>_mei</strong></span> <span class='ocrx_word' id='word_1_308' title='bbox 1402 2939 1591 2981; x_wconf 88' lang='lat' dir='ltr'><strong>sensus</strong></span> <span class='ocrx_word' id='word_1_309' title='bbox 1636 2924 1903 2994; x_wconf 83' lang='lat' dir='ltr'><strong>digerens,</strong></span> <span class='ocrx_word' id='word_1_310' title='bbox 1935 2923 2086 2978; x_wconf 89' lang='lat' dir='ltr'><strong>vobis</strong></span> 
     </span>
    </p>
   </div>
   <div class='ocr_carea' id='block_1_41' title="bbox 521 3016 2085 3089">
    <p class='ocr_par' dir='ltr' id='par_1_41' title="bbox 521 3016 2085 3089">
     <span class='ocr_line' id='line_1_41' title="bbox 521 3016 2085 3089; baseline -0.003 -14"><span class='ocrx_word' id='word_1_311' title='bbox 521 3017 853 3075; x_wconf 78' lang='lat' dir='ltr'><strong>offerendum</strong></span> <span class='ocrx_word' id='word_1_312' title='bbox 901 3018 1094 3074; x_wconf 90' lang='lat' dir='ltr'><strong>merito</strong></span> <span class='ocrx_word' id='word_1_313' title='bbox 1115 3017 1351 3087; x_wconf 87' lang='lat' dir='ltr'><strong>judicavi</strong></span> <span class='ocrx_word' id='word_1_314' title='bbox 1375 3059 1390 3082; x_wconf 96' lang='lat'><strong>,</strong></span> <span class='ocrx_word' id='word_1_315' title='bbox 1431 3026 1486 3072; x_wconf 72' lang='lat' dir='ltr'><strong>at</strong></span> <span class='ocrx_word' id='word_1_316' title='bbox 1528 3016 1672 3089; x_wconf 87' lang='lat' dir='ltr'><strong>quod</strong></span> <span class='ocrx_word' id='word_1_317' title='bbox 1720 3017 1860 3089; x_wconf 88' lang='lat' dir='ltr'><strong>patri</strong></span> <span class='ocrx_word' id='word_1_318' title='bbox 1902 3028 2085 3073; x_wconf 87' lang='lat' dir='ltr'><strong>vestro</strong></span> 
     </span>
    </p>
   </div>
   <div class='ocr_carea' id='block_1_42' title="bbox 521 3107 2081 3179">
    <p class='ocr_par' dir='ltr' id='par_1_42' title="bbox 521 3107 2081 3179">
     <span class='ocr_line' id='line_1_42' title="bbox 521 3107 2081 3179; baseline -0.003 -15"><span class='ocrx_word' id='word_1_319' title='bbox 521 3108 809 3179; x_wconf 86' lang='lat' dir='ltr'><strong>imperanti</strong></span> <span class='ocrx_word' id='word_1_320' title='bbox 841 3108 1062 3164; x_wconf 89' lang='lat' dir='ltr'><strong>reddere</strong></span> <span class='ocrx_word' id='word_1_321' title='bbox 1090 3123 1197 3163; x_wconf 90' lang='lat' dir='ltr'><strong>non</strong></span> <span class='ocrx_word' id='word_1_322' title='bbox 1229 3108 1399 3177; x_wconf 89' lang='lat' dir='ltr'><strong>quivi,</strong></span> <span class='ocrx_word' id='word_1_323' title='bbox 1428 3108 1480 3163; x_wconf 83' lang='lat' dir='ltr'><strong>id</strong></span> <span class='ocrx_word' id='word_1_324' title='bbox 1507 3107 1658 3162; x_wconf 89' lang='lat' dir='ltr'><strong>vobis</strong></span> <span class='ocrx_word' id='word_1_325' title='bbox 1682 3116 1737 3162; x_wconf 91' lang='lat' dir='ltr'><strong>et</strong></span> <span class='ocrx_word' id='word_1_326' title='bbox 1762 3107 1839 3162; x_wconf 91' lang='lat' dir='ltr'><strong>illi</strong></span> <span class='ocrx_word' id='word_1_327' title='bbox 1879 3108 2081 3176; x_wconf 85' lang='lat' dir='ltr'><strong>pariter</strong></span> 
     </span>
    </p>
   </div>
   <div class='ocr_carea' id='block_1_43' title="bbox 2195 1921 3762 1995">
    <p class='ocr_par' dir='ltr' id='par_1_43' title="bbox 2195 1921 3762 1995">
     <span class='ocr_line' id='line_1_43' title="bbox 2195 1921 3762 1995; baseline 0.003 -20"><span class='ocrx_word' id='word_1_328' title='bbox 2195 1921 2450 1988; x_wconf 87' lang='lat' dir='ltr'><strong>temporis</strong></span> <span class='ocrx_word' id='word_1_329' title='bbox 2477 1921 2625 1975; x_wconf 91' lang='lat' dir='ltr'><strong>virus</strong></span> <span class='ocrx_word' id='word_1_330' title='bbox 2673 1922 3008 1977; x_wconf 89' lang='lat' dir='ltr'><strong>mortiferum</strong></span> <span class='ocrx_word' id='word_1_331' title='bbox 3053 1923 3332 1993; x_wconf 91' lang='lat' dir='ltr'><strong>propinet,</strong></span> <span class='ocrx_word' id='word_1_332' title='bbox 3365 1932 3419 1979; x_wconf 90' lang='lat' dir='ltr'><strong>et</strong></span> <span class='ocrx_word' id='word_1_333' title='bbox 3467 1923 3519 1979; x_wconf 90' lang='lat' dir='ltr'><strong>in</strong></span> <span class='ocrx_word' id='word_1_334' title='bbox 3566 1940 3762 1995; x_wconf 86' lang='lat' dir='ltr'><strong>perpe-</strong></span> 
     </span>
    </p>
   </div>
   <div class='ocr_carea' id='block_1_44' title="bbox 2192 2011 3757 2086">
    <p class='ocr_par' dir='ltr' id='par_1_44' title="bbox 2192 2011 3757 2086">
     <span class='ocr_line' id='line_1_44' title="bbox 2192 2011 3757 2086; baseline 0.004 -23"><span class='ocrx_word' id='word_1_335' title='bbox 2192 2017 2338 2063; x_wconf 91' lang='lat' dir='ltr'><strong>tuam</strong></span> <span class='ocrx_word' id='word_1_336' title='bbox 2366 2011 2762 2065; x_wconf 89' lang='lat' dir='ltr'><strong>damnationem</strong></span> <span class='ocrx_word' id='word_1_337' title='bbox 2787 2012 3020 2067; x_wconf 81' lang='lat' dir='ltr'><strong>inducat.</strong></span> <span class='ocrx_word' id='word_1_338' title='bbox 3055 2011 3340 2068; x_wconf 87' lang='lat' dir='ltr'><strong>Humiliter</strong></span> <span class='ocrx_word' id='word_1_339' title='bbox 3380 2013 3544 2084; x_wconf 81' lang='lat' dir='ltr'><strong>igitur</strong></span> <span class='ocrx_word' id='word_1_340' title='bbox 3569 2014 3757 2086; x_wconf 79' lang='lat' dir='ltr'><strong>flagito</strong></span> 
     </span>
    </p>
   </div>
   <div class='ocr_carea' id='block_1_45' title="bbox 2192 2104 3758 2175">
    <p class='ocr_par' dir='ltr' id='par_1_45' title="bbox 2192 2104 3758 2175">
     <span class='ocr_line' id='line_1_45' title="bbox 2192 2104 3758 2175; baseline 0.001 -16"><span class='ocrx_word' id='word_1_341' title='bbox 2192 2105 2529 2159; x_wconf 90' lang='lat' dir='ltr'><strong>clementiam</strong></span> <span class='ocrx_word' id='word_1_342' title='bbox 2576 2104 2883 2160; x_wconf 89' lang='lat' dir='ltr'><strong>serenitatis</strong></span> <span class='ocrx_word' id='word_1_343' title='bbox 2926 2112 3138 2170; x_wconf 65' lang='lat' dir='ltr'><strong>vestras,</strong></span> <span class='ocrx_word' id='word_1_344' title='bbox 3177 2120 3272 2160; x_wconf 84' lang='lat' dir='ltr'><strong>rex</strong></span> <span class='ocrx_word' id='word_1_345' title='bbox 3318 2104 3758 2175; x_wconf 86' lang='lat' dir='ltr'><strong>prudentissime,</strong></span> 
     </span>
    </p>
   </div>
   <div class='ocr_carea' id='block_1_46' title="bbox 2190 2194 3757 2266">
    <p class='ocr_par' dir='ltr' id='par_1_46' title="bbox 2190 2194 3757 2266">
     <span class='ocr_line' id='line_1_46' title="bbox 2190 2194 3757 2266; baseline 0.001 -15"><span class='ocrx_word' id='word_1_346' title='bbox 2190 2206 2250 2251; x_wconf 89' lang='lat' dir='ltr'><strong>ut</strong></span> <span class='ocrx_word' id='word_1_347' title='bbox 2274 2196 2318 2249; x_wconf 92' lang='lat' dir='ltr'><strong>si</strong></span> <span class='ocrx_word' id='word_1_348' title='bbox 2364 2194 2491 2266; x_wconf 84' lang='lat' dir='ltr'><strong>quid</strong></span> <span class='ocrx_word' id='word_1_349' title='bbox 2533 2195 2585 2250; x_wconf 92' lang='lat' dir='ltr'><strong>in</strong></span> <span class='ocrx_word' id='word_1_350' title='bbox 2615 2195 2802 2251; x_wconf 89' lang='lat' dir='ltr'><strong>eodem</strong></span> <span class='ocrx_word' id='word_1_351' title='bbox 2832 2194 3089 2265; x_wconf 84' lang='lat' dir='ltr'><strong>opusculo</strong></span> <span class='ocrx_word' id='word_1_352' title='bbox 3121 2195 3372 2251; x_wconf 87' lang='lat' dir='ltr'><strong>utilitatis</strong></span> <span class='ocrx_word' id='word_1_353' title='bbox 3417 2195 3757 2263; x_wconf 86' lang='lat' dir='ltr'><strong>inveneritis,</strong></span> 
     </span>
    </p>
   </div>
   <div class='ocr_carea' id='block_1_47' title="bbox 2189 2282 3753 2353">
    <p class='ocr_par' dir='ltr' id='par_1_47' title="bbox 2189 2282 3753 2353">
     <span class='ocr_line' id='line_1_47' title="bbox 2189 2282 3753 2353; baseline 0.003 -17"><span class='ocrx_word' id='word_1_354' title='bbox 2189 2293 2466 2353; x_wconf 82' lang='lat' dir='ltr'><strong>gratanter</strong></span> <span class='ocrx_word' id='word_1_355' title='bbox 2499 2282 2822 2352; x_wconf 88' lang='lat' dir='ltr'><strong>suscipiatis,</strong></span> <span class='ocrx_word' id='word_1_356' title='bbox 2846 2296 3076 2352; x_wconf 91' lang='lat' dir='ltr'><strong>eumque</strong></span> <span class='ocrx_word' id='word_1_357' title='bbox 3102 2282 3346 2338; x_wconf 86' lang='lat' dir='ltr'><strong>habeatis</strong></span> <span class='ocrx_word' id='word_1_358' title='bbox 3373 2291 3428 2339; x_wconf 91' lang='lat' dir='ltr'><strong>et</strong></span> <span class='ocrx_word' id='word_1_359' title='bbox 3457 2284 3643 2340; x_wconf 91' lang='lat' dir='ltr'><strong>haberi</strong></span> <span class='ocrx_word' id='word_1_360' title='bbox 3673 2285 3753 2340; x_wconf 59' lang='lat' dir='ltr'><strong>fa.</strong></span> 
     </span>
    </p>
   </div>
   <div class='ocr_carea' id='block_1_48' title="bbox 2188 2375 3754 2448">
    <p class='ocr_par' dir='ltr' id='par_1_48' title="bbox 2188 2375 3754 2448">
     <span class='ocr_line' id='line_1_48' title="bbox 2188 2375 3754 2448; baseline 0.001 -17"><span class='ocrx_word' id='word_1_361' title='bbox 2188 2378 2365 2442; x_wconf 88' lang='lat' dir='ltr'><strong>ciatis,</strong></span> <span class='ocrx_word' id='word_1_362' title='bbox 2395 2390 2595 2448; x_wconf 83' lang='lat' dir='ltr'><strong>vosque</strong></span> <span class='ocrx_word' id='word_1_363' title='bbox 2628 2377 2815 2447; x_wconf 86' lang='lat' dir='ltr'><strong>legatis</strong></span> <span class='ocrx_word' id='word_1_364' title='bbox 2856 2384 2911 2432; x_wconf 91' lang='lat' dir='ltr'><strong>et</strong></span> <span class='ocrx_word' id='word_1_365' title='bbox 2958 2375 3111 2431; x_wconf 87' lang='lat' dir='ltr'><strong>vobis</strong></span> <span class='ocrx_word' id='word_1_366' title='bbox 3151 2375 3254 2448; x_wconf 87' lang='lat' dir='ltr'><strong>legi</strong></span> <span class='ocrx_word' id='word_1_367' title='bbox 3292 2377 3548 2448; x_wconf 86' lang='lat' dir='ltr'><strong>jubeatis.</strong></span> <span class='ocrx_word' id='word_1_368' title='bbox 3572 2389 3599 2418; x_wconf 75' lang='grc' dir='ltr'>ι</span> <span class='ocrx_word' id='word_1_369' title='bbox 3637 2378 3754 2433; x_wconf 81' lang='lat' dir='ltr'><strong>Ex-</strong></span> 
     </span>
    </p>
   </div>
   <div class='ocr_carea' id='block_1_49' title="bbox 2188 2467 3756 2540">
    <p class='ocr_par' dir='ltr' id='par_1_49' title="bbox 2188 2467 3756 2540">
     <span class='ocr_line' id='line_1_49' title="bbox 2188 2467 3756 2540; baseline 0 -16"><span class='ocrx_word' id='word_1_370' title='bbox 2188 2478 2430 2540; x_wconf 88' lang='lat' dir='ltr'><strong>cerptum</strong></span> <span class='ocrx_word' id='word_1_371' title='bbox 2460 2483 2623 2540; x_wconf 89' lang='lat' dir='ltr'><strong>porro</strong></span> <span class='ocrx_word' id='word_1_372' title='bbox 2650 2469 2779 2523; x_wconf 89' lang='lat' dir='ltr'><strong>mihi</strong></span> <span class='ocrx_word' id='word_1_373' title='bbox 2808 2467 3030 2523; x_wconf 90' lang='lat' dir='ltr'><strong>missum</strong></span> <span class='ocrx_word' id='word_1_374' title='bbox 3066 2468 3187 2523; x_wconf 90' lang='lat' dir='ltr'><strong>ideo</strong></span> <span class='ocrx_word' id='word_1_375' title='bbox 3218 2467 3358 2523; x_wconf 90' lang='lat' dir='ltr'><strong>inter</strong></span> <span class='ocrx_word' id='word_1_376' title='bbox 3383 2469 3524 2524; x_wconf 89' lang='lat' dir='ltr'><strong>hanc</strong></span> <span class='ocrx_word' id='word_1_377' title='bbox 3552 2468 3756 2539; x_wconf 64' lang='lat' dir='ltr'><strong>praefa-</strong></span> 
     </span>
    </p>
   </div>
   <div class='ocr_carea' id='block_1_50' title="bbox 2187 2560 3756 2633">
    <p class='ocr_par' dir='ltr' id='par_1_50' title="bbox 2187 2560 3756 2633">
     <span class='ocr_line' id='line_1_50' title="bbox 2187 2560 3756 2633; baseline 0 -17"><span class='ocrx_word' id='word_1_378' title='bbox 2187 2563 2385 2617; x_wconf 84' lang='lat' dir='ltr'><strong>tionem</strong></span> <span class='ocrx_word' id='word_1_379' title='bbox 2410 2571 2463 2617; x_wconf 91' lang='lat' dir='ltr'><strong>et</strong></span> <span class='ocrx_word' id='word_1_380' title='bbox 2489 2560 2801 2631; x_wconf 86' lang='lat' dir='ltr'><strong>opusculum</strong></span> <span class='ocrx_word' id='word_1_381' title='bbox 2831 2562 3161 2632; x_wconf 90' lang='lat' dir='ltr'><strong>subsequens</strong></span> <span class='ocrx_word' id='word_1_382' title='bbox 3183 2562 3493 2629; x_wconf 90' lang='lat' dir='ltr'><strong>interserui,</strong></span> <span class='ocrx_word' id='word_1_383' title='bbox 3523 2573 3579 2619; x_wconf 89' lang='lat' dir='ltr'><strong>ut</strong></span> <span class='ocrx_word' id='word_1_384' title='bbox 3602 2563 3756 2633; x_wconf 85' lang='lat' dir='ltr'><strong>quis-</strong></span> 
     </span>
    </p>
   </div>
   <div class='ocr_carea' id='block_1_51' title="bbox 2187 2649 3749 2725">
    <p class='ocr_par' dir='ltr' id='par_1_51' title="bbox 2187 2649 3749 2725">
     <span class='ocr_line' id='line_1_51' title="bbox 2187 2649 3749 2725; baseline 0.001 -19"><span class='ocrx_word' id='word_1_385' title='bbox 2187 2654 2304 2723; x_wconf 89' lang='lat' dir='ltr'><strong>quis</strong></span> <span class='ocrx_word' id='word_1_386' title='bbox 2333 2653 2473 2708; x_wconf 92' lang='lat' dir='ltr'><strong>idem</strong></span> <span class='ocrx_word' id='word_1_387' title='bbox 2499 2652 2675 2724; x_wconf 89' lang='lat' dir='ltr'><strong>legere</strong></span> <span class='ocrx_word' id='word_1_388' title='bbox 2702 2660 2756 2708; x_wconf 89' lang='lat' dir='ltr'><strong>et</strong></span> <span class='ocrx_word' id='word_1_389' title='bbox 2780 2652 3011 2711; x_wconf 88' lang='lat' dir='ltr'><strong>scrutari</strong></span> <span class='ocrx_word' id='word_1_390' title='bbox 3028 2649 3288 2718; x_wconf 67' lang='lat' dir='ltr'><strong>&#39;voluerit,</strong></span> <span class='ocrx_word' id='word_1_391' title='bbox 3317 2654 3568 2724; x_wconf 91' lang='lat' dir='ltr'><strong>primum,</strong></span> <span class='ocrx_word' id='word_1_392' title='bbox 3594 2669 3749 2725; x_wconf 87' lang='lat' dir='ltr'><strong>rogo,</strong></span> 
     </span>
    </p>
   </div>
   <div class='ocr_carea' id='block_1_52' title="bbox 2186 2740 3757 2813">
    <p class='ocr_par' dir='ltr' id='par_1_52' title="bbox 2186 2740 3757 2813">
     <span class='ocr_line' id='line_1_52' title="bbox 2186 2740 3757 2813; baseline -0.001 -17"><span class='ocrx_word' id='word_1_393' title='bbox 2186 2741 2288 2797; x_wconf 89' lang='lat' dir='ltr'><strong>hac</strong></span> <span class='ocrx_word' id='word_1_394' title='bbox 2314 2740 2625 2811; x_wconf 65' lang='lat' dir='ltr'><strong>praefatione</strong></span> <span class='ocrx_word' id='word_1_395' title='bbox 2652 2741 2810 2805; x_wconf 91' lang='lat' dir='ltr'><strong>lecta,</strong></span> <span class='ocrx_word' id='word_1_396' title='bbox 2853 2740 2993 2795; x_wconf 88' lang='lat' dir='ltr'><strong>idem</strong></span> <span class='ocrx_word' id='word_1_397' title='bbox 3031 2746 3341 2811; x_wconf 82' lang='lat' dir='ltr'><strong>excerptum</strong></span> <span class='ocrx_word' id='word_1_398' title='bbox 3368 2741 3509 2813; x_wconf 84' lang='lat' dir='ltr'><strong>legat</strong></span> <span class='ocrx_word' id='word_1_399' title='bbox 3532 2749 3587 2797; x_wconf 92' lang='lat' dir='ltr'><strong>et</strong></span> <span class='ocrx_word' id='word_1_400' title='bbox 3617 2757 3757 2796; x_wconf 78' lang='lat' dir='ltr'><strong>exa-</strong></span> 
     </span>
    </p>
   </div>
   <div class='ocr_carea' id='block_1_53' title="bbox 2184 2829 3745 2901">
    <p class='ocr_par' dir='ltr' id='par_1_53' title="bbox 2184 2829 3745 2901">
     <span class='ocr_line' id='line_1_53' title="bbox 2184 2829 3745 2901; baseline 0 -16"><span class='ocrx_word' id='word_1_401' title='bbox 2184 2830 2370 2886; x_wconf 91' lang='lat' dir='ltr'><strong>minet.</strong></span> <span class='ocrx_word' id='word_1_402' title='bbox 2402 2832 2469 2885; x_wconf 88' lang='lat' dir='ltr'><strong>Et</strong></span> <span class='ocrx_word' id='word_1_403' title='bbox 2494 2839 2623 2885; x_wconf 89' lang='lat' dir='ltr'><strong>tunc</strong></span> <span class='ocrx_word' id='word_1_404' title='bbox 2662 2829 2873 2885; x_wconf 90' lang='lat' dir='ltr'><strong>demum</strong></span> <span class='ocrx_word' id='word_1_405' title='bbox 2917 2830 2985 2885; x_wconf 80' lang='lat' dir='ltr'><strong>ad</strong></span> <span class='ocrx_word' id='word_1_406' title='bbox 3027 2839 3380 2886; x_wconf 84' lang='lat' dir='ltr'><strong>memoratum</strong></span> <span class='ocrx_word' id='word_1_407' title='bbox 3424 2831 3745 2901; x_wconf 85' lang='lat' dir='ltr'><strong>opusculum</strong></span> 
     </span>
    </p>
   </div>
   <div class='ocr_carea' id='block_1_54' title="bbox 2183 2902 3744 2991">
    <p class='ocr_par' dir='ltr' id='par_1_54' title="bbox 2183 2902 3744 2991">
     <span class='ocr_line' id='line_1_54' title="bbox 2183 2902 3744 2991; baseline -0.002 -15"><span class='ocrx_word' id='word_1_408' title='bbox 2183 2928 2276 2976; x_wconf 87' lang='lat' dir='ltr'><strong>aut</strong></span> <span class='ocrx_word' id='word_1_409' title='bbox 2309 2919 2639 2991; x_wconf 84' lang='lat' dir='ltr'><strong>probandum</strong></span> <span class='ocrx_word' id='word_1_410' title='bbox 2685 2926 2776 2972; x_wconf 90' lang='lat' dir='ltr'><strong>aut</strong></span> <span class='ocrx_word' id='word_1_411' title='bbox 2824 2902 3231 2987; x_wconf 64' lang='lat' dir='ltr'><strong>improb&#39;andum</strong></span> <span class='ocrx_word' id='word_1_412' title='bbox 3268 2934 3483 2973; x_wconf 88' lang='lat' dir='ltr'><strong>manum</strong></span> <span class='ocrx_word' id='word_1_413' title='bbox 3538 2918 3744 2973; x_wconf 86' lang='lat' dir='ltr'><strong>mittat.</strong></span> 
     </span>
    </p>
   </div>
   <div class='ocr_carea' id='block_1_55' title="bbox 2184 3008 3752 3083">
    <p class='ocr_par' dir='ltr' id='par_1_55' title="bbox 2184 3008 3752 3083">
     <span class='ocr_line' id='line_1_55' title="bbox 2184 3008 3752 3083; baseline -0.001 -18"><span class='ocrx_word' id='word_1_414' title='bbox 2184 3010 2251 3065; x_wconf 86' lang='lat' dir='ltr'><strong>Et</strong></span> <span class='ocrx_word' id='word_1_415' title='bbox 2270 3009 2537 3083; x_wconf 83' lang='lat' dir='ltr'><strong>quidquid</strong></span> <span class='ocrx_word' id='word_1_416' title='bbox 2567 3009 2744 3063; x_wconf 92' lang='lat' dir='ltr'><strong>minus</strong></span> <span class='ocrx_word' id='word_1_417' title='bbox 2772 3023 3087 3078; x_wconf 88' lang='lat' dir='ltr'><strong>responsum</strong></span> <span class='ocrx_word' id='word_1_418' title='bbox 3132 3009 3416 3078; x_wconf 86' lang='lat' dir='ltr'><strong>minusque</strong></span> <span class='ocrx_word' id='word_1_419' title='bbox 3456 3008 3752 3079; x_wconf 72' lang='lat' dir='ltr'><strong>prmmissis</strong></span> 
     </span>
    </p>
   </div>
   <div class='ocr_carea' id='block_1_56' title="bbox 2183 3099 3750 3172">
    <p class='ocr_par' dir='ltr' id='par_1_56' title="bbox 2183 3099 3750 3172">
     <span class='ocr_line' id='line_1_56' title="bbox 2183 3099 3750 3172; baseline -0.001 -16"><span class='ocrx_word' id='word_1_420' title='bbox 2183 3103 2363 3172; x_wconf 91' lang='lat' dir='ltr'><strong>pravis</strong></span> <span class='ocrx_word' id='word_1_421' title='bbox 2405 3101 2631 3172; x_wconf 86' lang='lat' dir='ltr'><strong>objectis</strong></span> <span class='ocrx_word' id='word_1_422' title='bbox 2664 3100 2988 3155; x_wconf 79' lang='lat' dir='ltr'><strong>cotttraitum</strong></span> <span class='ocrx_word' id='word_1_423' title='bbox 3028 3099 3317 3170; x_wconf 89' lang='lat' dir='ltr'><strong>repererit,</strong></span> <span class='ocrx_word' id='word_1_424' title='bbox 3355 3115 3465 3157; x_wconf 77' lang='lat' dir='ltr'><strong>sua:</strong></span> <span class='ocrx_word' id='word_1_425' title='bbox 3515 3099 3750 3155; x_wconf 85' lang='lat' dir='ltr'><strong>sanioris</strong></span> 
     </span>
    </p>
   </div>
   <div class='ocr_carea' id='block_1_57' title="bbox 521 3177 3747 3268">
    <p class='ocr_par' dir='ltr' id='par_1_57' title="bbox 521 3177 3747 3268">
     <span class='ocr_line' id='line_1_57' title="bbox 521 3177 3747 3268; baseline -0.004 -13"><span class='ocrx_word' id='word_1_426' title='bbox 521 3177 762 3255; x_wconf 77' lang='lat' dir='ltr'><strong>reddam.</strong></span> <span class='ocrx_word' id='word_1_427' title='bbox 793 3196 1046 3254; x_wconf 75' lang='lat' dir='ltr'><strong>Sufﬁcere</strong></span> <span class='ocrx_word' id='word_1_428' title='bbox 1075 3212 1307 3268; x_wconf 89' lang='lat' dir='ltr'><strong>namque</strong></span> <span class='ocrx_word' id='word_1_429' title='bbox 1326 3196 1546 3253; x_wconf 88' lang='lat' dir='ltr'><strong>Claudio</strong></span> <span class='ocrx_word' id='word_1_430' title='bbox 1574 3205 1786 3268; x_wconf 88' lang='lat' dir='ltr'><strong>poterat</strong></span> <span class='ocrx_word' id='word_1_431' title='bbox 1813 3198 1881 3253; x_wconf 92' lang='lat' dir='ltr'><strong>ad</strong></span> <span class='ocrx_word' id='word_1_432' title='bbox 1901 3213 2081 3252; x_wconf 90' lang='lat' dir='ltr'><strong>cumu—</strong></span> <span class='ocrx_word' id='word_1_433' title='bbox 2107 3177 2151 3238; x_wconf 64' lang='grc' dir='ltr'><strong>(ἶ</strong></span> <span class='ocrx_word' id='word_1_434' title='bbox 2182 3194 2552 3262; x_wconf 83' lang='lat' dir='ltr'><strong>uberiorisqne</strong></span> <span class='ocrx_word' id='word_1_435' title='bbox 2595 3189 2956 3259; x_wconf 65' lang='lat' dir='ltr'><strong>intelligentia:</strong></span> <span class='ocrx_word' id='word_1_436' title='bbox 2984 3190 3200 3259; x_wconf 88' lang='lat' dir='ltr'><strong>scriptis</strong></span> <span class='ocrx_word' id='word_1_437' title='bbox 3230 3198 3285 3245; x_wconf 90' lang='lat' dir='ltr'><strong>et</strong></span> <span class='ocrx_word' id='word_1_438' title='bbox 3322 3189 3501 3253; x_wconf 91' lang='lat' dir='ltr'><strong>dictis,</strong></span> <span class='ocrx_word' id='word_1_439' title='bbox 3527 3189 3595 3243; x_wconf 90' lang='lat' dir='ltr'><strong>ob</strong></span> <span class='ocrx_word' id='word_1_440' title='bbox 3638 3189 3747 3244; x_wconf 51' lang='lat' dir='ltr'><strong>hoc</strong></span> 
     </span>
    </p>
   </div>
   <div class='ocr_carea' id='block_1_58' title="bbox 518 3287 2082 3363">
    <p class='ocr_par' dir='ltr' id='par_1_58' title="bbox 518 3287 2082 3363">
     <span class='ocr_line' id='line_1_58' title="bbox 518 3287 2082 3363; baseline -0.001 -20"><span class='ocrx_word' id='word_1_441' title='bbox 518 3287 632 3343; x_wconf 91' lang='lat' dir='ltr'><strong>lum</strong></span> <span class='ocrx_word' id='word_1_442' title='bbox 674 3288 1013 3363; x_wconf 70' lang='lat' dir='ltr'><strong>miseriarum</strong></span> <span class='ocrx_word' id='word_1_443' title='bbox 1057 3303 1275 3343; x_wconf 89' lang='lat' dir='ltr'><strong>suarum</strong></span> <span class='ocrx_word' id='word_1_444' title='bbox 1318 3303 1474 3343; x_wconf 90' lang='lat' dir='ltr'><strong>error</strong></span> <span class='ocrx_word' id='word_1_445' title='bbox 1511 3303 1669 3359; x_wconf 91' lang='lat' dir='ltr'><strong>quem</strong></span> <span class='ocrx_word' id='word_1_446' title='bbox 1709 3296 1924 3343; x_wconf 90' lang='lat' dir='ltr'><strong>secutus</strong></span> <span class='ocrx_word' id='word_1_447' title='bbox 1968 3296 2082 3352; x_wconf 90' lang='lat' dir='ltr'><strong>est,</strong></span> 
     </span>
    </p>
   </div>
   <div class='ocr_carea' id='block_1_59' title="bbox 520 3377 2084 3449">
    <p class='ocr_par' dir='ltr' id='par_1_59' title="bbox 520 3377 2084 3449">
     <span class='ocr_line' id='line_1_59' title="bbox 520 3377 2084 3449; baseline -0.001 -17"><span class='ocrx_word' id='word_1_448' title='bbox 520 3378 751 3434; x_wconf 89' lang='lat' dir='ltr'><strong>duorum</strong></span> <span class='ocrx_word' id='word_1_449' title='bbox 795 3378 999 3435; x_wconf 89' lang='lat' dir='ltr'><strong>scilicet</strong></span> <span class='ocrx_word' id='word_1_450' title='bbox 1028 3379 1427 3444; x_wconf 64' lang='lat' dir='ltr'><strong>haereticorum,</strong></span> <span class='ocrx_word' id='word_1_451' title='bbox 1460 3378 1725 3436; x_wconf 86' lang='lat' dir='ltr'><strong>Eustathii</strong></span> <span class='ocrx_word' id='word_1_452' title='bbox 1764 3388 1819 3434; x_wconf 90' lang='lat' dir='ltr'><strong>et</strong></span> <span class='ocrx_word' id='word_1_453' title='bbox 1848 3377 2084 3449; x_wconf 78' lang='lat' dir='ltr'><strong>Vigilan-</strong></span> 
     </span>
    </p>
   </div>
   <div class='ocr_carea' id='block_1_60' title="bbox 589 3530 2077 3604">
    <p class='ocr_par' dir='ltr' id='par_1_60' title="bbox 589 3530 2077 3604">
     <span class='ocr_line' id='line_1_60' title="bbox 589 3530 2077 3604; baseline -0.003 -17"><span class='ocrx_word' id='word_1_454' title='bbox 589 3543 616 3571; x_wconf 84' lang='grc' dir='ltr'>ι</span> <span class='ocrx_word' id='word_1_455' title='bbox 650 3532 971 3604; x_wconf 80' lang='lat' dir='ltr'><strong>Excerptum</strong></span> <span class='ocrx_word' id='word_1_456' title='bbox 999 3533 1153 3603; x_wconf 88' lang='lat' dir='ltr'><strong>cujus</strong></span> <span class='ocrx_word' id='word_1_457' title='bbox 1179 3532 1425 3588; x_wconf 89' lang='lat' dir='ltr'><strong>meminit</strong></span> <span class='ocrx_word' id='word_1_458' title='bbox 1460 3533 1547 3586; x_wconf 90' lang='lat' dir='ltr'><strong>hic</strong></span> <span class='ocrx_word' id='word_1_459' title='bbox 1574 3530 1940 3604; x_wconf 77' lang='lat' dir='ltr'><strong>desideratur;</strong></span> <span class='ocrx_word' id='word_1_460' title='bbox 1983 3544 2077 3604; x_wconf 78' lang='lat' dir='ltr'><strong>ne-</strong></span> 
     </span>
    </p>
   </div>
   <div class='ocr_carea' id='block_1_61' title="bbox 517 3598 2077 3675">
    <p class='ocr_par' dir='ltr' id='par_1_61' title="bbox 517 3598 2077 3675">
     <span class='ocr_line' id='line_1_61' title="bbox 517 3598 2077 3675; baseline -0.001 -20"><span class='ocrx_word' id='word_1_461' title='bbox 517 3615 625 3670; x_wconf 88' lang='lat' dir='ltr'><strong>que</strong></span> <span class='ocrx_word' id='word_1_462' title='bbox 655 3618 784 3675; x_wconf 82' lang='lat' dir='ltr'><strong>vero</strong></span> <span class='ocrx_word' id='word_1_463' title='bbox 808 3598 873 3659; x_wconf 78' lang='lat' dir='ltr'><strong>eo</strong></span> <span class='ocrx_word' id='word_1_464' title='bbox 898 3598 1227 3675; x_wconf 81' lang='lat' dir='ltr'><strong>magnopere</strong></span> <span class='ocrx_word' id='word_1_465' title='bbox 1267 3618 1402 3674; x_wconf 80' lang='lat' dir='ltr'><strong>Opus</strong></span> <span class='ocrx_word' id='word_1_466' title='bbox 1428 3614 1683 3675; x_wconf 71' lang='lat' dir='ltr'><strong>est,cnm</strong></span> <span class='ocrx_word' id='word_1_467' title='bbox 1721 3600 1928 3675; x_wconf 80' lang='lat' dir='ltr'><strong>singula</strong></span> <span class='ocrx_word' id='word_1_468' title='bbox 1962 3598 2077 3668; x_wconf 91' lang='lat' dir='ltr'><strong>ejus</strong></span> 
     </span>
    </p>
   </div>
   <div class='ocr_carea' id='block_1_62' title="bbox 516 3670 2080 3744">
    <p class='ocr_par' dir='ltr' id='par_1_62' title="bbox 516 3670 2080 3744">
     <span class='ocr_line' id='line_1_62' title="bbox 516 3670 2080 3744; baseline -0.002 -17"><span class='ocrx_word' id='word_1_469' title='bbox 516 3674 755 3744; x_wconf 77' lang='lat' dir='ltr'><strong>excerpti</strong></span> <span class='ocrx_word' id='word_1_470' title='bbox 799 3674 963 3730; x_wconf 87' lang='lat' dir='ltr'><strong>verba</strong></span> <span class='ocrx_word' id='word_1_471' title='bbox 993 3670 1274 3743; x_wconf 77' lang='lat' dir='ltr'><strong>impugnet</strong></span> <span class='ocrx_word' id='word_1_472' title='bbox 1299 3670 1488 3728; x_wconf 74' lang='lat' dir='ltr'><strong>auctor</strong></span> <span class='ocrx_word' id='word_1_473' title='bbox 1533 3672 1584 3726; x_wconf 92' lang='lat' dir='ltr'><strong>in</strong></span> <span class='ocrx_word' id='word_1_474' title='bbox 1628 3670 1993 3741; x_wconf 86' lang='lat' dir='ltr'><strong>sequentibus,</strong></span> <span class='ocrx_word' id='word_1_475' title='bbox 2024 3676 2080 3724; x_wconf 88' lang='lat' dir='ltr'><strong>et.</strong></span> 
     </span>
    </p>
   </div>
   <div class='ocr_carea' id='block_1_63' title="bbox 521 3869 729 3889">
    <p class='ocr_par' dir='ltr' id='par_1_63' title="bbox 521 3869 729 3889">
     <span class='ocr_line' id='line_1_63' title="bbox 521 3869 729 3889; baseline -0.019 0"><span class='ocrx_word' id='word_1_476' title='bbox 521 3869 729 3889; x_wconf 54' lang='grc' dir='ltr'><strong>..υ-*ν</strong></span> 
     </span>
    </p>
   </div>
   <div class='ocr_carea' id='block_1_64' title="bbox 2185 3280 3749 3350">
    <p class='ocr_par' dir='ltr' id='par_1_64' title="bbox 2185 3280 3749 3350">
     <span class='ocr_line' id='line_1_64' title="bbox 2185 3280 3749 3350; baseline -0.003 -12"><span class='ocrx_word' id='word_1_477' title='bbox 2185 3298 2372 3338; x_wconf 90' lang='lat' dir='ltr'><strong>norem</strong></span> <span class='ocrx_word' id='word_1_478' title='bbox 2414 3290 2469 3337; x_wconf 89' lang='lat' dir='ltr'><strong>et</strong></span> <span class='ocrx_word' id='word_1_479' title='bbox 2502 3280 2867 3337; x_wconf 88' lang='lat' dir='ltr'><strong>defensionem</strong></span> <span class='ocrx_word' id='word_1_480' title='bbox 2915 3289 3115 3336; x_wconf 76' lang='lat' dir='ltr'><strong>sanctae</strong></span> <span class='ocrx_word' id='word_1_481' title='bbox 3152 3280 3244 3335; x_wconf 89' lang='lat' dir='ltr'><strong>Dei</strong></span> <span class='ocrx_word' id='word_1_482' title='bbox 3293 3280 3564 3346; x_wconf 66' lang='lat' dir='ltr'><strong>Ecclesiae,</strong></span> <span class='ocrx_word' id='word_1_483' title='bbox 3607 3295 3749 3350; x_wconf 84' lang='lat' dir='ltr'><strong>sup-</strong></span> 
     </span>
    </p>
   </div>
   <div class='ocr_carea' id='block_1_65' title="bbox 2183 3375 2344 3448">
    <p class='ocr_par' dir='ltr' id='par_1_65' title="bbox 2183 3375 2344 3448">
     <span class='ocr_line' id='line_1_65' title="bbox 2183 3375 2344 3448; baseline -0.006 -18"><span class='ocrx_word' id='word_1_484' title='bbox 2183 3375 2344 3448; x_wconf 90' lang='lat' dir='ltr'><strong>pleat.</strong></span> 
     </span>
    </p>
   </div>
   <div class='ocr_carea' id='block_1_66' title="bbox 2218 3523 3749 3611">
    <p class='ocr_par' dir='ltr' id='par_1_66' title="bbox 2218 3523 3749 3611">
     <span class='ocr_line' id='line_1_66' title="bbox 2218 3523 3749 3611; baseline -0.005 -28"><span class='ocrx_word' id='word_1_485' title='bbox 2218 3536 2438 3611; x_wconf 64' lang='lat' dir='ltr'><strong>rteterea</strong></span> <span class='ocrx_word' id='word_1_486' title='bbox 2470 3528 2734 3611; x_wconf 75' lang='lat' dir='ltr'><strong>reperitur</strong></span> <span class='ocrx_word' id='word_1_487' title='bbox 2764 3527 2907 3611; x_wconf 71' lang='lat' dir='ltr'><strong>infra</strong></span> <span class='ocrx_word' id='word_1_488' title='bbox 2931 3525 3294 3611; x_wconf 55' lang='lat' dir='ltr'><strong>antenlibrum</strong></span> <span class='ocrx_word' id='word_1_489' title='bbox 3334 3523 3749 3611; x_wconf 68' lang='lat' dir='ltr'><strong>responsionum</strong></span> 
     </span>
    </p>
   </div>
   <div class='ocr_carea' id='block_1_67' title="bbox 2181 3593 3750 3739">
    <p class='ocr_par' dir='ltr' id='par_1_67' title="bbox 2181 3593 3750 3739">
     <span class='ocr_line' id='line_1_67' title="bbox 2181 3593 3750 3669; baseline -0.004 -15"><span class='ocrx_word' id='word_1_490' title='bbox 2181 3593 2401 3669; x_wconf 82' lang='lat' dir='ltr'><strong>Dungali</strong></span> <span class='ocrx_word' id='word_1_491' title='bbox 2443 3593 2697 3654; x_wconf 74' lang='lat' dir='ltr'><strong>adversus</strong></span> <span class='ocrx_word' id='word_1_492' title='bbox 2752 3598 2998 3653; x_wconf 88' lang='lat' dir='ltr'><strong>eumdem</strong></span> <span class='ocrx_word' id='word_1_493' title='bbox 3056 3596 3333 3654; x_wconf 89' lang='lat' dir='ltr'><strong>Claudium</strong></span> <span class='ocrx_word' id='word_1_494' title='bbox 3384 3593 3750 3667; x_wconf 76' lang='lat' dir='ltr'><strong>(Patrologitl</strong></span> 
     </span>
     <span class='ocr_line' id='line_1_68' title="bbox 2181 3666 2762 3739; baseline -0.002 -17"><span class='ocrx_word' id='word_1_495' title='bbox 2181 3679 2307 3723; x_wconf 82' lang='lat' dir='ltr'><strong>tant.</strong></span> <span class='ocrx_word' id='word_1_496' title='bbox 2342 3666 2455 3732; x_wconf 83' lang='lat' dir='ltr'><strong>CV,</strong></span> <span class='ocrx_word' id='word_1_497' title='bbox 2486 3668 2587 3722; x_wconf 87' lang='lat' dir='ltr'><strong>col.</strong></span> <span class='ocrx_word' id='word_1_498' title='bbox 2612 3667 2762 3739; x_wconf 72' lang='grc'><strong>459).</strong></span> 
     </span>
    </p>
   </div>
   <div class='ocr_carea' id='block_1_68' title="bbox 2731 3867 3013 3878">
    <p class='ocr_par' dir='ltr' id='par_1_68' title="bbox 2731 3867 3013 3878">
     <span class='ocr_line' id='line_1_69' title="bbox 2731 3867 3013 3878; baseline 0 -2"><span class='ocrx_word' id='word_1_499' title='bbox 2731 3867 3013 3878; x_wconf 47' lang='grc' dir='ltr'><strong>*ηε-ι--ι-</strong></span> 
     </span>
    </p>
   </div>
   <div class='ocr_carea' id='block_1_69' title="bbox 1744 4031 2521 4119">
    <p class='ocr_par' dir='ltr' id='par_1_69' title="bbox 1744 4031 2521 4119">
     <span class='ocr_line' id='line_1_70' title="bbox 1744 4031 2521 4119; baseline -0.009 -2"><span class='ocrx_word' id='word_1_500' title='bbox 1744 4034 2042 4119; x_wconf 78' lang='lat' dir='ltr'><strong>LIBER</strong></span> <span class='ocrx_word' id='word_1_501' title='bbox 2112 4031 2521 4111; x_wconf 82' lang='lat' dir='ltr'><strong>PRIMUS.</strong></span> 
     </span>
    </p>
   </div>
   <div class='ocr_carea' id='block_1_70' title="bbox 587 4361 2073 4432">
    <p class='ocr_par' dir='ltr' id='par_1_70' title="bbox 587 4361 2073 4432">
     <span class='ocr_line' id='line_1_71' title="bbox 587 4361 2073 4432; baseline -0.01 -5"><span class='ocrx_word' id='word_1_502' title='bbox 587 4366 979 4429; x_wconf 88' lang='lat' dir='ltr'><strong>Disertissimos</strong></span> <span class='ocrx_word' id='word_1_503' title='bbox 1006 4364 1149 4418; x_wconf 91' lang='lat' dir='ltr'><strong>viros</strong></span> <span class='ocrx_word' id='word_1_504' title='bbox 1176 4371 1231 4416; x_wconf 92' lang='lat' dir='ltr'><strong>et</strong></span> <span class='ocrx_word' id='word_1_505' title='bbox 1259 4361 1749 4432; x_wconf 83' lang='lat' dir='ltr'><strong>eloquentissimos,</strong></span> <span class='ocrx_word' id='word_1_506' title='bbox 1778 4370 1939 4431; x_wconf 85' lang='lat' dir='ltr'><strong>atque</strong></span> <span class='ocrx_word' id='word_1_507' title='bbox 1979 4376 2073 4415; x_wconf 81' lang='lat' dir='ltr'><strong>ca-</strong></span> 
     </span>
    </p>
   </div>
   <div class='ocr_carea' id='block_1_71' title="bbox 513 4450 2071 4531">
    <p class='ocr_par' dir='ltr' id='par_1_71' title="bbox 513 4450 2071 4531">
     <span class='ocr_line' id='line_1_72' title="bbox 513 4450 2071 4531; baseline -0.007 -16"><span class='ocrx_word' id='word_1_508' title='bbox 513 4459 727 4516; x_wconf 66' lang='lat' dir='ltr'><strong>tholicaa</strong></span> <span class='ocrx_word' id='word_1_509' title='bbox 749 4463 803 4511; x_wconf 90' lang='lat' dir='ltr'><strong>et</strong></span> <span class='ocrx_word' id='word_1_510' title='bbox 828 4453 1134 4525; x_wconf 74' lang='lat' dir='ltr'><strong>apostolica:</strong></span> <span class='ocrx_word' id='word_1_511' title='bbox 1164 4451 1286 4506; x_wconf 86' lang='lat' dir='ltr'><strong>fidei</strong></span> <span class='ocrx_word' id='word_1_512' title='bbox 1330 4450 1714 4507; x_wconf 89' lang='lat' dir='ltr'><strong>invictissimos</strong></span> <span class='ocrx_word' id='word_1_513' title='bbox 1742 4450 2071 4531; x_wconf 80' lang='lat' dir='ltr'><strong>defensores,</strong></span> 
     </span>
    </p>
   </div>
   <div class='ocr_carea' id='block_1_72' title="bbox 513 4538 2074 4616">
    <p class='ocr_par' dir='ltr' id='par_1_72' title="bbox 513 4538 2074 4616">
     <span class='ocr_line' id='line_1_73' title="bbox 513 4538 2074 4616; baseline -0.006 -13"><span class='ocrx_word' id='word_1_514' title='bbox 513 4544 826 4616; x_wconf 81' lang='lat' dir='ltr'><strong>Hispaniam</strong></span> <span class='ocrx_word' id='word_1_515' title='bbox 859 4539 1149 4613; x_wconf 88' lang='lat' dir='ltr'><strong>protulisse</strong></span> <span class='ocrx_word' id='word_1_516' title='bbox 1190 4538 1535 4594; x_wconf 89' lang='lat' dir='ltr'><strong>manifestum</strong></span> <span class='ocrx_word' id='word_1_517' title='bbox 1567 4546 1666 4593; x_wconf 90' lang='lat' dir='ltr'><strong>est.</strong></span> <span class='ocrx_word' id='word_1_518' title='bbox 1694 4539 1931 4606; x_wconf 82' lang='lat' dir='ltr'><strong>Quorum</strong></span> <span class='ocrx_word' id='word_1_519' title='bbox 1960 4538 2074 4593; x_wconf 91' lang='lat' dir='ltr'><strong>imi-</strong></span> 
     </span>
    </p>
   </div>
   <div class='ocr_carea' id='block_1_73' title="bbox 511 4628 2076 4703">
    <p class='ocr_par' dir='ltr' id='par_1_73' title="bbox 511 4628 2076 4703">
     <span class='ocr_line' id='line_1_74' title="bbox 511 4628 2076 4703; baseline -0.008 -11"><span class='ocrx_word' id='word_1_520' title='bbox 511 4637 675 4692; x_wconf 88' lang='lat' dir='ltr'><strong>tanda</strong></span> <span class='ocrx_word' id='word_1_521' title='bbox 696 4631 937 4703; x_wconf 75' lang='lat' dir='ltr'><strong>exempla</strong></span> <span class='ocrx_word' id='word_1_522' title='bbox 958 4640 1014 4687; x_wconf 91' lang='lat' dir='ltr'><strong>et</strong></span> <span class='ocrx_word' id='word_1_523' title='bbox 1035 4631 1353 4686; x_wconf 89' lang='lat' dir='ltr'><strong>documenta</strong></span> <span class='ocrx_word' id='word_1_524' title='bbox 1377 4628 1647 4698; x_wconf 88' lang='lat' dir='ltr'><strong>sequenda</strong></span> <span class='ocrx_word' id='word_1_525' title='bbox 1668 4630 1791 4699; x_wconf 91' lang='lat' dir='ltr'><strong>quia</strong></span> <span class='ocrx_word' id='word_1_526' title='bbox 1820 4629 1873 4684; x_wconf 93' lang='lat' dir='ltr'><strong>in</strong></span> <span class='ocrx_word' id='word_1_527' title='bbox 1898 4643 2076 4698; x_wconf 89' lang='lat' dir='ltr'><strong>prom-</strong></span> 
     </span>
    </p>
   </div>
   <div class='ocr_carea' id='block_1_74' title="bbox 510 4710 2108 4809">
    <p class='ocr_par' dir='ltr' id='par_1_74' title="bbox 510 4710 2108 4809">
     <span class='ocr_line' id='line_1_75' title="bbox 510 4710 2108 4809; baseline -0.008 -26"><span class='ocrx_word' id='word_1_528' title='bbox 510 4739 606 4801; x_wconf 89' lang='lat' dir='ltr'><strong>ptu</strong></span> <span class='ocrx_word' id='word_1_529' title='bbox 638 4726 946 4809; x_wconf 43' lang='lat' dir='ltr'><strong>’hahentur,</strong></span> <span class='ocrx_word' id='word_1_530' title='bbox 992 4730 1048 4777; x_wconf 91' lang='lat' dir='ltr'><strong>et</strong></span> <span class='ocrx_word' id='word_1_531' title='bbox 1082 4720 1355 4775; x_wconf 66' lang='lat' dir='ltr'><strong>Ecclesiae</strong></span> <span class='ocrx_word' id='word_1_532' title='bbox 1390 4719 1813 4788; x_wconf 85' lang='lat' dir='ltr'><strong>amplectuntur,</strong></span> <span class='ocrx_word' id='word_1_533' title='bbox 1857 4720 1925 4774; x_wconf 91' lang='lat' dir='ltr'><strong>ab</strong></span> <span class='ocrx_word' id='word_1_534' title='bbox 1971 4718 2072 4782; x_wconf 92' lang='lat' dir='ltr'><strong>eis,</strong></span> <span class='ocrx_word' id='word_1_535' title='bbox 2102 4710 2108 4717; x_wconf 78' lang='grc'><em>’</em></span> 
     </span>
    </p>
   </div>
   <div class='ocr_carea' id='block_1_75' title="bbox 510 4807 2075 4881">
    <p class='ocr_par' dir='ltr' id='par_1_75' title="bbox 510 4807 2075 4881">
     <span class='ocr_line' id='line_1_76' title="bbox 510 4807 2075 4881; baseline -0.011 -4"><span class='ocrx_word' id='word_1_536' title='bbox 510 4807 727 4877; x_wconf 86' lang='lat' dir='ltr'><strong>Christo</strong></span> <span class='ocrx_word' id='word_1_537' title='bbox 767 4815 1018 4880; x_wconf 84' lang='lat' dir='ltr'><strong>favente,</strong></span> <span class='ocrx_word' id='word_1_538' title='bbox 1063 4827 1171 4867; x_wconf 90' lang='lat' dir='ltr'><strong>non</strong></span> <span class='ocrx_word' id='word_1_539' title='bbox 1209 4810 1276 4866; x_wconf 89' lang='lat' dir='ltr'><strong>ab</strong></span> <span class='ocrx_word' id='word_1_540' title='bbox 1297 4808 1421 4879; x_wconf 90' lang='lat' dir='ltr'><strong>jure</strong></span> <span class='ocrx_word' id='word_1_541' title='bbox 1478 4807 1659 4881; x_wconf 82' lang='lat' dir='ltr'><strong>[Forte</strong></span> <span class='ocrx_word' id='word_1_542' title='bbox 1692 4808 1860 4880; x_wconf 87' lang='lat' dir='ltr'><strong>abire]</strong></span> <span class='ocrx_word' id='word_1_543' title='bbox 1889 4817 2075 4863; x_wconf 88' lang='lat' dir='ltr'><strong>sancta</strong></span> 
     </span>
    </p>
   </div>
   <div class='ocr_carea' id='block_1_76' title="bbox 2172 4358 3746 4433">
    <p class='ocr_par' dir='ltr' id='par_1_76' title="bbox 2172 4358 3746 4433">
     <span class='ocr_line' id='line_1_77' title="bbox 2172 4358 3746 4433; baseline 0.002 -19"><span class='ocrx_word' id='word_1_544' title='bbox 2172 4375 2384 4430; x_wconf 81' lang='lat' dir='ltr'><strong>scopus,</strong></span> <span class='ocrx_word' id='word_1_545' title='bbox 2425 4361 2547 4431; x_wconf 90' lang='lat' dir='ltr'><strong>qui,</strong></span> <span class='ocrx_word' id='word_1_546' title='bbox 2580 4363 2768 4433; x_wconf 90' lang='lat' dir='ltr'><strong>juncto</strong></span> <span class='ocrx_word' id='word_1_547' title='bbox 2812 4376 2909 4417; x_wconf 92' lang='lat' dir='ltr'><strong>suo</strong></span> <span class='ocrx_word' id='word_1_548' title='bbox 2953 4358 3363 4415; x_wconf 86' lang='lat' dir='ltr'><strong>sceleratissimo</strong></span> <span class='ocrx_word' id='word_1_549' title='bbox 3403 4360 3572 4415; x_wconf 88' lang='lat' dir='ltr'><strong>errori</strong></span> <span class='ocrx_word' id='word_1_550' title='bbox 3623 4360 3746 4417; x_wconf 85' lang='lat' dir='ltr'><strong>Eli-</strong></span> 
     </span>
    </p>
   </div>
   <div class='ocr_carea' id='block_1_77' title="bbox 2173 4450 3747 4519">
    <p class='ocr_par' dir='ltr' id='par_1_77' title="bbox 2173 4450 3747 4519">
     <span class='ocr_line' id='line_1_78' title="bbox 2173 4450 3747 4519; baseline 0.003 -17"><span class='ocrx_word' id='word_1_551' title='bbox 2173 4451 2374 4518; x_wconf 87' lang='lat' dir='ltr'><strong>phanto</strong></span> <span class='ocrx_word' id='word_1_552' title='bbox 2400 4450 2670 4507; x_wconf 78' lang='lat' dir='ltr'><strong>Toletanze</strong></span> <span class='ocrx_word' id='word_1_553' title='bbox 2698 4452 2846 4507; x_wconf 91' lang='lat' dir='ltr'><strong>urbis</strong></span> <span class='ocrx_word' id='word_1_554' title='bbox 2891 4451 3161 4519; x_wconf 79' lang='lat' dir='ltr'><strong>episcopo,</strong></span> <span class='ocrx_word' id='word_1_555' title='bbox 3210 4450 3500 4504; x_wconf 88' lang='lat' dir='ltr'><strong>secundum</strong></span> <span class='ocrx_word' id='word_1_556' title='bbox 3540 4450 3747 4507; x_wconf 88' lang='lat' dir='ltr'><strong>huma-</strong></span> 
     </span>
    </p>
   </div>
   <div class='ocr_carea' id='block_1_78' title="bbox 2174 4538 3741 4613">
    <p class='ocr_par' dir='ltr' id='par_1_78' title="bbox 2174 4538 3741 4613">
     <span class='ocr_line' id='line_1_79' title="bbox 2174 4538 3741 4613; baseline 0.006 -22"><span class='ocrx_word' id='word_1_557' title='bbox 2174 4538 2393 4593; x_wconf 87' lang='lat' dir='ltr'><strong>nitatem</strong></span> <span class='ocrx_word' id='word_1_558' title='bbox 2435 4555 2538 4594; x_wconf 91' lang='lat' dir='ltr'><strong>non</strong></span> <span class='ocrx_word' id='word_1_559' title='bbox 2571 4557 2690 4597; x_wconf 90' lang='lat' dir='ltr'><strong>esse</strong></span> <span class='ocrx_word' id='word_1_560' title='bbox 2732 4541 3004 4612; x_wconf 89' lang='lat' dir='ltr'><strong>proprium</strong></span> <span class='ocrx_word' id='word_1_561' title='bbox 3026 4540 3193 4595; x_wconf 89' lang='lat' dir='ltr'><strong>filium</strong></span> <span class='ocrx_word' id='word_1_562' title='bbox 3232 4540 3349 4607; x_wconf 91' lang='lat' dir='ltr'><strong>Dei,</strong></span> <span class='ocrx_word' id='word_1_563' title='bbox 3393 4541 3485 4596; x_wconf 89' lang='lat' dir='ltr'><strong>sed</strong></span> <span class='ocrx_word' id='word_1_564' title='bbox 3516 4542 3741 4613; x_wconf 88' lang='lat' dir='ltr'><strong>adopti-</strong></span> 
     </span>
    </p>
   </div>
   <div class='ocr_carea' id='block_1_79' title="bbox 2174 4630 3741 4698">
    <p class='ocr_par' dir='ltr' id='par_1_79' title="bbox 2174 4630 3741 4698">
     <span class='ocr_line' id='line_1_80' title="bbox 2174 4630 3741 4698; baseline 0.006 -16"><span class='ocrx_word' id='word_1_565' title='bbox 2174 4644 2301 4683; x_wconf 87' lang='lat' dir='ltr'><strong>vum</strong></span> <span class='ocrx_word' id='word_1_566' title='bbox 2328 4630 2619 4698; x_wconf 67' lang='lat' dir='ltr'><strong>praadicare</strong></span> <span class='ocrx_word' id='word_1_567' title='bbox 2655 4647 2818 4686; x_wconf 90' lang='lat' dir='ltr'><strong>ausus</strong></span> <span class='ocrx_word' id='word_1_568' title='bbox 2856 4640 2958 4696; x_wconf 88' lang='lat' dir='ltr'><strong>est,</strong></span> <span class='ocrx_word' id='word_1_569' title='bbox 2982 4641 3037 4687; x_wconf 90' lang='lat' dir='ltr'><strong>et</strong></span> <span class='ocrx_word' id='word_1_570' title='bbox 3064 4632 3165 4686; x_wconf 89' lang='lat' dir='ltr'><strong>hac</strong></span> <span class='ocrx_word' id='word_1_571' title='bbox 3191 4631 3451 4687; x_wconf 82' lang='lat' dir='ltr'><strong>virulenta</strong></span> <span class='ocrx_word' id='word_1_572' title='bbox 3481 4633 3741 4692; x_wconf 85' lang='lat' dir='ltr'><strong>doctrina</strong></span> 
     </span>
    </p>
   </div>
   <div class='ocr_carea' id='block_1_80' title="bbox 2176 4719 3749 4791">
    <p class='ocr_par' dir='ltr' id='par_1_80' title="bbox 2176 4719 3749 4791">
     <span class='ocr_line' id='line_1_81' title="bbox 2176 4719 3749 4791; baseline 0.006 -19"><span class='ocrx_word' id='word_1_573' title='bbox 2176 4729 2403 4787; x_wconf 88' lang='lat' dir='ltr'><strong>uterque</strong></span> <span class='ocrx_word' id='word_1_574' title='bbox 2434 4719 2743 4790; x_wconf 78' lang='lat' dir='ltr'><strong>Hispaniam</strong></span> <span class='ocrx_word' id='word_1_575' title='bbox 2789 4736 2981 4791; x_wconf 84' lang='lat' dir='ltr'><strong>magna</strong></span> <span class='ocrx_word' id='word_1_576' title='bbox 3008 4736 3074 4776; x_wconf 81' lang='lat' dir='ltr'><strong>ex</strong></span> <span class='ocrx_word' id='word_1_577' title='bbox 3101 4730 3255 4791; x_wconf 89' lang='lat' dir='ltr'><strong>parte</strong></span> <span class='ocrx_word' id='word_1_578' title='bbox 3291 4720 3495 4776; x_wconf 89' lang='lat' dir='ltr'><strong>infecit.</strong></span> <span class='ocrx_word' id='word_1_579' title='bbox 3530 4723 3749 4781; x_wconf 86' lang='lat' dir='ltr'><strong>Deinde</strong></span> 
     </span>
    </p>
   </div>
   <div class='ocr_carea' id='block_1_81' title="bbox 2179 4807 3744 4881">
    <p class='ocr_par' dir='ltr' id='par_1_81' title="bbox 2179 4807 3744 4881">
     <span class='ocr_line' id='line_1_82' title="bbox 2179 4807 3744 4881; baseline 0.006 -20"><span class='ocrx_word' id='word_1_580' title='bbox 2179 4807 2537 4876; x_wconf 89' lang='lat' dir='ltr'><strong>apostolorum</strong></span> <span class='ocrx_word' id='word_1_581' title='bbox 2580 4809 2777 4864; x_wconf 89' lang='lat' dir='ltr'><strong>Christi</strong></span> <span class='ocrx_word' id='word_1_582' title='bbox 2822 4819 2976 4865; x_wconf 90' lang='lat' dir='ltr'><strong>actus</strong></span> <span class='ocrx_word' id='word_1_583' title='bbox 3005 4810 3203 4865; x_wconf 84' lang='lat' dir='ltr'><strong>imitari</strong></span> <span class='ocrx_word' id='word_1_584' title='bbox 3234 4811 3403 4865; x_wconf 88' lang='lat' dir='ltr'><strong>videri</strong></span> <span class='ocrx_word' id='word_1_585' title='bbox 3442 4812 3696 4871; x_wconf 84' lang='lat' dir='ltr'><strong>volentes</strong></span> <span class='ocrx_word' id='word_1_586' title='bbox 3724 4857 3744 4881; x_wconf 93' lang='lat'><strong>,</strong></span> 
     </span>
    </p>
   </div>
   <div class='ocr_carea' id='block_1_82' title="bbox 462 4895 3750 4971">
    <p class='ocr_par' dir='ltr' id='par_1_82' title="bbox 462 4895 3750 4971">
     <span class='ocr_line' id='line_1_83' title="bbox 462 4895 3750 4971; baseline -0.002 -5"><span class='ocrx_word' id='word_1_587' title='bbox 462 4946 469 4955; x_wconf 86' lang='lat'><strong><em>-</em></strong></span> <span class='ocrx_word' id='word_1_588' title='bbox 509 4908 802 4968; x_wconf 84' lang='lat' dir='ltr'><strong>salubriter</strong></span> <span class='ocrx_word' id='word_1_589' title='bbox 831 4905 1116 4962; x_wconf 87' lang='lat' dir='ltr'><strong>instruitur</strong></span> <span class='ocrx_word' id='word_1_590' title='bbox 1159 4911 1214 4959; x_wconf 88' lang='lat' dir='ltr'><strong>et</strong></span> <span class='ocrx_word' id='word_1_591' title='bbox 1262 4900 1475 4957; x_wconf 90' lang='lat' dir='ltr'><strong>fovetur</strong></span> <span class='ocrx_word' id='word_1_592' title='bbox 1511 4900 1771 4956; x_wconf 87' lang='lat' dir='ltr'><strong>Ecclesia.</strong></span> <span class='ocrx_word' id='word_1_593' title='bbox 1804 4901 1909 4955; x_wconf 85' lang='lat' dir='ltr'><strong>Sed</strong></span> <span class='ocrx_word' id='word_1_594' title='bbox 1945 4915 2074 4970; x_wconf 92' lang='lat' dir='ltr'><strong>quo-</strong></span> <span class='ocrx_word' id='word_1_595' title='bbox 2097 4895 2149 4954; x_wconf 91' lang='lat' dir='ltr'><strong>D</strong></span> <span class='ocrx_word' id='word_1_596' title='bbox 2173 4912 2296 4952; x_wconf 90' lang='lat' dir='ltr'><strong>cum</strong></span> <span class='ocrx_word' id='word_1_597' title='bbox 2339 4898 2439 4971; x_wconf 92' lang='lat' dir='ltr'><strong>ipsi</strong></span> <span class='ocrx_word' id='word_1_598' title='bbox 2481 4914 2586 4953; x_wconf 93' lang='lat' dir='ltr'><strong>non</strong></span> <span class='ocrx_word' id='word_1_599' title='bbox 2617 4899 2839 4969; x_wconf 75' lang='lat' dir='ltr'><strong>apostoli</strong></span> <span class='ocrx_word' id='word_1_600' title='bbox 2872 4898 3095 4964; x_wconf 89' lang='lat' dir='ltr'><strong>Christi,</strong></span> <span class='ocrx_word' id='word_1_601' title='bbox 3130 4898 3222 4954; x_wconf 90' lang='lat' dir='ltr'><strong>sed</strong></span> <span class='ocrx_word' id='word_1_602' title='bbox 3261 4915 3534 4970; x_wconf 66' lang='lat' dir='ltr'><strong>prtecones</strong></span> <span class='ocrx_word' id='word_1_603' title='bbox 3551 4915 3750 4960; x_wconf 87' lang='lat' dir='ltr'><strong>essent</strong></span> 
     </span>
    </p>
   </div>
   <div class='ocr_carea' id='block_1_83' title="bbox 510 4990 2076 5067">
    <p class='ocr_par' dir='ltr' id='par_1_83' title="bbox 510 4990 2076 5067">
     <span class='ocr_line' id='line_1_84' title="bbox 510 4990 2076 5067; baseline -0.008 -12"><span class='ocrx_word' id='word_1_604' title='bbox 510 5001 660 5055; x_wconf 87' lang='lat' dir='ltr'><strong>niam</strong></span> <span class='ocrx_word' id='word_1_605' title='bbox 703 4996 995 5067; x_wconf 62' lang='lat' dir='ltr'><strong>saepissime</strong></span> <span class='ocrx_word' id='word_1_606' title='bbox 1023 5003 1078 5050; x_wconf 90' lang='lat' dir='ltr'><strong>et</strong></span> <span class='ocrx_word' id='word_1_607' title='bbox 1112 4992 1500 5049; x_wconf 63' lang='lat' dir='ltr'><strong>haeresiarchas</strong></span> <span class='ocrx_word' id='word_1_608' title='bbox 1542 4990 1934 5060; x_wconf 88' lang='lat' dir='ltr'><strong>simplicitatem</strong></span> <span class='ocrx_word' id='word_1_609' title='bbox 1987 5005 2076 5043; x_wconf 89' lang='lat' dir='ltr'><strong>ca-</strong></span> 
     </span>
    </p>
   </div>
   <div class='ocr_carea' id='block_1_84' title="bbox 509 5078 2075 5157">
    <p class='ocr_par' dir='ltr' id='par_1_84' title="bbox 509 5078 2075 5157">
     <span class='ocr_line' id='line_1_85' title="bbox 509 5078 2075 5157; baseline -0.01 -10"><span class='ocrx_word' id='word_1_610' title='bbox 509 5090 727 5147; x_wconf 73' lang='lat' dir='ltr'><strong>tholica:</strong></span> <span class='ocrx_word' id='word_1_611' title='bbox 761 5085 885 5143; x_wconf 83' lang='lat' dir='ltr'><strong>fidei</strong></span> <span class='ocrx_word' id='word_1_612' title='bbox 912 5083 1179 5157; x_wconf 87' lang='lat' dir='ltr'><strong>perversis</strong></span> <span class='ocrx_word' id='word_1_613' title='bbox 1202 5082 1539 5153; x_wconf 84' lang='lat' dir='ltr'><strong>dogmatibus</strong></span> <span class='ocrx_word' id='word_1_614' title='bbox 1565 5078 1955 5134; x_wconf 85' lang='lat' dir='ltr'><strong>commaculare</strong></span> <span class='ocrx_word' id='word_1_615' title='bbox 1982 5093 2075 5132; x_wconf 90' lang='lat' dir='ltr'><strong>co-</strong></span> 
     </span>
    </p>
   </div>
   <div class='ocr_carea' id='block_1_85' title="bbox 511 5166 2075 5243">
    <p class='ocr_par' dir='ltr' id='par_1_85' title="bbox 511 5166 2075 5243">
     <span class='ocr_line' id='line_1_86' title="bbox 511 5166 2075 5243; baseline -0.011 -6"><span class='ocrx_word' id='word_1_616' title='bbox 511 5189 738 5243; x_wconf 89' lang='lat' dir='ltr'><strong>nantes,</strong></span> <span class='ocrx_word' id='word_1_617' title='bbox 783 5185 840 5232; x_wconf 89' lang='lat' dir='ltr'><strong>et</strong></span> <span class='ocrx_word' id='word_1_618' title='bbox 888 5172 1195 5230; x_wconf 87' lang='lat' dir='ltr'><strong>multifariis</strong></span> <span class='ocrx_word' id='word_1_619' title='bbox 1239 5170 1709 5241; x_wconf 86' lang='lat' dir='ltr'><strong>superstitionibus</strong></span> <span class='ocrx_word' id='word_1_620' title='bbox 1763 5166 2075 5223; x_wconf 86' lang='lat' dir='ltr'><strong>auctoritati</strong></span> 
     </span>
    </p>
   </div>
   <div class='ocr_carea' id='block_1_86' title="bbox 510 5258 2069 5329">
    <p class='ocr_par' dir='ltr' id='par_1_86' title="bbox 510 5258 2069 5329">
     <span class='ocr_line' id='line_1_87' title="bbox 510 5258 2069 5329; baseline -0.01 -1"><span class='ocrx_word' id='word_1_621' title='bbox 510 5280 709 5329; x_wconf 78' lang='lat' dir='ltr'><strong>sach</strong></span> <span class='ocrx_word' id='word_1_622' title='bbox 746 5267 841 5323; x_wconf 88' lang='lat' dir='ltr'><strong>Dei</strong></span> <span class='ocrx_word' id='word_1_623' title='bbox 883 5264 1139 5321; x_wconf 66' lang='lat' dir='ltr'><strong>Ecclesia:</strong></span> <span class='ocrx_word' id='word_1_624' title='bbox 1166 5269 1563 5326; x_wconf 89' lang='lat' dir='ltr'><strong>contraeuntes,</strong></span> <span class='ocrx_word' id='word_1_625' title='bbox 1587 5258 1819 5323; x_wconf 85' lang='lat' dir='ltr'><strong>creavit,</strong></span> <span class='ocrx_word' id='word_1_626' title='bbox 1855 5266 1910 5314; x_wconf 90' lang='lat' dir='ltr'><strong>et</strong></span> <span class='ocrx_word' id='word_1_627' title='bbox 1937 5258 2069 5313; x_wconf 90' lang='lat' dir='ltr'><strong>hac-</strong></span> 
     </span>
    </p>
   </div>
   <div class='ocr_carea' id='block_1_87' title="bbox 510 5340 2069 5416">
    <p class='ocr_par' dir='ltr' id='par_1_87' title="bbox 510 5340 2069 5416">
     <span class='ocr_line' id='line_1_88' title="bbox 510 5340 2069 5416; baseline -0.011 1"><span class='ocrx_word' id='word_1_628' title='bbox 510 5371 669 5416; x_wconf 88' lang='lat' dir='ltr'><strong>tenus</strong></span> <span class='ocrx_word' id='word_1_629' title='bbox 714 5340 898 5413; x_wconf 80' lang='lat' dir='ltr'><strong>creare</strong></span> <span class='ocrx_word' id='word_1_630' title='bbox 931 5369 1037 5409; x_wconf 87' lang='lat' dir='ltr'><strong>non</strong></span> <span class='ocrx_word' id='word_1_631' title='bbox 1061 5359 1261 5415; x_wconf 84' lang='lat' dir='ltr'><strong>cessat,</strong></span> <span class='ocrx_word' id='word_1_632' title='bbox 1295 5350 1503 5404; x_wconf 88' lang='lat' dir='ltr'><strong>cunctis</strong></span> <span class='ocrx_word' id='word_1_633' title='bbox 1528 5348 1682 5403; x_wconf 88' lang='lat' dir='ltr'><strong>valde</strong></span> <span class='ocrx_word' id='word_1_634' title='bbox 1708 5347 1951 5402; x_wconf 85' lang='lat' dir='ltr'><strong>fidelibus</strong></span> <span class='ocrx_word' id='word_1_635' title='bbox 1974 5347 2069 5401; x_wconf 86' lang='lat' dir='ltr'><strong>do-</strong></span> 
     </span>
    </p>
   </div>
   <div class='ocr_carea' id='block_1_88' title="bbox 507 5435 2066 5513">
    <p class='ocr_par' dir='ltr' id='par_1_88' title="bbox 507 5435 2066 5513">
     <span class='ocr_line' id='line_1_89' title="bbox 507 5435 2066 5513; baseline -0.01 -9"><span class='ocrx_word' id='word_1_636' title='bbox 507 5448 725 5506; x_wconf 77' lang='lat' dir='ltr'><strong>leadum</strong></span> <span class='ocrx_word' id='word_1_637' title='bbox 754 5455 854 5501; x_wconf 88' lang='lat' dir='ltr'><strong>est.</strong></span> <span class='ocrx_word' id='word_1_638' title='bbox 899 5440 972 5501; x_wconf 86' lang='lat' dir='ltr'><strong>Ut</strong></span> <span class='ocrx_word' id='word_1_639' title='bbox 1006 5442 1170 5513; x_wconf 87' lang='lat' dir='ltr'><strong>igitur</strong></span> <span class='ocrx_word' id='word_1_640' title='bbox 1211 5447 1437 5496; x_wconf 61' lang='lat' dir='ltr'><strong>caeteros</strong></span> <span class='ocrx_word' id='word_1_641' title='bbox 1458 5437 1727 5501; x_wconf 88' lang='lat' dir='ltr'><strong>omittam,</strong></span> <span class='ocrx_word' id='word_1_642' title='bbox 1752 5435 1974 5491; x_wconf 88' lang='lat' dir='ltr'><strong>emersit</strong></span> <span class='ocrx_word' id='word_1_643' title='bbox 1999 5450 2066 5491; x_wconf 73' lang='lat' dir='ltr'><strong>ex</strong></span> 
     </span>
    </p>
   </div>
   <div class='ocr_carea' id='block_1_89' title="bbox 512 5522 2068 5604">
    <p class='ocr_par' dir='ltr' id='par_1_89' title="bbox 512 5522 2068 5604">
     <span class='ocr_line' id='line_1_90' title="bbox 512 5522 2068 5604; baseline -0.01 -10"><span class='ocrx_word' id='word_1_644' title='bbox 512 5537 700 5594; x_wconf 86' lang='lat' dir='ltr'><strong>eadem</strong></span> <span class='ocrx_word' id='word_1_645' title='bbox 744 5534 1027 5604; x_wconf 79' lang='lat' dir='ltr'><strong>Hispania,</strong></span> <span class='ocrx_word' id='word_1_646' title='bbox 1071 5538 1309 5599; x_wconf 87' lang='lat' dir='ltr'><strong>tempore</strong></span> <span class='ocrx_word' id='word_1_647' title='bbox 1352 5534 1552 5582; x_wconf 75' lang='lat' dir='ltr'><strong>sancta:</strong></span> <span class='ocrx_word' id='word_1_648' title='bbox 1582 5524 1854 5581; x_wconf 67' lang='lat' dir='ltr'><strong>memoriae</strong></span> <span class='ocrx_word' id='word_1_649' title='bbox 1891 5522 2068 5580; x_wconf 87' lang='lat' dir='ltr'><strong>Caroli</strong></span> 
     </span>
    </p>
   </div>
   <div class='ocr_carea' id='block_1_90' title="bbox 511 5614 2068 5699">
    <p class='ocr_par' dir='ltr' id='par_1_90' title="bbox 511 5614 2068 5699">
     <span class='ocr_line' id='line_1_91' title="bbox 511 5614 2068 5699; baseline -0.008 -18"><span class='ocrx_word' id='word_1_650' title='bbox 511 5626 740 5699; x_wconf 84' lang='lat' dir='ltr'><strong>piissimi</strong></span> <span class='ocrx_word' id='word_1_651' title='bbox 774 5620 933 5695; x_wconf 84' lang='lat' dir='ltr'><strong>atque</strong></span> <span class='ocrx_word' id='word_1_652' title='bbox 973 5619 1310 5677; x_wconf 86' lang='lat' dir='ltr'><strong>invictissimi</strong></span> <span class='ocrx_word' id='word_1_653' title='bbox 1357 5617 1615 5689; x_wconf 78' lang='lat' dir='ltr'><strong>Augusti,</strong></span> <span class='ocrx_word' id='word_1_654' title='bbox 1661 5616 1877 5686; x_wconf 88' lang='lat' dir='ltr'><strong>quidam</strong></span> <span class='ocrx_word' id='word_1_655' title='bbox 1920 5614 2068 5670; x_wconf 81' lang='lat' dir='ltr'><strong>Felix</strong></span> 
     </span>
    </p>
   </div>
   <div class='ocr_carea' id='block_1_91' title="bbox 516 5708 2067 5783">
    <p class='ocr_par' dir='ltr' id='par_1_91' title="bbox 516 5708 2067 5783">
     <span class='ocr_line' id='line_1_92' title="bbox 516 5708 2067 5783; baseline -0.007 -7"><span class='ocrx_word' id='word_1_656' title='bbox 516 5717 749 5783; x_wconf 80' lang='lat' dir='ltr'><strong>nomine,</strong></span> <span class='ocrx_word' id='word_1_657' title='bbox 794 5722 917 5769; x_wconf 87' lang='lat' dir='ltr'><strong>actu</strong></span> <span class='ocrx_word' id='word_1_658' title='bbox 964 5712 1181 5778; x_wconf 79' lang='lat' dir='ltr'><strong>infelix,</strong></span> <span class='ocrx_word' id='word_1_659' title='bbox 1229 5709 1647 5783; x_wconf 85' lang='lat' dir='ltr'><strong>llrgelitanensis</strong></span> <span class='ocrx_word' id='word_1_660' title='bbox 1692 5708 1924 5764; x_wconf 83' lang='lat' dir='ltr'><strong>civitatis</strong></span> <span class='ocrx_word' id='word_1_661' title='bbox 1952 5710 2067 5780; x_wconf 86' lang='lat' dir='ltr'><strong>epi-</strong></span> 
     </span>
    </p>
   </div>
   <div class='ocr_carea' id='block_1_92' title="bbox 2178 4983 3750 5060">
    <p class='ocr_par' dir='ltr' id='par_1_92' title="bbox 2178 4983 3750 5060">
     <span class='ocr_line' id='line_1_93' title="bbox 2178 4983 3750 5060; baseline 0.006 -23"><span class='ocrx_word' id='word_1_662' title='bbox 2178 4983 2348 5047; x_wconf 83' lang='lat' dir='ltr'><strong>hustis</strong></span> <span class='ocrx_word' id='word_1_663' title='bbox 2369 4983 2593 5054; x_wconf 84' lang='lat' dir='ltr'><strong>antiqui,</strong></span> <span class='ocrx_word' id='word_1_664' title='bbox 2622 4999 2988 5055; x_wconf 78' lang='lat' dir='ltr'><strong>unusquisque</strong></span> <span class='ocrx_word' id='word_1_665' title='bbox 3023 4985 3311 5056; x_wconf 88' lang='lat' dir='ltr'><strong>separatim</strong></span> <span class='ocrx_word' id='word_1_666' title='bbox 3348 4985 3587 5044; x_wconf 88' lang='lat' dir='ltr'><strong>diversas</strong></span> <span class='ocrx_word' id='word_1_667' title='bbox 3607 5005 3750 5060; x_wconf 88' lang='lat' dir='ltr'><strong>pro-</strong></span> 
     </span>
    </p>
   </div>
   <div class='ocr_carea' id='block_1_93' title="bbox 2175 5075 3752 5152">
    <p class='ocr_par' dir='ltr' id='par_1_93' title="bbox 2175 5075 3752 5152">
     <span class='ocr_line' id='line_1_94' title="bbox 2175 5075 3752 5152; baseline 0.004 -24"><span class='ocrx_word' id='word_1_668' title='bbox 2175 5075 2399 5140; x_wconf 87' lang='lat' dir='ltr'><strong>vincias,</strong></span> <span class='ocrx_word' id='word_1_669' title='bbox 2441 5075 2627 5130; x_wconf 84' lang='lat' dir='ltr'><strong>eadem</strong></span> <span class='ocrx_word' id='word_1_670' title='bbox 2663 5091 2759 5130; x_wconf 91' lang='lat' dir='ltr'><strong>sua</strong></span> <span class='ocrx_word' id='word_1_671' title='bbox 2793 5076 2981 5131; x_wconf 86' lang='lat' dir='ltr'><strong>insana</strong></span> <span class='ocrx_word' id='word_1_672' title='bbox 3007 5077 3248 5132; x_wconf 86' lang='lat' dir='ltr'><strong>doctrina</strong></span> <span class='ocrx_word' id='word_1_673' title='bbox 3278 5077 3616 5145; x_wconf 87' lang='lat' dir='ltr'><strong>imbuendas,</strong></span> <span class='ocrx_word' id='word_1_674' title='bbox 3646 5098 3752 5152; x_wconf 79' lang='lat' dir='ltr'><strong>ap-</strong></span> 
     </span>
    </p>
   </div>
   <div class='ocr_carea' id='block_1_94' title="bbox 2175 5167 3743 5237">
    <p class='ocr_par' dir='ltr' id='par_1_94' title="bbox 2175 5167 3743 5237">
     <span class='ocr_line' id='line_1_95' title="bbox 2175 5167 3743 5237; baseline 0.003 -15"><span class='ocrx_word' id='word_1_675' title='bbox 2175 5168 2428 5236; x_wconf 87' lang='lat' dir='ltr'><strong>petivere.</strong></span> <span class='ocrx_word' id='word_1_676' title='bbox 2461 5167 2777 5237; x_wconf 89' lang='lat' dir='ltr'><strong>Eliphantus</strong></span> <span class='ocrx_word' id='word_1_677' title='bbox 2806 5169 3012 5225; x_wconf 90' lang='lat' dir='ltr'><strong>scilicet</strong></span> <span class='ocrx_word' id='word_1_678' title='bbox 3046 5168 3290 5225; x_wconf 79' lang='lat' dir='ltr'><strong>Asturias</strong></span> <span class='ocrx_word' id='word_1_679' title='bbox 3331 5178 3388 5225; x_wconf 91' lang='lat' dir='ltr'><strong>et</strong></span> <span class='ocrx_word' id='word_1_680' title='bbox 3429 5169 3743 5236; x_wconf 87' lang='lat' dir='ltr'><strong>Galliciam,</strong></span> 
     </span>
    </p>
   </div>
   <div class='ocr_carea' id='block_1_95' title="bbox 2173 5259 3750 5331">
    <p class='ocr_par' dir='ltr' id='par_1_95' title="bbox 2173 5259 3750 5331">
     <span class='ocr_line' id='line_1_96' title="bbox 2173 5259 3750 5331; baseline 0.004 -17"><span class='ocrx_word' id='word_1_681' title='bbox 2173 5260 2326 5331; x_wconf 87' lang='lat' dir='ltr'><strong>cujus</strong></span> <span class='ocrx_word' id='word_1_682' title='bbox 2351 5259 2636 5329; x_wconf 91' lang='lat' dir='ltr'><strong>discipulos</strong></span> <span class='ocrx_word' id='word_1_683' title='bbox 2663 5260 2801 5329; x_wconf 89' lang='lat' dir='ltr'><strong>apud</strong></span> <span class='ocrx_word' id='word_1_684' title='bbox 2839 5259 3064 5316; x_wconf 85' lang='lat' dir='ltr'><strong>Astures</strong></span> <span class='ocrx_word' id='word_1_685' title='bbox 3104 5274 3191 5315; x_wconf 92' lang='lat' dir='ltr'><strong>me</strong></span> <span class='ocrx_word' id='word_1_686' title='bbox 3219 5259 3503 5329; x_wconf 87' lang='lat' dir='ltr'><strong>aliquando</strong></span> <span class='ocrx_word' id='word_1_687' title='bbox 3535 5262 3750 5321; x_wconf 86' lang='lat' dir='ltr'><strong>vidisse</strong></span> 
     </span>
    </p>
   </div>
   <div class='ocr_carea' id='block_1_96' title="bbox 2172 5348 3750 5420">
    <p class='ocr_par' dir='ltr' id='par_1_96' title="bbox 2172 5348 3750 5420">
     <span class='ocr_line' id='line_1_97' title="bbox 2172 5348 3750 5420; baseline 0.003 -17"><span class='ocrx_word' id='word_1_688' title='bbox 2172 5348 2411 5411; x_wconf 86' lang='lat' dir='ltr'><strong>memini,</strong></span> <span class='ocrx_word' id='word_1_689' title='bbox 2437 5363 2573 5418; x_wconf 85' lang='lat' dir='ltr'><strong>quos</strong></span> <span class='ocrx_word' id='word_1_690' title='bbox 2603 5357 2653 5402; x_wconf 89' lang='lat' dir='ltr'><strong>et</strong></span> <span class='ocrx_word' id='word_1_691' title='bbox 2693 5348 3075 5404; x_wconf 89' lang='lat' dir='ltr'><strong>catholicorum</strong></span> <span class='ocrx_word' id='word_1_692' title='bbox 3112 5349 3350 5404; x_wconf 89' lang='lat' dir='ltr'><strong>virorum</strong></span> <span class='ocrx_word' id='word_1_693' title='bbox 3397 5349 3635 5420; x_wconf 81' lang='lat' dir='ltr'><strong>regionis</strong></span> <span class='ocrx_word' id='word_1_694' title='bbox 3671 5352 3750 5406; x_wconf 78' lang='lat' dir='ltr'><strong>il—</strong></span> 
     </span>
    </p>
   </div>
   <div class='ocr_carea' id='block_1_97' title="bbox 2171 5436 3746 5507">
    <p class='ocr_par' dir='ltr' id='par_1_97' title="bbox 2171 5436 3746 5507">
     <span class='ocr_line' id='line_1_98' title="bbox 2171 5436 3746 5507; baseline 0.006 -17"><span class='ocrx_word' id='word_1_695' title='bbox 2171 5438 2295 5501; x_wconf 90' lang='lat' dir='ltr'><strong>lius,</strong></span> <span class='ocrx_word' id='word_1_696' title='bbox 2326 5436 2418 5507; x_wconf 88' lang='lat' dir='ltr'><strong>qui</strong></span> <span class='ocrx_word' id='word_1_697' title='bbox 2444 5453 2629 5493; x_wconf 88' lang='lat' dir='ltr'><strong>eorum</strong></span> <span class='ocrx_word' id='word_1_698' title='bbox 2660 5454 2871 5495; x_wconf 70' lang='lat' dir='ltr'><strong>vesana:</strong></span> <span class='ocrx_word' id='word_1_699' title='bbox 2905 5438 3164 5494; x_wconf 64' lang='lat' dir='ltr'><strong>doctrinae</strong></span> <span class='ocrx_word' id='word_1_700' title='bbox 3205 5441 3498 5495; x_wconf 86' lang='lat' dir='ltr'><strong>secundum</strong></span> <span class='ocrx_word' id='word_1_701' title='bbox 3542 5455 3746 5500; x_wconf 86' lang='lat' dir='ltr'><strong>sanam</strong></span> 
     </span>
    </p>
   </div>
   <div class='ocr_carea' id='block_1_98' title="bbox 2174 5529 3751 5605">
    <p class='ocr_par' dir='ltr' id='par_1_98' title="bbox 2174 5529 3751 5605">
     <span class='ocr_line' id='line_1_99' title="bbox 2174 5529 3751 5605; baseline 0.004 -23"><span class='ocrx_word' id='word_1_702' title='bbox 2174 5530 2477 5585; x_wconf 90' lang='lat' dir='ltr'><strong>doctrinam</strong></span> <span class='ocrx_word' id='word_1_703' title='bbox 2501 5529 2892 5585; x_wconf 85' lang='lat' dir='ltr'><strong>rationabiliter</strong></span> <span class='ocrx_word' id='word_1_704' title='bbox 2935 5530 3325 5596; x_wconf 87' lang='lat' dir='ltr'><strong>renitebantur,</strong></span> <span class='ocrx_word' id='word_1_705' title='bbox 3368 5532 3573 5597; x_wconf 88' lang='lat' dir='ltr'><strong>relatu,</strong></span> <span class='ocrx_word' id='word_1_706' title='bbox 3606 5548 3751 5605; x_wconf 83' lang='lat' dir='ltr'><strong>per-</strong></span> 
     </span>
    </p>
   </div>
   <div class='ocr_carea' id='block_1_99' title="bbox 2174 5619 3752 5691">
    <p class='ocr_par' dir='ltr' id='par_1_99' title="bbox 2174 5619 3752 5691">
     <span class='ocr_line' id='line_1_100' title="bbox 2174 5619 3752 5691; baseline 0.003 -16"><span class='ocrx_word' id='word_1_707' title='bbox 2174 5620 2579 5690; x_wconf 77' lang='lat' dir='ltr'><strong>Spicuitatisque</strong></span> <span class='ocrx_word' id='word_1_708' title='bbox 2602 5635 2733 5675; x_wconf 75' lang='lat' dir='ltr'><strong>mea:</strong></span> <span class='ocrx_word' id='word_1_709' title='bbox 2755 5620 2996 5691; x_wconf 83' lang='lat' dir='ltr'><strong>probatu,</strong></span> <span class='ocrx_word' id='word_1_710' title='bbox 3021 5619 3311 5676; x_wconf 88' lang='lat' dir='ltr'><strong>secundum</strong></span> <span class='ocrx_word' id='word_1_711' title='bbox 3335 5636 3522 5677; x_wconf 85' lang='lat' dir='ltr'><strong>eorum</strong></span> <span class='ocrx_word' id='word_1_712' title='bbox 3550 5631 3752 5680; x_wconf 85' lang='lat' dir='ltr'><strong>actum</strong></span> 
     </span>
    </p>
   </div>
   <div class='ocr_carea' id='block_1_100' title="bbox 2171 5709 3751 5782">
    <p class='ocr_par' dir='ltr' id='par_1_100' title="bbox 2171 5709 3751 5782">
     <span class='ocr_line' id='line_1_101' title="bbox 2171 5709 3751 5782; baseline 0.003 -18"><span class='ocrx_word' id='word_1_713' title='bbox 2171 5718 2225 5767; x_wconf 88' lang='lat' dir='ltr'><strong>ct</strong></span> <span class='ocrx_word' id='word_1_714' title='bbox 2267 5710 2536 5775; x_wconf 90' lang='lat' dir='ltr'><strong>habitum,</strong></span> <span class='ocrx_word' id='word_1_715' title='bbox 2585 5709 2912 5765; x_wconf 69' lang='lat' dir='ltr'><strong>certissimos</strong></span> <span class='ocrx_word' id='word_1_716' title='bbox 2945 5710 3307 5765; x_wconf 83' lang='lat' dir='ltr'><strong>antichristos</strong></span> <span class='ocrx_word' id='word_1_717' title='bbox 3357 5726 3475 5766; x_wconf 89' lang='lat' dir='ltr'><strong>esse</strong></span> <span class='ocrx_word' id='word_1_718' title='bbox 3523 5710 3751 5782; x_wconf 83' lang='lat' dir='ltr'><strong>liquido</strong></span> 
     </span>
    </p>
   </div>
  </div>
