4030 6190
244 424 387 485 '309

1349 434 1435 490 DE
1471 432 1702 491 CULTU
1743 434 2102 491 lMAGlNUM.
2145 466 2214 477 -
2251 435 2377 519 ιιιξ.
2418 434 2457 489 1.

3411 436 3527 493 510

278 542 634 613 deprehendi,
685 543 972 602 manifeste
1006 560 1234 601 cernens
1278 547 1331 600 in
1379 547 1484 601 illis
1525 546 1655 601 illud
1703 546 1845 600 beati
1874 552 1921 607 Α
1950 564 2095 602 sana:
2132 548 2390 603 doctrina:
2425 547 2685 603 arietibus
2726 557 3136 618 eonquatere‘ct
3171 550 3239 604 ad
3284 550 3385 605 sibi
3431 567 3519 607 ce-

285 632 552 686 Ambrosii
598 633 856 703 commeri
880 646 907 675 ι
934 652 946 664 ·
990 634 1215 689 Habitus
1264 635 1461 689 mentis
1508 635 1565 689 in
1610 636 1851 705 corporis

278 730 424 776 statu
448 722 711 777 cernitur.
738 724 804 778 Et
832 723 961 779 illud
987 724 1266 794 cujusdam
1294 744 1306 779 ε

378 833 534 899 Frons
554 835 759 899 hominis
783 838 987 898 proprii!
1009 841 1187 886 mentis
1201 840 1441 899 depromit
1457 842 1705 891 amictum.

473 895 641 956 Qualis
659 895 816 948 vultus
835 895 954 960 erit,
975 900 1087 950 talia
1107 902 1249 950 corda
1265 895 1412 962 gerit.

279 999 490 1067 Quibus
536 1001 816 1059 verissime
853 1013 910 1059 et
941 1006 1279 1076 apertissime
1324 1010 1584 1079 cognitis,
1627 1019 1683 1064 et
1725 1011 1853 1080 quia

273 1087 391 1157 jam
418 1091 713 1147 secundum
740 1095 1088 1163 apostolicum
1116 1107 1462 1169 prmceptum,
1488 1108 1548 1155 ut
1570 1100 1638 1154 ab
1663 1102 1852 1156 eadem

276 1196 380 1236 sua
421 1197 649 1238 erronea
677 1186 1059 1253 praedicatione
1083 1188 1404 1245 desisterent
1441 1192 1699 1247 admoniti
1737 1192 1854 1247 fue-

280 1280 425 1337 rant,
453 1280 509 1328 et
553 1282 732 1331 tamen
778 1276 831 1332 in
878 1279 1067 1334 eodem
1114 1294 1299 1336 errore
1343 1284 1761 1352 permanebant,
1796 1292 1855 1338 ut

276 1361 571 1418 haereticos
613 1364 870 1420 devitavi.
903 1367 1074 1423 Porro
1116 1369 1255 1425 idem
1300 1369 1472 1437 Felix,
1516 1388 1637 1430 cum
1671 1374 1853 1429 multis

275 1453 420 1523 apud
478 1453 866 1523 Septimaniam
920 1458 1167 1514 eumdem
1221 1461 1474 1516 haustum
1533 1463 1849 1533 pestiferum

275 1543 684 1612 propinaverit.
742 1560 864 1600 eum
920 1556 1102 1602 tamen
1156 1547 1345 1604 Gallia:
1406 1550 1850 1630 Germaniaeque,

273 1644 540 1703 quantum
570 1635 623 1689 in
667 1636 757 1691 illo
791 1635 912 1702 fuit,
942 1639 1229 1709 prepinare
1269 1641 1455 1706 voluit,
1505 1642 1645 1709 Sed,
1672 1646 1854 1700 divina

274 1725 454 1795 gratia
489 1725 927 1792 adminiculante,
957 1728 1159 1782 nullum
1193 1730 1333 1800 apud
1375 1731 1603 1788 Galliam
1632 1734 1856 1790 Germa-

275 1820 535 1888 niamque
560 1821 676 1891 ejus
702 1836 856 1876 error
884 1820 1060 1877 locum
1100 1823 1344 1878 invenire
1376 1824 1568 1894 quivit,
1598 1828 1852 1896 quoniam

1954 637 2185 691 dendum
2238 638 2439 707 passim
2486 644 2805 693 convertere
2837 648 3052 708 posset;
3100 640 3195 694 sed
3255 652 3516 711 quantum

1955 727 2056 782 hac
2092 728 2343 797 opinione
2375 729 2608 798 seipsum
2645 729 2895 795 irriserit,
2925 730 3129 800 liquido
3161 732 3350 788 claret.
3380 734 3529 802 Quc-

1954 818 2099 873 uiam
2126 818 2365 888 ejusdem
2390 820 2620 889 piissimi
2647 821 2910 892 principis
2936 823 3293 881 solertissime
3318 829 3475 883 Sllldit
3505 869 3523 895 ,

1952 911 2026 965 ita
2052 912 2311 981 quotidie,
2351 913 2579 967 Domino
2602 913 2919 984 opitulante,
2956 917 3021 971 ad
3060 917 3280 975 meliora
3308 935 3531 978 succut-

1953 1001 2077 1063 scit.
2107 1010 2167 1056 ut
2193 1002 2619 1059 omnibus'sanae
2664 1003 2784 1060 fidei
2816 1006 3158 1076 perspicuum
3194 1009 3265 1064 sit
3301 1025 3442 1065 eam-
3468 1021 3525 1066 et

1956 1094 2008 1146 in
2043 1092 2167 1147 ﬁdei
2195 1094 2509 1150 sinceritate
2548 1096 2838 1151 salubriter
2877 1100 3225 1165 roborari,.et
3254 1102 3307 1156 in
3339 1104 3524 1172 cogni-

1957 1182 2100 1237 tione
2128 1184 2430 1239 diviuarum
2477 1183 2880 1254 Scripturarum
2924 1189 3196 1259 sapienter
3223 1191 3435 1246 dilatari
3472 1202 3529 1248 et

1954 1272 2266 1341 spiritaliter
2301 1273 2637 1329 fructificari.
2671 1274 2801 1342 Quae
2829 1277 2992 1331 etiam
3025 1278 3099 1332 ita
3130 1295 3293 1350 super
3326 1281 3526 1337 firmis-

1954 1360 2147 1416 simam
2183 1370 2390 1433 petram
2419 1363 2638 1419 fundata
2663 1366 2930 1431 consistit,
2962 1375 3015 1420 ut
3047 1383 3146 1424 nec
3174 1379 3345 1438 porta:
3369 1370 3524 1426 inferi

1953 1452 2003 1506 ei
2051 1453 2343 1523 prmvalere
2388 1452 2602 1525 (Matth.
2633 1454 2777 1527 xvr),
2819 1472 2921 1511 nec
2959 1460 3040 1513 vis
3084 1458 3384 1524 fluminum,
3430 1478 3531 1517 nec

1955 1540 2115 1598 ﬂatus
2165 1554 2449 1599 ventorum
2495 1562 2526 1600 a
2578 1562 2678 1601 suo
2730 1563 2851 1601 eam
2921 1548 3271 1606 fundamento
3319 1554 3527 1623 possint
3600 1562 3605 1571 ’

1954 1652 2171 1706 quoquo
2196 1638 2355 1692 modo
2381 1655 2652 1694 amovere.
2682 1639 2834 1695 Unde
2855 1656 2962 1694 non
2995 1642 3435 1700 ineunvenienter
3460 1645 3529 1700 de

1956 1727 2046 1781 illa
2078 1726 2205 1783 illud
2227 1729 2545 1784 decantatur
2568 1730 2902 1801 evangelium
2921 1745 2937 1784 :
2955 1731 3262 1787 (Venerunt
3287 1732 3526 1797 ﬂumina,

1955 1818 2223 1874 ﬂavemnt
2248 1820 2418 1885 venti,
2448 1829 2503 1875 et
2534 1836 2641 1876 non
2679 1831 2974 1891 potuerunt
2995 1838 3115 1877 eam
3137 1840 3375 1890 movere,
3408 1824 3527 1880 fun-

272 1924 385 1963 non
423 1910 597 1964 solum
636 1912 775 1981 apud
802 1911 1144 1967 Germaniam
1183 1913 1419 1969 studium
1461 1915 1761 1971 litterarum
1791 1926 1845 1971 et

1960 1907 2071 1962 lata
2101 1909 2244 1963 enim
2268 1917 2387 1964 erat
2418 1926 2577 1980 supra
2607 1919 2813 1980 petram
2843 1911 3066 1983 (Matth,
3090 1931 3194 1981 vn;
3228 1914 3357 1971 Luc.
3382 1916 3480 1989 vt).
3502 1936 3522 1970 ι

271 2015 435 2055 amor
470 2011 779 2057 sanctarum
820 2002 1243 2072 Scripturarum,
1284 2020 1471 2060 verum
1520 2008 1681 2062 etiam
1715 2009 1856 2078 apud

269 2089 524 2144 eamdem
554 2089 781 2145 Galliam
809 2092 952 2162 (qua:
976 2092 1110 2156 sola,
1143 2101 1279 2148 teste
1325 2093 1675 2167 Hieronymo,
1702 2113 1856 2152 mon-

271 2188 390 2234 stra
422 2195 529 2235 non
564 2180 769 2244 habuit,
806 2182 898 2236 sed
943 2182 1072 2236 viris
1117 2198 1333 2253 semper
1377 2184 1606 2241 fortibus
1645 2195 1700 2241 et
1743 2188 1855 2241 elo-

269 2271 649 2341 quentissimis
693 2273 1028 2347 abundavit),
1068 2275 1307 2345 ejusdem
1339 2278 1705 2333 memorabilis
1751 2279 1854 2341 viri

272 2361 640 2418 solertissimo
665 2366 846 2421 studio
874 2374 930 2421 et
950 2365 1351 2424 ferventissimo
1380 2369 1651 2424 desiderio
1673 2378 1851 2424 actum

272 2462 364 2507 est
391 2463 473 2519 ut,
505 2455 730 2510 Domino
761 2471 920 2527 opem
951 2456 1177 2525 ferente,
1210 2459 1264 2513 in
1291 2459 1392 2514 sibi
1423 2461 1725 2515 commissae
1754 2460 1855 2516 Ec-

273 2543 463 2598 clesiae
486 2545 612 2599 filiis
643 2554 699 2600 et
739 2546 1038 2602 liberalium
1074 2549 1276 2603 artium
1302 2551 1543 2621 apprime
1571 2550 1853 2621 disciplina

274 2643 337 2688 ct
372 2636 676 2692 divinarum
714 2638 1117 2711 Scripturarum
1150 2642 1389 2712 perfecte
1437 2643 1661 2715 polleret
1696 2646 1855 2701 intel-

276 2723 538 2796 ligentia;
571 2728 765 2797 quibus
809 2731 1011 2787 milites
1034 2732 1261 2799 Christi,
1303 2744 1363 2789 ut
1402 2722 1526 2806 pote
1571 2736 1857 2793 invictissi-

279 2818 389 2871 mis
416 2818 584 2873 armis
612 2820 825 2886 muniti,
855 2823 973 2893 ejus
999 2839 1251 2878 vesanam
1299 2825 1598 2880 doctrinam
1639 2828 1857 2897 propul-

280 2919 564 2964 saverunt.
595 2911 844 2982 Ejusdem
878 2930 1112 2986 namque
1141 2917 1402 2987 principis
1424 2918 1575 2989 jussu
1607 2920 1659 2973 in
1693 2937 1855 2974 unum

274 3000 484 3066 coacti,
511 3004 764 3081 adhibita.
788 3005 950 3060 etiam
978 3017 1179 3063 sancta:
1206 3008 1458 3064 Romana:
1484 3010 1738 3067 Ecclesiae
1762 3023 1857 3066 au-

274 3092 555 3159 ctoritate,
586 3097 835 3151 eumdem
881 3098 1109 3154 Felicem
1156 3101 1562 3162 damnaverunt,
1595 3102 1703 3157 imo
1732 3118 1854 3158 cum

276 3191 509 3239 auctore
547 3184 630 3239 sui
673 3188 895 3248 erroris,
939 3187 1206 3251 Nestorio,
1258 3205 1416 3260 quem
1453 3192 1696 3248 imitatus
1737 3204 1853 3259 est,

277 3286 546 3348 perpetuo
573 3282 905 3337 anathemati
934 3270 1396 3355 mancipaverunt.
1442 3285 1733 3341 Memorato
1762 3305 1851 3342 au-

279 3379 395 3425 tem
461 3373 762 3429 orthodoxe
825 3377 1067 3448 principe
1130 3377 1322 3434 Carolo
1387 3381 1546 3435 rebus
1608 3383 1858 3439 Immanis

274 3472 555 3531 exempto,
594 3465 862 3536 gloriosus
912 3467 1051 3522 filius
1096 3470 1214 3541 ejus
1255 3470 1589 3536 Ludovicus,
1634 3474 1857 3543 pietate,

279 3552 549 3623 sapientia
583 3563 639 3609 et
683 3554 1018 3622 fortitudine,
1052 3568 1200 3614 tanto
1236 3576 1339 3614 non
1379 3560 1552 3630 impa}
1594 3564 1856 3631 genitori,

277 3650 573 3712 paternum
603 3643 749 3715 (quia
782 3646 861 3702 sic
891 3647 1033 3702 Deus
1076 3648 1265 3720 voluit)
1314 3650 1712 3721 triumphaliter
1748 3668 1860 3707 sor—

276 3733 417 3787 titus
456 3743 543 3790 est
586 3736 889 3806 imperium.
934 3738 1051 3807 Quo
1087 3738 1316 3796 feliciter
1362 3742 1680 3812 imperante,
1715 3745 1857 3800 idem

278 3822 438 3879 Felix
485 3825 540 3880 in
574 3828 805 3897 quodam
838 3830 1102 3900 discipulo
1137 3847 1234 3888 suo
1264 3834 1482 3889 nomine
1527 3834 1768 3902 Claudio,
1801 3845 1861 3892 ut

276 3923 415 3983 pote
437 3914 522 3987 (ut
545 3916 723 3974 verbis
767 3918 910 3974 beati
940 3919 1250 3993 Hieronymi
1278 3924 1417 3995 utar)
1451 3924 1771 3996 Euphorbus
1803 3928 1858 3983 in

277 4004 617 4078 Pythagora,
658 4011 958 4066 renascitur
981 4028 995 4066 :
1018 4014 1230 4084 ,utique,
1277 4016 1377 4070 etsi
1416 4032 1524 4071 non
1555 4028 1614 4072 ut
1653 4020 1860 4087 pridem

277 4093 410 4149 fidei
447 4096 727 4154 catholicae
768 4101 1031 4171 regulam,
1060 4104 1458 4161 ecclesiasticas
1495 4115 1670 4161 tamen
1703 4109 1864 4163 tradi-

275 4187 463 4243 tiones
503 4204 662 4259 quam
690 4194 966 4249 venenatis
997 4195 1117 4250 telis
1143 4212 1239 4266 per
1262 4199 1510 4252 eumdem
1541 4200 1858 4269 discipulum

275 4290 442 4331 suum
468 4276 694 4347 jaculari
724 4281 873 4337 nisus
914 4283 1007 4349 sit,
1037 4284 1275 4340 breviter
1318 4289 1724 4342 memorandum
1753 4297 1857 4343 est.

274 4369 558 4439 Antiquus
585 4372 785 4427 etenim
834 4375 1023 4440 hostis,
1075 4377 1327 4432 inimicus
1364 4379 1576 4448 generis
1620 4381 1861 4447 humani,

272 4458 664 4518 ecclesiastica:
690 4465 887 4534 quietis
929 4467 1235 4538 impatiens,
1263 4471 1354 4539 qui
1399 4487 1506 4526 non
1552 4484 1736 4529 cessat
1778 4475 1857 4530 lo-

274 4548 419 4602 lium
458 4550 680 4607 malitiae
723 4569 851 4619 smn,
886 4567 1149 4625 quantum
1175 4559 1275 4615 sibi
1306 4560 1563 4618 divinitus
1590 4566 1861 4633 permitti-

276 4649 401 4702 tur,
428 4639 484 4693 in
511 4655 697 4711 agrum
745 4652 944 4700 sanctae
970 4647 1061 4702 Dei
1089 4649 1346 4706 Ecclesia:
1366 4652 1572 4723 jugiter
1614 4671 1859 4727 superse-

274 4738 430 4794 rere,
471 4733 764 4803 exagitavit
807 4748 1163 4795 memoratum
1206 4742 1493 4799 Claudium
1534 4748 1857 4817 quibusdam

275 4820 606 4877 insidiarum
651 4840 869 4880 suarum
919 4827 1091 4895 furiis,
1126 4839 1182 4887 et
1226 4834 1279 4889 in
1331 4842 1535 4893 tantam
1580 4840 1863 4896 audaciam

274 4926 641 4983 prorumpere
669 4918 860 4984 suasit,
888 4926 946 4973 ut
975 4932 1159 4977 contra
1191 4925 1454 4982 Ecelesim
1482 4931 1862 4986 auctoritatem

275 5003 545 5058 nonnulla
591 5004 781 5062 frivola
811 5018 866 5064 et
912 5011 1087 5082 inepta
1133 5015 1471 5085 scriptitarit,
1504 5035 1623 5090 qua:
1656 5022 1707 5075 in
1741 5024 1866 5077 sub-

273 5095 637 5165 sequentibus
663 5097 1196 5159 demonstrabuntur.
1241 5107 1382 5162 Reor
1406 5109 1573 5179 igitur
1597 5120 1719 5167 eum
1749 5113 1866 5183 opi-

278 5194 475 5240 natum
502 5188 643 5255 quod
675 5191 909 5246 obeunte
936 5193 1038 5262 pia:
1067 5198 1339 5252 memoria:
1364 5199 1453 5267 pio
1493 5201 1740 5271 principe
1769 5203 1867 5258 Ca-

279 5275 424 5340 rolo,
460 5277 597 5331 adeo
628 5279 681 5333 in
718 5280 976 5347 Ecclesia,
1006 5299 1171 5353 quam
1197 5288 1400 5343 sanctis
1436 5292 1867 5359 praecedentibus

280 5367 500 5422 meritis
538 5367 680 5423 idem
728 5369 958 5442 inclytus
996 5372 1140 5445 ﬁlius
1178 5375 1314 5446 ejus,
1347 5385 1493 5433 nntu~
1520 5378 1723 5445 divino,
1777 5397 1864 5438 re-

278 5459 517 5529 gendam
546 5461 906 5532 tuendamque
942 5465 1198 5536 suscepit,
1243 5469 1605 5538 cognitionem
1648 5472 1859 5527 divina-

280 5565 404 5605 rum
441 5547 846 5621 Scripturarum
891 5552 1320 5624 labefactaverit,
1364 5567 1424 5613 ut
1464 5574 1586 5615 eam
1628 5575 1739 5617 suae
1772 5576 1862 5617 ve-

354 5696 383 5755 {I
426 5681 690 5755 ambros,
703 5684 765 5755 _in
795 5684 960 5755 Epist.
989 5687 1010 5741 Ι
1036 5689 1103 5743 ad
1129 5686 1494 5748 Timotheum.

358 5752 387 5789 δ
418 5752 648 5823 Carolus
674 5752 896 5823 Magnus
920 5757 1198 5815 damnavit
1226 5777 1465 5817 errorem
1506 5763 1714 5820 Claudii
1746 5768 1860 5822 ico-

283 5822 565 5887 Iontachi,
593 5838 658 5877 ex
699 5822 1097 5895 Scripturarum
1142 5832 1496 5901 auctoritate;
1527 5844 1734 5893 tantum
1769 5840 1862 5895 ab-

1956 1999 2091 2066 Quia
2119 2000 2282 2072 igitur
2310 2001 2452 2057 idem
2477 2003 2833 2060 charissimus
2860 2005 2970 2059 Deo
3011 2005 3282 2077 princeps,
3315 2007 3526 2063 divino-

1956 2094 2059 2157 que
2089 2089 2298 2158 plenius
2325 2106 2510 2155 amore
2555 2107 2868 2158 succensus,
2898 2101 2953 2147 et
2984 2094 3193 2150 caelesti
3238 2097 3411 2168 gratia
3439 2099 3531 2152 a‘d-

1945 2175 2114 2244 jutus.
2164 2180 2407 2234 eamdem
2451 2179 2747 2236 Ecclesiam
2797 2182 2900 2237 sibi
2956 2183 3218 2239 creditam
3267 2185 3532 2242 instanter

1955 2271 2161 2335 erudit,
2211 2272 2488 2342 armisque
2536 2274 2872 2344 spiritalibus
2923 2277 3127 2342 munit,
3168 2286 3226 2333 et
3268 2279 3428 2336 dictis
3475 2291 3531 2336 et

1954 2362 2215 2433 exemplis
2259 2362 2595 2419 incessanter
2642 2366 2709 2420 ad
2756 2366 2864 2421 alta
2906 2368 3168 2433 sustollit,
3201 2370 3418 2441 dignum
3446 2380 3533 2426 est

1956 2462 2036 2517 ut,
2067 2454 2205 2508 sicut
2226 2462 2380 2523 pater
2409 2454 2551 2509 illius
2578 2457 2817 2527 magistri
2848 2456 3087 2526 ejusdem
3116 2458 3345 2524 Claudii,
3380 2462 3532 2517 adhi-

1957 2544 2067 2598 bita
2097 2553 2407 2601 sanctarum
2439 2546 2843 2618 Scripturarum
2878 2552 3219 2617 auctoritate,
3257 2555 3533 2610 damnavit

1956 2651 2195 2691 errorem
2223 2638 2273 2703 ι),
2305 2639 2376 2692 ita
2408 2640 2756 2697 nihilominus
2792 2643 2893 2697 iste
2922 2642 3186 2714 gloriosus
3228 2646 3368 2701 filius
3393 2646 3532 2716 ejus,

1959 2728 2087 2783 nulli
2128 2730 2346 2799 pietate,
2390 2732 2653 2804 sapientia
2691 2743 2746 2789 et
2784 2733 3099 2791 fortitudine
3120 2738 3415 2803 secundus,
3459 2741 3533 2795 dio

1958 2818 2148 2889 scipuli
2194 2820 2434 2889 ejusdem
2493 2822 2686 2879 Felicis
2740 2841 2964 2881 vesanas
3014 2827 3237 2882 damnet
3282 2830 3529 2900 blasphe-

1960 2910 2119 2973 mias,
2160 2911 2574 2984 divinarumque
2619 2915 3022 2986 Scripturarum
3061 2918 3182 2973 telis
3220 2921 3525 2987 eonfodiat,

1961 3001 2365 3073 Ecclesiamque
2392 3008 2755 3069 commissam,
2780 3009 2996 3065 Christo
3022 3027 3213 3067 secum
3235 3024 3526 3085 pugnante.

1961 3093 2029 3146 ab
2056 3092 2140 3148 his
2167 3101 2224 3148 et
2256 3096 2621 3166 hujuscemodi
2655 3100 2931 3155 erroribus
2964 3102 3254 3158 immunem
3286 3104 3531 3169 liberam-

1961 3200 2064 3253 que
2102 3186 2308 3241 reddat.
2353 3188 2505 3256 Quod
2535 3172 2753 3260 quidem
2781 3193 3011 3262 qualiter
3036 3195 3153 3264 ejus
3183 3196 3271 3265 pio
3300 3200 3532 3267 sagacis-

1964 3278 2208 3349 simoque
2236 3282 2414 3336 studio
2440 3290 2618 3338 actum
2652 3285 2753 3348 sit,
2773 3286 2825 3340 in
2857 3302 3111 3357 processu
3140 3287 3299 3357 hujus
3333 3291 3531 3361 operis,

1961 3370 2071 3424 Deo
2118 3383 2409 3437 annuente,
2456 3374 2676 3445 patebit.
2726 3377 2773 3430 ls
2828 3377 3009 3448 itaque
3061 3380 3127 3434 de
3182 3396 3290 3450 quo
3336 3383 3533 3452 agitur,

1959 3469 2181 3517 exortus
2206 3478 2272 3517 ex
2299 3465 2483 3520 eadem
2524 3464 2799 3537 Hispania,
2843 3468 3190 3541 ejusdemque
3236 3472 3427 3530 Felicis
3452 3477 3533 3530 di-

1962 3551 2249 3620 scipulatui
2283 3554 2352 3609 ab
2391 3555 2607 3613 ineunte
2650 3567 2808 3614 aetate
2850 3560 3143 3627 inhaerens,
3173 3579 3273 3633 per
3318 3567 3533 3637 aliquod

1965 3651 2178 3713 tempus
2204 3645 2258 3699 in
2306 3645 2507 3715 palatio
2536 3649 2817 3704 memorati
2863 3650 3231 3721 gloriosissimi
3278 3673 3343 3710 ac
3388 3672 3537 3712 sere-

1963 3733 2197 3799 nissimi,
2224 3735 2441 3806 Deoque
2476 3737 2725 3794 amabilis
2752 3740 2998 3809 Augusti,
3031 3744 3083 3797 in
3113 3743 3292 3800 cilicio
3316 3747 3537 3817 presby-

1965 3831 2169 3880 teratus
2217 3826 2486 3882 militavit.
2518 3829 2623 3884 Sed
2673 3839 2732 3884 ut
2764 3831 2991 3887 aliorum
3039 3833 3257 3889 utilitati
3288 3838 3534 3891 doctrina

1963 3918 2366 3986 praadicationis
2393 3920 2734 3991 evangelicae,
2766 3939 2885 3993 qua:
2931 3923 3004 3978 illi
3036 3924 3323 3980 admodum
3359 3928 3536 3982 inesse

1963 4006 2245 4062 videbatur
2274 4008 2596 4075 consuleret,
2646 4011 2816 4081 ipsius
2860 4013 3099 4082 piissimi.
3136 4015 3395 4087 principis
3428 4018 3536 4071 clr-

1963 4098 2164 4152 mentia
2200 4099 2395 4170 praesul
2421 4099 2772 4157 Taurineusis
2806 4104 3130 4172 subrogatus
3152 4114 3237 4160 est
3262 4106 3533 4163 Ecclesiir.

1965 4187 2079 4254 Qui
2109 4188 2235 4243 dum
2277 4206 2438 4261 super
2467 4207 2683 4263 gregem
2740 4194 2851 4249 sibi!
2887 4195 3151 4250 creditum
3190 4212 3288 4266 pro
3332 4198 3540 4254 viribus

1966 4279 2451 4348 superintenderct,
2476 4298 2706 4353 eumque
2726 4286 3131 4354 praedicationis
3147 4304 3259 4343 sum
3281 4288 3538 4345 instantia

1965 4368 2034 4423 ad
2083 4385 2323 4425 amorem
2377 4373 2615 4429 ett-testis
2670 4378 2879 4447 patriw,
2925 4389 3183 4453 quantum
3232 4380 3535 4447 videbatur,

1967 4466 2263 4521 accendent:
2305 4476 2606 4539 satageret,
2652 4472 2787 4527 vidit
2828 4488 2951 4529 eum
3005 4475 3148 4531 inter
3192 4487 3389 4533 czetera
3419 4493 3540 4548 qua:

1965 4557 2345 4614 emendatione
2367 4560 2529 4630 digna
2573 4564 2813 4633 gerebat,
2844 4569 3252 4638 superstitiose,
3283 4571 3391 4625 imo
3421 4588 3541 4641 per-

1967 4647 2205 4714 niciosze,
2242 4651 2534 4722 imaginum
2564 4654 2887 4723 adorationi,
2927 4675 3033 4730 qua
3073 4661 3362 4731 plurimum
3407 4679 3541 4717 non-

1961 4738 2091 4793 nulli
2134 4740 2346 4796 illarum
2384 4743 2621 4813 partium
2666 4746 2930 4815 laborant,
2975 4766 3040 4806 ex
3082 4753 3271 4808 inolita
3310 4769 3543 4809 consue-

1963 4830 2146 4886 tudine
2171 4832 2408 4888 deditum
2436 4850 2577 4891 esse.
2611 4836 2762 4893 Unde
2790 4839 3145 4897 immoderato
3170 4852 3224 4899 et
3250 4846 3543 4903 indiscreta

1966 4918 2082 4974 zelo
2125 4937 2437 4987 succensus,
2479 4942 2584 4982 non
2623 4929 2794 4984 solum
2839 4932 3079 5001 picturas
3118 4945 3427 4991 sanctarum
3460 4953 3545 4992 tc-

1968 5024 2086 5064 rum
2115 5021 2411 5082 gestarum,
2441 5031 2562 5085 qua:
2590 5032 2698 5072 non
2724 5020 2792 5074 ad
2828 5021 3183 5089 adorandmn,
3217 5027 3312 5081 sed
3340 5026 3540 5081 solum-

1974 5102 2137 5158 modo
2159 5106 2319 5177 (teste
2349 5108 2508 5162 beato
2536 5106 2820 5182 Gregorio)
2843 5114 2910 5167 ad
2937 5113 3279 5170 instruendas
3305 5115 3546 5171 nescien-

1975 5195 2107 5260 tium
2138 5204 2369 5261 mentes,
2406 5198 2460 5252 in
2489 5199 2737 5255 ecclesiis
2764 5202 2879 5257 suis
2919 5204 3224 5272 antiquitus
3252 5205 3365 5261 fieri
3414 5221 3541 5277 per-

1973 5287 2152 5342 missa:
2178 5296 2323 5350 sunt.
2356 5305 2541 5345 verum
2575 5292 2739 5347 etiam
2769 5309 2960 5350 cruces
2986 5296 3310 5360 materiales,
3348 5298 3547 5368 quibus

1970 5378 2042 5433 ob
2092 5378 2350 5435 honorem
2398 5389 2455 5435 et
2512 5383 2939 5440 recordationem
2997 5385 3378 5457 redemptionis
3436 5404 3548 5443 sum

1969 5478 2158 5526 sancta
2205 5473 2485 5527 consuevit
2528 5475 2606 5530 uti
2655 5475 2914 5542 Ecclesia,
2948 5494 2978 5532 a
3017 5480 3227 5533 cunctis
3274 5481 3546 5550 parochias

1968 5576 2080 5618 suae
2121 5563 2358 5620 basilicis
2391 5566 2589 5623 dicitur
2625 5568 2908 5633 delevisse.
2952 5572 3210 5629 evertisse
3246 5585 3300 5630 et
3328 5578 3542 5646 penitus

1970 5709 2064 5779 cst.
2085 5706 2143 5753 ut
2171 5699 2448 5779 scripserit
2490 5700 2728 5779 libellum
2756 5703 2903 5779 illum
2934 5705 3295 5779 impium,.qui
3322 5725 3385 5765 cx
3427 5710 3536 5765 hm-

1968 5769 2254 5844 retieonun
2284 5770 2491 5844 oliitjina
2523 5775 2718 5844 proiiit
2756 5775 2897 5831 illius
2923 5769 3137 5833 nomine
3165 5769 3363 5835 contra
3393 5783 3527 5835 inia-
3606 5806 3609 5811 ⁴

1968 5841 2144 5910 gincs,
2174 5855 2313 5897 anno
2346 5842 2498 5898 13w.
2526 5841 2536 5844 ⁷
3378 5860 3383 5863 ’
