4030 6190
541 350 639 405 5H

1575 344 1766 399 ,ΙΟΝᾸΞ
1809 345 2354 401 AURELIANE‘NSIS
2393 345 2691 400 EPISCOPI

3656 343 3762 396 519.

541 462 820 518 abdicasse
847 475 860 514 :
886 460 979 514 sed
1007 459 1128 527 quia
1155 474 1394 512 errorem
1432 460 1608 528 gregis
1632 461 1710 513 sui
1745 460 1951 514 ratione
1979 474 2097 514 cor-
2123 463 2170 521 Α
2199 473 2380 511 amore
2413 465 2760 524 provocatus,
2800 457 2971 509 eidem
3005 456 3244 519 Claudio,
3277 464 3334 508 ut
3360 456 3426 509 ab
3457 456 3539 510 his
3566 471 3624 511 se
3645 473 3774 525 quae.

542 553 718 622 rigere
760 543 1017 619 neglexit,
1065 555 1119 601 et
1165 563 1350 602 eorum
1406 550 1599 603 animis
1652 551 1960 603 scandalum
2009 563 2098 620 ge-

542 641 777 704 neravit,
805 645 859 692 et
905 638 957 691 in
1003 639 1082 692 sui
1125 639 1533 694 detestationem
1577 654 1670 694 eos
1707 639 2098 709 quodammodo

541 745 888 802 prorumpere
938 731 1131 800 coegit.
1186 730 1320 784 Nam
1367 731 1413 785 si
1461 731 1604 786 beati
1647 731 1894 802 Gregorii
1941 732 2102 786 dictis

542 823 608 876 ad
672 821 935 876 Serenum
996 821 1385 876 Massiliensem
1445 823 1752 892 episcopum
1819 823 2100 878 scribentis

540 913 854 969 obedienter
897 927 1108 982 parere,
1152 928 1252 967 nec
1295 928 1406 967 non
1437 921 1491 966 et
1528 913 1752 983 apostoli
1780 913 1927 967 Pauli
1958 912 2102 967 salu-

541 1003 659 1059 bria
691 1002 830 1059 facta
860 1004 1030 1072 sequi,
1055 1003 1331 1066 voluisset,
1363 1018 1702 1074 nequaquam
1731 1012 1843 1058 tam
1889 1005 2104 1059 irratio-

547 1095 714 1151 nabili
755 1096 898 1149 facto
919 1109 978 1149 se
1007 1095 1332 1164 prmcipitem
1381 1095 1631 1150 dedisset.
1683 1097 1836 1151 Sicut
1859 1097 2001 1152 enim
2037 1111 2102 1149 ex

543 1185 684 1241 libro
739 1183 968 1238 Actuum
1031 1184 1390 1254 apostolorum
1464 1185 1623 1256 (Cap.
1680 1187 1824 1254 xvu)
1911 1188 2102 1243 didici-

543 1291 696 1340 mus,
750 1283 910 1345 atque
970 1273 1217 1328 Historiae
1271 1275 1553 1344 tripartita:
1607 1278 1925 1332 auctoritate
1959 1278 2105 1346 _asti-

545 1365 765 1435 pulante
804 1365 1176 1434 cognoscimus
1205 1405 1218 1428 ,
1259 1380 1379 1419 cum
1447 1367 1685 1421 venisset
1736 1367 1872 1422 idem
1921 1369 2106 1422 beatus

546 1454 743 1509 Paulus
787 1453 1041 1517 Athenas,
1069 1464 1136 1508 et-
1170 1455 1440 1510 civitatem
1490 1456 1745 1526 repletam
1777 1457 1932 1513 idolis
1973 1473 2105 1514 con-

545 1546 832 1613 spexisset,
876 1559 998 1597 aras
1046 1545 1113 1597 ab
1160 1543 1265 1597 illis
1312 1545 1600 1599 honoratas
1654 1560 1760 1599 non
1807 1545 2106 1611 destruxit,

545 1635 640 1690 sed
688 1635 893 1688 ratione
939 1634 1294 1702 ignorantiam
1354 1636 1655 1705 redarguit,
1701 1637 1942 1692 veritatis
1987 1637 2108 1706 jura

545 1727 880 1781 monstravit.
923 1727 1126 1781 Dicitur
1149 1727 1311 1781 etiam
1349 1726 1625 1781 Claudium
1651 1729 1896 1784 eumdem
1925 1729 2111 1784 adver-

2201 550 2693 620 rcprehcnsibiliter
2719 550 2907 620 agebat
2934 558 2982 603 el
3023 549 3244 602 docebat
3268 558 3652 616 compesceret,
3680 549 3765 603 lit-

2195 642 2326 695 teris
2341 641 2602 694 charitate
2631 639 2840 694 refertis
2865 640 3101 693 man-lari
3125 640 3349 693 curavit.
3379 640 3470 693 llle
3496 657 3527 693 c
3549 651 3759 700 contra.

2199 730 2446 783 fraterna:
2493 729 2869 783 admonitionis
2918 729 3226 798 impatiens,
3269 729 3585 798 turbidoque
3623 731 3763 784 indi-

2197 821 2450 891 gnatione
2473 829 2762 888 permotus,
2797 834 2901 872 non
2930 818 3097 872 solum
3126 819 3178 871 in
3210 818 3355 872 illum
3377 817 3523 886 jnste
3552 835 3612 874 se
3647 822 3769 874 red-

2198 919 2536 978 arguentem,
2582 923 2767 962 verum
2802 907 2962 962 etiam
3013 907 3064 960 in
3105 921 3292 960 omnes
3338 917 3534 962 sanctae
3580 909 3772 962 catho-

2200 999 2314 1052 lica:
2335 1010 2389 1053 et
2435 999 2736 1068 apostolicae
2781 997 3030 1052 Ecclesia!
3068 997 3458 1052 sincerissimos
3508 998 3766 1062 cultores,

2199 1088 2424 1142 Galliam
2461 1087 2906 1156 Germaniamque
2941 1087 3230 1141 incolentes
3253 1128 3266 1148 ,
3303 1087 3622 1158 Christoque
3657 1089 3768 1142 Do-

2200 1180 2346 1233 mino
2381 1180 2722 1234 devotissime
2753 1180 3068 1245 militantes,
3095 1190 3148 1235 et
3177 1182 3244 1234 ab
3266 1181 3554 1250 imaginum
3581 1195 3774 1249 super-

2201 1274 2407 1328 stitiosa
2441 1273 2755 1330 adoratione
2793 1275 3073 1340 immunes,
3115 1275 3443 1330 diversarum
3482 1275 3774 1344 reprehen-

2202 1364 2410 1418 sionum
2455 1378 2519 1419 ac
2562 1365 3016 1434 vituperationum
3065 1365 3243 1434 jacula
3292 1366 3526 1429 intorsit,
3570 1381 3778 1434 eosque

2202 1462 2257 1508 et
2290 1454 2599 1510 idololatria:
2637 1457 3059 1524 abominatione,
3101 1467 3154 1514 et
3184 1459 3330 1515 falsze
3362 1459 3639 1530 religionis
3679 1476 3775 1514 su-

2203 1546 2552 1614 perstitione,
2581 1553 2636 1600 et
2681 1548 2978 1604 innumeris
3022 1549 3142 1604 aliis
3179 1549 3470 1605 sceleribus
3509 1550 3773 1613 irretitus,

2207 1636 2342 1688 sicut
2371 1642 2547 1690 textus
2564 1651 2778 1690 suarum
2810 1638 3106 1693 litteramm
3129 1639 3478 1704 demonstrat,
3501 1641 3780 1711 appellare

2209 1738 2314 1778 non
2344 1725 2576 1779 erubuit.
2609 1724 2760 1780 Unde
2790 1727 2975 1782 mirari
3002 1729 3133 1783 satis
3162 1729 3429 1783 hominem
3458 1745 3687 1800 nequeo,
3713 1739 3774 1784 ut

545 1831 638 1872 sus
668 1817 918 1886 reliquias
946 1825 1251 1872 sanctorum
1279 1833 1383 1872 non
1412 1818 1832 1898 contemnendas
1883 1819 1964 1889 (ut,
1991 1829 2116 1890 pote
2142 1815 2189 1874 B
2215 1813 2305 1883 qui
2335 1812 2666 1881 disciplinam
2689 1823 2834 1870 recte
2861 1815 3106 1885 loquendi
3132 1818 3322 1882 neScit,
3347 1833 3453 1872 non
3477 1819 3649 1873 solum
3679 1821 3777 1873 do—

547 1923 771 1977 quorum
797 1924 942 1963 mors
971 1910 1206 1978 pretiosa
1236 1910 1287 1963 in
1317 1919 1604 1978 conspectu
1639 1909 1872 1977 Domini,
1901 1925 2112 1966 eorum—

547 2013 653 2069 que
675 1999 938 2068 sepulcra,
970 2008 1029 2053 ut
1056 2016 1085 2054 a
1109 2001 1308 2056 sanctis
1329 1997 1578 2056 Patribus
1611 2001 1864 2056 traditum
1895 2010 1996 2067 est,
2020 2002 2114 2057 ho-

543 2088 806 2157 duranda)
849 2091 1090 2159 quaedam
1129 2091 1359 2144 nefanda
1403 2091 1811 2161 dogmatizasse,
1855 2103 1910 2147 et
1944 2108 2114 2162 usque

546 2197 691 2236 nunc
724 2181 1106 2252 dogmatizare.
1137 2183 1262 2249 Quae
1291 2185 1417 2239 licet
1450 2186 1617 2239 series
1647 2184 1948 2239 litterarum
1987 2201 2111 2239 sua-

546 2285 665 2324 rum
695 2271 974 2326 manifeste
996 2288 1100 2327 non
1129 2274 1342 2339 indicet,
1367 2287 1432 2328 ex
1456 2275 1538 2328 his
1565 2282 1741 2328 tamen
1771 2289 1888 2342 quae
1915 2272 2110 2337 innuit,

545 2369 602 2415 et
625 2377 690 2417 ex
715 2362 949 2417 veridica
975 2365 1328 2433 quorumdam
1369 2365 1603 2418 ﬁdelium
1639 2365 1929 2429 relatione,
1958 2365 2029 2418 ita
2058 2381 2116 2420 se

549 2467 666 2507 rem
710 2455 910 2510 habere
957 2455 1157 2525 liquido
1208 2456 1392 2511 claret.
1445 2456 1780 2527 Quapropter
1825 2457 2116 2512 verisimile

543 2542 755 2598 videtur
829 2545 984 2612 hujus
1065 2547 1248 2602 novitii
1325 2557 1522 2603 sancta:
1610 2547 1859 2603 Ecclesizc
1948 2550 2116 2604 hostis

549 2634 781 2688 animam
807 2650 873 2689 ex
893 2636 1118 2691 duorum
1141 2637 1420 2693 animabus
1439 2638 1737 2708 priscorum
1759 2648 2113 2708 compactam,

547 2735 708 2796 atque
753 2744 860 2783 uno
896 2730 1107 2799 corpori
1138 2731 1429 2799 indeptam,
1479 2731 1748 2802 Vigilantii
1788 2731 2036 2786 videlicet
2063 2741 2116 2786 et

547 2817 834 2884 Eustathii,
860 2821 973 2890 qui,
1004 2831 1061 2876 ut
1081 2821 1256 2876 verbis
1281 2823 1481 2877 Sedulii
1502 2833 1734 2881 utamur.
1753 2822 1911 2878 ambo
1935 2837 2119 2878 errore

546 2924 725 2980 pares,
761 2925 1066 2981 quanquam
1097 2920 1218 2967 sunt
1243 2913 1449 2968 diversa
1477 2913 1666 2968 secuti.
1708 2912 1856 2967 Licet
1885 2914 2027 2968 enim
2061 2915 2114 2967 in

544 2997 790 3068 plurimis
823 3001 891 3056 ab
937 3001 1195 3056 alterutro
1226 3002 1568 3066 desciverint,
1616 3003 1668 3056 in
1711 3002 2117 3057 contemnendis

547 3095 730 3141 tamen
767 3099 1072 3144 sanctorum
1113 3100 1406 3162 martyrum
1444 3092 1683 3162 reliquiis
1711 3108 2004 3162 eorumque
2026 3109 2112 3147 se-

2213 1918 2358 1966 cere,
2394 1918 2580 1958 verum
2603 1904 2764 1958 etiam
2801 1905 2935 1982 alios
2967 1908 3376 1977 reprehendere,
3402 1918 3475 1970 rt,
3505 1910 3647 1977 quod
3687 1909 3778 1963 his

2215 1993 2444 2064 ineptius
2471 2001 2584 2058 est,
2623 1995 2678 2049 in
2713 1998 3182 2066 reprehensionem
3209 2000 3500 2068 peritorum
3533 2002 3776 2054 virorum

2214 2085 2406 2141 librum
2450 2089 2849 2158 praesumpserit
2892 2105 3159 2145 evomere.
3192 2089 3385 2146 Verum
3413 2092 3514 2146 nisi
3553 2094 3621 2146 ob
3657 2091 3781 2159 ejus

2213 2191 2454 2232 errorem
2500 2178 2846 2233 vanissimam
2887 2177 3259 2246 refellendum,
3315 2191 3367 2238 et
3413 2184 3778 2252 quorumdam

2215 2267 2532 2335 simplicium
2557 2269 2922 2338 deceptionem
2944 2273 3256 2337 cavendam,
3285 2273 3529 2328 videlicet
3550 2290 3614 2328 ne
3632 2275 3782 2328 illius

2213 2359 2464 2439 pestifera
2508 2361 2749 2416 doctrina
2792 2377 2977 2416 eorum
3029 2364 3400 2432 quoquomodo
3449 2363 3782 2418 miserabilis

2216 2448 2367 2504 ﬁeret
2407 2451 2580 2515 ruina,
2619 2466 2951 2521 nequaquam
3003 2453 3141 2508 illius
3186 2454 3430 2522 imperita
3480 2455 3680 2523 scripta
3721 2456 3780 2508 in

2216 2539 2463 2595 manibus
2505 2540 2679 2595 forent
2723 2543 2999 2597 sumenda.
3047 2544 3307 2610 Quoniam
3363 2544 3408 2597 si
3459 2545 3527 2598 ab
3554 2545 3638 2599 his
3683 2546 3781 2614 qui

2217 2627 2478 2683 litteraria
2510 2640 2626 2684 arte
2653 2629 2838 2685 imbuti
2871 2641 2994 2686 sunt
3025 2633 3109 2686 vel
3141 2634 3371 2688 tenuiter
3395 2633 3779 2698 discutiantur,

2215 2732 2349 2787 pene
2379 2719 2508 2772 nihil
2548 2721 2598 2774 in
2629 2721 2708 2775 eis
2741 2722 3005 2791 reperitur
3028 2739 3133 2793 quo
3157 2738 3247 2778 ars
3272 2733 3418 2778 recte
3453 2723 3701 2793 loquendi
3725 2735 3786 2776 et

2215 2808 2483 2864 scribendi
2522 2826 2628 2865 non
2657 2810 2991 2877 offendatur,
3020 2815 3256 2884 exceptis
3286 2814 3370 2868 his
3396 2830 3514 2884 qua:
3543 2814 3606 2869 de
3639 2814 3781 2866 alio-

2216 2913 2332 2952 rum
2374 2901 2643 2970 opusculis
2681 2901 2861 2957 furtim
2898 2905 3179 2974 subripuit,
3214 2913 3268 2960 et
3296 2905 3611 2975 quibusdam
3653 2905 3782 2958 sub-

2215 2992 2400 3046 tractis
2430 3000 2588 3060 atque
2621 2995 2866 3059 mutatis,
2897 2995 3260 3064 compilatoris
3302 3011 3430 3050 usus
3467 2994 3642 3050 oliicio
3665 3036 3678 3058 ,
3717 3005 3779 3048 ut

2216 3100 2341 3149 sua,
2375 3100 2473 3139 suo
2502 3085 2727 3140 inseruit
2765 3087 2932 3155 Operi.
2966 3087 3157 3140 Fertur
3187 3087 3389 3141 interea
3427 3087 3480 3140 in
3517 3087 3773 3156 suggilla-

549 3183 749 3252 puleris
777 3185 1192 3251 dehonorandis,
1223 3196 1278 3240 et
1302 3186 1568 3240 nonnullis
1597 3186 1975 3242 ecclesiasticis
2001 3195 2112 3242 tra-

2221 3173 2417 3228 tionem
2459 3173 2694 3242 ejusdem
2733 3176 2941 3230 abbatis
2981 3175 3250 3245 totiusque
3274 3176 3565 3231 Gallicantc
3594 3177 3784 3231 Eccle-

550 3273 846 3330 ditionibus
865 3277 1340 3346 reprehendendis,
1377 3294 1540 3332 unum
1563 3279 1968 3348 perversissime
1996 3294 2117 3334 sen-

551 3371 760 3419 serunt.
807 3364 1042 3431 Quorum
1081 3365 1300 3420 alterius
1327 3381 1482 3421 error
1521 3381 1550 3420 a
1586 3368 1740 3422 beato
1772 3367 2113 3437 Hieronymo,

551 3461 750 3508 sanctm
779 3454 868 3509 Dei
895 3454 1147 3510 Ecclesiae
1174 3456 1372 3511 eximio
1400 3457 1636 3521 doctore,
1676 3457 2023 3527 veritatisque
2058 3457 2117 3511 fi-

551 3545 824 3601 delissimo
844 3557 1131 3607 assertore,
1155 3557 1209 3601 et
1231 3547 1411 3602 vesani
1436 3549 1634 3602 erroris
1652 3548 2117 3617 experientissimo

552 3649 919 3702 exsecratore,
972 3649 1190 3695 strenue
1239 3650 1560 3710 superatus;
1624 3637 1843 3697 alterius
1886 3656 2016 3696 vero
2063 3643 2116 3697 in

464 3748 471 3754 '
551 3729 850 3800 Gangrensi
897 3731 1125 3786 concilio
1172 3740 1428 3802 perpetuo
1471 3733 1810 3786 anathemate
1846 3748 1878 3786 a
1917 3734 2117 3788 sanctis

550 3819 802 3876 Patribus
827 3830 910 3877 est
938 3822 1259 3878 destructus.
1293 3823 1520 3879 Necesse
1552 3832 1782 3895 estergo
1805 3832 1862 3877 ut
1889 3825 2116 3894 quicun-

551 3925 658 3980 que
690 3911 1053 3980 hujuscemodi
1087 3913 1462 3967 damnatorum
1503 3927 1715 3968 errores
1756 3913 2016 3979 imitatur,
2065 3922 2119 3968 et

552 4002 810 4056 canonica
837 4002 1152 4057 auctoritate
1176 4001 1530 4072 pereellatur,
1560 4011 1615 4056 et
1641 4017 1827 4057 eorum
1861 4012 2120 4072 perpetuo

552 4092 879 4145 anathemati
910 4092 1162 4147 societur.
1193 4092 1243 4147 Is
1272 4092 1466 4162 quippe
1493 4093 1559 4147 de
1593 4107 1700 4161 quo
1726 4092 1965 4163 agimus,
1995 4093 2119 4161 quia

551 4197 657 4236 non
679 4182 992 4252 simpliciter
1011 4183 1269 4254 graditur,
1295 4183 1388 4236 sed
1412 4197 1440 4235 a
1460 4191 1606 4237 recto
1623 4182 1834 4236 tramite
1845 4182 2116 4246 aberrans,

551 4283 860 4329 sanctorum
889 4274 1106 4336 Patrum
1138 4271 1674 4342 terminosjactanter
1703 4273 2117 4342 transgreditur,

551 4379 658 4417 non
711 4362 943 4427 frustra,
999 4365 1084 4419 sed
1134 4364 1389 4433 quodam,
1434 4373 1493 4418 ut
1533 4363 1787 4428 creditur,
1843 4363 2118 4428 vaticinia,

551 4451 760 4507 Claudii
805 4453 1026 4508 sortitus
1068 4463 1151 4508 est
1194 4467 1410 4513 nomen.
1457 4452 1758 4520 Quoniam,
1811 4469 2116 4523 quanquam

553 4541 793 4612 magistri
825 4543 907 4598 sui
952 4541 1116 4612 (quod
1154 4543 1246 4611 qui
1285 4557 1382 4597 nos
1418 4542 1556 4612 regit
1579 4543 1734 4614 longe
1763 4543 1978 4614 faciat!)
2009 4558 2114 4597 non

551 4633 798 4687 videatur
846 4645 1028 4703 aperte
1081 4637 1232 4704 sequi
1279 4650 1538 4700 errorem,
1574 4636 1627 4690 in
1658 4651 1723 4690 eo
1762 4643 1940 4690 tamen
1977 4635 2118 4704 quod

553 4722 930 4778 ecclesiasticae
964 4723 1272 4778 auctoritati
1309 4724 1658 4786 claudicando
1692 4725 1960 4780 contraire
1989 4723 2116 4778 niti-

553 4822 662 4878 tur,
683 4827 788 4866 non
811 4811 1076 4866 immerito
1105 4827 1295 4867 nomen
1323 4811 1528 4868 Claudii
1554 4813 1796 4877 sortitur,
1827 4827 2120 4880 eorumque

552 4915 776 4955 numero
797 4899 920 4970 jure
964 4901 1245 4956 asciscitur
1271 4902 1338 4956 de
1363 4904 1558 4972 quibus
1596 4902 1878 4958 Psalmista
1919 4921 1931 4954 :
1969 4899 2117 4965 Filii,

553 4989 751 5060 inquit,
781 4989 938 5044 alieni
966 4992 1164 5044 mentiti
1206 5002 1326 5045 sunt
1361 4991 1518 5056 mihi,
1543 4991 1640 5060 ﬁlii
1665 4991 1823 5045 alieni
1853 4991 2118 5044 inveterati

552 5089 704 5145 sunt,
753 5089 800 5132 et
845 5079 1264 5134 claudicarerunt
1300 5099 1333 5134 a
1373 5083 1570 5136 semitis
1595 5084 1704 5135 suis
1746 5079 1918 5152 (Psal.
1961 5081 2114 5150 xvu).

554 5172 781 5238 Quidam
806 5187 934 5226 sane
953 5183 1147 5226 sancta:
1174 5173 1446 5242 religionis
1467 5175 1739 5244 preposito
1762 5176 2117 5236 venerandus.

555 5273 610 5317 et
647 5264 926 5316 honestate
965 5261 1084 5315 vita:
1119 5262 1442 5328 imitandus,
1470 5264 1755 5334 debitoque
1781 5264 1983 5320 honore
2019 5283 2118 5318 no-

558 5352 861 5414 minandus,
900 5350 1288 5407 Theodemirus
1332 5354 1489 5408 Pater
1527 5355 1934 5416 monachorum,
1980 5371 2120 5410 nunc

551 5439 662 5507 jam
688 5443 844 5494 rebus
869 5441 1116 5494 humanis
1137 5451 1438 5511 exemptus,
1465 5457 1583 5496 cum
1607 5442 1720 5509 jam
1743 5443 1894 5512 longe
1911 5443 2120 5513 lateque

511 5511 518 5520 ’
559 5531 699 5582 fama
731 5529 1097 5584 crebrescente
1118 5570 1132 5593 ,
1179 5530 1246 5582 ah
1291 5530 1478 5584 eodem
1510 5530 1732 5584 Claudio
1767 5511 1887 5584 talia
1919 5511 2045 5599 geri
2069 5541 2123 5583 rt

561 5621 837 5686 praedicari
881 5631 1071 5676 contra
1117 5623 1492 5676 auctoritatem
1526 5623 1943 5678 ecclesiasticam
1986 5623 2122 5677 didi-
2174 5646 2176 5648 τ

559 5713 741 5768 cisset.
789 5715 1068 5770 charitatis
1121 5715 1297 5771 officio
1352 5717 1558 5780 dttctus,
1610 5725 1662 5769 et
1727 5716 1895 5771 unica:
1950 5718 2119 5785 gentis

1033 5823 1050 5847 I

2214 3265 2326 3330 sim,
2365 3273 2526 3320 tanta:
2544 3251 2875 3336 prolixitatis.
2891 3267 3188 3322 evomuisse
3208 3267 3465 3332 libellum,
3493 3277 3552 3322 ut
3573 3269 3786 3338 magni—

2215 3357 2398 3411 tudine
2426 3371 2523 3410 sua
2555 3357 2941 3428 quinquagenis
2970 3357 3189 3427 psalmis
3215 3359 3524 3414 Davidicum
3555 3375 3782 3429 supera-

2214 3445 2354 3499 verit
2373 3443 2713 3511 Psalterium,
2734 3446 2800 3501 de
2819 3461 2925 3516 quo
2947 3448 3164 3501 nonnisi
3185 3448 3449 3517 quoddam
3465 3458 3782 3518 excerptum

2215 3537 2270 3592 in
2298 3553 2486 3592 manus
2514 3540 2794 3608 parvitatis
2831 3549 3028 3594 nostra:
3051 3550 3133 3596 cst
3169 3542 3455 3612 perlatum,
3497 3543 3652 3613 cujus
3681 3544 3783 3599 hoc

2215 3638 2299 3685 est
2340 3632 2618 3686 exordium
2658 3650 2672 3686 :
2721 3633 2956 3688 Trruws
3001 3649 3162 3688 unm.
3195 3634 3584 3705 Apologcticum
3633 3647 3787 3706 atque

2216 3721 2544 3780 Rescrivtum
2577 3722 2784 3778 Claudii
2830 3725 3055 3794 cpfscopi
3088 3725 3332 3778 adversus
3384 3723 3782 3780 Theodemirum

2217 3809 2472 3864 abbatem.
3104 3878 3111 3885 .

2287 3900 2456 3968 Quam
2488 3903 2872 3957 absurdissima
2901 3913 2954 3957 et
2991 3904 3294 3971 ridiculosa,
3337 3917 3607 3973 quamque
3641 3905 3783 3957 auri-

2217 3989 2317 4045 bus
2338 3990 2576 4045 virorum
2598 3992 2890 4061 peritorum
2910 3993 3044 4048 tituli
3074 3994 3226 4049 istius
3253 3995 3325 4049 sit
3357 3993 3636 4049 fastidiosa
3657 4010 3783 4048 con-

2218 4083 2460 4147 structio,
2519 4083 2754 4152 ipsorum
2797 4097 3084 4153 puerorum
3123 4087 3213 4155 qui
3255 4087 3430 4141 adhuc
3471 4085 3786 4157 liberalibus

2220 4170 2498 4226 initiantur
2531 4173 2846 4244 disciplinis,
2873 4175 3027 4230 facile
3053 4186 3341 4247 aperteque
3376 4185 3550 4246 potest
3567 4178 3784 4246 probari

2210 4258 2434 4327 ju'dicio.
2487 4261 2594 4318 Sed
2635 4263 2832 4320 idcirco
2867 4273 3028 4320 certa:
3070 4280 3310 4334 personae
3361 4265 3596 4335 ejusdem
3645 4267 3787 4320 tituli

2220 4353 2570 4408 rusticitatem
2587 4363 2834 4423 patenter
2857 4371 2960 4410 non
2983 4357 3360 4422 adscribimus,
3375 4358 3498 4426 quia
3521 4358 3785 4411 incertum

2221 4441 2447 4494 habetur
2483 4450 2661 4496 utrum
2689 4445 2934 4499 dictatori
2979 4461 3044 4500 an
3085 4445 3355 4516 scriptori,
3396 4446 3478 4502 vel
3514 4458 3663 4502 certe
3691 4463 3789 4502 ex—

2223 4531 2457 4600 ceptori,
2507 4533 2822 4589 ascribenda
2876 4536 2965 4589 sit.
3012 4537 3093 4590 Ad
3135 4538 3415 4604 sequentia
3461 4551 3611 4606 ergo,
3663 4553 3790 4607 qua:

2223 4621 2439 4692 propria
2465 4630 2574 4688 tua,
2597 4639 2630 4678 ο
2665 4624 2870 4689 Claudi,
2901 4641 3020 4680 esse
3040 4641 3141 4679 non
3165 4626 3502 4696 ambigimus,
3541 4637 3788 4697 apostro-

2224 4712 2361 4781 phen
2386 4712 2630 4774 facimus,
2655 4722 2833 4769 etnon
2860 4715 2926 4780 de
2951 4715 3034 4770 his
3062 4730 3181 4784 qua:
3210 4715 3261 4768 in
3289 4716 3475 4770 eodem
3501 4731 3667 4785 opere
3697 4727 3790 4770 tuo

2223 4813 2474 4873 perverse
2509 4806 2771 4874 scripsisti
2811 4821 2932 4860 cum
2955 4807 3074 4861 aliis
3093 4847 3108 4872 ,
3150 4809 3245 4862 sed
3271 4808 3441 4878 magis
3467 4816 3644 4863 tecum
3673 4825 3792 4863 ma-

2224 4910 2350 4948 num
2371 4895 2614 4950 volumus
2643 4911 2948 4950 conserere.
2977 4897 3072 4952 Ais
3107 4914 3340 4969 namque
3371 4908 3558 4953 contra
3582 4915 3792 4954 memo-

2221 4995 2395 5040 ratum
2427 4987 2838 5041 Theodemirum
2864 4989 3222 5044 venerabilem
3259 4990 3506 5044 abbatem
3531 5007 3545 5042 :

2297 5097 2314 5126 ι
2358 5076 2649 5146 Epistolam
2677 5086 2845 5141 tuam,
2877 5093 2998 5133 cum
3034 5078 3300 5146 adjunctis
3327 5093 3488 5148 super
3514 5079 3786 5148 capitulis,

2229 5188 2246 5218 ι
2293 5169 2501 5238 plenam
2529 5169 2840 5239 garrulitate
2863 5177 3023 5239 atque
3042 5169 3354 5232 stoliditate,
3381 5185 3475 5239 per
3499 5170 3786 5238 quemdam

2229 5278 2246 5309 ι
2295 5260 2474 5330 accepi
2523 5260 2780 5314 rusticum
2821 5261 3262 5330 portitorem,-in
3301 5261 3496 5327 quibus
3542 5257 3790 5328 capitulis

2229 5370 2246 5402 c
2292 5350 2574 5404 denuntias
2605 5359 2656 5406 te
2685 5351 2979 5414 turbatum,
3025 5351 3095 5404 ita
3126 5351 3373 5419 inquiens
3395 5390 3410 5415 ,
3436 5364 3501 5404 eo
3527 5351 3670 5418 quod
3699 5364 3791 5402 ru-

2230 5461 2246 5487 ‹
2296 5457 2413 5495 mor
2441 5442 2633 5495 abierit
2675 5456 2740 5495 ex
2789 5441 2935 5495 Italia
2973 5442 3040 5495 de
3082 5456 3166 5495 me
3203 5455 3298 5509 per
3338 5457 3527 5495 omnes
3563 5439 3787 5502 Gallias,

2231 5562 2246 5580 .
2295 5548 2460 5600 usque
2483 5531 2548 5584 ad
2579 5533 2736 5586 finem
2764 5531 3046 5601 Hispaniae,
3081 5533 3235 5600 quasi
3257 5547 3357 5600 ego
3376 5541 3576 5585 sectam
3599 5544 3790 5598 quam—

2232 5645 2247 5673 ι
2293 5624 2412 5677 dam
2434 5638 2628 5676 novam
2657 5623 3053 5691 prmdicaverim
3078 5632 3265 5676 contra
3289 5621 3526 5689 regulam
3557 5619 3675 5673 lidei
3697 5635 3790 5672 ca-

2235 5739 2248 5763 ι
2292 5716 2517 5775 tholiccc,
2543 5714 2684 5782 quod
2714 5714 2930 5768 omnino
2953 5713 3294 5768 falsissimum)
3323 5722 3424 5766 est.
3465 5733 3482 5763 ι
3517 5712 3644 5766 Esto
3673 5711 3790 5764 ha-c
