4030 6190
351 273 465 330 διδ

1368 236 1498 331 ὐε
1533 272 1761 331 CULTU
1798 272 2156 331 IMAGINUM.
2199 306 2260 316 —
2298 274 2423 331 Lm.
2462 277 2500 334 ι.

3463 289 3568 354 514

351 386 687 459 apologetice
707 386 1063 444 Theodemiro
1089 390 1267 446 abbati
1292 390 1594 460 scripseris,
1629 406 1725 445 cur
1753 405 1782 442 a
1812 404 1913 444 caa-
1936 397 1982 450 A
2012 403 2158 451 num,
2182 362 2353 443 bonus
2372 390 2622 446 seductor
2643 400 2726 448 est
2750 410 2765 460 ;
2788 394 2833 449 si
2859 411 2890 450 a
2909 395 3050 453 bono
3073 400 3140 455 ad
3155 400 3372 468 malum,
3396 404 3566 460 malus

351 488 591 535 tererem
618 479 865 544 lmsione,
900 480 1334 549 intemperantior
1359 481 1595 537 insontes
1625 482 1790 536 nzevis
1823 482 1906 535 in-

349 569 468 624 ficis
496 568 782 625 falsitatis?
812 570 947 624 Nam
980 570 1028 625 si
1057 570 1342 641 diligenter
1372 572 1559 626 eadem
1590 572 1791 639 scripta
1818 579 1909 626 tua

349 661 727 717 animadversa
774 658 995 726 fuerint,
1042 662 1228 731 procul
1269 662 1431 717 dubio
1483 678 1590 718 non
1636 661 1805 718 solum
1854 662 1907 716 in

348 752 597 806 eumdem
624 751 1034 807 Theodemirum
1054 752 1325 818 abbatem,
1350 753 1443 808 sed
1465 752 1629 808 etiam
1651 752 1703 807 in
1720 753 1742 806 Ι
1752 752 1905 815 talos,

345 852 404 898 et
424 842 628 908 Gallos,
654 851 815 913 atque
839 843 1140 899 Germanos
1156 884 1173 909 ,
1197 858 1462 901 venenum
1481 844 1621 914 quod
1640 843 1909 898 lethaliter

344 933 566 1002 potasti,
590 934 775 1003 utique
804 932 1075 988 lethaliter
1095 941 1369 990 eructasse
1389 932 1691 1003 reperieris.
1726 931 1906 986 Enim-

344 1036 475 1076 vero
501 1022 547 1076 si
571 1037 668 1091 per
687 1021 895 1092 singula
912 1029 1372 1077 monstruosorum
1393 1021 1673 1076 verborum
1692 1028 1904 1075 tuorum

342 1113 775 1170 constructiones
810 1112 1250 1183 reprehendendo
1269 1112 1534 1168 discutere
1561 1112 1919 1182 coeperimus,

342 1206 519 1273 magni
547 1205 653 1260 erit
686 1205 863 1274 operis
893 1204 1200 1270 exsecutio,
1228 1204 1620 1275 opportunique
1649 1203 1903 1274 temporis

338 1311 672 1364 supervacua
717 1296 995 1366 impensio,
1041 1310 1176 1365 quas
1228 1295 1443 1350 lectoris
1488 1294 1904 1364 prudentissimo

332 1386 540 1456 judicio
584 1398 821 1455 tempore
862 1400 960 1441 suo
1005 1385 1470 1454 reprehendendas
1518 1384 1899 1455 relinquentes,

338 1491 498 1546 quem
532 1490 751 1531 sensum
786 1484 964 1532 textus
1008 1476 1308 1531 litterarum
1347 1484 1556 1531 tuarum
1594 1476 1899 1541 contineat,

334 1581 431 1633 pro
484 1573 642 1634 captu
697 1565 1062 1636 intelligentia:
1107 1573 1308 1621 nostra:
1354 1565 1584 1620 scrutari
1637 1565 1913 1620 nitamur.‘

336 1658 551 1714 Videris
572 1659 751 1727 itaque
767 1659 996 1728 primum
1028 1659 1082 1713 in
1109 1658 1421 1714 earumdem
1445 1658 1745 1713 litterarum
1772 1667 1894 1713 tua-

2011 476 2260 531 seductor
2285 487 2387 533 est.
2425 479 2482 533 Si
2518 481 2649 534 tanti
2675 483 2794 549 viri,
2829 499 2863 539 o
2890 485 3109 553 Claudi,
3149 490 3287 545 dicta
3318 500 3443 546 nota
3469 493 3564 547 tibi

2009 564 2266 631 fuissent,
2296 582 2401 621 non
2429 574 2538 622 tam
2574 565 2996 641 praacipitanter,
3025 587 3211 647 aperto
3237 594 3330 635 ore
3361 576 3579 650 spumoJ

2007 655 2186 725 sisque
2217 656 2373 713 labiis
2397 660 2732 715 seductorem
2768 663 3103 722 solummodo
3133 668 3184 722 in
3214 671 3408 724 malam
3443 687 3567 741 par-

2006 750 2113 797 tem
2142 746 2429 815 posuisses.
2453 745 2788 818 Quapropter
2806 752 2930 821 quia
2953 764 3166 810 constat
3186 773 3283 813 nos
3304 761 3581 815 veraeiter'

2005 841 2165 902 caput
2204 843 2445 889 nostrum
2485 836 2789 904 Christum,
2822 854 2929 894 non
2958 849 3018 895 ut
3060 845 3297 899 membra
3347 848 3564 914 diaboli,

2003 922 2145 977 sicut
2190 924 2481 993 scripsisti,
2531 929 2624 983 sed
2678 944 2799 984 eum
2850 932 3041 1003 magis,
3096 943 3156 988 ut
3204 935 3344 992 illius
3390 938 3563 993 fidelia

2004 1014 2263 1079 membra,
2290 1014 2488 1071 bonum
2509 1018 2840 1074 seductorem
2864 1023 3103 1088 credere,
3132 1033 3183 1077 et
3205 1027 3561 1097 proclamare,

2000 1119 2055 1167 et
2084 1112 2378 1180 prmdicare
2408 1131 2421 1168 :
2454 1114 2640 1185 procul
2683 1116 2844 1172 dubio
2886 1119 3249 1189 aequissimum
3287 1131 3371 1177 est
3424 1126 3564 1193 quod

2002 1206 2113 1252 tam
2160 1197 2472 1257 detestabile
2519 1203 2707 1258 vitium
2746 1221 2853 1260 non
2887 1209 3215 1274 exsecranti,
3265 1212 3356 1266 sed
3388 1213 3564 1282 potius

2002 1286 2287 1344 inﬁdeliter
2321 1288 2607 1359 jaculanti,
2661 1293 3036 1351 ascribendum
3068 1299 3158 1353 sit.
3207 1297 3461 1370 Sequitur
3507 1302 3569 1358 in‘
3616 1284 3619 1289 ’

2001 1380 2187 1435 eodem
2204 1395 2365 1451 opere
2388 1392 2480 1439 tuo
2507 1401 2521 1440 :

2075 1487 2093 1519 ι
2135 1470 2246 1542 Ego
2267 1472 2429 1537 enim,
2458 1473 2655 1544 inquis,
2693 1490 2797 1530 non
2823 1472 3026 1533 sectam
3055 1479 3240 1547 doceo,
3264 1484 3355 1552 qui
3384 1483 3563 1538 imita-

2004 1577 2023 1610 ι
2070 1570 2175 1614 tem
2207 1570 2393 1627 teneo,
2430 1571 2483 1617 et
2516 1564 2795 1620 veritatem
2824 1568 3117 1638 proclamo,
3158 1572 3251 1626 sed
3278 1582 3473 1638 sectas,
3508 1582 3565 1629 et

2003 1670 2023 1701 α
2064 1652 2385 1719 schismata,
2423 1662 2478 1709 et
2518 1657 2948 1725 superstitiones,
2995 1669 3156 1731 atque
3206 1656 3439 1721 hzereses
3482 1666 3559 1721 in-

334 1762 457 1802 rum
475 1747 699 1803 exordio
717 1747 1059 1817 impatientia:
1084 1756 1140 1803 et
1159 1747 1392 1803 levitatis
1413 1756 1572 1818 atque
1603 1748 1896 1803 iracundiae
1922 1743 1969 1802 B
2000 1760 2019 1795 ι
2064 1751 2320 1814 Quantum
2350 1745 2491 1801 valui
2517 1749 2829 1816 compressi,
2866 1752 3130 1819 contrivi,
3160 1757 3480 1826 expugnavi,
3505 1767 3563 1813 et

330 1839 669 1910 arguendus,
697 1854 764 1893 eo
802 1839 944 1908 quod
975 1837 1224 1894 fraternae
1257 1838 1556 1894 dilectionis
1592 1839 1893 1901 immemor,

326 1930 630 2000 postposita
667 1930 941 1984 moderata
980 1930 1216 1984 dictione
1254 1937 1310 1984 et
1344 1929 1607 2000 gravitate
1644 1927 1897 1983 sacerdo-

328 2018 455 2082 tali,
506 2019 607 2073 tibi
647 2019 998 2073 amicabiliter
1048 2017 1487 2087 familiariterque
1531 2018 1894 2082 scribentem,

327 2109 531 2182 garruli
540 2109 665 2163 tatis
675 2118 729 2164 et
744 2109 1050 2165 stoliditatis
1063 2108 1234 2180 elogio
1246 2108 1600 2165 denotaveris.
1617 2107 1710 2163 Ais
1730 2108 1895 2164 etiam

326 2209 446 2270 post
473 2215 651 2268 pauca
688 2218 703 2254 :
1068 2250 1072 2254 Α

400 2309 420 2340 α
465 2288 578 2344 Nec
598 2288 793 2344 mirum
810 2297 892 2344 est
915 2290 960 2343 si
983 2288 1049 2343 de
1074 2304 1156 2343 me
1178 2289 1280 2344 ista
1301 2288 1483 2344 dixere
1502 2287 1701 2344 diaboli
1726 2304 1894 2345 mem-

330 2401 350 2432 ο
390 2384 513 2447 bra,
547 2383 640 2452 qui
681 2383 855 2453 ipsum
898 2390 1057 2452 caput
1098 2390 1339 2437 nostrum
1372 2390 1428 2435 et
1466 2381 1804 2436 seductorem
1839 2390 1895 2436 et

329 2489 348 2521 ο
390 2471 783 2526 dremoniacum
816 2471 1300 2541 proclamaverunt.
1352 2491 1370 2522 ι
1405 2469 1550 2537 Quos
1574 2470 1757 2540 itaque
1789 2468 1893 2527 hoc

325 2560 440 2615 loco
491 2561 692 2615 diaboli
735 2562 998 2624 membra,
1042 2561 1134 2629 qui
1175 2558 1346 2631 ipsum
1377 2569 1536 2631 caput
1570 2570 1811 2616 nostrum
1836 2568 1893 2616 et

323 2653 665 2708 seductorem
703 2663 758 2709 et
789 2654 1169 2709 dzemoniacum
1198 2652 1671 2723 proclamaverint,
1703 2651 1891 2709 solutis

322 2743 708 2800 moderationis
740 2743 994 2809 habenis,
1033 2744 1258 2807 vocitas,
1289 2743 1388 2798 nisi
1415 2742 1614 2807 Gallos,
1656 2743 1723 2799 ad
1755 2758 1890 2814 quos

323 2834 571 2902 superius
592 2842 741 2888 tuum
769 2848 1038 2888 rumorem
1064 2834 1395 2903 pervenisse,
1416 2843 1470 2889 et
1492 2836 1546 2889 in
1567 2835 1891 2905 subsequen-

325 2924 466 2978 tibus
493 2940 590 2979 ora
625 2939 718 2979 sua
745 2924 811 2977 al
842 2932 892 2978 te
922 2924 1397 2995 blasphemandqu
1431 2925 1641 2997 aperire
1670 2926 1889 2997 scripsi-

320 3013 426 3067 sti?
454 3012 610 3068 Unde
640 3014 909 3084 patienter
940 3022 993 3070 te
1020 3015 1291 3086 interrogo
1315 3016 1532 3088 quinam
1567 3016 1747 3086 potius
1766 3017 1884 3071 dia-

2000 1849 2020 1884 ι
2061 1845 2369 1905 expugnare
2410 1835 2463 1889 in
2488 1846 2747 1906 quantum
2769 1838 3209 1912 valeo,-prorsus
3254 1845 3364 1901 Deo
3411 1847 3562 1902 auxi-

1999 1942 2018 1976 ι
2063 1922 2366 1991 liante,non
2389 1941 2563 1983 cesso.
2596 1948 2614 1981 ι
2643 1927 2820 1984 Mirari
2849 1932 2986 1985 satis
3007 1948 3233 2003 nequeo,
3255 1949 3559 2005 quanquam

1990 2019 2125 2074 artis
2152 2020 2518 2090 grammaticae
2554 2021 2821 2093 ignarum,
2853 2002 3123 2093 utcunque
3150 2002 3327 2081 tamen
3348 2002 3559 2083 exerci-

1994 2114 2162 2163 tatum
2197 2108 2251 2162 in
2278 2109 2472 2166 divinis
2496 2100 2799 2181 Scripturis
2821 2127 3033 2168 sensum
3064 2113 3376 2182 habentem,
3408 2125 3557 2172 tanta

1988 2199 2252 2256 oblivione
2280 2211 2522 2272 captum,
2552 2210 2613 2258 ut
2637 2211 2691 2258 te
2726 2218 2889 2274 neges
2919 2212 3121 2261 sectam
3159 2208 3352 2264 docere
3371 2216 3427 2265 et
3446 2210 3560 2265 uni-

1991 2294 2154 2343 tatem
2186 2288 2490 2358 prolitearis
2518 2302 2719 2359 tenere,
2759 2301 2814 2348 et
2852 2294 3130 2351 veritatem
3172 2297 3507 2366 proclamare
3536 2316 3551 2354 :

1989 2393 2112 2433 cum
2145 2380 2327 2451 utique
2356 2371 2674 2452 praedicator
2717 2383 2917 2441 Christi
2945 2388 3003 2442 et
3039 2396 3245 2442 sectam
3270 2388 3461 2445 docere
3499 2399 3557 2445 et

1987 2466 2246 2524 unitatem
2294 2470 2569 2533 catholica:
2610 2472 2731 2529 ﬁdei
2761 2483 2944 2531 tenere
2976 2482 3034 2530 et
3072 2475 3354 2531 veritatem
3387 2477 3557 2548 possit

1984 2558 2296 2629 praedicare.
2335 2559 2483 2616 Illam
2531 2572 2732 2619 sectam
2770 2565 3033 2629 dicimus,
3068 2554 3381 2634 quae'ﬁnem
3431 2567 3555 2622 boni

1987 2657 2243 2704 sectatur.
2306 2651 2455 2707 Unde
2497 2652 2576 2707 ait
2623 2654 2812 2709 beatus
2856 2653 3187 2725 Augustinus
3222 2656 3278 2711 in
3321 2655 3457 2710 libro
3489 2657 3557 2712 de

1985 2741 2214 2799 Civitate
2237 2744 2329 2799 Dei
2355 2742 2491 2816 (Lib.
2525 2761 2601 2811 rx,
2625 2734 2741 2813 cap.
2774 2746 2827 2817 1)
2859 2766 2871 2801 :
2900 2746 3057 2803 Nulla
3088 2757 3173 2804 est
3197 2748 3361 2819 igitur
3390 2763 3551 2803 causa

1985 2834 2423 2905 philosophandi,
2468 2836 2572 2892 nisi
2620 2836 2742 2893 finis
2788 2838 2933 2893 boni.
2994 2839 3387 2907 Quamobrem,
3433 2854 3552 2908 qum

1988 2924 2193 2979 nullum
2217 2926 2341 2981 boni
2366 2926 2526 2981 ﬁnem
2565 2935 2801 2983 sectatur
2820 2969 2835 2994 ,
2867 2928 3007 2982 nulla
3036 2929 3383 2999 philosophia:
3405 2938 3551 2983 secta

1987 3011 2212 3067 dicenda
2247 3022 2350 3068 est.
2382 3011 2523 3067 ltem'
2558 3014 2698 3071 idem
2741 3016 2899 3086 paulo
2939 3024 3059 3086 post
3090 3032 3105 3070 :
3140 3015 3370 3071 Proinde
3420 3032 3552 3088 quo—

318 3103 423 3159 boli
453 3081 694 3159 membra
723 3105 945 3161 vocandi
982 3105 1122 3169 sint,
1150 3081 1398 3160 utrumne
1430 3105 1504 3160 illi
1530 3081 1620 3176 qui
1649 3121 1749 3161 nec
1777 3107 1887 3161 hae-
1911 3081 1956 3144 C
1986 3102 2132 3158 niam
2157 3103 2368 3161 Marcus
2394 3103 2588 3169 Varro,
2626 3081 2994 3177 bas‘quatuor
3020 3105 3279 3162 adhibens
3309 3081 3555 3162 differen-

320 3197 471 3262 resi,‘
492 3211 593 3251 nec
644 3196 955 3262 schismate,
1008 3212 1107 3252 nec
1139 3195 1245 3251 alio
1298 3197 1537 3267 quolibet
1587 3212 1771 3253 errore
1819 3198 1887 3255 ab

318 3288 686 3343 ecclesiastica
736 3288 1052 3344 auctoritate
1108 3289 1462 3355 scinduntur,
1527 3303 1596 3344 an
1645 3287 1721 3344 illi
1759 3290 1883 3359 qui,

318 3379 585 3448 superbiae
639 3377 779 3434 fastu
831 3378 1000 3444 elati,
1066 3380 1114 3435 ei
1171 3381 1564 3451 quodammodo
1616 3381 1883 3438 resultare

316 3480 669 3535 praesumunt.
699 3468 802 3536 Qui
828 3485 951 3524 cum
974 3470 1311 3541 responderis
1334 3486 1351 3525 :
1381 3470 1748 3532 Insultatores.
1774 3472 1882 3535 imo

316 3558 757 3631 impugnatores,
810 3560 1004 3616 merito
1049 3562 1243 3616 diaboli
1297 3562 1533 3618 membra
1584 3563 1836 3633 appellari
1863 3604 1879 3628 ,

318 3650 473 3705 alteri
501 3649 870 3719 hujuscemodi
895 3652 1169 3709 erroribus
1190 3653 1442 3719 subactae,
1465 3669 1572 3709 non
1594 3652 1881 3711 Gallicana:

320 3739 612 3805 Ecclesiae,
646 3748 755 3795 tam
782 3740 1052 3798 funestum
1089 3759 1283 3799 nomen
1309 3752 1519 3815 poterat
1540 3745 1731 3816 aptari,
1762 3761 1881 3816 qua:

318 3840 476 3899 caput
506 3846 666 3885 suum
696 3830 964 3887 Christum
993 3848 1131 3895 non,
1172 3849 1333 3888 more.
1352 3833 1651 3889 inlldelium‘
1668 3833 1879 3891 Judzeo—

319 3935 459 3986 rum,
482 3921 914 3988 ‘dzcmoniacum,
959 3924 1101 3992 quod
1142 3925 1327 3995 utique
1356 3923 1567 3979 illorum
1604 3925 1879 3996 proprium

317 4019 429 4073 est,
461 4025 759 4080 eorumque
792 4011 885 4081 qui
919 4013 1113 4083 Spiritu
1151 4015 1422 4077 agitantur
1457 4015 1752 4081 immundo,
1783 4015 1878 4071 sed

318 4101 369 4155 in
411 4102 622 4172 Spiritu
663 4112 852 4159 sancto
891 4105 1193 4161 daemonum
1228 4106 1515 4177 ejectorem
1562 4113 1615 4161 et
1652 4106 1881 4162 ﬁdeliter

318 4192 489 4247 credit
507 4201 565 4247 et
576 4194 839 4249 veraciter
859 4194 1131 4264 pra-dicat.
1157 4194 1492 4251 Seduttorem
1512 4210 1696 4265 porro,
1717 4211 1878 4266 quem

317 4284 451 4353 stylo
485 4284 647 4339 inerti
678 4287 734 4340 in
761 4286 954 4341 malam
979 4286 1222 4342 absolute
1248 4288 1475 4356 posuisti
1518 4298 1746 4358 partem,
1784 4289 1876 4345 de-

318 4385 588 4431 monstras
632 4386 684 4431 te
719 4378 775 4432 in
811 4378 915 4433 hoc
954 4378 1119 4443 dicto,
1168 4378 1306 4433 sicut
1333 4386 1388 4433 et
1426 4379 1479 4433 in
1514 4379 1634 4436 aliis
1675 4380 1874 4447 multis,

320 4467 547 4523 inscium
589 4469 968 4525 ecclesiasticae
996 4469 1298 4524 traditionis
1337 4468 1474 4537 fore,
1507 4484 1624 4540 quae
1643 4471 1880 4526 seducto-

319 4575 445 4625 rem,
472 4559 634 4629 juxta
667 4558 980 4613 documenta
1007 4569 1311 4639 sanctorum
1346 4561 1587 4626 Patrum,
1620 4570 1675 4615 et
1699 4561 1752 4616 in
1784 4560 1879 4617 bo-

320 4666 438 4704 nam
470 4650 606 4706 etin
632 4650 826 4705 malam
855 4651 1046 4721 accipit
1069 4661 1295 4722 partem.
1320 4650 1473 4707 Patet
1491 4653 1632 4707 enim
1659 4661 1711 4707 te
1736 4653 1877 4708 dicta

315 4740 457 4795 beati
512 4740 799 4811 Augustini
838 4740 891 4794 in
944 4740 1288 4810 Expositione
1338 4742 1608 4813 Evangelii
1656 4740 1878 4798 Joannis

316 4829 669 4903 Evangelistze
697 4829 895 4901 (Tract.
927 4830 1043 4901 vn),
1081 4831 1147 4887 de
1171 4832 1323 4902 cujus
1357 4832 1515 4887 dictis
1551 4831 1682 4886 nihil
1707 4839 1760 4887 Ie
1802 4831 1878 4885 la-

320 4933 429 4977 tere
446 4921 760 4991 jaetitabas,
784 4922 995 4991 penitus
1017 4923 1310 4994 ignorasse,
1335 4939 1452 4994 qua:
1472 4924 1546 4977 ita
1560 4937 1619 4977 se
1644 4923 1874 4977 habent:

316 5012 419 5066 Alii
442 5010 683 5066 dicebant
714 5023 733 5062 .'
762 5009 942 5064 Bonus
967 5020 1063 5076 est,
1092 5011 1184 5065 alii
1213 5020 1385 5066 autem
1424 5026 1548 5077 non,
1569 5012 1658 5065 sed
1682 5012 1881 5065 seducit

319 5102 498 5155 turbas
524 5100 709 5172 (Joan.
754 5099 872 5171 vn).
910 5100 1116 5155 Dictum
1148 5110 1233 5156 est
1270 5100 1411 5155 enim
1444 5100 1547 5155 hoc
1591 5100 1658 5154 ad
1691 5116 1875 5155 eorum

318 5192 595 5267 solatium,
622 5193 714 5262 qui
753 5202 935 5263 postea
964 5192 1315 5262 praedicantes
1341 5192 1560 5246 verbum
1588 5192 1685 5247 Dei
1714 5192 1876 5247 futuri

319 5295 476 5341 erant
494 5296 553 5341 ut
578 5287 884 5342 seductores
912 5294 965 5340 et
984 5299 1204 5339 veraces
1234 5301 1248 5338 :
1280 5285 1325 5340 si
1345 5284 1486 5339 enim
1510 5284 1764 5340 seducere
1787 5286 1877 5339 de-

319 5381 498 5450 ciperc
523 5389 627 5446 est,
651 5397 751 5437 nec
771 5381 1035 5443 Christus,
1068 5393 1166 5433 nec
1189 5377 1412 5447 apostoli
1439 5376 1579 5444 ejus,
1604 5392 1703 5432 nec
1730 5379 1877 5446 quis-

319 5486 479 5540 quam
513 5473 762 5528 seductor
791 5472 949 5527 debet
971 5484 1091 5524 esse
1125 5468 1488 5532 Christianus;
1519 5467 1563 5521 si
1593 5476 1767 5522 autem
1792 5482 1875 5521 se-

322 5561 550 5628 ducere,
580 5562 794 5617 aliundc
821 5562 1053 5631 aliquem
1091 5559 1159 5613 ad
1195 5558 1337 5614 aliud
1377 5557 1742 5628 persuadendo
1780 5558 1874 5613 du-

324 5667 446 5707 cere
475 5662 574 5719 est,
606 5654 945 5723 qumrendum
971 5652 1107 5708 unde
1134 5660 1314 5722 etquo
1340 5669 1351 5703 :
1379 5651 1421 5706 si
1458 5668 1485 5703 a
1524 5649 1663 5703 malo
1691 5650 1754 5704 ad
1778 5650 1873 5704 bo,-

1988 3193 2109 3259 tias,
2141 3194 2194 3251 id
2228 3205 2330 3261 est,
2357 3211 2424 3251 ex
2448 3196 2557 3251 vita
2581 3196 2784 3261 sociali,
2824 3213 2891 3252 ex
2924 3196 3246 3252 academicis
3270 3198 3441 3262 novis,
3481 3212 3547 3253 ex

1982 3283 2216 3357 Cynicis,
2246 3302 2313 3342 ex
2339 3287 2443 3342 isto
2464 3287 2586 3343 vita:
2615 3303 2815 3360 genere
2847 3287 3135 3359 tripartito,
3170 3287 3236 3342 ad
3264 3296 3437 3343 sectas
3455 3288 3553 3343 du-

1982 3386 2168 3433 centas
2199 3379 2466 3450 octoginta
2493 3388 2615 3435 octo
2639 3378 2915 3450 pervenit,
2941 3390 2996 3435 et
3026 3396 3143 3450 qua:
3172 3379 3288 3435 alia:
3322 3386 3548 3450 possunt

1979 3467 2226 3524 similiter
2268 3469 2426 3538 adjici
2466 3470 2550 3525 his
2583 3471 2862 3536 omnibus,
2903 3473 3153 3540 quoniam
3194 3473 3258 3527 de
3292 3468 3548 3526 secundo

1979 3576 2189 3617 summo
2228 3561 2369 3617 bono
2408 3561 2607 3617 nullam
2648 3562 2883 3618 inferunt
2919 3562 3299 3632 quaestionem,
3335 3541 3549 3615 eﬁdeo

1979 3658 2141 3705 sectze
2181 3665 2289 3705 non
2320 3658 2447 3705 sunt
2474 3665 2574 3707 nec
2604 3652 2856 3706 vocandae
2880 3658 3024 3714 sunt,
3055 3658 3160 3706 etc.
3200 3650 3324 3721 Hice
3353 3650 3547 3703 beatus

1977 3739 2303 3810 Augustinus
2353 3741 2419 3797 de
2452 3749 2602 3797 secta
2637 3755 2755 3810 quae
2778 3741 3109 3797 solummodo
3141 3754 3406 3795 summum
3445 3739 3548 3793 bo-

1977 3845 2105 3884 num
2153 3839 2410 3893 sectatur,
2455 3830 2712 3885 adversus
2754 3829 3097 3900 philosophos
3123 3827 3338 3883 dixerit.
3375 3826 3545 3880 Crete-

1978 3940 2130 3991 rum,
2170 3924 2493 3996 quodsecta
2521 3931 2575 3977 et
2609 3924 2659 3977 in
2697 3924 2891 3979 bonam
2915 3931 2971 3977 et
3016 3919 3212 3975 malam
3249 3920 3546 3989 accipiatur

1976 4022 2203 4084 partem,
2231 4014 2520 4085 apostolico
2547 4013 2862 4067 instruimur
2882 4013 3202 4067 documento
3226 4028 3237 4063 :
3262 4009 3318 4064 in
3343 4011 3537 4063 bonam

1977 4108 2269 4176 siquidem,
2300 4107 2438 4162 sicut
2476 4106 2642 4161 habes
2681 4106 2734 4160 in
2775 4104 3008 4175 Epistula
3038 4105 3107 4159 ad
3145 4103 3485 4171 Timotheum
3519 4117 3535 4156 :

1980 4196 2190 4253 Sectam
2214 4213 2336 4252 vero
2358 4195 2644 4267 justitiam,
2680 4211 2853 4250 verum
2879 4195 3056 4264 ﬁdem,
3088 4194 3414 4258 charitatem,
3444 4209 3538 4261 pa-

1978 4302 2088 4341 cem
2119 4302 2236 4365 cam
2266 4287 2347 4340 his
2381 4286 2469 4355 qui
2510 4286 2748 4340 invocant
2788 4283 3070 4339 Dominum
3110 4283 3179 4353 de
3217 4281 3373 4336 corde
3406 4296 3538 4351 puro

1980 4375 2067 4447 (11
2108 4374 2241 4432 Tim.
2276 4377 2368 4449 u);
2398 4378 2450 4432 in
2491 4375 2686 4431 malum
2723 4370 2922 4440 autem,
2952 4375 3093 4430 sicut
3123 4374 3291 4430 babes
3328 4373 3383 4427 in
3414 4373 3540 4444 Epi-

1981 4471 2118 4528 stola
2139 4468 2373 4540 ejusdem
2401 4469 2622 4540 apostoli
2644 4469 2712 4524 ad
2730 4467 2947 4524 Galatas
2972 4465 3123 4539 (Cap.
3152 4468 3207 4536 ν)
3238 4482 3251 4519 :
3281 4465 3374 4536 qui
3400 4465 3540 4521 inter

1978 4570 2172 4621 cratera
2199 4576 2362 4633 opera
2392 4561 2572 4616 carnis
2598 4567 2775 4615 sectas
2798 4574 3011 4629 quoque
3046 4559 3364 4614 duodecimo
3389 4556 3542 4627 ponit

1969 4641 2115 4710 loco.
2146 4651 2320 4724 Secta:
2349 4650 2509 4723 igitur
2529 4648 2740 4711 Latine,
2774 4648 2964 4705 (innec
2983 4648 3236 4703 dicuntur
3263 4648 3493 4702 lmrescs
3521 4665 3533 4700 :

1980 4758 2009 4799 a
2047 4743 2300 4798 sectando
2331 4743 2524 4813 quippe
2556 4751 2719 4797 secta:
2754 4741 3121 4796 nominantur.
3162 4739 3320 4807 Quod
3356 4747 3535 4794 autem

1979 4834 2124 4889 aiste
2143 4842 2197 4888 et
2215 4834 2504 4889 schismata
2529 4842 2585 4888 et
2604 4832 3016 4901 superstitiones
3037 4845 3137 4902 pro
3156 4830 3362 4896 viribus
3387 4844 3534 4883 com-

1980 4923 2271 4995 pressisse,
2300 4923 2499 4977 videris
2532 4921 2721 4992 procul
2758 4920 2918 4975 dubio
2956 4920 3054 4975 tibi
3088 4919 3392 4974 contrarius
3421 4918 3533 4972 exi-

1979 5025 2144 5071 stere.
2174 5014 2265 5069 Ille
2298 5026 2528 5081 namque
2568 5011 2659 5081 qui
2696 5010 3136 5065 irrationabiliter
3171 5007 3530 5076 subjectarum

1978 5108 2078 5163 sibi
2104 5107 2339 5177 plebium
2367 5112 2571 5159 mentes
2595 5102 2963 5159 scandalizare
2984 5102 3406 5169 traditionesque
3435 5112 3527 5152 ec-

1976 5196 2303 5252 clesiasticas
2344 5203 2451 5249 tam
2498 5193 2831 5263 impudenter
2882 5190 3309 5261 reprehendere,
3358 5195 3417 5242 et
3454 5195 3533 5241 tot

1974 5287 2247 5357 tantisque
2267 5301 2411 5341 sana:
2441 5284 2562 5340 ﬁdei
2586 5282 2963 5339 sincerissimis
2996 5280 3290 5336 cultoribus
3325 5276 3531 5332 abomi-

1974 5379 2246 5434 nationnm
2278 5376 2488 5431 nomina
2515 5391 2618 5430 non
2645 5374 2837 5430 metuit
2862 5372 3152 5434 ascribere,
3193 5382 3528 5438 nequaquam

1972 5482 2339 5537 compressor,
2379 5466 2471 5520 sed
2501 5467 2676 5536 potius
2711 5473 2921 5519 creetor
2960 5469 3014 5516 et
3054 5467 3246 5516 auctor
3270 5458 3529 5515 schisma-

1972 5567 2086 5613 tum
2129 5572 2193 5611 ac
2228 5556 2670 5624 superstitionum
2708 5548 3030 5623 judicaudus
3071 5561 3173 5608 est.
3221 5550 3370 5619 Quod
3401 5567 3529 5621 vero

1973 5648 2108 5704 dicis
2136 5654 2311 5701 sectas
2336 5655 2391 5702 ct
2417 5648 2648 5701 harrcscs
2677 5652 2729 5700 te
2756 5643 3151 5700 contrivissect
3173 5656 3523 5714 expugnasse,
