4030 6190
481 344 587 404 315

1544 338 1730 400 tam
1765 320 2313 403 manumissis
2350 341 2658 405 EPISCOPI

3609 328 3717 387 '5l6

483 476 676 534 magna
733 459 831 517 tibi
883 443 1142 515 ΐέιιιειοῑιειδ
1174 456 1475 529 promittis.
1524 456 1582 512 Si
1631 454 1878 517 contrita!
1907 460 2052 518 sunt.
2080 457 2128 517 A
2158 464 2265 521 tur,
2295 470 2589 526 eorumque
2623 452 2815 518 dictis,
2845 468 2909 508 ne
2947 453 3000 507 in
3030 451 3224 508 talibus
3249 448 3612 519 delinquatur,
3634 460 3720 502 sa-

484 566 585 606 cur
610 550 869 605 instinctu
899 548 1169 605 diabolico
1206 564 1397 604 rursus
1427 547 1752 619 emergunt?
1791 549 1849 606 Si
1887 562 2052 617 expu-

483 651 680 712 gnaue,
713 657 811 696 cur
832 640 1076 706 redeunt,
1102 648 1157 696 et
1186 640 1565 696 ecclesiasticm
1589 645 1929 699 auctoritatis
1959 660 2055 714 pa-

483 731 966 803 cemjaculantur?
1000 731 1198 787 Verum
1240 731 1284 786 si
1324 732 1603 803 catalogus
1643 734 1935 789 illustrium
1972 737 2056 790 vi-

484 839 668 881 rorum
701 824 877 894 quiin
916 824 1195 893 procinctu
1244 822 1366 878 ﬁdei
1413 823 1641 879 viriliter
1687 825 2049 891 decertavere,

483 925 540 971 et
569 918 821 972 hmretica
850 916 1065 987 agmina
1091 916 1405 971 catervatim
1437 915 1717 982 subruere,
1749 928 1935 973 exacte
1973 934 2056 975 re-

481 1016 791 1072 censentur,
816 1021 1153 1076 nequaquam
1177 1015 1322 1061 tuum
1340 1022 1535 1061 nomen
1560 1007 1616 1061 in
1641 1023 1705 1063 eo
1732 1010 2050 1078 reperietur.

481 1097 729 1154 Haereses
760 1114 922 1169 porro
955 1114 1090 1167 quas
1123 1098 1318 1162 adhuc,
1349 1106 1407 1152 ut
1430 1098 1584 1164 dicis,
1610 1115 1916 1171 expugnare
1946 1118 2053 1159 non

480 1204 698 1255 cessas,
747 1204 872 1245 cum
921 1203 1183 1258 nusquam
1234 1188 1287 1242 in
1325 1195 1433 1242 tota
1476 1190 1661 1244 mundi
1701 1189 1980 1247 latitudine
2022 1210 2053 1249 a

485 1288 543 1335 te
574 1280 871 1352 expugnari
917 1287 1013 1334 aut
1064 1280 1323 1344 sciantur,
1379 1288 1472 1334 aut
1521 1281 1828 1347 audiantur,
1880 1284 2054 1341 nullos

481 1373 914 1452 compendiosius
946 1387 1106 1442 quam
1131 1372 1404 1427 auditores
1442 1380 1564 1428 tuos
1598 1374 1809 1444 opinari
1853 1378 2048 1446 possis,

482 1468 619 1532 quos
654 1462 811 1527 forte,
851 1464 978 1533 quia
1000 1464 1277 1519 schismati
1317 1471 1408 1518 tuo
1437 1464 1612 1520 socios
1639 1464 1817 1520 facere
1842 1468 2050 1537 nequis,

484 1553 688 1611 idcirco
716 1564 773 1610 ut
796 1556 1078 1611 baareticos
1108 1564 1161 1610 te
1188 1570 1496 1626 expugnare
1525 1558 1735 1613 scribis.
1762 1557 2048 1629 Sequitur:

559 1664 580 1698 ‹
625 1646 739 1702 Hoc
766 1655 964 1713 autem,
997 1647 1192 1716 inquis,
1224 1646 1425 1702 idcirco
1449 1650 1731 1717 provenit,
1758 1652 1878 1720 quia
1909 1661 2054 1721 post-

492 1754 512 1788 ι
559 1752 721 1807 quam
752 1745 970 1792 coactus
1012 1737 1225 1807 suscepi
1257 1738 1525 1793 sarcinam
1558 1741 1843 1808 pastoralis
1863 1742 2051 1809 ofﬁcii,

486 1844 509 1879 ι
552 1827 749 1882 missus
777 1843 808 1881 a
834 1827 923 1897 pio
952 1828 1229 1900 principe,
1276 1836 1474 1883 sancte
1512 1829 1605 1883 Dei
1634 1829 1886 1886 Ecclesia:
1923 1833 2052 1899 ﬁlio,

492 1934 513 1967 ε
560 1915 853 1984 Ludovico,
884 1918 1005 1972 veni
1036 1918 1090 1972 in
1122 1917 1346 1983 Italiam,
1373 1920 1647 1977 civitatem
1674 1922 1942 1991 Taurinis,
1969 1926 2054 1981 in-

487 2024 509 2058 ι
552 2008 674 2062 veni
717 2023 907 2063 omnes
955 2009 1208 2065 basilicas
1251 2009 1458 2082 (contra
1505 2014 1748 2071 ordinem
1796 2018 2057 2090 veritatis)

484 2113 507 2148 α
553 2097 800 2153 sordibus
852 2099 1255 2155 anathematum
1303 2112 1358 2156 et
1408 2102 1732 2177 imaginibus
1783 2107 1987 2176 plenas.
2033 2130 2052 2164 ι

482 2187 687 2243 Horum
729 2188 1017 2245 verborum
1053 2192 1207 2247 valde
1248 2190 1531 2249 informem
1579 2200 2056 2266 constructionem,

479 2275 834 2334 barbarismis
888 2294 953 2334 ac
1006 2280 1325 2337 soloecismis
1380 2283 1650 2353 oppletam
1678 2325 1694 2351 ,
1755 2291 2057 2356 spernendo

479 2366 813 2432 omittimus,
842 2383 1058 2424 sensum
1084 2379 1144 2424 ut
1175 2386 1461 2440 possumus
1492 2374 1826 2446 indagantes.
1857 2380 2058 2438 Verum

486 2465 593 2522 est,
621 2459 859 2528 inquam,
885 2462 1026 2531 quod
1052 2463 1278 2519 intulisti
1300 2467 1442 2534 quod
1468 2482 1498 2521 a
1528 2468 1617 2537 pio
1636 2470 1902 2542 principe,
1929 2490 2058 2531 san-

484 2558 588 2604 ctre
617 2549 711 2605 Dei
744 2549 1000 2608 Ecclesiae
1027 2550 1156 2621 lilio,
1190 2557 1409 2613 domino
1438 2546 1710 2616 Ludovico
1738 2562 2056 2624 Taurinensi

481 2642 736 2699 Ecclesiae
758 2645 1015 2715 praelatus
1049 2647 1129 2703 sis
1158 2667 1171 2702 :
1206 2657 1386 2705 utrum
1416 2648 1622 2717 coacte,
1652 2660 1712 2708 ut
1738 2657 1960 2722 asseris,
1988 2674 2058 2713 an

480 2745 696 2808 Sponte,
722 2739 820 2794 soli
848 2741 958 2796 Deo
992 2741 1332 2813 relinquitur.
1376 2742 1435 2798 In
1464 2759 1530 2799 eo
1563 2760 1693 2800 vero
1725 2748 1867 2817 quod
1898 2748 2058 2817 inerti

402 2907 409 2916 '
485 2830 889 2887 constructione
936 2833 1309 2903 prosequeris,
1363 2834 1437 2888 ita
1490 2816 1786 2905 inquiens:
1820 2855 1839 2887 ι
1876 2816 2058 2895 Inveni

481 2937 673 2977 omnes
706 2921 959 2979 basilicas
997 2923 1247 2979 sordibus
1289 2924 1775 2981 anathematumet
1808 2927 2057 3000 imagini-

483 3013 586 3067 bus
611 3012 826 3082 plenas,
852 3014 1197 3070 calumniaris
1227 3016 1652 3085 praedecessores
1691 3026 1811 3074 tuos
1842 3020 2057 3076 easdem

483 3100 756 3165 basilicas,
798 3119 903 3157 non
943 3105 1201 3160 servitute
1245 3107 1456 3172 divina,
1488 3108 1584 3163 sed
1623 3110 2057 3167 anathematibus

486 3192 797 3262 replevisse,
826 3202 879 3248 et
910 3210 1019 3249 non
1049 3195 1221 3251 solum
1257 3197 1409 3263 illos,
1442 3213 1626 3253 verum
1650 3200 1814 3256 etiam
1840 3201 2055 3272 plebem

486 3284 632 3340 illius
668 3285 937 3354 parochiae
967 3286 1021 3340 in
1057 3285 1296 3355 ejusdem
1323 3288 1558 3346 basilica:
1603 3292 2057 3362 anathemalibus,

487 3389 593 3429 non
617 3372 851 3429 cultibus
876 3375 1071 3431 divinis
1098 3386 1322 3436 eatenus
1354 3380 1676 3437 deseruisse.
1707 3381 1859 3449 Quod
1894 3386 1939 3441 si
1972 3402 2062 3442 ve-

463 3452 613 3519 'rum
669 3474 755 3520 est
802 3474 862 3520 ut
912 3468 1090 3523 omnis
1131 3469 1396 3525 clericalis
1443 3472 1578 3527 ordo
1630 3475 1899 3543 parochize
1938 3486 2056 3542 ture,

487 3548 678 3612 reli.o
705 3558 853 3613 cultu
902 3559 1104 3627 divino,
1145 3576 1244 3631 pro
1290 3561 1400 3617 Deo
1426 3563 1614 3619 sordes
1657 3546 2059 3622 anathematum

485 3649 627 3703 colat
649 3658 703 3705 et
731 3649 942 3716 adoret,
972 3650 1293 3723 largissimis
1316 3653 1552 3709 ﬁdelium
1578 3654 1831 3727 lacrymis
1857 3656 2049 3729 lugen-

462 3741 617 3796 .dum
650 3750 706 3797 et
729 3741 1048 3813 plorandum
1083 3751 1186 3811 est,
1218 3745 1422 3815 Deique
1450 3746 1712 3802 immensa
1748 3748 2060 3805 misericor-

486 3832 574 3888 dia
625 3834 938 3905 suppliciter
982 3836 1293 3899 exoranda,
1349 3847 1410 3892 ut
1453 3836 1762 3908 hujusmodi
1813 3854 1845 3894 a
1888 3840 2062 3897 salute

485 3925 705 4001 prppria
739 3924 1054 3981 aberrantes
1100 3925 1209 3981 cito
1244 3927 1585 3997 resipiscant,
1612 3936 1668 3984 et
1693 3928 1760 3983 ad
1805 3929 1950 3984 viam
1975 3945 2062 3986 ve-

490 4014 670 4073 ritatis
692 4016 936 4082 redeant,
963 4032 1197 4088 eumque
1217 4003 1309 4088 qui
1327 4016 1454 4087 jure
1475 4019 1730 4076 colendus
1753 4029 1809 4075 et
1837 4022 2065 4078 adoran-

486 4104 588 4161 dus
619 4113 731 4171 est,
765 4106 943 4163 colant
968 4116 1024 4164 et
1060 4109 1305 4166 adorent.
1352 4109 1458 4167 Sed
1490 4112 1747 4168 credibile
1781 4123 1866 4169 est
1893 4115 2060 4184 quod,

485 4194 616 4252 licet
642 4197 774 4252 etin
800 4197 943 4253 cultu
974 4207 1030 4254 et
1067 4199 1382 4256 adoratione
1408 4201 1725 4273 imaginum,
1757 4203 2060 4274 ignorantia

485 4282 725 4351 fallente,
748 4285 951 4356 aliquid
983 4288 1242 4357 temporis
1269 4287 1680 4360 iusumpserint,
1708 4291 1854 4347 nullo
1878 4300 2060 4350 tamen

485 4383 647 4447 pacto
676 4379 745 4433 ab
768 4378 979 4434 unitate
1012 4378 1135 4434 ﬁdei
1165 4379 1445 4435 catholica:
1470 4380 1730 4438 defecisse
1752 4391 1809 4437 et
1829 4381 1895 4437 ad
1917 4383 2060 4441 idola

484 4467 734 4521 conversi
760 4482 882 4522 esse
909 4467 1166 4523 credendi
1200 4476 1343 4523 sunt.
1381 4468 1536 4525 Unde
1563 4479 1777 4526 constat
1797 4473 1939 4542 quod
1962 4474 2060 4528 hu-

480 4555 718 4626 jusmodi
731 4571 971 4612 errorem
985 4572 1091 4612 non
1107 4567 1214 4612 tam
1228 4558 1505 4630 granditer
1514 4566 1570 4615 et
1583 4558 1870 4617 indiscrete
1883 4562 2058 4618 sordi—

485 4648 590 4704 bus
624 4649 1023 4704 anathematum
1052 4664 1394 4730 comparare,
1429 4651 1523 4706 sed
1557 4653 1730 4724 magis
1761 4661 2061 4724 temperato

484 4757 617 4797 usus
639 4756 909 4807 sermone,
933 4742 1246 4814 ignorantia;
1267 4742 1514 4799 debueris
1529 4743 1807 4815 deputare.
1820 4744 1990 4801 Porro
2014 4747 2062 4802 si

486 4838 761 4909 quippiam
786 4838 1208 4907 prmdecessores
1229 4840 1331 4903 tui,
1357 4836 1502 4892 salva
1528 4837 1634 4894 ﬁde
1659 4837 1883 4904 Christi,
1918 4839 2051 4895 sim-

486 4928 702 5000 pliciter
728 4928 1021 4995 tenuerint,
1071 4943 1410 5000 nequaquam
1445 4929 1701 4985 decuerat
1726 4945 1839 4994 eos,
1863 4929 1978 5000 jam
2007 4932 2061 4987 in

485 5021 724 5078 cmlestis
738 5021 1147 5077 Patrisfamilias
1162 5022 1322 5078 domo
1335 5021 1734 5091 quiescentes,a
1750 5037 2066 5079 successore

488 5129 589 5171 suo
637 5122 749 5169 tam
776 5120 1092 5187 arroganter
1130 5111 1287 5183 longe
1322 5110 1532 5182 lateque
1560 5110 1826 5167 diﬁ’amari
1865 5119 1922 5169 et
1947 5111 2063 5168 elo-

491 5207 581 5277 gio
600 5204 959 5262 anathematis
982 5203 1248 5266 denotari,
1272 5202 1571 5274 praesertim
1599 5217 1721 5258 cum
1746 5201 1824 5257 nil
1848 5203 2064 5258 obesset

491 5311 639 5354 sanae
661 5298 924 5353 doctrina:
947 5294 1294 5367 praesentium
1337 5292 1653 5364 simplicitas
1686 5294 1901 5349 incauta
1923 5294 2065 5365 pris-

489 5402 700 5443 corum.
785 5386 981 5454 Quanti
1025 5394 1204 5440 autem
1235 5385 1305 5440 sit
1333 5384 1535 5450 delicti,
1589 5395 1869 5456 quantmve
1910 5401 2063 5445 arro-

493 5478 708 5549 gantiae,
741 5479 855 5549 qui,
886 5486 949 5532 ut
975 5493 1072 5535 sua
1100 5474 1441 5531 laudabiliter
1466 5483 1688 5543 statuat,
1723 5476 1950 5531 aliorum
1975 5492 2062 5532 er-

498 5579 616 5626 rata
656 5571 945 5627 indiscrete
983 5577 1039 5626 et
1075 5566 1516 5625 irrationabiliter
1547 5568 1910 5639 reprehendit,
1953 5586 2061 5626 non

494 5669 581 5718 est
607 5676 786 5718 meum
808 5663 1007 5717 dicere.
1025 5661 1348 5716 Sanctorum
1370 5660 1493 5715 inde
1506 5659 1726 5715 Patrum
1742 5660 2062 5716 documenta

496 5753 701 5811 aﬁ'atim
733 5767 843 5824 prae
868 5752 1113 5807 manibus
1138 5752 1433 5807 habentur:
1469 5750 1732 5824 legantur,
1770 5751 2062 5807 discutian-

2083 1795 2130 1854 B

2152 548 2381 604 lubriter
2420 548 2717 603 obediatur.
2747 544 2890 602 Reor
2922 545 3133 615 itaque,
3184 544 3229 600 si
3265 558 3447 598 coram
3475 540 3714 605 adferes,

2152 638 2360 704 Claudi,
2386 648 2438 694 te
2463 638 2613 711 forte.
2627 653 3005 708 responsurum
3039 654 3051 691 :
3082 637 3284 691 Idcirco
3303 634 3566 705 imagines
3585 649 3717 687 ana-

2155 730 2388 785 themata
2425 728 2755 799 appellasse,
2799 741 2864 782 eo
2891 727 3032 798 quod
3069 741 3127 781 se
3154 740 3216 781 ea
3241 712 3554 779 adoratione
3589 714 3718 776 ado-

2154 812 2354 887 rantes,
2405 836 2524 890 quae
2552 819 2649 875 soli
2693 819 2802 874 Deo
2839 820 3092 883 debetur,
3134 817 3417 871 anathema
3452 815 3717 870 efﬁciunt.

2153 915 2297 971 Bene
2322 918 2536 987 quidem
2566 916 2937 986 responderes,
2970 914 3095 984 quia
3127 911 3425 974 nobiscum,
3452 910 3560 964 imo
3593 924 3717 974 cum

2154 1007 2299 1061 omni
2351 1006 2615 1062 catholica
2662 1005 2937 1069 Ecclesia,
2986 1005 3039 1060 in
3086 1004 3188 1059 hac
3224 1002 3489 1059 sententia
3536 1001 3720 1056 sobrie

2153 1096 2530 1153 concordares.
2557 1096 2743 1152 Omnis
2789 1096 2986 1167 quippe
3015 1110 3105 1150 res
3141 1094 3396 1149 divinitus
3426 1091 3717 1163 prohibita.

2153 1178 2254 1242 etsi
2287 1202 2393 1242 non
2431 1195 2623 1242 natura
2655 1186 2761 1251 sui,
2790 1187 2978 1241 eadem
3015 1193 3195 1240 tamen
3223 1183 3585 1254 prohibitione
3610 1197 3720 1251 qua

2153 1276 2422 1345 prohibita
2447 1285 2546 1338 est,
2572 1292 2692 1331 sese
2721 1283 2907 1331 contra
2937 1274 3018 1330 fas
3041 1282 3403 1345 appetentem,
3430 1273 3718 1335 colentem,

2155 1368 2491 1431 adorantem,
2517 1360 2569 1420 in
2583 1366 2806 1421 exitium
2833 1366 3030 1420 anathe
3053 1364 3192 1419 ratis
3207 1365 3481 1435 demergat
3502 1376 3724 1418 necesse

2154 1466 2256 1513 est.
2287 1458 2441 1514 Unde
2468 1466 2552 1513 est
2581 1457 2708 1512 illud
2738 1457 2792 1511 in
2824 1457 2962 1511 libro
2987 1454 3149 1511 Josue
3175 1473 3187 1509 :
3217 1454 3506 1509 Anathema
3535 1455 3590 1506 in
3615 1471 3724 1507 mc-

2153 1548 2242 1602 dio
2270 1549 2370 1614 lui,
2413 1547 2583 1602 Israel
2607 1547 2788 1620 (Josue
2814 1546 2932 1619 vn).
2973 1545 3054 1601 Ob
3077 1543 3227 1614 cujus
3259 1553 3468 1600 reatum
3508 1544 3721 1608 Achan,

2154 1636 2415 1693 Dominici
2463 1637 2718 1707 prmeepti
2761 1644 3146 1707 transgressor,
3190 1633 3447 1705 grandine
3487 1632 3720 1702 lapidum

2155 1730 2422 1784 occubuit.
2475 1728 2551 1784 De
2585 1744 2688 1799 qua
2730 1743 2788 1783 re
2827 1728 2992 1782 multa
3021 1726 3126 1780 alia
3167 1726 3220 1780 in
3256 1725 3453 1780 divinis
3493 1724 3724 1794 eloquiis

2160 1819 2403 1890 exempla
2437 1819 2663 1891 reperiri
2707 1826 2946 1888 possunt.
2996 1817 3213 1879 Verum,
3265 1830 3570 1885 quanquam
3606 1815 3725 1869 hmo

2161 1912 2234 1966 ita
2264 1925 2323 1966 se
2351 1910 2607 1973 habeant,
2651 1908 2703 1962 in
2741 1906 3185 1979 vituperationem
3226 1914 3402 1960 tamen
3429 1919 3497 1960 ac
3535 1920 3722 1975 repre-

2159 2002 2476 2059 hensionem
2523 2000 2980 2072 praedecessorum
3025 2005 3259 2058 tuorum,
3308 2003 3363 2050 et
3398 1995 3452 2049 in
3483 2009 3548 2049 eo
3579 1995 3725 2065 quod

2160 2097 2409 2152 eumdem
2430 2110 2669 2150 errorem
2695 2093 2946 2157 discrete,
2970 2090 3357 2146 rationabiliter
3376 2104 3441 2144 ac
3456 2089 3726 2159 patienter

2159 2188 2429 2259 corrigere
2458 2186 2766 2242 detrectasti
2786 2226 2801 2251 ,
2835 2198 2997 2252 quam
3024 2181 3327 2253 procaciter
3350 2196 3415 2235 ac
3439 2179 3724 2250 culpabili-

2160 2265 2244 2336 ter
2276 2279 2479 2351 egeris,
2510 2293 2667 2333 nemo
2696 2277 2797 2332 nisi
2832 2276 2922 2346 qui
2951 2290 3141 2331 sanum
3167 2289 3273 2329 non
3310 2272 3452 2343 sapit
3488 2272 3721 2344 ignorat.

2162 2372 2446 2428 Subncctis
2468 2378 2590 2441 post
2613 2371 2729 2425 ιιωο
2754 2369 2808 2425 in
2836 2365 3212 2438 prosecutione
3240 2374 3329 2419 tua
3359 2382 3372 2417 :

2236 2480 2255 2512 ι
2297 2462 2363 2516 Et
2383 2462 2506 2532 quia
2523 2462 2668 2534 quod
2687 2458 2933 2514 homines
2951 2456 3218 2518 colebant,
3247 2469 3347 2526 ego
3374 2453 3579 2509 destrui
3606 2452 3728 2525 [pro

2164 2571 2183 2605 ‹
2214 2550 2512 2624 destruere]
2526 2549 2840 2620 soluscoepi.
2867 2568 2886 2601 ι
2915 2546 3133 2602 Veritus
3158 2561 3219 2601 es
3237 2544 3418 2599 forsan
3447 2559 3516 2600 ne
3542 2544 3729 2599 asinos

2156 2642 2422 2715 putareris
2440 2641 2638 2701 dicere.
2663 2641 2781 2696 ideo
2792 2638 3003 2694 voluisti
3018 2638 3264 2691 homines
3285 2636 3465 2691 nescio
3485 2636 3615 2706 quid
3627 2650 3726 2690 co-

2157 2736 2330 2791 lentes
2350 2750 2411 2790 ex
2436 2730 2704 2804 superﬂuo
2714 2745 2912 2802 ponere
2929 2747 2942 2782 :
2960 2738 3016 2784 et
3041 2742 3346 2799 quanquam
3358 2726 3546 2795 conjici
3568 2726 3730 2780 datur

2157 2828 2300 2899 quod
2338 2824 2613 2881 subaudiri
2641 2822 2878 2886 voluisti,
2923 2830 3014 2876 aut
3063 2820 3341 2891 imagines,
3379 2827 3473 2872 aut
3510 2832 3731 2883 cruces,

2158 2929 2251 2975 aut
2272 2919 2527 2990 reliquias
2542 2926 2847 2972 sanctorum
2864 2923 3181 2986 martyrum,
3206 2921 3300 2967 aut
3322 2920 3469 2967 certe
3489 2912 3728 2982 pretiosa

2158 3026 2384 3082 corpora
2409 3025 2628 3066 eorum:
2673 3007 2765 3063 sed
2791 3006 2919 3076 quid
2948 3006 3139 3061 horum
3178 3002 3453 3059 subaudiri
3490 3001 3729 3056 volueris

2160 3103 2487 3175 ignorantes.
2538 3101 2650 3156 Hoc
2699 3098 2976 3154 nobiscum
3027 3104 3078 3151 te
3124 3094 3267 3150 scire
3314 3093 3532 3159 scimus,
3584 3090 3729 3160 quod

2159 3195 2337 3252 cultus
2360 3195 2710 3249 adversarum
2736 3205 2917 3245 rerum
2937 3190 3029 3255 sit,
3051 3186 3373 3258 proprieque
3384 3185 3731 3239 ratioilalimn

2159 3295 2549 3343 creaturarum.
2572 3284 2734 3339 Bruta
2752 3297 2881 3338 vero
2908 3278 3315 3336 etirrationalia
3341 3275 3594 3331 animalia
3619 3291 3730 3332 non

2159 3375 2366 3441 colunt,
2405 3375 2497 3431 sed
2530 3372 2818 3430 coluntur:
2845 3371 3046 3428 idcirco
3074 3385 3235 3440 quam
3273 3367 3539 3438 superﬂue
3567 3367 3736 3421 hami-

2161 3484 2250 3522 nes
2280 3465 2551 3538 posueris,
2583 3465 2698 3535 ipse
2721 3462 2922 3518 videto.
2955 3461 3014 3517 Si
3039 3460 3206 3531 igitur
3233 3475 3262 3512 a
3298 3458 3443 3514 cultu
3472 3457 3738 3528 supersti-

2162 3560 2420 3614 tiosarum
2458 3571 2640 3611 rerum
2680 3554 2930 3609 homines
2979 3548 3480 3618 rationabiliter(ut
3533 3546 3736 3603 decue-

2162 3651 2264 3724 rat)
2303 3649 2590 3706 avertisses
2623 3688 2637 3712 ,
2685 3644 3028 3700 laudabiliter
3064 3643 3253 3712 utique
3290 3641 3521 3712 egisses,
3554 3647 3610 3692 et
3650 3653 3736 3693 re-

2159 3742 2514 3814 prehensione
2546 3738 2848 3794 indiscreta:
2886 3733 3117 3791 actiOnis
3153 3734 3439 3790 caruisses.
3466 3730 3574 3787 Sed
3597 3730 3730 3801 quia

2161 3834 2265 3888 hoc
2310 3831 2490 3887 facere
2522 3827 2767 3894 renuisti,
2804 3825 3222 3897 reprehensione
3278 3823 3472 3894 dignus
3513 3819 3727 3875 existis.

2161 3923 2314 3990 Quod
2339 3936 2468 3977 vero
2504 3920 2622 3975 ais:
2645 3918 2756 3991 Ego
2786 3917 2989 3973 destrui
3016 3915 3164 3972 solus
3188 3914 3349 3984 cmpi,
3384 3928 3509 3968 cum
3539 3911 3735 3967 dictio-

2160 4030 2286 4070 nem
2325 4021 2468 4068 tuam
2508 4012 2732 4068 forsitan
2761 4010 3032 4066 schemate
3079 4006 3218 4076 quod
3247 4011 3471 4060 vocatur
3513 4004 3738 4074 ὁμοιοτέ-

2158 4106 2331 4164 λιντον
2379 4120 2576 4161 ornare
2615 4101 2862 4167 voluisti,
2914 4100 2968 4155 in
3011 4098 3198 4152 vitium
3256 4094 3544 4150 soloecismi
3588 4092 3738 4147 inci-

2161 4200 2308 4257 disti.
2343 4199 2461 4255 Jam
2510 4196 2892 4268 itaque'quem
2937 4195 3128 4249 litterae
3184 4200 3287 4245 tuae
3329 4204 3547 4244 sensum
3593 4201 3736 4241 con-

2162 4291 2386 4357 tineant,
2417 4289 2784 4345 discutiamus.
2814 4287 2871 4342 ln
2906 4301 2971 4341 eo
2998 4283 3141 4354 quod
3165 4282 3283 4336 ais:
3318 4298 3336 4331 ι
3367 4279 3479 4350 Ego
3514 4277 3730 4332 destrui

2163 4382 2487 4458 [destruere]
2515 4381 2661 4439 solus
2691 4380 2851 4452 coepi,
2884 4399 2901 4431 ι
2937 4378 3215 4433 videamus
3249 4390 3317 4429 an
3364 4372 3501 4428 forte
3536 4371 3733 4441 spiritu

2084 4498 2137 4558 ι)
2161 4473 2453 4545 prophetiae
2475 4471 2705 4535 amatus,
2736 4471 2802 4524 ad
2832 4469 3040 4523 ruinam
3072 4475 3177 4521 tuae
3212 4474 3323 4520 tam
3364 4462 3736 4533 incomposita:

2162 4563 2521 4619 distinctionis
2554 4564 2658 4618 hoc
2683 4561 2956 4615 texueris:
2989 4560 3082 4615 sed
3112 4558 3167 4613 in
3202 4572 3268 4613 eo
3294 4556 3435 4627 quod
3476 4563 3529 4610 te
3557 4554 3737 4610 solum

2163 4656 2445 4711 destruere
2491 4654 2690 4716 dixisti,
2739 4650 3115 4724 proculdubio
3156 4649 3374 4705 veritati
3422 4645 3736 4712 contraisti,

2120 4766 2127 4767 ’
2163 4746 2418 4819 quoniam
2446 4762 2551 4801 non
2586 4754 2641 4800 tu
2684 4745 2848 4809 solus,
2892 4744 2985 4799 sed
3028 4743 3119 4797 alii
3144 4742 3370 4812 quilibet
3398 4741 3453 4795 in
3488 4739 3605 4795 suis
3638 4738 3738 4793 fri-

2164 4835 2303 4891 volis
2335 4843 2392 4891 et
2416 4832 2616 4906 ineptis
2657 4832 2984 4889 dictionibus
3008 4830 3321 4887 destruendi
3348 4835 3497 4895 sunt,
3541 4835 3598 4882 et
3629 4843 3736 4882 non

2165 4925 2337 4981 solum
2368 4924 2421 4978 in
2450 4922 2756 4992 hujusmodi
2777 4921 3136 4987 "dictionibus,
3158 4936 3346 4977 verum
3374 4921 3538 4974 etiam
3567 4918 3620 4972 in
3652 4918 3740 4973 his

2163 5032 2285 5088 qua:
2313 5015 2451 5070 male
2478 5023 2533 5070 et
2581 5029 2834 5086 perverse
2878 5014 3133 5069 sentiunt.
3169 5010 3533 5068 Diseutiamus
3568 5009 3737 5064 etiam

2163 5098 2459 5162 secundum
2485 5105 2703 5160 modum
2738 5098 2989 5174 quem'te
3013 5101 3192 5157 dicere
3226 5099 3461 5155 voluisse
3498 5096 3737 5151 arbitra-

2163 5214 2305 5263 mur,
2343 5197 2599 5268 quoniam
2626 5195 2732 5251 alio
2766 5193 3100 5265 propositum
3141 5200 3289 5247 tuum
3320 5200 3483 5261 atque
3509 5188 3738 5243 materia

2163 5292 2357 5357 tendit,
2387 5291 2493 5347 alio
2515 5287 2735 5345 dictatio
2756 5286 3014 5344 decurrit.
3042 5283 3114 5342 Ut
3137 5284 3282 5340 enim
3312 5283 3446 5357 artis
3463 5295 3737 5351 gramma-

2166 5382 2286 5438 tica:
2339 5382 2573 5446 nescius,
2635 5393 2734 5448 pro
2788 5376 2999 5432 inﬁnito
3054 5374 3242 5429 activa:
3299 5370 3733 5445 signiﬁcationis,

2166 5471 2436 5541 quodest,
2460 5470 2744 5534 destruere,
2766 5463 2992 5539 posuiSti
3020 5462 3288 5517 inﬁnitum
3312 5459 3560 5530 passivae,
3589 5455 3735 5528 quod

2166 5568 2251 5615 est
2284 5559 2500 5614 destrui.
2545 5558 2755 5613 Struere
2775 5556 2973 5626 quippe
3016 5553 3261 5617 verbum,
3308 5550 3475 5605 habet
3509 5554 3732 5604 contra-

2169 5652 2330 5720 rium,
2377 5651 2674 5718 destruere;
2720 5656 3048 5721 quapropter
3093 5644 3351 5715 quoniam
3404 5649 3734 5698 structuram

2168 5746 2365 5810 cultus,
2410 5760 2569 5815 quem
2613 5753 2664 5799 te
2694 5740 3023 5798 destruxisse
3073 5736 3343 5807 gloriaris,
3395 5750 3499 5789 non
3542 5730 3739 5803 permi-
