4030 6190
317 324 423 391 3ἰῖ

1385 338 1473 397 ne
1506 316 1733 398 curru
1772 339 2130 399 mxumum.
2169 373 2237 383 —
2276 341 2400 397 LlB.
2437 342 2478 398 ι.

3441 304 3570 406 3l8'

316 448 458 510 sisti,
508 446 717 505 idcirco
754 446 910 505 valde
958 447 1206 519 imperite
1247 452 1408 522 atque
1450 452 1885 509 inconvenienter
1912 460 1960 517 Α
1988 468 2092 508 non
2129 470 2245 519 eos,
2292 471 2426 535 quos
2467 465 2688 527 propter
2720 456 2833 514 hate
2878 458 2946 513 ad
2974 467 3027 514 te
3058 458 3139 530 (ut
3185 461 3406 530 astruis)
3432 463 3539 517 ωε..

315 543 585 597 destruere
622 543 846 597 verbum
882 542 1127 612 posuisti.
1182 540 1316 597 Nam
1361 552 1416 598 et
1454 543 1508 598 in
1557 559 1622 599 eo
1650 545 1793 613 quod
1832 554 1884 600 te

317 633 491 688 solum
531 632 926 687 destructorem
972 633 1176 698 dixisti,
1204 642 1456 689 utrumne
1501 626 1765 689 bonarum
1814 652 1882 691 an

318 732 463 778 certe
487 722 828 777 sinistrarum
850 732 901 777 te
929 723 1188 793 priediees
1225 739 1404 778 rerum
1428 740 1755 792 eversorem,
1782 743 1882 781 an-

318 817 469 887 cipiti
501 824 697 871 nutare
725 817 950 886 quisque
975 825 1187 885 poterat
1214 818 1500 885 sententia,
1531 819 1634 873 nisi
1663 818 1802 873 forte
1828 817 1881 872 in

317 923 382 961 ee
420 922 540 961 eam
567 906 844 962 absolvere
866 907 1076 970 nitaris,
1108 922 1214 976 quo
1232 906 1380 961 verbi
1401 908 1573 963 sancti
1601 908 1730 962 Elite
1756 924 1884 978 pro-

317 999 491 1068 phetre
517 997 718 1051 videris
737 996 903 1062 abuti,
927 996 999 1050 ita
1025 997 1285 1051 dicentis:
1314 996 1552 1061 Domine,
1576 997 1768 1051 altaria
1790 1008 1882 1052 tua

316 1087 704 1149 destruxerunt,
748 1086 1024 1155 prophetas
1059 1095 1174 1140 tuos
1215 1086 1530 1148 occiderunt,
1561 1096 1609 1140 et
1657 1087 1882 1141 remansi

312 1193 405 1245 ego
431 1175 596 1239 solus,
627 1186 674 1229 et
705 1184 943 1247 quarum
972 1177 1203 1239 animam
1241 1193 1409 1230 meam
1443 1175 1562 1247 (111
1586 1176 1713 1247 Reg.
1744 1178 1880 1249 xix).

316 1266 422 1320 Sed
452 1266 581 1335 quid
602 1258 757 1320 ‘Elias
786 1280 816 1318 a
844 1265 1069 1320 Domino
1095 1266 1345 1330 audierit,
1376 1266 1578 1336 optime
1604 1267 1881 1320 nobiscum

312 1356 477 1410 nosti.
507 1354 774 1422 Quantam
802 1371 950 1420 vero,
979 1355 1104 1410 dum
1150 1356 1244 1411 tibi
1288 1357 1384 1412 soli
1423 1365 1571 1412 tanta
1611 1356 1880 1421 attribuis,

311 1443 530 1499 eximiis
559 1445 868 1499 doctoribus
895 1455 1095 1499 sanctae
1116 1446 1209 1499 Dei
1234 1446 1488 1501 Ecclesia:
1517 1445 1771 1516 injuriam
1800 1445 1884 1499 in-

311 1551 489 1607 geras,
523 1536 617 1591 tibi
649 1535 979 1591 consulendo
1020 1551 1241 1591 necesse
1266 1545 1346 1592 est
1375 1536 1678 1607 perpendes
1702 1554 1715 1590 ε
1742 1536 1786 1590 si
1815 1543 1869 1589 tu
1930 1528 1931 1531 “

312 1628 479 1693 solus,
515 1643 550 1683 ο
588 1627 799 1692 Claudi,
845 1628 1208 1683 destructores
1249 1642 1624 1697 perversorum
1666 1628 1882 1697 dogma-

314 1726 452 1782 tum,
489 1734 779 1787 rerumque
812 1718 1328 1787 superstitiosarum,
1376 1733 1503 1789 ergo
1540 1712 1879 1787 excipiuntur

1987 544 2408 612 sphemandum,
2459 547 2669 615 tuisque
2724 548 2913 602 taeniis
2972 550 3364 605 rationabiliter
3418 554 3522 607 rcsi

1986 634 2255 692 stendum.
2287 650 2383 689 sua
2410 650 2503 689 ora
2530 636 2735 704 aperire
2760 638 3083 706 compulisti.
3114 638 3369 708 Sequitur
3388 643 3545 710 paulo

1983 716 2104 795 post
2129 726 2181 780 in
2215 727 2415 781 eisdem
2445 727 2659 796 scriptis
2681 727 2816 781 tuis:

2061 834 2078 866 ι
2113 817 2244 870 Cum
2285 819 2428 872 enim
2456 819 2703 872 distincte
2733 819 2943 873 dicatur
2986 836 3094 875 non
3126 821 3426 878 faciendam
3469 826 3526 879 si-

1989 926 2008 956 c
2054 906 2408 961 militudinem
2438 908 2676 961 omnium
2700 924 2817 976 qua:
2861 910 2912 962 in
2959 911 3095 965 cmlo
3126 922 3265 973 sunt,
3307 924 3400 968 aut
3426 931 3544 982 qua:

1988 1019 2006 1051 σ
2055 1001 2106 1054 in
2131 1009 2272 1054 terra
2304 998 2497 1070 (Exod.
2527 1001 2642 1070 xx),
2690 1017 2795 1055 non
2829 1002 2893 1056 de
2936 1002 3062 1057 solis
3100 1004 3543 1071 similitudinibus

1990 1111 2007 1145 ι
2054 1078 2351 1147 alienorum
2397 1093 2618 1147 deorum
2653 1092 2971 1161 intelligitur
3000 1094 3223 1160 dictum,
3256 1098 3347 1149 sed
3377 1106 3429 1150 ct
3478 1097 3545 1150 de

1989 1203 2007 1235 ι
2054 1182 2363 1238 coelestibus
2388 1183 2670 1238 creaturis.
2704 1202 2722 1235 ι
2760 1182 2883 1238 limo
2920 1184 3099 1252 itaque
3129 1194 3184 1239 et
3218 1195 3398 1240 nostra
3431 1203 3549 1241 scn-

1983 1275 2148 1329 tentia
2184 1284 2287 1328 est.
2330 1272 2525 1328 Verum
2552 1282 2653 1338 est,
2696 1274 2931 1343 inquam,
2970 1291 3220 1344 sameque
3260 1276 3382 1331 ﬁdei
3420 1293 3547 1331 enn—

1982 1363 2439 1433 gruentissimum,
2481 1363 2679 1417 nullam
2725 1380 2947 1434 prorsus
2990 1366 3395 1421 similitudinem
3425 1382 3544 1419 om-

1982 1454 2128 1507 nium
2158 1468 2275 1523 qua:
2295 1453 2345 1507 in
2371 1453 2528 1519 caelo,
2569 1453 2651 1508 vel
2683 1470 2801 1524 qum
2831 1457 2883 1509 in
2913 1465 3076 1519 terra,
3106 1457 3186 1511 vel
3215 1475 3334 1529 qua:
3361 1457 3547 1513 subter

1984 1552 2179 1597 terram
2203 1551 2348 1607 sunt,
2368 1541 2684 1610 faciendam,
2709 1546 2793 1600 cui
2816 1547 2989 1600 cultus
3015 1559 3107 1601 aut
3134 1549 3393 1610 adoratio,
3419 1565 3541 1618 qua:

1980 1633 2077 1688 soli
2104 1633 2216 1687 Deo
2237 1635 2480 1700 debetur,
2503 1636 2895 1704 quodammodo
2916 1639 3253 1693 exhibentur.
3279 1640 3412 1706 Quia
3443 1640 3543 1709 igi-

1980 1732 2068 1778 tur
2092 1727 2231 1780 Dcus
2257 1726 2451 1795 ubique
2473 1736 2555 1780 est
2576 1729 2863 1797 omniaque
2895 1730 3159 1793 continet,
3195 1738 3250 1785 et
3278 1746 3541 1798 nusquam

309 1821 503 1862 omnes
532 1808 785 1863 doctores
810 1807 899 1875 qui
937 1821 1035 1875 pro
1068 1805 1178 1860 sola
1204 1806 1466 1862 catholica
1487 1807 1725 1861 Ecclesia
1759 1805 1863 1860 for-

1980 1818 2298 1883 continetur,
2326 1826 2513 1887 estque
2546 1818 2854 1883 invisibilis,
2881 1827 3015 1877 teste
3044 1819 3298 1890 Apostolo
3321 1820 3369 1891 (I
3404 1821 3540 1875 Tim.

309 1900 443 1954 titer
469 1900 908 1971 agonizaverunt,
949 1906 1005 1952 et
1028 1898 1216 1967 agonis
1243 1898 1322 1952 sui
1353 1897 1593 1952 bravium
1611 1899 1725 1968 jam
1754 1898 1874 1953 felio

308 1993 451 2049 eiter
492 1992 884 2061 adeiscuntur.
914 1991 981 2044 Et
1008 1990 1055 2043 si
1080 1998 1306 2045 caeteros
1333 1990 1614 2059 excepisti,
1662 1990 1875 2045 beatum
1901 2026 1909 2039 .

306 2080 695 2148 Augustinum,
717 2094 876 2149 quem
913 2087 1125 2135 constat
1164 2079 1304 2133 inter
1327 2094 1515 2134 omnes
1538 2078 1760 2133 Latinos
1785 2079 1878 2134 do-

308 2169 497 2227 ctoreS
544 2171 953 2225 disertissimum
994 2171 1264 2226 exstitisse
1305 2171 1601 2236 doctorem,
1653 2181 1878 2227 sancta:-

308 2280 417 2336 que
438 2264 538 2319 Dei
564 2263 818 2319 Ecclesiae
839 2262 1188 2318 fortissimum
1227 2262 1559 2319 defensorem
1597 2272 1650 2319 et
1677 2280 1875 2334 propu—

307 2365 615 2428 gnatorem,
645 2355 890 2423 excipere
920 2353 1222 2408 nullatenus
1257 2354 1538 2409 debueras.
1566 2354 1673 2409 Iste
1698 2355 1872 2420 enim,

307 2447 411 2502 etsi
449 2462 559 2500 non
591 2444 755 2509 solus,
779 2443 957 2499 divina
990 2452 1164 2497 tamen
1195 2444 1295 2497 sil-.i
1327 2443 1649 2514 suffragante
1678 2444 1873 2515 gratia,

308 2537 433 2591 aliis
476 2535 763 2590 fecundius
811 2533 1187 2603 capiosiusque
1235 2534 1565 2588 diversarum
1612 2534 1875 2589 haeresum

308 2638 361 2683 et
387 2626 859 2682 schismaticorum
899 2641 1151 2696 perversa
1177 2612 1375 2679 statuta
1411 2624 1622 2680 fortiter
1648 2624 1878 2680 rationa-

307 2720 604 2788 biliterque
629 2718 845 2779 evertit,
876 2718 1142 2772 destruxit
1166 2729 1327 2787 atque.
1349 2716 1658 2772 substravit.
1683 2716 1875 2784 Quem,

308 2810 437 2879 quia
484 2809 605 2879 ejus
646 2807 942 2863 salutiferis
967 2808 1226 2862 doctrinis
1258 2806 1374 2879 jugi
1417 2808 1763 2863 meditatione
1792 2823 1877 2863 as-

308 2899 609 2965 suefactus,
638 2899 781 2953 inter
812 2907 1056 2963 caeteros,
1098 2912 1412 2969 magnarum
1438 2895 1653 2951 laudum
1675 2912 1877 2967 praeco-

308 2992 418 3046 niis
444 2991 641 3045 merito
666 2988 857 3045 ellerre
886 2989 1073 3045 solitus
1097 3004 1239 3052 eras,
1273 2988 1415 3042 nullo
1446 2995 1603 3058 pacto
1630 2988 1877 3057 excipere

308 3081 595 3137 debueras.
624 3080 820 3135 Verum
851 3080 893 3135 si
925 3078 1040 3148 ejus
1071 3079 1406 3135 documentis
1438 3086 1724 3134 contentus
1758 3092 1877 3134 esse

1978 1922 1995 1961 ι
2025 1916 2073 1961 et
2093 1909 2191 1976 γι),
2237 1906 2383 1960 omni
2416 1915 2675 1961 creatura?
2712 1906 2844 1975 ejus,
2895 1908 3114 1973 idcirco,
3145 1923 3211 1962 ne
3247 1924 3543 1979 corporeus
3600 1976 3603 1981 ξ

1976 1999 2242 2062 credatur,
2287 2006 2342 2053 ct
2381 1999 2572 2068 horum
2610 2013 2728 2067 quae
2774 1998 2915 2053 dicta
2967 2007 3093 2053 sunt
3135 2000 3537 2056 similitudinem

1975 2090 2130 2145 nobis
2166 2090 2344 2145 facere
2372 2090 2661 2144 inhibetur.
2702 2089 2805 2144 Sed
2836 2106 2957 2144 cum
3002 2088 3227 2158 hujusce
3256 2093 3538 2147 sententia!

1976 2180 2301 2235 manifestus
2328 2181 2397 2235 sit
2421 2196 2630 2244 sensus,
2654 2180 2744 2250 qui
2782 2182 2965 2250 utique
2996 2196 3025 2234 a
3065 2182 3265 2236 sanctis
3293 2182 3542 2236 Patribn‘s

1974 2273 2130 2327 nobis
2156 2272 2524 2341 copiosissime
2571 2281 2778 2327 constat
2831 2273 3127 2341 expositus,
3159 2280 3214 2327 et
3257 2288 3362 2327 non
3405 2272 3540 2326 satis

1976 2364 2042 2417 ad
2073 2378 2185 2416 rem
2213 2363 2277 2417 de
2305 2378 2409 2431 qua
2455 2364 2629 2435 agitur
2655 2364 2942 2433 pertineat,
2993 2363 3304 2417 intuendum
3345 2371 3429 2417 est
3470 2376 3538 2416 ne

1974 2452 2111 2506 forte
2152 2451 2516 2517 similitudinis
2559 2452 2796 2516 nomine,
2837 2450 3095 2520 imagines
3136 2458 3442 2504 sanctorum
3481 2458 3538 2503 et

1975 2541 2229 2599 historias
2258 2556 2436 2596 rerum
2474 2549 2745 2609 gestarum
2784 2541 2835 2595 in
2869 2539 3112 2596 ecclesiis
3147 2541 3215 2595 ob
3244 2539 3537 2609 pulchritu-

1973 2632 2150 2687 dinem
2183 2638 2238 2684 et
2267 2629 2693 2684 recordationem
2724 2629 2984 2699 depictas,
3027 2628 3261 2684 volueris
3298 2643 3539 2698 compre-

1972 2720 2223 2776 hendere.
2255 2719 2404 2788 Quod
2432 2720 2477 2774 si
2513 2719 2583 2772 ita
2631 2727 2733 2784 est,
2764 2719 3068 2789 qumroabs
3110 2728 3162 2774 te
3201 2733 3319 2782 cur,
3350 2719 3536 2788 parci-

1971 2814 2150 2883 picnte
2205 2812 2453 2876 Domino,
2482 2809 2691 2880 Moyses
2728 2811 2861 2864 duos
2911 2810 3187 2864 cherubim
3246 2823 3440 2863 aureos
3485 2818 3541 2862 et

1974 2913 2167 2959 caetera
2194 2916 2313 2972 qua:
2341 2902 2395 2955 in
2437 2900 2623 2955 Exodo
2661 2898 2812 2970 (Cap.
2855 2898 3061 2968 xxxvn)
3095 2898 3341 2967 leguntur
3367 2898 3422 2951 in
3461 2905 3563 2977 ta-_

1973 2991 2262 3047 bernaculo
2290 2989 2501 3045 Domini
2538 2988 2747 3053 fecerit,
2786 2996 2843 3042 et
2870 2986 3120 3041 Salomon
3150 2986 3203 3040 in
3244 2985 3404 3065 domo
3434 2984 3539 3039 Do-

1974 3083 2104 3136 mini
2157 3080 2537 3138 similitudines
2592 3080 2753 3133 boum
2814 3084 2868 3132 et
2919 3076 3131 3130 leonum
3183 3074 3540 3146 expresserit?

307 3172 596 3237 voluisses,
634 3186 907 3241 nunquam
937 3181 987 3227 te
1038 3171 1207 3227 solum
1238 3170 1375 3227 male
1421 3179 1749 3226 structarum
1795 3188 1875 3228 re-
1899 3181 1943 3243 ο
1975 3170 2094 3245 (III
2120 3171 2247 3242 Reg.
2274 3171 2395 3242 vn.)
2424 3169 2576 3237 Quod
2620 3184 2741 3245 cum
2775 3166 3135 3237 responderis,
3167 3165 3324 3220 sicuti
3357 3173 3409 3218 te
3452 3178 3539 3218 re-

308 3279 431 3319 rum
464 3264 862 3319 destructorem
891 3261 1147 3332 gloriatus
1171 3261 1367 3323 fuisses
1395 3279 1409 3315 :
1441 3270 1496 3317 ct
1523 3262 1568 3317 si
1597 3261 1744 3316 illum
1772 3261 1879 3315 sal-

308 3367 422 3411 tem
446 3355 545 3410 tibi
585 3354 789 3409 socium
812 3355 1075 3410 asciscere
1102 3355 1348 3426 dignatus
1380 3369 1547 3420 esses,
1586 3355 1879 3411 destructio

311 3456 401 3502 tua
428 3487 443 3512 ,
486 3448 610 3517 quia
668 3446 811 3502 illius
853 3446 1094 3501 doctrina
1133 3447 1268 3501 duce
1318 3446 1656 3502 rationabilis
1708 3445 1876 3510 foret,

309 3545 462 3592 tanta
486 3537 671 3607 utique
690 3536 875 3591 haberi
912 3536 1191 3607 potuisset.
1230 3536 1396 3607 lgitur
1423 3536 1545 3607 quia
1573 3552 1680 3591 non
1703 3535 1876 3591 solum

310 3630 475 3685 beato
501 3628 820 3700 Augustino,
847 3628 941 3684 sed
970 3629 1134 3683 etiam
1159 3629 1280 3683 aliis
1307 3629 1522 3684 eximiis
1547 3627 1877 3689 doctoribus.

312 3726 367 3774 te
414 3718 767 3788 superciliose
794 3719 1094 3790 praetulisti,
1151 3719 1343 3774 merito
1389 3719 1631 3775 solitaria
1671 3718 1879 3774 destru-

312 3810 512 3865 ctionis
542 3818 650 3865 tuae
676 3809 941 3881 gloriatio,
974 3808 1028 3863 in
1064 3808 1381 3863 immensum
1422 3823 1542 3864 sese
1564 3808 1879 3871 extendens,

314 3900 369 3955 in
395 3898 617 3953 irritum
643 3897 941 3953 deducitur.
997 3897 1089 3952 γε
1113 3912 1344 3967 namque
1372 3896 1547 3953 eidem
1574 3894 1881 3968 gloriationi

315 3998 423 4044 tua:
454 3987 629 4060 (juxta
658 3986 785 4043 illud
813 3987 1171 4057 Ecelesiastis)
1208 3986 1473 4053 imminet,
1496 3986 1620 4058 quia
1649 4000 1755 4040 non
1788 3984 1883 4038 ha-

317 4079 453 4133 bens
479 4078 648 4133 fotum
695 4090 764 4131 ex
805 4076 1079 4133 consortio
1109 4075 1355 4140 aliorum,
1403 4073 1604 4146 frigore
1642 4072 1883 4128 solitario

318 4174 517 4236 torpet,
542 4172 600 4220 et
633 4180 754 4220 cum
783 4164 1060 4231 ceciderit,
1099 4179 1207 4219 non
1237 4163 1454 4219 habebit
1492 4162 1879 4218 sublevantem.

318 4256 474 4324 Quod
496 4273 627 4314 vero
647 4256 924 4312 subnectis
950 4273 963 4310 :
1021 4304 1025 4308 .

394 4368 413 4399 ι
447 4347 656 4403 Idcirco
681 4353 1007 4417 aperuerunt
1033 4358 1221 4400 omnes
1257 4359 1369 4405 ora.
1390 4356 1487 4399 sua
1525 4342 1592 4398 ad
1635 4342 1884 4415 blasphe-

325 4457 346 4491 ι
389 4438 649 4493 mandum
691 4452 795 4502 me,
822 4444 877 4492 et
912 4436 1016 4491 nisi
1042 4434 1333 4503 adjuvisset
1360 4450 1445 4489 me
1469 4434 1743 4499 Dominus,
1772 4433 1885 4489 for-

1979 3243 2307 3331 sponsurum
2347 3261 2641 3327 credimus,
2674 3243 2801 3314 'hzec
2846 3258 2900 3312 in
2942 3256 3318 3328 mysteriorum
3368 3255 3536 3325 ﬁgura

1931 3388 1935 3405 .
1978 3355 2335 3425 praecessisse,
2374 3353 2681 3408 nullatenus
2726 3360 2903 3407 tamen
2946 3364 3146 3421 negare
3173 3347 3377 3420 poteris
3404 3345 3536 3415 quin

1977 3443 2351 3498 similitudines
2382 3442 2677 3498 cmlestium
2702 3442 3149 3509 terrestriumque
3171 3445 3538 3493 creaturarum

1977 3536 2299 3591 exstiterint.
2332 3533 2398 3588 Et
2423 3535 2467 3588 si
2499 3534 2586 3588 illa
2617 3551 2721 3589 non
2753 3550 2781 3587 a
2812 3534 2919 3588 Deo
2946 3533 3011 3587 ad
3036 3531 3420 3601 adorationem,
3445 3526 3539 3582 sed

1979 3634 2038 3678 ut
2076 3633 2226 3695 typos
2258 3623 2555 3679 futurorum
2587 3624 2998 3693 prmtenderent,
3029 3621 3082 3675 in
3112 3618 3456 3675 tabernaculo
3482 3618 3537 3672 in

1979 3715 2137 3769 domo
2179 3714 2387 3769 Domini
2436 3722 2562 3768 sunt
2605 3715 2766 3777 facta,
2808 3713 3052 3772 sinantur
3090 3727 3121 3765 a
3174 3719 3223 3765 te
3276 3710 3538 3779 imagines

1980 3812 2289 3860 sanctorum
2335 3813 2388 3858 et
2415 3802 2654 3859 historia:
2691 3818 2912 3874 quaeque
2951 3811 3281 3862 sanctorum,
3328 3814 3436 3851 non
3476 3807 3536 3852 ut

1979 3896 2289 3960 adorentur,
2318 3895 2410 3950 sed
2450 3895 2627 3964 potius
2656 3906 2713 3947 ut
2756 3893 3041 3962 quamdam
3082 3889 3536 3961 pulchritudinem

1979 3987 2224 4050 reddant,
2253 3996 2307 4041 et
2331 3985 2679 4055 quarumdam
2710 3985 3099 4055 praeteritarum
3125 3999 3303 4039 rerum
3334 3997 3534 4037 memo-

1981 4076 2115 4131 riam
2143 4074 2385 4129 sensibus
2415 4073 2782 4144 imperitorum
2806 4074 3067 4144 ingerant,
3096 4073 3149 4127 in
3175 4072 3416 4151 ecclesiis
3437 4072 3533 4127 de-

1979 4165 2144 4237 pingi.
2175 4164 2491 4219 Creaturam
2511 4178 2639 4219 vero
2665 4164 2898 4225 adorari,
2937 4163 3094 4232 eique
3118 4161 3318 4231 aliquid
3344 4161 3537 4217 divina:

1982 4254 2256 4312 servitutis
2282 4248 2535 4325 impendi,
2574 4256 2726 4310 nefas
2763 4255 3025 4320 ducimus,
3063 4251 3326 4323 hujusque
3362 4251 3531 4306 scele-

1984 4350 2060 4404 ris
2093 4356 2422 4419 patratorem
2472 4348 2843 4402 detestandum
2888 4355 2933 4402 3t
2970 4344 3533 4401 anathematizandum

1983 4438 2153 4503 libera
2175 4451 2305 4493 voce
2325 4436 2736 4507 proclamamus,
2758 4436 2906 4506 isque
2926 4444 3137 4505 quantze
3151 4435 3222 4490 sit
3239 4433 3534 4503 punitionis

329 4547 350 4580 ι
395 4530 536 4584 sitan
577 4528 758 4581 vivum
800 4527 1153 4598 deglutissent
1182 4541 1285 4581 me.
1319 4546 1337 4578 ι
1370 4525 1426 4581 ld
1469 4526 1600 4580 nulli
1644 4525 1748 4581 nisi
1789 4525 1882 4581 tibi
1908 4526 1960 4586 D
1983 4526 2239 4583 Dominus
2262 4526 2575 4582 terribiliter
2600 4526 2809 4580 intonat
2834 4526 3048 4580 dicens:
3076 4523 3414 4592 Sacriﬁcans,
3437 4523 3540 4578 nisi

321 4618 694 4690 imputandum
736 4626 838 4673 est.
870 4618 1142 4672 Debueras
1170 4616 1430 4686 siquidem
1460 4630 1655 4670 cavere
1699 4630 1767 4669 ne
1803 4630 1885 4669 se—

322 4720 560 4766 ctatores
579 4708 780 4764 Christi
812 4717 918 4789 tam
947 4707 1179 4763 infauste
1223 4707 1664 4778 reprehenderes,
1701 4707 1886 4776 eisque

324 4801 597 4873 sacrilegii
627 4809 805 4854 notam
834 4796 1101 4863 inurercs,
1128 4797 1547 4869 traditionesque
1574 4813 1706 4867 quas
1728 4797 1829 4853 sibi
1849 4813 1879 4853 a

324 4894 532 4950 sanctis
568 4892 820 4948 Patribus
868 4891 1093 4946 traditas
1142 4897 1327 4946 sancta
1383 4890 1694 4959 simpliciter
1741 4897 1889 4944 tenet

324 4982 591 5047 Ecclesia,
618 4980 721 5037 etsi
751 4996 859 5035 non
900 4989 1025 5045 voto
1062 4989 1174 5045 tuo,
1212 4980 1403 5035 saltem
1442 4980 1676 5045 silentio,
1714 4977 1890 5050 gravi-

328 5085 442 5132 tate
459 5074 720 5144 magistra
742 5073 1113 5143 comprobare.
1143 5070 1365 5139 Oportet
1392 5084 1622 5138 namque
1641 5076 1701 5123 ut
1726 5083 1890 5123 unus-

328 5165 560 5236 quisque
588 5162 760 5218 fldelis
785 5148 1032 5230 iniuriam
1063 5156 1163 5213 sibi
1198 5157 1400 5211 illatam
1425 5157 1797 5228 aequanimiter
1817 5159 1887 5212 ob

330 5258 431 5314 Dei
473 5270 710 5311 amorem
746 5252 905 5309 ferat.
949 5247 1338 5305 Ecclesiastica‘.
1385 5262 1513 5302 vero
1553 5247 1888 5304 auctoritatis

329 5348 785 5421 vituperationem
830 5360 895 5400 ac
939 5337 1432 5412 reprehensionem,
1477 5348 1889 5408 sanctorumque

332 5440 433 5497 Dei
475 5445 861 5508 contemptum,
899 5432 1168 5505 patienter
1196 5429 1316 5499 quis
1350 5429 1490 5483 ferre
1515 5428 1745 5511 potest?.
1784 5428 1889 5485 Re-

337 5543 451 5591 stat
469 5532 631 5603 igitur
657 5540 708 5586 te
732 5536 1003 5584 auctorem
1030 5539 1149 5581 esse
1175 5521 1333 5592 hujus
1353 5523 1554 5589 delicti,
1577 5524 1741 5593 quiin
1770 5540 1890 5596 sug-

340 5625 668 5698 gillationem
696 5619 1033 5677 auctoritatis
1077 5615 1454 5673 ecclesiasticae
1482 5613 1699 5684 ejusque
1727 5616 1889 5671 devo-

344 5730 524 5780 torum
552 5719 868 5776 famulorum
912 5728 1019 5771 tam
1060 5714 1370 5785 blasphema
1396 5711 1557 5766 verba
1589 5710 1889 5773 cvomuisti,

1981 4619 2202 4674 Domino
2243 4617 2363 4683 soli,
2398 4617 2746 4672 eradicabitur
2793 4616 2987 4689 (Exod.
3032 4616 3189 4683 χιιι).
3218 4614 3372 4682 Quod
3411 4629 3537 4670 vero

1982 4706 2280 4780 subjungis,
2313 4707 2386 4761 ita
2417 4689 2664 4776 inquiens
2687 4723 2701 4760 :

2058 4820 2077 4852 ι
2120 4798 2228 4853 Aut
2258 4814 2378 4869 quae
2408 4799 2462 4853 in
2500 4797 2707 4853 honore
2752 4795 3024 4852 Creatoris
3059 4796 3325 4849 humanus
3352 4806 3543 4847 sensus

1990 4910 2009 4943 ‹
2050 4891 2202 4962 ponit
2242 4889 2579 4959 excogitare;
2611 4907 2629 4939 ι
2664 4903 2770 4958 quo
2806 4903 2965 4942 sensu
3013 4886 3182 4955 accipi
3211 4892 3394 4955 queat,
3430 4897 3535 4936 non

1987 4986 2116 5040 satis
2145 4984 2340 5041 elucet.
2371 4983 2513 5038 Nihil
2541 4991 2719 5037 autem
2746 4981 2810 5035 de
2841 4981 2947 5034 Deo
2983 4980 3083 5034 sibi
3108 4992 3448 5048 corporeum,
3479 4981 3540 5027 ut

1987 5075 2184 5129 videris
2210 5074 2441 5130 voluisse
2467 5071 2712 5141 intelligi,
2742 5071 3005 5124 humanus
3040 5083 3227 5123 sensus
3253 5062 3534 5135 cogitando

1984 5162 2310 5235 permittitur
2335 5160 2636 5232 imaginari.
2665 5158 2799 5213 lllud
2820 5173 3030 5228 quoque
3055 5157 3188 5212 satis
3217 5153 3398 5210 mirari
3430 5168 3539 5209 non

1986 5268 2227 5324 possum,
2253 5268 2375 5308 cum
2396 5253 2460 5306 de
2483 5250 2628 5305 omni
2656 5248 3002 5305 similitudine
3022 5263 3126 5302 non
3160 5245 3422 5308 facienda,
3455 5258 3537 5298 se-

1987 5344 2218 5399 cundum
2241 5340 2483 5409 Decalogi
2507 5348 2855 5410 praeceptum,
2880 5335 3233 5406 assumpseris
3252 5333 3541 5404 quamdam

1988 5430 2263 5493 lascivam,
2292 5427 2527 5500 agilitate
2562 5427 2943 5500 praecipitatus,
2974 5423 3370 5480 conclusionem
3395 5422 3544 5493 ejus-

1990 5522 2110 5578 dem
2140 5518 2415 5591 praecepti,
2447 5535 2606 5589 quam
2632 5515 3040 5590 prmtermisisti,
3074 5528 3342 5585 exponere
3374 5520 3549 5569 tenta-

1990 5614 2155 5678 veris,
2188 5625 2307 5681 quae
2345 5608 2646 5679 huiusmodi
2685 5618 2809 5665 est:
2844 5607 2965 5662 Non
2992 5604 3233 5661 adorabis
3268 5621 3352 5671 ea,
3385 5620 3543 5674 neque

1992 5708 2144 5770 coles,
2182 5722 2272 5777 ego
2315 5721 2429 5760 sum
2478 5704 2729 5759 Dominus
2779 5702 2917 5756 Deus
2964 5710 3103 5763 tuus,
3148 5699 3317 5769 (ortis,
3365 5695 3548 5751 zelotes
