4030 6190
440 298 547 355 519
595 313 599 317 ·

1499 284 1690 351 ,τοΝῶ
1721 272 2261 348 AURELIANESSIS
2299 248 2607 346 EPlSCOPl

3552 290 3654 344 59.0

442 410 640 485 (Exod.
680 406 792 479 sx),
826 413 882 461 et
914 419 1104 461 caetera
1150 420 1268 476 qua:
1303 412 1616 474 sequuntur.
1656 403 1849 472 Liquet
1898 401 1995 472 igi—
2022 405 2069 464 Α
2094 400 2278 456 Graece
2300 403 2544 477 θρησκεία
2576 400 2804 466 dicitur;
2839 409 3014 455 tamen
3036 401 3159 471 quia
3191 400 3376 457 Latine
3404 400 3657 475 loquendi

443 515 551 567 tur,
587 510 651 554 ut
671 515 800 570 pace
832 507 921 552 tua
956 497 1204 561 dixerim,
1235 496 1287 549 in
1326 497 1512 551 eodem
1552 495 1695 550 facto
1730 504 1784 549 te
1820 494 1996 548 minus

440 594 613 665 perite
657 591 868 661 egisse;
911 588 1053 657 quod
1090 587 1234 642 enim
1276 587 1641 640 adorationem
1684 593 1740 640 et
1790 583 1993 638 cultum

440 679 822 751 multiplicibus
863 687 919 733 et
972 675 1445 746 incongruentibus
1494 675 1672 729 verbis
1727 686 1997 742 exponere

441 772 676 835 voluisti,
706 778 761 826 et
786 768 1024 840 regulam
1061 777 1219 823 recte
1235 766 1516 821 locutionis
1540 754 1827 826 offendisti,
1851 771 1907 816 et
1928 761 1996 815 ad

440 880 659 921 sensum
689 877 846 934 quem
872 859 1072 930 expleri
1112 857 1343 920 voluisti,
1374 872 1480 911 non
1507 855 1661 924 plene
1682 852 1995 923 pervenisti.

441 958 714 1012 Debueras
761 951 1025 1022 siquidem
1068 957 1373 1005 sanctorum
1424 946 1641 1001 Patrum
1692 943 1746 996 in
1794 942 1998 996 eisdem

440 1048 621 1103 verbis
668 1042 1016 1115 explanandis
1066 1039 1486 1109 expositionem.
1534 1052 1639 1091 non
1690 1045 1837 1088 tuam
1881 1048 2002 1103 pro-

442 1139 615 1210 priam
663 1133 834 1206 sequi,
880 1132 1023 1204 quod
1048 1131 1173 1201 quia
1214 1128 1389 1185 facere
1418 1126 1663 1192 renuiSti,
1704 1134 1763 1180 ut
1798 1124 1998 1180 dictum

442 1238 547 1292 est,
587 1228 692 1281 vim
729 1224 1217 1296 proprietatemque
1240 1218 1555 1275 eorumdem
1586 1218 1870 1271 verborum
1891 1229 2000 1269 non

443 1317 576 1373 Satis
613 1325 866 1386 expresse
904 1311 1210 1368 declarasti.
1254 1310 1371 1365 Alia
1400 1308 1597 1379 quippe
1643 1316 1726 1363 est
1762 1306 2002 1362 adoratio

443 1424 566 1478 quae
601 1424 704 1462 non
735 1406 838 1462 nisi
878 1405 976 1460 soli
1007 1405 1117 1459 Deo
1142 1404 1386 1468 debetur,
1423 1402 1526 1456 alia
1559 1417 1679 1471 qua:
1703 1416 1732 1455 a
1762 1400 2008 1454 mortali-

443 1498 565 1562 bus,
595 1495 914 1550 humilitatis
947 1501 1002 1548 et
1026 1491 1371 1561 subiectionis
1400 1491 1593 1562 gratia,
1621 1505 1773 1560 aeque
1804 1497 2006 1542 morta-

443 1587 584 1642 libus
610 1587 915 1642 eshibetur.
944 1586 1152 1641 Rursus
1172 1584 1309 1640 alius
1334 1594 1417 1640 est
1436 1583 1608 1638 cultus
1634 1597 1742 1652 quo
1769 1596 1876 1637 non
1899 1580 2002 1635 nisi

445 1679 637 1735 divina:
666 1678 917 1749 potentiae
966 1676 1327 1731 famulandum
1376 1683 1479 1740 est,
1509 1683 1564 1730 et
1614 1674 1751 1729 alius
1795 1681 1880 1728 est
1911 1673 2002 1742 qui

445 1787 553 1826 non
579 1743 749 1839 solum
776 1767 1198 1832 rationabilibus,
1218 1781 1403 1822 verum
1433 1766 1595 1820 etiam
1623 1763 2008 1819 irrationabili—
2034 1743 2078 1803 Β

442 1860 547 1914 bus
594 1859 859 1914 creaturis
891 1857 1045 1927 juxta
1084 1857 1298 1912 modum
1340 1856 1615 1927 proprium
1656 1855 2000 1924 impenditur.

447 1950 525 2005 De
560 1949 871 2004 diversitate
920 1949 1102 2018 itaque
1148 1947 1324 2004 cultus
1364 1948 1529 2001 babes
1581 1961 1686 2001 una
1725 1944 2001 2000 nobiseum

447 2036 663 2094 beatum
691 2038 1045 2110 Augustinum
1076 2038 1127 2092 in
1148 2038 1287 2093 libro
1309 2039 1374 2093 de
1408 2036 1635 2092 Civitate
1670 2036 1767 2092 Dei
1797 2036 2005 2091 decimo

447 2129 600 2201 (Cap.
629 2129 668 2203 ι)
704 2130 1014 2201 plenissime
1034 2130 1312 2187 docentem
1344 2148 1358 2183 :
1384 2130 1482 2185 llic
1507 2138 1591 2186 est
1614 2130 1778 2196 enim,
1811 2130 2003 2199 inquit,

390 2246 397 2259 ι
447 2219 736 2286 divinitati,
759 2219 865 2285 vel,
897 2220 942 2275 si
968 2220 1276 2290 expressius
1304 2219 1616 2284 dicendum,
1638 2219 1823 2274 deitati
1853 2218 2004 2274 debi-

449 2320 538 2368 tus
569 2313 764 2377 cultus,
790 2321 1009 2383 propter
1036 2328 1197 2382 quem
1239 2328 1347 2368 uno
1371 2313 1538 2368 verbo
1575 2311 2027 2382 significandum,

451 2402 703 2470 quoniam
727 2402 858 2467 mihi
884 2401 1016 2456 satis
1049 2401 1298 2457 idoneum
1328 2418 1435 2455 non
1468 2401 1707 2456 occurrit
1732 2399 2006 2465 Latinum,

447 2489 638 2546 Graeco
684 2489 797 2563 (ubi
821 2504 1044 2546 necesse
1075 2488 1182 2561 est)
1226 2491 1438 2545 insinuo
1464 2489 1592 2560 quid
1615 2489 1775 2544 velim
1804 2488 2003 2544 dicere.

451 2583 703 2655 Λατρείαν
734 2582 931 2651 quippe
976 2581 1167 2647 nostri,
1204 2580 1506 2651 ubicunque
1531 2588 1837 2635 sanctarum
1869 2579 2009 2635 Scri-

447 2679 731 2741 pturarum
760 2671 991 2741 positum
1027 2679 1130 2736 est,
1162 2671 1494 2742 interpretati
1521 2678 1646 2726 sunt
1671 2670 2003 2725 servitutem.

446 2760 558 2819 Sed
592 2777 657 2818 ea
701 2763 930 2818 servitus
957 2779 1075 2832 qua:
1099 2764 1323 2819 debetur
1350 2762 1679 2828 hominibus,
1713 2762 2007 2818 secundum

444 2868 613 2923 quam
649 2853 902 2924 praacepit
942 2852 1228 2923 Apostolus
1263 2867 1448 2908 servos
1475 2838 1707 2907 dominis
1735 2851 1848 2907 suis
1884 2850 2010 2906 sub-

451 2943 593 2998 ditos
628 2958 747 2998 esse
788 2943 983 2997 debere
1023 2942 1237 3013 (Ep/nes.
1278 2942 1376 3012 vr),
1414 2942 1520 2998 alio
1567 2942 1784 2997 nomine
1822 2940 2010 2996 Grzece

447 3031 748 3101 nuncupari
773 3031 928 3086 solet.
947 3036 1201 3107 ίδΔατριία
1228 3047 1374 3098 vero,
1404 3033 1696 3087 secundum
1724 3039 2009 3087 consuetu-

453 3122 632 3177 dinem
669 3137 773 3191 qua
804 3121 968 3177 locuti
994 3130 1118 3177 sunt
1141 3122 1230 3193 qui
1272 3124 1425 3178 nobis
1448 3122 1625 3177 divina
1650 3122 1859 3192 eloquia
1883 3138 2010 3178 con-

449 3211 722 3278 diderunt,
767 3221 861 3267 aut
906 3227 1135 3282 semper,
1166 3222 1258 3268 aut
1289 3221 1400 3268 tam
1441 3212 1748 3282 frequenter
1776 3221 1836 3267 ut
1873 3229 2011 3283 pene

453 3318 688 3375 semper,
724 3317 788 3359 ea
817 3304 1015 3359 dicitur
1054 3305 1287 3359 servitus
1329 3319 1449 3374 quae
1477 3305 1711 3374 pertinet
1735 3306 1803 3359 ad
1836 3304 2012 3359 colen-

459 3398 584 3452 dum
622 3397 811 3452 Deum.
838 3396 1071 3452 Proinde
1104 3398 1150 3452 si
1178 3397 1547 3453 tantummodo
1578 3397 1754 3453 cultus
1784 3398 1896 3466 ipse
1933 3397 2013 3452 di-

454 3498 629 3555 catur,
670 3504 775 3544 non
821 3489 920 3544 soli
958 3491 1068 3544 Deo
1108 3490 1288 3545 deberi
1325 3490 1554 3545 videtur.
1600 3491 1839 3546 Dicimur
1869 3490 2012 3546 enim

456 3579 636 3637 colere
663 3580 822 3635 etiam
852 3580 1113 3644 homines,
1161 3596 1296 3651 quos
1329 3581 1621 3637 honoriﬁca
1657 3582 1739 3638 vel
1765 3582 2014 3638 recorda-

454 3669 601 3736 tione
654 3668 738 3725 vel
780 3671 1062 3739 przesentia
1105 3669 1532 3740 frequentamus.
1582 3672 1692 3727 Nec
1728 3672 1897 3727 solum
1949 3688 2012 3727 ea

457 3759 650 3829 quibus
691 3775 788 3816 nos
839 3760 1089 3830 religiosa
1148 3752 1485 3817 humanitate
1525 3761 1872 3831 subiicimus,
1920 3764 2014 3819 sed

454 3849 699 3917 quaedam
727 3850 892 3904 etiam
913 3866 1032 3919 qua:
1070 3849 1314 3921 subjecta
1338 3861 1464 3906 sunt
1491 3853 1646 3908 nobis
1663 3850 2015 3924 perhibentur

454 3939 580 3994 coli.
613 3938 745 3994 Nam
783 3955 851 3995 et
882 3940 985 3996 hoc
1017 3942 1202 4005 verbo,
1251 3950 1306 3996 et
1342 3941 1614 4013 agricolas,
1653 3940 1931 4007 et‘coloni,
1961 3950 2016 4000 et

458 4029 645 4084 incola:
685 4029 969 4085 dicuntur:
999 4041 1055 4087 et
1082 4032 1225 4102 ipsos
1257 4032 1386 4087 deos
1415 4048 1519 4087 non
1556 4033 1625 4088 ob
1659 4032 1801 4087 aliud
1841 4034 2018 4104 appel-

456 4119 570 4173 lant
591 4119 880 4184 cmlicolas,
926 4122 1030 4176 nisi
1070 4122 1211 4191 quod
1241 4122 1438 4178 caelum
1467 4123 1674 4191 colant;
1704 4123 1811 4179 non
1835 4126 2017 4195 utique

454 4198 911 4274 venerando,_scd
953 4211 1326 4278 inhabitando;
1382 4222 1634 4285 tanquam
1685 4216 1809 4271 C(Bli
1852 4232 2016 4287 quos-

456 4297 582 4353 dam
604 4300 852 4366 colonos;
888 4317 994 4354 non
1030 4302 1170 4355 sicut
1193 4302 1528 4373 appellantur
1548 4304 1722 4359 coloni
1753 4306 1846 4375 qui
1887 4321 2018 4362 con-

459 4389 728 4495 ditionem.
745 4389 942 4444 debent
962 4390 1178 4459 genitali
1204 4391 1337 4457 solo,
1364 4392 1582 4464 propter
1608 4394 2008 4465 agriculturam,
2037 4432 2091 4495 Β

458 4478 560 4533 sub
588 4478 805 4533 domino
826 4493 1156 4547 possessore,
1182 4481 1276 4535 sed
1307 4482 1446 4537 sicut
1481 4483 1557 4538 ait
1584 4483 1803 4553 quidam
1838 4485 2013 4543 Latini

386 4558 397 4565 ’
458 4567 656 4637 eloquii
703 4583 926 4638 magnus
957 4577 1146 4625 auctor
1174 4569 1371 4642 (Virg,
1405 4571 1621 4628 zEneid.
1651 4572 1690 4627 ι.
1721 4590 1758 4642 ι,
1800 4592 1846 4630 υ.
1885 4576 2011 4649 12)τ

642 4667 768 4718 Urbs
790 4671 982 4730 antiqua
1005 4667 1109 4731 fuit,
1129 4669 1263 4731 Tyrii
1284 4678 1495 4721 tenuere
1511 4671 1691 4725 coloni.

460 4749 543 4805 Ab
566 4749 844 4805 incolendo
867 4751 1010 4805 enim
1035 4750 1251 4807 colonos
1270 4753 1500 4819 vocavit,
1545 4769 1651 4810 non
1676 4756 1745 4812 ab
1783 4757 2016 4830 agricul-

460 4848 607 4895 tura.
644 4840 781 4895 llin‘e
803 4848 858 4896 et
888 4841 1133 4898 civitates
1159 4842 1495 4913 amajoribus
1521 4845 1850 4916 civitatibus,
1873 4850 2019 4906 velut

461 4929 782 5000 populorum
809 4930 1164 4999 examinibus,
1185 4933 1434 5002 conditae,
1457 4935 1680 4992 colonize
1708 4955 2021 5010 nuncupan-

464 5027 588 5086 tur;
626 5028 683 5074 et
716 5034 814 5089 per
840 5019 942 5075 hoc
960 5021 1164 5076 cultum
1192 5023 1407 5092 quidem
1434 5040 1542 5079 non
1561 5026 1743 5082 deberi
1761 5028 1876 5098 nisi
1887 5030 2016 5098 Deo,

460 5108 677 5180 propria
700 5108 927 5180 quadam
954 5113 1160 5168 ratione
1191 5114 1339 5169 verbi
1359 5115 1537 5184 hujus,
1556 5119 1777 5174 omnino
1797 5094 2017 5178 verissi-

466 5215 611 5255 mum
642 5210 725 5256 est
750 5216 766 5255 :
796 5202 888 5257 sed
915 5203 1037 5272 quia
1060 5213 1115 5259 et
1146 5204 1370 5260 aliarum
1396 5220 1575 5262 rerum
1602 5209 1799 5265 dicitur
1821 5212 2015 5280 cultus,

465 5291 588 5346 ideo
621 5291 810 5348 Latine
836 5309 941 5348 uno
967 5296 1131 5350 verbo
1154 5296 1444 5366 signiﬁcari
1479 5299 1653 5356 cultus
1679 5302 1789 5357 Deo
1811 5304 2020 5362 debitus

469 5398 574 5437 non
614 5393 807 5454 potest.
841 5386 972 5440 Nam
1000 5396 1054 5441 et
1081 5388 1195 5457 ipsa
1237 5387 1426 5461 religio
1448 5394 1694 5463 quamvis
1718 5395 2021 5453 distinctius

471 5472 578 5527 neu
616 5474 927 5542 quemlibet,
957 5478 1049 5532 sed
1073 5478 1165 5533 Dei
1190 5480 1394 5534 cultum
1423 5483 1725 5551 signiﬁcare
1746 5487 2019 5554 videatur;

392 5624 395 5629 ν
470 5563 612 5618 unde
640 5563 743 5618 isto
773 5568 984 5620 nomine
1015 5568 1351 5638 interpretati
1394 5580 1518 5626 sunt
1558 5576 1726 5630 nostri
1757 5592 1875 5632 eam
1906 5592 2023 5647 quae

545 5678 569 5715 ε
598 5666 797 5741 Nempe
836 5678 1053 5737 δουλεία.

2095 494 2503 560 consuetudine,
2546 509 2650 548 non
2696 494 3085 564 imperitorum,
3123 511 3307 550 verum
3356 497 3518 551 etiam
3563 500 3671 553 (ιο.-

2093 583 2478 649 ctissimorum,
2508 591 2565 639 et
2592 586 2998 655 cognationibus
3026 588 3275 642 humanis
3299 598 3461 659 atque
3486 571 3660 646 aflini-

2093 673 2315 733 tatibus,
2342 682 2398 727 et
2426 673 2752 742 quibuslibet
2780 675 3263 732 necessitudinibus
3288 670 3485 732 dicitur
3504 681 3660 734 exhi-

2093 764 2267 819 benda
2305 764 2514 834 religio,
2545 780 2653 819 non
2695 779 2761 819 eo
2799 764 3061 820 vocabulo
3101 766 3301 821 vitatur
3327 769 3661 839 ambiguum.

2093 868 2215 908 cum
2242 854 2310 908 de
2333 855 2479 909 cultu
2500 855 2805 909 Divinitatis
2828 857 3054 911 vertitur
3073 858 3315 925 quaestio,
3349 867 3409 911 ut
3432 858 3663 914 ﬁdenter

2095 945 2278 1001 dicere
2316 946 2589 1002 valeamus
2640 947 2956 1020 religionem
3003 963 3107 1003 non
3145 964 3266 1004 esse
3310 951 3411 1006 nisi
3455 952 3662 1007 cultum

2098 1034 2230 1095 Dei;
2267 1036 2522 1105 quoniam
2564 1036 2775 1091 videtur
2818 1038 2921 1093 hoc
2963 1039 3184 1093 verbum
3236 1056 3268 1093 a
3309 1041 3662 1112 significanda

2097 1125 2439 1180 observantia
2476 1125 2890 1197 propinquitatis
2940 1127 3187 1183 humana:
3228 1128 3517 1184 insolenter
3567 1146 3662 1184 au-

2099 1213 2247 1269 ferri.
2279 1214 2461 1271 Pietas
2488 1231 2702 1285 quoque
2729 1217 2943 1287 preprie
2969 1218 3063 1273 Dei
3100 1218 3275 1274 cultus
3318 1220 3543 1292 intelligi
3575 1236 3666 1276 so-

2100 1303 2194 1369 let,
2219 1319 2379 1374 quem
2399 1303 2569 1359 Grieci
2596 1308 2854 1363 ιύσιϐείαν
2879 1317 3091 1362 vocant.
3115 1308 3240 1365 Ilzec
3262 1320 3436 1366 tamen
3458 1324 3514 1367 et
3534 1328 3663 1383 erga

2101 1402 2355 1463 parentes
2384 1395 2621 1450 oilieiose
2662 1395 2844 1451 haberi
2880 1396 3094 1451 dicitur.
3143 1397 3287 1454 More
3313 1409 3491 1455 autem
3517 1401 3662 1472 vulgi

2102 1488 2206 1543 hoc
2230 1502 2424 1543 nomen
2451 1488 2615 1542 etiam
2640 1488 2691 1542 in
2721 1489 2973 1558 operibus
2996 1489 3377 1547 misericordiae
3402 1492 3658 1562 frequen-

2104 1585 2248 1632 tatur
2276 1596 2288 1632 :
2314 1577 2456 1648 quod
2502 1577 2621 1633 ideo
2648 1579 2883 1634 arbitror
2915 1580 3179 1645 evenisse,
3230 1582 3357 1651 quia
3389 1582 3505 1638 inec
3542 1584 3660 1639 fieri

2104 1668 2371 1739 prmcipue
2397 1669 2614 1723 mandat
2652 1664 2815 1735 Deus,
2853 1684 3021 1741 eaque
3056 1671 3181 1736 sibi,
3210 1674 3293 1728 vel
3328 1690 3426 1743 pro
3451 1676 3665 1731 sacriﬁ-

2106 1758 2228 1825 ciis,
2257 1758 2343 1813 vel
2376 1774 2486 1828 prte
2519 1759 2797 1814 sacrificiis
2824 1760 3037 1829 placere
3064 1770 3309 1817 testatur.
3348 1764 3425 1819 Ex
3451 1780 3554 1833 qua
3584 1765 3665 1820 lo-

2103 1847 2301 1917 quendi
2337 1847 2724 1902 consuetudine
2747 1846 2944 1902 factum
2972 1858 3056 1903 est
3084 1858 3224 1903 utet
3268 1851 3406 1905 Deus
3444 1852 3558 1922 ipse
3584 1853 3661 1905 di-

2102 1947 2257 1992 catur
2299 1937 2637 2007 piuszquem
2684 1950 2812 1991 sane
2857 1935 3031 1992 Gneci
3069 1938 3213 1992 nullo
3256 1954 3353 1993 suo
3396 1941 3667 1995 sermonis

2104 2042 2202 2081 usu
2238 2026 2468 2082 εὐσεϐεῖν
2500 2035 2716 2091 vocant,
2753 2026 2995 2095 quamvis
3021 2028 3283 2083 ιῦσεϐεἷαν
3319 2043 3416 2097 pro
3453 2029 3663 2084 miseri-

2103 2118 2288 2174 cordia
2333 2117 2544 2171 illorum
2576 2116 2741 2172 etiam
2765 2115 2953 2188 vulgus
2991 2118 3230 2189 usurpet.
3267 2117 3417 2173 Unde
3456 2120 3511 2181 in
3540 2121 3663 2189 qui-

2105 2208 2331 2264 busdam
2387 2207 2788 2278 Scripturarum
2833 2207 2985 2270 locis,
3037 2217 3095 2262 ut
3144 2209 3419 2264 distinctio
3460 2212 3668 2265 certior

2107 2308 2411 2370 appareret,
2452 2315 2559 2355 non
2587 2300 2866 2375 ιύσεϐσίαν,
2911 2299 3053 2369 quod
3100 2313 3166 2354 ex
3202 2299 3343 2354 bono
3368 2300 3536 2366 cultu,
3572 2303 3668 2357 sed

2105 2394 2414 2458 θιοσεϐιίαν,
2447 2392 2591 2461 quod
2618 2407 2685 2446 ex
2707 2392 2800 2446 Dei
2842 2391 2987 2447 cultu
3035 2392 3389 2461 compositum
3429 2404 3665 2454 resonat,

2106 2483 2286 2539 dicere
2317 2482 2640 2538 maluerunt.
2674 2482 2948 2539 Utrumvis
2986 2492 3162 2538 autem
3191 2484 3381 2538 horum
3429 2499 3529 2539 nos
3558 2500 3668 2539 uno

2105 2576 2270 2630 verbo
2297 2575 2577 2631 enuntiare
2621 2589 2727 2629 non
2755 2589 3057 2644 possumus.
3095 2573 3224 2641 Quae
3260 2575 3441 2644 itaque
3465 2576 3670 2649 λατρεία

2106 2666 2291 2722 Graece
2316 2673 2673 2735 nuncupatur,
2703 2672 2755 2719 et
2778 2664 2967 2719 Latine
2996 2664 3378 2733 interpretatur
3399 2664 3666 2727 servitus;

2107 2759 2201 2813 sed
2220 2774 2283 2814 ea
2311 2772 2415 2828 qua
2443 2756 2669 2811 colimus
2693 2756 2882 2820 Deum,
2919 2757 3003 2812 vel
3040 2772 3159 2826 quae
3182 2759 3427 2834 θρησκεία
3458 2757 3668 2821 Grzece,

2108 2849 2298 2905 Latine
2339 2857 2518 2904 autem
2557 2848 2744 2920 religio
2772 2850 2996 2916 dicitur;
3033 2849 3126 2904 sed
3151 2864 3215 2904 ea
3258 2864 3378 2918 qua:
3406 2848 3560 2904 nobis
3584 2860 3671 2904 est

2109 2956 2236 3013 erga
2269 2940 2439 2995 Deum
2486 2941 2572 2996 vel
2615 2930 2779 3011 quam
2823 2941 2898 2995 illi
2930 2941 3212 3007 εὐσεϐεἰαν,
3252 2956 3361 2996 nos
3389 2956 3516 2995 vero
3561 2957 3668 2995 non

2109 3047 2219 3089 uno
2248 3032 2413 3087 verbo
2436 3032 2759 3102 exprimere,
2781 3031 2877 3087 sed
2906 3030 3001 3087 Dei
3029 3030 3229 3087 cultum
3253 3045 3536 3099 possumus
3567 3046 3667 3099 ap-

2109 3126 2346 3199 pellare:
2374 3127 2514 3181 hanc
2555 3126 2603 3181 ei
2651 3134 2858 3180 tantum
2893 3126 3004 3181 Deo
3048 3125 3233 3181 deberi
3277 3125 3528 3190 dicimus,
3576 3125 3673 3193 qui
3758 3170 3767 3177 .

2108 3233 2270 3274 verus
2296 3226 2379 3273 est
2408 3217 2568 3283 Deus,
2591 3216 2826 3285 facitque
2852 3231 2979 3271 suos
3008 3216 3241 3272 cultores
3261 3216 3409 3271 deos.
3438 3215 3677 3282 Quicum

2109 3322 2213 3378 que
2244 3307 2406 3378 igitur
2432 3315 2557 3362 sunt
2586 3306 2638 3361 in
2666 3306 2975 3363 caelestibus
3003 3306 3673 3362 habitationibus‘immor-

2112 3395 2246 3451 tales
2272 3401 2327 3450 et
2353 3395 2517 3461 beati,
2542 3396 2589 3450 si
2619 3398 2719 3450 nes
2743 3410 2850 3450 non
2878 3403 3063 3449 amant
3086 3410 3186 3451 nec
3209 3397 3399 3452 beatos
3434 3411 3553 3452 esse
3573 3412 3679 3451 nos

2109 3485 2315 3551 volunt,
2343 3485 2550 3541 colendi
2576 3486 2761 3555 utique
2790 3502 2897 3541 non
2923 3495 3066 3540 sunt.
3106 3485 3163 3541 Si
3192 3494 3371 3541 autem
3396 3496 3583 3542 amant
3614 3496 3677 3542 et

2109 3573 2300 3630 beatos
2333 3575 2537 3640 volunt,
2581 3576 2824 3645 profecto
2855 3576 2977 3632 inde
3022 3577 3227 3642 volunt,
3274 3576 3433 3631 unde
3462 3585 3519 3632 et
3566 3577 3673 3647 ipsi

2110 3677 2255 3723 sunt.
2282 3666 2424 3723 Satis
2452 3668 2614 3738 igitur
2642 3669 2958 3738 abundeque
2995 3668 3267 3724 sufﬁciunt
3300 3667 3517 3724 lectoris
3542 3684 3675 3738 pru-'

2111 3759 2305 3815 dentize
2333 3759 2399 3814 de
2425 3758 2734 3814 diversitate
2771 3758 2946 3814 cultus
2971 3759 3087 3814 hare
3108 3774 3226 3829 qua:
3255 3776 3286 3814 τι
3310 3760 3469 3815 beato
3496 3760 3679 3831 Angu-

2112 3850 2255 3905 stino
2299 3849 2442 3905 dicta
2486 3849 2827 3919 protulimus.
2876 3849 3048 3906 Porro
3087 3852 3152 3906 de
3200 3852 3513 3907 adoratione
3554 3870 3681 3923 qua:

2111 3939 2428 3996 mortalibus
2466 3940 2778 3995 humilitatis
2828 3948 2883 3997 et
2920 3942 3267 4012 subiectionis
3308 3932 3478 4013 gratia
3524 3958 3682 4012 {eque

2113 4030 2428 4087 mortalibus
2477 4031 2802 4097 exhibetur,
2869 4031 3035 4086 multa
3085 4032 3138 4086 in
3191 4033 3399 4088 divinis'
3443 4033 3676 4102 eloquiis

2113 4122 2356 4192 exempla
2386 4122 2747 4192 reperiuntur,
2777 4137 2808 4178 e
2835 4124 3031 4192 quibus
3060 4123 3188 4179 illud
3213 4131 3300 4180 est
3327 4124 3382 4179 in
3404 4124 3543 4181 libro
3566 4123 3674 4180 Ge-

2113 4228 2339 4270 neseos:
2366 4212 2631 4278 Surrexit,
2663 4213 2857 4284 inquit,
2886 4214 3150 4268 Abraham
3184 4224 3231 4268 et
3254 4215 3492 4270 adoravit
3514 4232 3680 4286 papu-

2113 4302 2223 4358 lum
2249 4312 2423 4371 terrae,
2459 4305 2597 4374 ﬁlios
2622 4307 2854 4363 videlicet
2890 4307 3029 4363 Heth
3064 4307 3216 4379 (Gen.
3239 4311 3418 4380 xxnt).
3455 4312 3524 4367 Et
3547 4312 3678 4369 alibi

2115 4395 2171 4451 in
2215 4395 2403 4451 eodem
2447 4396 2584 4467 libro
2611 4415 2625 4452 :
2652 4396 2882 4470 Cumque
2918 4399 3220 4454 adorassent
3257 4399 3450 4471 Ioseph
3488 4402 3682 4471 fratres

2115 4485 2218 4551 sui,
2244 4494 2293 4541 et
2323 4487 2634 4557 cognovisset
2660 4505 2768 4553 eos,
2793 4489 2945 4560 quasi
2973 4488 3043 4543 ad
3069 4488 3266 4545 alienos
3293 4490 3476 4546 durius
3501 4491 3684 4563 loque-

2117 4575 2289 4630 batur.
2319 4576 2387 4631 Et
2410 4578 2568 4647 paulo
2590 4587 2712 4650 post
2735 4597 2749 4610 ·
2773 4578 2948 4649 Igitur
2986 4580 3247 4651 ingressus
3286 4592 3364 4637 est
3387 4580 3581 4653 Ioseph
3625 4586 3685 4639 in

2114 4665 2328 4721 domum
2360 4683 2531 4732 suam,
2573 4668 2958 4741 attuleruntque
2994 4671 3042 4725 ei
3084 4688 3322 4736 munera,
3365 4683 3593 4730 tenentes
3626 4677 3687 4731 iu

2117 4755 2377 4820 manibus,
2404 4765 2451 4811 et
2479 4757 2829 4813 adoraverunt
2847 4762 2998 4830 proni
3025 4762 3083 4815 in
3108 4771 3299 4817 terram
3328 4762 3478 4835 (Gen.
3506 4782 3539 4820 x
3581 4766 3682 4837 tv).

2118 4843 2186 4899 Et
2212 4845 2269 4924 in
2308 4845 2443 4902 libro
2464 4847 2745 4905 Melachim
2771 4867 2786 4904 :
2810 4849 3110 4919 Inclinavit,
3150 4854 3345 4924 inquit,
3372 4874 3428 4911 se
3456 4856 3687 4913 Bethsa-

2122 4933 2229 5000 bee,
2256 4917 2316 4990 et
2347 4935 2583 4992 adoravit
2625 4954 2793 5009 regem
2823 4938 2946 5009 (III
2972 4917 3105 5012 Reg.
3143 4943 3205 5014 ι).
3226 4917 3304 4998 lit
3330 4917 3488 5014 paulo
3519 4957 3641 5017 post
3668 4968 3682 5003 :

2123 5023 2604 5098 Nuntiaveruntque
2642 5029 2772 5098 regi,
2801 5029 3027 5085 dicentes
3067 5045 3087 5083 :
3118 5030 3277 5087 Adest
3316 5033 3535 5089 Nathan
3562 5053 3685 5106 pro-

2119 5115 2308 5186 pheta;
2352 5133 2567 5189 cumque
2616 5119 2858 5174 intrasset
2897 5130 3017 5176 ante
3048 5133 3386 5194 conspectum
3419 5127 3551 5197 regis
3569 5166 3585 5192 ,
3633 5138 3684 5182 et

2119 5206 2385 5263 adorasset
2422 5225 2540 5264 eum
2576 5227 2769 5282 pronus
2799 5212 2856 5266 in
2895 5221 3109 5279 terram,
3147 5214 3282 5270 dixit
3314 5216 3531 5272 Nanaan
3575 5221 3685 5290 regi

2118 5313 2181 5352 ea
2209 5314 2326 5368 quae
2352 5299 2424 5353 ibi
2446 5310 2749 5370 sequuntur.
2797 5301 2922 5357 Haec
2948 5305 3136 5375 paucis
3161 5305 3302 5361 dicta
3350 5307 3478 5362 sint.
3504 5307 3681 5366 Crete-

2120 5389 2351 5444 rumreui
2377 5388 2524 5445 cordi
2548 5388 2715 5446 fuerit
2758 5392 3061 5447 divinarum
3103 5393 3501 5465 Scripturarum
3533 5402 3684 5470 pagi‘

2121 5492 2221 5532 nas
2259 5477 2539 5550 diligenter
2586 5480 2782 5552 legere,
2833 5481 3133 5551 huiusmodi
3176 5485 3505 5542 adorationis
3552 5488 3682 5543 ube-

2120 5569 2265 5626 riora
2300 5579 2474 5653 po’tcst
2512 5571 2764 5642 perfacile
2810 5573 3113 5632 testimonia
3165 5580 3418 5649 reperire.
3461 5581 3536 5636 De
3583 5582 3680 5637 ad-
