4030 6190
330 318 432 373 321

334 533 487 574 mem
544 517 600 570 in
654 524 882 583 utroque
938 513 1286 568 Testamento
1349 521 1562 567 exstant
1633 508 1902 564 salutifera

332 613 681 665 documenta.
740 605 871 673 Qum
917 621 1038 660 cum
1075 603 1302 675 plurima
1347 611 1402 656 et
1444 602 1722 656 innumera
1763 599 1901 665 sint,

333 702 474 755 adeo
502 708 562 754 ut
592 713 697 753 non
722 697 883 752 facile
907 697 1070 751 etiam
1096 696 1164 749 ab
1192 694 1324 764 ipsis
1351 690 1689 763 peritissimis
1711 698 1767 744 et
1796 688 1905 744 elo-

330 791 709 862 quentissimis
731 789 862 843 viris
886 787 1145 858 explicari
1167 793 1388 855 queant,
1413 790 1578 839 restat
1605 791 1666 836 ut
1691 781 1906 850 exposi-

332 885 512 937 tiones
534 896 722 935 eorum
748 895 867 949 qua:
893 895 924 932 a
968 878 1169 933 sanctis
1198 877 1448 931 Patribus
1486 882 1671 929 sancto
1700 871 1904 943 Spiritu

335 973 533 1026 atllatis
554 972 775 1041 digesta:
800 977 925 1023 sunt
945 978 1002 1023 et
1027 968 1096 1022 ad
1121 975 1359 1022 nostram
1385 964 1631 1019 notitiam
1665 962 1901 1032 perlatas,

334 1076 541 1132 paucas
598 1062 664 1115 de
705 1059 911 1121 multis,
955 1055 1204 1111 brevitati
1243 1054 1536 1117 studentes,
1588 1053 1713 1107 huic
1754 1051 1904 1121 operi

334 1157 740 1212 subnectamus.
770 1150 969 1206 Scribit
991 1149 1176 1218 utique
1198 1146 1458 1218 Origenes
1485 1146 1537 1199 in
1560 1144 1906 1214 Expositione

337 1245 592 1315 Epistolas
627 1244 695 1297 ad
747 1242 1017 1297 Romanos
1039 1238 1174 1311 (Lib.
1204 1237 1282 1309 t):
1367 1237 1498 1292 Cum
1545 1243 1784 1307 possent,
1826 1234 1906 1287 in-

334 1337 482 1404 quit,
508 1334 754 1388 homines
779 1333 947 1387 Deum
974 1344 1285 1401 agnoscere,
1318 1329 1385 1383 ab
1410 1326 1527 1395 ejus
1569 1326 1712 1381 cultu
1740 1325 1905 1379 decli-

338 1436 556 1490 nantes,
587 1425 653 1479 ad
679 1424 940 1494 imagines
965 1420 1238 1475 hominum
1270 1419 1571 1472 adorandas
1609 1425 1664 1471 et
1703 1419 1907 1469 anima-

339 1518 471 1572 lium
500 1530 559 1569 se
586 1514 938 1568 diverterunt.
983 1510 1050 1566 Ut
1081 1510 1227 1563 enim
1270 1508 1505 1563 breviter
1542 1515 1598 1561 et
1636 1506 1815 1561 omnia
1853 1505 1905 1559 in

341 1621 508 1662 tinum
548 1605 771 1660 collecta
819 1602 1127 1659 deﬁnitione
1174 1601 1434 1663 dicamus,
1476 1600 1704 1654 adorare
1743 1598 1906 1651 alium

336 1707 541 1769 pneter
574 1696 811 1760 Patrem,
860 1703 917 1748 et
950 1693 1168 1758 Filium,
1221 1700 1277 1746 et
1325 1690 1589 1760 Spiritum
1637 1700 1903 1753 sanctum,

1399 308 1486 363 ne
1524 305 1751 362 anno
1787 304 2145 360 lMAGlNUM.
2184 336 2252 347 -
2290 305 2418 361 ue.
2456 305 2497 359 ι.
2551 283 2557 297 ’

334 429 550 483 ratione
575 439 707 480 vero
733 438 854 493 qua:
894 422 993 477 soli
1025 422 1133 477 Deo
1175 420 1418 484 debetur,
1456 421 1623 475 inulta
1655 428 1710 474 et
1751 420 1904 474 innu-
1934 424 1979 479 Λ
2007 418 2178 473 stinus
2220 418 2273 472 in
2304 418 2440 472 libro
2467 418 2693 486 septimo
2720 418 2787 474 de
2815 417 3049 475 Civitata
3088 421 3178 474 Dei
3214 441 3227 475 :

3451 310 3557 366 522

3265 422 3436 479 Unum
3467 439 3561 480 ve—

2007 523 2123 561 rum
2146 509 2334 572 Deum,
2372 508 2423 562 id
2454 517 2539 562 est
2565 509 2741 564 omnis
2766 511 2958 565 animm
2981 514 3327 583 corporisque
3351 527 3562 572 creato-

2005 612 2136 662 rem,
2165 598 2342 654 colere
2363 600 2589 669 quisque
2610 600 2913 655 contendat.
2945 602 3058 657 Non
3083 604 3203 659 ideo
3224 615 3412 674 peccat
3437 608 3561 677 quia

2003 703 2109 743 non
2138 696 2221 743 est
2239 689 2496 745 colendus
2519 704 2678 759 quem
2701 689 2847 757 colit,
2870 693 2962 747 sed
2982 694 3106 763 quia
3130 695 3431 762 colendum,
3456 714 3561 753 non

2003 791 2062 833 ut
2087 781 2345 836 colendus
2376 790 2478 847 est,
2506 782 2655 837 colit.
2696 782 2797 850 Qui
2825 798 2952 838 vero
2984 797 3038 840 et
3077 787 3238 842 rebus
3265 788 3479 850 talibus.
3510 791 3564 845 id

2002 880 2086 926 est
2114 872 2356 941 turpibus
2377 880 2433 926 et
2454 872 2712 935 scelestis,
2739 882 2793 929 et
2820 889 2923 930 non
2954 874 3119 930 Deum
3146 894 3351 943 verum,
3377 880 3429 934 id
3457 890 3559 945 est,

2003 962 2197 1017 anima:
2226 964 2572 1033 corporisque
2598 963 2879 1030 factorem,
2919 968 3011 1022 sed
3042 978 3342 1025 creaturam
3370 988 3562 1042 quam—

2006 1053 2088 1108 vis
2116 1069 2219 1107 non
2248 1054 2497 1108 vitiosam
2530 1053 2679 1119 colit,
2710 1056 2822 1113 sive
2851 1057 2939 1112 illa
2969 1059 3039 1113 sit
3072 1061 3272 1129 anima,
3300 1064 3413 1118 sive
3443 1080 3565 1119 cor-

2003 1159 2124 1213 pus,
2154 1145 2266 1199 sive
2286 1146 2462 1200 anima
2491 1146 2652 1200 simul
2673 1155 2729 1201 et
2751 1162 2966 1218 corpus,
2986 1150 3068 1206 bis
3090 1161 3279 1222 peccat
3297 1155 3349 1208 in
3373 1138 3563 1218 Deum,

2004 1240 2146 1307 quod
2174 1247 2229 1293 et
2250 1255 2345 1309 pro
2390 1240 2506 1310 ipso
2536 1240 2664 1295 colit
2693 1244 2835 1311 quod
2879 1258 2983 1298 non
3015 1255 3097 1299 est
3123 1246 3255 1315 ipse,
3284 1249 3568 1309 ettalihus

2004 1329 2165 1383 rebus
2186 1330 2313 1385 colit
2337 1332 2584 1400 qualibus
2611 1347 2709 1386 nec
2730 1332 2843 1401 ipse
2864 1334 3116 1391 colendus
3140 1346 3242 1392 est.
3268 1336 3399 1393 Item
3423 1340 3562 1395 idem

2005 1420 2059 1475 in
2093 1420 2230 1477 libro
2271 1438 2303 1476 ιι
2326 1423 2392 1477 de
2428 1422 2657 1478 Civitate
2691 1423 2822 1478 Dei:
2853 1424 3014 1479 Multa
3060 1428 3290 1498 denique
3319 1430 3385 1484 de
3420 1431 3571 1493 cultu

2005 1510 2187 1565 divino
2208 1522 2460 1581 usurpata
2501 1522 2627 1566 sunt
2646 1529 2765 1583 quae
2782 1514 3077 1570 honoribus
3103 1517 3442 1573 deferrentur
3468 1521 3571 1574 huc

2005 1603 2197 1665 manis,
2230 1602 2341 1656 sive
2370 1603 2674 1657 humilitate
2702 1605 2888 1669 nimia,
2923 1607 3036 1659 sive
3073 1608 3377 1666 adulatione
3407 1611 3571 1679 pesti-

2007 1692 2142 1759 fera,
2187 1694 2259 1748 ita
2307 1702 2482 1748 tamen
2510 1703 2568 1748 ιιι
2595 1695 2792 1765 quibus
2832 1712 2892 1750 ea
2925 1698 3282 1762 deferrentur,
3316 1701 3571 1757 homines

340 1789 635 1859 impietatis
675 1794 759 1842 est
786 1786 1009 1841 crimen.
1050 1784 1192 1838 Idem
1230 1782 1357 1837 item
1392 1782 1447 1836 in
1477 1780 1664 1835 eodem
1699 1794 1897 1848 opere:
1927 1769 1975 1828 Β
2005 1783 2352 1847 haberentur,
2396 1783 2491 1852 qui
2535 1784 2787 1838 dicuntur
2818 1785 3025 1841 colendi
3066 1796 3122 1842 et
3156 1792 3484 1856 venerandi;
3516 1792 3563 1846 si

340 1883 455 1952 Ego
487 1881 566 1936 sic
606 1880 839 1934 arbitror
866 1875 1234 1946 accipiendum
1263 1874 1428 1943 quod,
1456 1872 1603 1928 verbi
1643 1887 1826 1937 causa,
1857 1870 1903 1926 si

336 1976 464 2046 quis
507 1974 562 2028 in
590 1971 828 2042 quolibet
865 1968 1100 2033 metallo,
1137 1966 1307 2031 aurei,
1338 1965 1419 2020 vel
1449 1963 1712 2035 argentei,
1736 1962 1819 2039 vel
1848 1962 1904 2016 li-

337 2066 455 2139 gni,
483 2063 567 2119 vel
594 2062 805 2133 lapidis,
836 2058 964 2114 facit
998 2056 1230 2129 speciem
1269 2054 1630 2131 quadrupedis
1658 2051 1898 2121 alicujus,

337 2155 424 2210 vel
453 2152 740 2223 serpentis,
765 2150 846 2205 vel
869 2149 1004 2214 avis,
1028 2157 1083 2203 et
1102 2155 1332 2202 statuam
1355 2144 1521 2208 illam,
1551 2158 1657 2198 non
1681 2142 1899 2208 idolum,

337 2240 852 2309 sedsimilitudinem
880 2238 1028 2305 fecit,
1053 2237 1137 2292 vel
1163 2238 1328 2291 etiam
1367 2236 1411 2290 si
1440 2235 1676 2305 picturas
1709 2234 1777 2288 ad
1803 2234 1904 2287 hoc

338 2336 514 2407 ipsum
542 2342 764 2396 statuat,
793 2332 1137 2387 nihilominus
1170 2330 1571 2385 similitudinem
1599 2328 1791 2383 fecisse
1823 2327 1904 2381 di-

339 2425 543 2482 cendus
570 2431 672 2478 est.
718 2423 908 2477 Sermo
936 2422 1031 2476 Dei
1059 2420 1308 2474 universa
1337 2417 1717 2487 complectens,
1744 2415 1903 2471 simul

338 2519 555 2591 abjurat
591 2526 647 2572 et
674 2515 877 2587 abjicit,
909 2523 964 2569 et.
994 2530 1099 2567 non
1136 2513 1307 2568 solum
1355 2511 1552 2566 idolum
1582 2509 1697 2566 ﬁeri
1732 2518 1901 2574 vetat,

338 2614 436 2670 sed
466 2621 519 2666 et
547 2606 946 2665 similitudinem
975 2604 1216 2659 omnium
1262 2618 1382 2673 qum
1412 2601 1464 2656 in
1503 2610 1645 2657 terra
1677 2609 1821 2663 sunt,
1848 2608 1906 2654 et

339 2707 396 2760 in
440 2702 618 2771 aquis,
655 2709 711 2754 et
751 2699 804 2752 in
843 2696 1016 2759 cmlo;
1066 2694 1214 2749 addit
1257 2704 1438 2749 autem
1486 2702 1542 2749 et
1583 2694 1751 2748 dicit:
1780 2692 1903 2747 Non

339 2796 586 2852 adorabis
605 2812 688 2859 ea,
713 2808 873 2863 neque
890 2789 1033 2845 coles
1059 2788 1255 2860 (Exod.
1278 2787 1390 2857 xx).
1415 2786 1570 2841 Aliud
1598 2794 1683 2839 est
1703 2786 1904 2849 colere,

340 2887 487 2940 aliud
515 2885 759 2938 adorare.
807 2880 994 2935 Potest
1029 2878 1151 2948 quis
1180 2877 1447 2931 interdum
1480 2884 1535 2930 et
1571 2875 1770 2930 invitus
1805 2875 1905 2929 ad-

338 2990 520 3041 orare,
558 2973 697 3029 sicut
728 2969 967 3026 nonnulli
998 2969 1212 3039 regibus
1235 2966 1539 3030 adulantes,
1570 2972 1691 3019 cum
1731 2978 1824 3018 eos
1851 2966 1904 3019 in

339 3063 646 3133 huiusmodi
672 3061 846 3116 studia
873 3058 1089 3114 deditos
1118 3056 1367 3119 viderint,
1398 3056 1623 3109 adorare
1640 3069 1698 3109 se
1733 3055 1904 3108 simu—

2005 1881 2184 1927 autem
2222 1873 2447 1927 multum
2480 1874 2564 1929 eis
2606 1875 2842 1939 additur,
2877 1884 2933 1930 et
2961 1877 3256 1932 adorandi:
3285 1880 3405 1949 quis
3441 1897 3569 1936 vero

2005 1960 2414 2016 sacriﬁcandum
2437 1964 2667 2028 censuit,
2700 1965 2803 2019 nisi
2824 1965 2874 2019 ei
2901 1980 3060 2034 quem
3083 1967 3241 2022 deum
3262 1978 3357 2022 aut
3385 1971 3566 2036 scivit,

2004 2060 2098 2105 aut
2124 2053 2350 2121 putavit,
2382 2062 2475 2107 aut
2520 2052 2709 2108 tinxit?
2733 2055 2863 2111 ltem
2894 2056 3034 2112 idem
3075 2058 3128 2111 in
3166 2061 3352 2115 eodem
3383 2077 3566 2132 opere,

2004 2138 2097 2194 lib.
2113 2156 2179 2194 ιε
2205 2134 2534 2195 Putaverunt
2554 2143 2769 2211 quidam
2797 2145 3001 2214 angelis
3024 2144 3372 2203 deferendum
3400 2150 3569 2204 hono-

2005 2245 2115 2285 rem
2140 2230 2241 2301 (vel
2275 2232 2549 2287 adoranda
2574 2231 2656 2286 vel
2679 2234 3055 2306 sacriﬁcando)
3080 2238 3170 2306 qui
3194 2238 3417 2293 debetur
3434 2240 3564 2299 Deo.

2002 2325 2058 2372 et
2111 2333 2294 2372 eorum
2357 2328 2483 2374 sunt
2543 2320 2909 2379 admonitione
2968 2327 3264 2396 prohibiti,
3325 2329 3570 2400 iussique

2003 2409 2117 2465 htec
2140 2410 2189 2464 ei
2230 2410 2441 2465 deferre
2486 2411 2572 2466 cui
2614 2412 2707 2466 nni
2762 2412 2844 2469 fas
2887 2429 3007 2471 esse
3043 2426 3324 2472 noverunt.
3371 2419 3571 2475 lmitati

2003 2511 2129 2558 sunt
2157 2504 2373 2574 angelos
2401 2513 2619 2561 sanctos
2639 2507 2803 2560 etiam
2824 2509 3267 2567 sancti'homines
3296 2513 3410 2569 Dei.
3434 2513 3570 2568 Nam

2004 2592 2200 2650 Paulus
2222 2604 2278 2650 et
2309 2594 2588 2652 Barnabas
2622 2598 2676 2653 in
2703 2597 2972 2671 Lycaonia
3012 2599 3155 2655 facto
3183 2603 3414 2671 quodam
3466 2605 3572 2658 mi—

1986 2686 2189 2773 raculo
2236 2688 2485 2744 sanitatis
2519 2691 2692 2760 putati
2723 2691 2820 2755 dii,
2872 2692 3057 2762 eisque
3111 2691 3364 2763 Lycaonii
3417 2695 3572 2750 victi-

2005 2796 2123 2835 mas
2151 2781 2431 2835 immolare
2466 2782 2781 2848 voluerunt,
2806 2783 2952 2853 quod
2982 2798 3011 2836 a
3057 2798 3116 2838 se
3140 2783 3328 2837 humili
3366 2786 3571 2853 pietate

2006 2880 2362 2938 removentes,
2393 2873 2473 2928 eis
2503 2873 2558 2927 in
2600 2887 2758 2941 quem
2791 2873 3075 2928 crederent
3115 2876 3583 2931 annuntiaverunt

2008 2961 2175 3015 Deum
2207 2961 2345 3033 (Act.
2393 2961 2713 3027 x1v,14).Et
2736 2972 2859 3031 post
2899 2978 3069 3033 pauca
3093 2963 3245 3034 (Cap.
3283 2964 3339 3034 4)
3369 2982 3382 3018 :
3411 2963 3571 3032 Quae-

2010 3066 2221 3122 cunque
2258 3052 2424 3123 igitur
2468 3052 2788 3108 immortalis
2818 3062 3059 3124 potestas
3098 3056 3432 3123 quantalibet
3459 3058 3573 3111 vir-

338 3116 640 3219 l'aﬁntidola,
666 3168 787 3207 cum
820 3152 875 3205 in
904 3150 1066 3206 corde
1091 3150 1327 3221 ipsorum
1354 3116 1562 3202 certum
1591 3147 1663 3201 sit
1685 3147 1808 3215 quia
1831 3146 1907 3199 ni-
1932 3116 1977 3178 Ο
2010 3116 2384 3213 tute-praedita,
2418 3144 2464 3198 si
2486 3159 2584 3199 nos
2612 3116 3228 3217 diligit,.sicutseipsam,
3257 3147 3306 3201 ei
3330 3146 3584 3203 vnltesse-

336 3242 417 3297 hil
465 3241 537 3295 sit
580 3239 804 3294 idolum.
836 3237 1025 3293 Colere
1054 3251 1182 3289 vero
1222 3242 1305 3301 est
1352 3243 1465 3289 toto
1492 3235 1579 3288 hic
1621 3233 1814 3289 aﬁ‘ectu
1852 3242 1910 3287 et

333 3332 521 3388 studio
546 3330 859 3409 mancipari.
894 3328 1191 3397 Utrumque
1230 3342 1359 3397 ergo
1386 3334 1597 3382 resecat
1624 3341 1801 3382 sermo
1827 3327 1907 3381 di-

334 3423 520 3485 vinus,
546 3431 603 3475 ut
640 3435 813 3491 neque
848 3418 1041 3475 all‘ectu
1071 3419 1239 3483 colas,
1271 3433 1443 3488 neque
1486 3420 1666 3487 specie
1693 3420 1901 3473 adores.

338 3515 700 3583 Hieronymus
735 3512 795 3565 in
818 3511 1153 3582 expositione
1182 3509 1415 3564 Danielis
1453 3510 1762 3580 prophetae:
1793 3508 1908 3563 Νο-

331 3614 453 3657 tum
476 3602 569 3655 tibi
591 3602 679 3666 sit,
724 3600 918 3669 inquit,
952 3615 1059 3667 rex,
1094 3600 1218 3670 quia
1244 3598 1366 3653 deos
1386 3607 1501 3653 tuos
1528 3615 1631 3652 non
1658 3598 1902 3665 colimus,

332 3703 385 3753 et
441 3701 669 3747 statuam
725 3706 939 3744 auream
990 3705 1147 3761 quam
1197 3689 1425 3753 erexisti,
1469 3704 1573 3743 non
1623 3687 1905 3742 adoramus

334 3785 507 3857 (Dan.
548 3783 656 3853 ιιι).
683 3782 809 3836 Sive
836 3790 1082 3843 statuam,
1126 3788 1188 3833 ut
1220 3777 1596 3851 Symmachus,
1625 3779 1738 3858 sive
1769 3778 1905 3832 ima-

335 3877 517 3948 ginem
545 3889 781 3937 auream,
824 3880 885 3927 ut
928 3871 1108 3926 cazteri
1145 3869 1556 3935 transtulerunt,
1580 3869 1907 3924 voluerimus

341 3968 549 4035 legere,
580 3962 815 4018 cultores
840 3960 933 4015 Dei
967 3975 1087 4015 eam
1115 3960 1341 4013 adorare
1383 3974 1488 4013 non
1526 3958 1737 4013 debent.
1766 3957 1908 4028 Ergo

329 4058 552 4129 indices
577 4064 632 4111 et
656 4054 926 4125 principes
950 4052 1149 4116 saeculi,
1179 4052 1268 4121 qui
1294 4051 1676 4120 imperatorum
1699 4058 1906 4105 statuas

339 4148 575 4202 adorant
606 4153 661 4199 et
688 4144 965 4214 imagines,
998 4143 1102 4196 hoc
1148 4156 1205 4195 se
1231 4139 1409 4195 facere
1438 4139 1736 4210 intelligant
1762 4139 1907 4209 quod

340 4249 459 4294 tres
489 4236 639 4309 pueri
689 4234 864 4290 facere
905 4233 1147 4288 nolentes
1187 4232 1502 4302 placuerunt
1536 4232 1663 4287 Deo.
1705 4231 1769 4285 Et
1818 4246 1908 4285 no-

342 4331 513 4385 tanda
535 4327 828 4399 proprietas
845 4340 859 4380 :
875 4325 1002 4380 deos
1015 4324 1138 4391 coli,
1155 4324 1441 4394 imaginem
1464 4323 1675 4377 adorari
1698 4323 1902 4389 dicunt,

343 4418 489 4490 quod
516 4426 799 4486 utrumque
824 4416 993 4471 servis
1020 4414 1115 4468 Dei
1155 4429 1260 4468 non
1294 4414 1562 4469 convenit.
1592 4413 1721 4467 ltem
1764 4412 1904 4467 idem

341 4486 405 4569 in
441 4510 784 4580 Expositione
808 4507 1105 4563 Ezechielis
1133 4507 1405 4575 propheta:
1430 4524 1443 4559 :
1472 4505 1541 4559 Et
1575 4506 1901 4576 septuaginta
1930 4486 1981 4546 D

342 4606 446 4661 viri
468 4604 532 4656 de
558 4601 840 4656 senioribus
869 4600 1052 4653 domus
1079 4598 1268 4664 Israel,
1296 4608 1342 4652 et
1370 4596 1614 4653 Jezonias
1637 4598 1779 4667 ﬁlius
1804 4598 1905 4653 Sa-

336 4697 508 4766 phan,
532 4695 700 4748 stabat
725 4694 780 4746 in
818 4693 986 4746 medio
1028 4708 1207 4745 eorum
1234 4691 1484 4744 stantium
1509 4703 1627 4743 ante
1650 4692 1900 4759 picturas,

338 4796 394 4841 et
420 4785 768 4854 unusquisque
805 4783 1023 4836 habebat
1062 4781 1379 4835 tlmribulum
1421 4782 1476 4835 in
1508 4798 1668 4835 manu
1706 4799 1826 4847 sua,
1853 4790 1904 4837 et

337 4891 506 4947 uapor
560 4873 761 4928 nebula:
807 4875 871 4926 de
911 4873 1058 4926 thure
1106 4874 1442 4943 consurgebat
1493 4872 1707 4943 (Ezech.
1759 4872 1900 4946 vui).

336 4968 568 5039 Quando
595 4967 726 5023 dicit
759 4967 1094 5037 septuaginta
1121 4968 1266 5023 viros
1294 4966 1459 5022 fuisse
1492 4968 1557 5023 de
1598 4968 1899 5025 senioribus

336 5065 536 5119 domus
596 5059 789 5124 Israel,
843 5058 936 5129 qui
998 5066 1246 5113 tenerent
1296 5060 1565 5115 thuribula
1618 5060 1894 5127 manibus,

334 5153 577 5209 ostendit
596 5152 793 5206 multos
817 5149 951 5204 alios
972 5148 1135 5204 fuisse
1159 5149 1500 5221 presbyteros
1534 5151 1626 5220 qui
1660 5151 1763 5207 hoc
1789 5166 1895 5206 non

336 5244 632 5307 faciebant,
674 5242 767 5296 sed
816 5240 1042 5296 forsitan
1079 5241 1313 5309 peccatis
1357 5241 1478 5296 aliis
1532 5243 1892 5297 tenebantur:

335 5349 616 5406 unumque
669 5334 885 5389 nomine
911 5332 1182 5389 Jezoniam
1223 5332 1389 5387 ﬁlium
1441 5333 1656 5403 Saphan
1685 5336 1899 5390 stetisse

337 5429 394 5483 in
431 5427 613 5481 medio
636 5441 821 5483 eorum
846 5425 999 5496 quasi
1042 5424 1336 5495 principem
1364 5424 1770 5494 scelerisatque
1814 5441 1900 5481 sa-

335 5517 550 5589 crilegii
578 5532 766 5572 eorum
806 5518 923 5588 qui,
961 5516 1153 5571 omissa
1211 5515 1466 5585 religione
1512 5515 1629 5580 Dei,
1656 5515 1901 5573 colebant

339 5608 504 5673 idola,
532 5616 590 5663 et
617 5607 670 5662 in
699 5608 895 5678 templo
924 5622 1027 5663 non
1061 5606 1356 5661 adorabant
1377 5607 1565 5671 Deum,
1595 5607 1745 5677 cujus
1781 5619 1900 5664 erat

339 5710 397 5756 et
417 5700 699 5771 templum,
741 5701 834 5756 sed
877 5701 1115 5769 picturas
1144 5697 1427 5768 parietum.
1460 5696 1691 5756 Sanctus
1716 5700 1895 5766 Augu-

2006 3236 2273 3300 subditos,
2296 3243 2360 3289 ut
2384 3235 2525 3290 beati
2570 3236 2758 3298 simus,
2794 3236 2881 3291 eui
2914 3246 2971 3291 et
3004 3236 3117 3305 ipsa
3156 3237 3373 3292 subdita
3416 3239 3573 3293 beata

2006 3333 2110 3381 est.
2141 3323 2198 3379 Si
2216 3340 2349 3396 ergo
2374 3340 2480 3379 non
2511 3324 2641 3380 colit
2684 3325 2870 3391 Deum,
2896 3326 3093 3380 misera
3118 3334 3221 3391 est,
3247 3327 3372 3396 quia
3395 3327 3575 3396 priva-

2008 3425 2093 3470 tur
2119 3417 2267 3480 Deo;
2313 3416 2358 3471 si
2379 3424 2559 3471 autem
2589 3415 2717 3472 colit
2745 3418 2935 3481 Deum,
2963 3434 3069 3474 non
3099 3418 3211 3472 vult
3241 3435 3302 3474 se
3325 3404 3427 3474 coli
3473 3436 3580 3490 pro

2006 3508 2117 3562 Deo
2147 3524 2161 3561 :
2187 3507 2264 3561 illi
2291 3507 2435 3561 enim
2461 3507 2639 3576 potius
2686 3508 2881 3563 divina:
2915 3510 3196 3564 sententia:
3225 3510 3580 3583 sutl‘ragatur,

2006 3605 2061 3650 et
2120 3595 2423 3650 dilectionis
2474 3597 2678 3651 viribus
2735 3597 2903 3663 favet,
2953 3599 3081 3669 quia
3120 3601 3387 3670 scriptum
3449 3610 3573 3657 est:

2008 3687 2328 3758 Sacriﬁcans
2372 3688 2475 3743 diis
2521 3688 2896 3755 eradicabitur,
2927 3692 3029 3746 nisi
3067 3691 3168 3754 soli
3196 3692 3309 3746 Deo
3357 3693 3571 3763 (Exod.

2011 3778 2166 3850 xxn).
2192 3778 2324 3833 Nam
2372 3778 2561 3834 utalia
2599 3796 2743 3836 nunc
2787 3789 2992 3836 taceam
3039 3798 3159 3852 quae
3187 3782 3458 3852 pertinent
3503 3783 3575 3838 ad

2007 3870 2284 3939 religionis
2309 3871 2626 3941 obsequium
2673 3888 2780 3942 quo
2812 3873 3011 3928 colitur
3036 3876 3200 3937 Dens,
3239 3875 3571 3930 sacriﬁcium

2006 3972 2154 4017 certe
2174 3962 2351 4018 nullus
2379 3963 2657 4018 hominum
2689 3973 2773 4020 est
2813 3965 2905 4035 qui
2930 3967 3127 4021 audeat
3161 3967 3341 4022 dicere
3366 3969 3577 4032 deberi,

2005 4055 2108 4108 nisi
2134 4054 2243 4109 Deo
2257 4054 2523 4109 soli.ltem
2550 4055 2688 4110 idem
2718 4055 2772 4111 in
2798 4058 2987 4112 eodem
3012 4073 3175 4128 opere
3201 4058 3339 4113 libro
3362 4075 3394 4112 κ
3414 4058 3570 4131 (ϐαρ.

2005 4142 2105 4215 26)
2130 4162 2145 4199 :
2169 4141 2285 4197 Non
2308 4144 2487 4213 itaque
2514 4144 2768 4201 debemus
2796 4155 3036 4203 metuere
3065 4164 3132 4203 ne
3156 4148 3486 4205 immortales
3517 4162 3569 4205 et

2004 4234 2191 4288 beatos
2211 4232 2303 4288 uni
2334 4232 2444 4288 Deo
2484 4234 2725 4291 subditos
2765 4251 2869 4291 non
2910 4236 2989 4292 eis
3031 4237 3384 4293 sacrificando
3405 4238 3573 4295 oll‘en-

2007 4323 2215 4379 damus.
2246 4322 2398 4390 Quod
2425 4324 2569 4379 enim
2608 4327 2822 4382 nonnisi
2850 4328 2945 4381 nni
2984 4344 3114 4383 vero
3140 4328 3249 4383 Deo
3276 4330 3449 4385 sancti
3478 4330 3570 4384 de-

2008 4415 2122 4469 beri
2148 4416 2345 4481 sciunt,
2375 4417 2463 4472 cui
2503 4426 2560 4473 et
2587 4418 2689 4489 ipsi
2727 4412 3050 4476 adhaerendo
3094 4422 3237 4477 beati
3268 4431 3413 4488 sunt,
3441 4438 3555 4494 pro-

2005 4505 2092 4560 cul
2129 4504 2291 4561 dubio
2320 4520 2495 4576 neque
2530 4523 2628 4577 per
2671 4507 2834 4563 ullam
2882 4509 3278 4581 significantem
3316 4512 3569 4589 ﬁguram,

2004 4610 2179 4666 neque
2222 4611 2321 4666 per
2369 4596 2542 4667 ipsam
2581 4613 2695 4654 rem
2746 4614 2867 4670 quae
2899 4602 3255 4657 sacramentis
3300 4602 3558 4671 signiﬁca-

2004 4694 2112 4753 tur,
2143 4688 2245 4744 sibi
2293 4689 2535 4745 eshiberi
2560 4690 2760 4746 volunt.
2787 4691 3097 4748 Daemonnm
3142 4702 3225 4749 est
3260 4694 3376 4750 haec
3418 4710 3573 4750 arro-

2003 4777 2183 4847 gantia
2217 4779 2569 4848 superborum
2599 4788 2761 4850 atque
2782 4782 3169 4847 miserorum,'a
3197 4783 3391 4853 quibus
3413 4783 3569 4854 longe

2004 4867 2216 4923 diversa
2246 4869 2420 4937 pietas
2445 4870 2779 4925 subditorum
2812 4870 2939 4926 Deo.
2968 4871 3100 4927 Item
3130 4872 3271 4928 idem
3298 4873 3352 4927 in
3377 4873 3568 4929 eodem

2005 4973 2167 5028 opere
2189 4959 2326 5031 (Lib.
2354 4961 2452 5015 ult.
2485 4979 2533 5015 ε.
2566 4962 2655 5032 10)
2689 4981 2703 5015 :
2732 4961 2841 5017 Nos
2887 4972 3065 5017 autem
3094 4964 3421 5034 martyribus
3470 4979 3570 5019 no-

2005 5051 2135 5106 stris
2159 5066 2265 5106 non
2298 5051 2491 5122 templa
2527 5052 2667 5108 sicut
2694 5052 2819 5115 diis,
2840 5051 2937 5107 sed
2964 5054 3252 5108 memorias
3281 5053 3421 5109 sicut
3468 5056 3569 5109 ho-

2003 5143 2240 5199 minibus
2265 5143 2511 5207 mortuis,
2549 5159 2776 5212 quorum
2825 5144 2964 5214 apud
2990 5144 3159 5200 Deum
3181 5147 3369 5201 vivunt
3407 5147 3567 5216 spiri-

2004 5241 2112 5297 tus,
2141 5233 2487 5289 fabricamus.
2511 5231 2619 5288 Nec
2645 5233 2716 5288 ibi
2746 5233 3002 5305 erigimus
3020 5234 3246 5299 altaria,
3289 5235 3343 5288 in
3368 5236 3570 5305 quibus

2002 5328 2366 5383 sacriﬁcemus
2401 5329 2750 5399 martyribus,
2772 5329 2862 5383 sed
2898 5327 2991 5382 uni
3029 5330 3161 5394 Deo,
3186 5336 3243 5385 et
3265 5339 3565 5402 martyrum

2000 5429 2057 5476 et
2089 5429 2295 5486 nostro,
2341 5419 2663 5476 sacriﬁcium
2719 5421 3079 5487 immolamus,
3109 5422 3176 5477 ad
3218 5422 3362 5492 quod
3397 5425 3566 5480 sacri-

2003 5515 2180 5570 ﬁcium
2209 5515 2347 5570 sicut
2372 5515 2615 5591 homines
2644 5516 2759 5580 Dei,
2798 5515 2887 5585 qui
2914 5516 3171 5570 mundum
3200 5515 3254 5570 in
3287 5515 3402 5584 ejus
3428 5533 3562 5574 con-

2000 5603 2231 5659 fessione
2266 5604 2541 5670 vicerunt,
2596 5622 2691 5661 suo
2733 5607 2849 5661 loco
2881 5613 2934 5660 et
2958 5605 3149 5661 ordine
3193 5607 3561 5675 nominantur,

2002 5712 2107 5752 non
2152 5705 2328 5751 tamen
2369 5713 2401 5752 a
2452 5699 2730 5755 sacerdote
2779 5699 2869 5753 aui
2919 5697 3186 5755 sacriﬁcat
3215 5700 3552 5765 invocantur;
