  <div class='ocr_page' id='page_1' title='image "/cluster/home/n/w/nwhite01/storage/ocr_20150623/106/hvd.32044054759717/167.png"; bbox 0 0 4030 6190; ppageno 0'>
   <div class='ocr_carea' id='block_1_1' title="bbox 427 278 435 301">
    <p class='ocr_par' dir='ltr' id='par_1_1' title="bbox 427 278 435 301">
     <span class='ocr_line' id='line_1_1' title="bbox 427 278 435 301; baseline 0 0"><span class='ocrx_word' id='word_1_1' title='bbox 427 278 435 301; x_wconf 69' lang='grc'><strong><em>1</em></strong></span> 
     </span>
    </p>
   </div>
   <div class='ocr_carea' id='block_1_2' title="bbox 477 316 588 372">
    <p class='ocr_par' dir='ltr' id='par_1_2' title="bbox 477 316 588 372">
     <span class='ocr_line' id='line_1_2' title="bbox 477 316 588 372; baseline -0.018 0"><span class='ocrx_word' id='word_1_2' title='bbox 477 316 588 372; x_wconf 66' lang='lat'><strong>39.5</strong></span> 
     </span>
    </p>
   </div>
   <div class='ocr_carea' id='block_1_3' title="bbox 1534 263 2638 362">
    <p class='ocr_par' dir='ltr' id='par_1_3' title="bbox 1534 263 2638 362">
     <span class='ocr_line' id='line_1_3' title="bbox 1534 263 2638 362; baseline -0.005 -3"><span class='ocrx_word' id='word_1_3' title='bbox 1534 263 1725 362; x_wconf 65' lang='lat' dir='ltr'><strong>iorsz</strong></span> <span class='ocrx_word' id='word_1_4' title='bbox 1762 301 2308 361; x_wconf 75' lang='lat' dir='ltr'><strong>AURELIANENSlS</strong></span> <span class='ocrx_word' id='word_1_5' title='bbox 2337 298 2638 356; x_wconf 81' lang='lat' dir='ltr'><strong>EPISCOPI</strong></span> 
     </span>
    </p>
   </div>
   <div class='ocr_carea' id='block_1_4' title="bbox 3589 296 3705 375">
    <p class='ocr_par' dir='ltr' id='par_1_4' title="bbox 3589 296 3705 375">
     <span class='ocr_line' id='line_1_4' title="bbox 3589 296 3705 375; baseline 0 0"><span class='ocrx_word' id='word_1_6' title='bbox 3589 296 3705 375; x_wconf 61' lang='lat'><strong>59&quot;.</strong></span> 
     </span>
    </p>
   </div>
   <div class='ocr_carea' id='block_1_5' title="bbox 477 408 3701 494">
    <p class='ocr_par' dir='ltr' id='par_1_5' title="bbox 477 408 3701 494">
     <span class='ocr_line' id='line_1_5' title="bbox 477 408 3701 494; baseline -0.004 -16"><span class='ocrx_word' id='word_1_7' title='bbox 477 427 589 483; x_wconf 78' lang='lat' dir='ltr'><strong>Deo</strong></span> <span class='ocrx_word' id='word_1_8' title='bbox 620 424 834 494; x_wconf 86' lang='lat' dir='ltr'><strong>quippe,</strong></span> <span class='ocrx_word' id='word_1_9' title='bbox 883 434 986 474; x_wconf 90' lang='lat' dir='ltr'><strong>non</strong></span> <span class='ocrx_word' id='word_1_10' title='bbox 1028 418 1157 489; x_wconf 85' lang='lat' dir='ltr'><strong>ipsis</strong></span> <span class='ocrx_word' id='word_1_11' title='bbox 1199 416 1501 481; x_wconf 86' lang='lat' dir='ltr'><strong>sacriﬁcat,</strong></span> <span class='ocrx_word' id='word_1_12' title='bbox 1547 415 1793 485; x_wconf 79' lang='lat' dir='ltr'><strong>quamvis</strong></span> <span class='ocrx_word' id='word_1_13' title='bbox 1834 415 1887 469; x_wconf 93' lang='lat' dir='ltr'><strong>iu</strong></span> <span class='ocrx_word' id='word_1_14' title='bbox 1924 430 2036 467; x_wconf 86' lang='lat' dir='ltr'><strong>me-</strong></span> <span class='ocrx_word' id='word_1_15' title='bbox 2064 422 2110 480; x_wconf 72' lang='grc' dir='ltr'><strong>Α</strong></span> <span class='ocrx_word' id='word_1_16' title='bbox 2138 413 2280 467; x_wconf 88' lang='lat' dir='ltr'><strong>tibus</strong></span> <span class='ocrx_word' id='word_1_17' title='bbox 2308 410 2527 473; x_wconf 87' lang='lat' dir='ltr'><strong>nostris,</strong></span> <span class='ocrx_word' id='word_1_18' title='bbox 2570 408 2761 463; x_wconf 83' lang='lat' dir='ltr'><strong>melius</strong></span> <span class='ocrx_word' id='word_1_19' title='bbox 2791 414 2874 462; x_wconf 90' lang='lat' dir='ltr'><strong>est</strong></span> <span class='ocrx_word' id='word_1_20' title='bbox 2911 409 3051 462; x_wconf 86' lang='lat' dir='ltr'><strong>enim</strong></span> <span class='ocrx_word' id='word_1_21' title='bbox 3083 408 3454 479; x_wconf 71' lang='lat' dir='ltr'><strong>qualecunque</strong></span> <span class='ocrx_word' id='word_1_22' title='bbox 3489 419 3701 478; x_wconf 77' lang='lat' dir='ltr'><strong>veram,</strong></span> 
     </span>
    </p>
   </div>
   <div class='ocr_carea' id='block_1_6' title="bbox 475 504 2037 578">
    <p class='ocr_par' dir='ltr' id='par_1_6' title="bbox 475 504 2037 578">
     <span class='ocr_line' id='line_1_6' title="bbox 475 504 2037 578; baseline -0.008 -10"><span class='ocrx_word' id='word_1_23' title='bbox 475 514 644 569; x_wconf 85' lang='lat' dir='ltr'><strong>moria</strong></span> <span class='ocrx_word' id='word_1_24' title='bbox 677 510 944 573; x_wconf 76' lang='lat' dir='ltr'><strong>sacriﬁcet</strong></span> <span class='ocrx_word' id='word_1_25' title='bbox 971 524 1178 572; x_wconf 87' lang='lat' dir='ltr'><strong>eorum,</strong></span> <span class='ocrx_word' id='word_1_26' title='bbox 1207 507 1333 578; x_wconf 89' lang='lat' dir='ltr'><strong>quia</strong></span> <span class='ocrx_word' id='word_1_27' title='bbox 1361 506 1454 561; x_wconf 87' lang='lat' dir='ltr'><strong>Dei</strong></span> <span class='ocrx_word' id='word_1_28' title='bbox 1498 504 1750 561; x_wconf 81' lang='lat' dir='ltr'><strong>sacerdos</strong></span> <span class='ocrx_word' id='word_1_29' title='bbox 1789 512 1892 567; x_wconf 88' lang='lat' dir='ltr'><strong>est,</strong></span> <span class='ocrx_word' id='word_1_30' title='bbox 1932 518 2037 556; x_wconf 90' lang='lat' dir='ltr'><strong>non</strong></span> 
     </span>
    </p>
   </div>
   <div class='ocr_carea' id='block_1_7' title="bbox 475 590 2038 667">
    <p class='ocr_par' dir='ltr' id='par_1_7' title="bbox 475 590 2038 667">
     <span class='ocr_line' id='line_1_7' title="bbox 475 590 2038 667; baseline -0.008 -12"><span class='ocrx_word' id='word_1_31' title='bbox 475 601 709 656; x_wconf 88' lang='lat' dir='ltr'><strong>illorum.</strong></span> <span class='ocrx_word' id='word_1_32' title='bbox 728 598 900 667; x_wconf 89' lang='lat' dir='ltr'><strong>Ipsum</strong></span> <span class='ocrx_word' id='word_1_33' title='bbox 927 610 1113 651; x_wconf 87' lang='lat' dir='ltr'><strong>verum</strong></span> <span class='ocrx_word' id='word_1_34' title='bbox 1141 593 1463 650; x_wconf 85' lang='lat' dir='ltr'><strong>sacriﬁcium</strong></span> <span class='ocrx_word' id='word_1_35' title='bbox 1488 607 1684 664; x_wconf 84' lang='lat' dir='ltr'><strong>corpus</strong></span> <span class='ocrx_word' id='word_1_36' title='bbox 1706 599 1788 647; x_wconf 84' lang='lat' dir='ltr'><strong>est</strong></span> <span class='ocrx_word' id='word_1_37' title='bbox 1815 590 2038 655; x_wconf 87' lang='lat' dir='ltr'><strong>Christi,</strong></span> 
     </span>
    </p>
   </div>
   <div class='ocr_carea' id='block_1_8' title="bbox 475 680 2037 760">
    <p class='ocr_par' dir='ltr' id='par_1_8' title="bbox 475 680 2037 760">
     <span class='ocr_line' id='line_1_8' title="bbox 475 680 2037 760; baseline -0.006 -18"><span class='ocrx_word' id='word_1_38' title='bbox 475 690 616 760; x_wconf 88' lang='lat' dir='ltr'><strong>quod</strong></span> <span class='ocrx_word' id='word_1_39' title='bbox 645 703 749 742; x_wconf 92' lang='lat' dir='ltr'><strong>non</strong></span> <span class='ocrx_word' id='word_1_40' title='bbox 778 685 1001 742; x_wconf 76' lang='lat' dir='ltr'><strong>offertur</strong></span> <span class='ocrx_word' id='word_1_41' title='bbox 1028 685 1174 754; x_wconf 88' lang='lat' dir='ltr'><strong>ipsis,</strong></span> <span class='ocrx_word' id='word_1_42' title='bbox 1204 684 1330 753; x_wconf 87' lang='lat' dir='ltr'><strong>quia</strong></span> <span class='ocrx_word' id='word_1_43' title='bbox 1360 683 1461 738; x_wconf 90' lang='lat' dir='ltr'><strong>hoc</strong></span> <span class='ocrx_word' id='word_1_44' title='bbox 1489 690 1615 737; x_wconf 89' lang='lat' dir='ltr'><strong>sunt</strong></span> <span class='ocrx_word' id='word_1_45' title='bbox 1654 690 1712 736; x_wconf 90' lang='lat' dir='ltr'><strong>et</strong></span> <span class='ocrx_word' id='word_1_46' title='bbox 1754 680 1873 750; x_wconf 88' lang='lat' dir='ltr'><strong>ipsi.</strong></span> <span class='ocrx_word' id='word_1_47' title='bbox 1906 680 2037 734; x_wconf 89' lang='lat' dir='ltr'><strong>Item</strong></span> 
     </span>
    </p>
   </div>
   <div class='ocr_carea' id='block_1_9' title="bbox 475 771 2032 842">
    <p class='ocr_par' dir='ltr' id='par_1_9' title="bbox 475 771 2032 842">
     <span class='ocr_line' id='line_1_9' title="bbox 475 771 2032 842; baseline -0.006 -9"><span class='ocrx_word' id='word_1_48' title='bbox 475 780 614 833; x_wconf 68' lang='lat' dir='ltr'><strong>idem</strong></span> <span class='ocrx_word' id='word_1_49' title='bbox 658 779 709 831; x_wconf 91' lang='lat' dir='ltr'><strong>in</strong></span> <span class='ocrx_word' id='word_1_50' title='bbox 739 777 875 831; x_wconf 81' lang='lat' dir='ltr'><strong>libro</strong></span> <span class='ocrx_word' id='word_1_51' title='bbox 916 774 1278 842; x_wconf 63' lang='lat' dir='ltr'><strong>Quaestionum</strong></span> <span class='ocrx_word' id='word_1_52' title='bbox 1309 772 1524 828; x_wconf 80' lang='lat' dir='ltr'><strong>Veteris</strong></span> <span class='ocrx_word' id='word_1_53' title='bbox 1568 787 1635 826; x_wconf 90' lang='lat' dir='ltr'><strong>ac</strong></span> <span class='ocrx_word' id='word_1_54' title='bbox 1672 771 1807 825; x_wconf 87' lang='lat' dir='ltr'><strong>Novi</strong></span> <span class='ocrx_word' id='word_1_55' title='bbox 1855 772 2032 825; x_wconf 85' lang='lat' dir='ltr'><strong>Testa-</strong></span> 
     </span>
    </p>
   </div>
   <div class='ocr_carea' id='block_1_10' title="bbox 474 864 2037 934">
    <p class='ocr_par' dir='ltr' id='par_1_10' title="bbox 474 864 2037 934">
     <span class='ocr_line' id='line_1_10' title="bbox 474 864 2037 934; baseline -0.005 -12"><span class='ocrx_word' id='word_1_56' title='bbox 474 869 684 923; x_wconf 80' lang='lat' dir='ltr'><strong>iuenti:</strong></span> <span class='ocrx_word' id='word_1_57' title='bbox 732 866 1046 928; x_wconf 73' lang='lat' dir='ltr'><strong>Christiani,</strong></span> <span class='ocrx_word' id='word_1_58' title='bbox 1097 864 1287 934; x_wconf 89' lang='lat' dir='ltr'><strong>inquit,</strong></span> <span class='ocrx_word' id='word_1_59' title='bbox 1321 872 1382 917; x_wconf 88' lang='lat' dir='ltr'><strong>ut</strong></span> <span class='ocrx_word' id='word_1_60' title='bbox 1420 871 1546 932; x_wconf 90' lang='lat' dir='ltr'><strong>pote</strong></span> <span class='ocrx_word' id='word_1_61' title='bbox 1595 877 1857 933; x_wconf 84' lang='lat' dir='ltr'><strong>pauperes</strong></span> <span class='ocrx_word' id='word_1_62' title='bbox 1902 876 2037 932; x_wconf 86' lang='lat' dir='ltr'><strong>quos</strong></span> 
     </span>
    </p>
   </div>
   <div class='ocr_carea' id='block_1_11' title="bbox 474 952 2036 1025">
    <p class='ocr_par' dir='ltr' id='par_1_11' title="bbox 474 952 2036 1025">
     <span class='ocr_line' id='line_1_11' title="bbox 474 952 2036 1025; baseline -0.006 -11"><span class='ocrx_word' id='word_1_63' title='bbox 474 960 663 1014; x_wconf 86' lang='lat' dir='ltr'><strong>stultos</strong></span> <span class='ocrx_word' id='word_1_64' title='bbox 697 964 907 1019; x_wconf 85' lang='lat' dir='ltr'><strong>vocant,</strong></span> <span class='ocrx_word' id='word_1_65' title='bbox 938 972 1102 1010; x_wconf 88' lang='lat' dir='ltr'><strong>unum</strong></span> <span class='ocrx_word' id='word_1_66' title='bbox 1136 956 1302 1009; x_wconf 88' lang='lat' dir='ltr'><strong>Deum</strong></span> <span class='ocrx_word' id='word_1_67' title='bbox 1355 954 1538 1008; x_wconf 90' lang='lat' dir='ltr'><strong>colunt</strong></span> <span class='ocrx_word' id='word_1_68' title='bbox 1576 954 1628 1007; x_wconf 92' lang='lat' dir='ltr'><strong>in</strong></span> <span class='ocrx_word' id='word_1_69' title='bbox 1665 952 1941 1025; x_wconf 77' lang='lat' dir='ltr'><strong>mysterio,</strong></span> <span class='ocrx_word' id='word_1_70' title='bbox 1969 966 2036 1005; x_wconf 76' lang='lat' dir='ltr'><strong>ex</strong></span> 
     </span>
    </p>
   </div>
   <div class='ocr_carea' id='block_1_12' title="bbox 473 1036 2038 1119">
    <p class='ocr_par' dir='ltr' id='par_1_12' title="bbox 473 1036 2038 1119">
     <span class='ocr_line' id='line_1_12' title="bbox 473 1036 2038 1119; baseline -0.004 -17"><span class='ocrx_word' id='word_1_71' title='bbox 473 1066 579 1119; x_wconf 85' lang='lat' dir='ltr'><strong>quo</strong></span> <span class='ocrx_word' id='word_1_72' title='bbox 604 1058 728 1104; x_wconf 87' lang='lat' dir='ltr'><strong>sunt</strong></span> <span class='ocrx_word' id='word_1_73' title='bbox 754 1049 953 1110; x_wconf 90' lang='lat' dir='ltr'><strong>omnia,</strong></span> <span class='ocrx_word' id='word_1_74' title='bbox 993 1062 1094 1102; x_wconf 90' lang='lat' dir='ltr'><strong>nec</strong></span> <span class='ocrx_word' id='word_1_75' title='bbox 1134 1046 1335 1115; x_wconf 86' lang='lat' dir='ltr'><strong>aliquid</strong></span> <span class='ocrx_word' id='word_1_76' title='bbox 1359 1036 1502 1115; x_wconf 81' lang='lat' dir='ltr'><strong>quod</strong></span> <span class='ocrx_word' id='word_1_77' title='bbox 1547 1045 1615 1099; x_wconf 91' lang='lat' dir='ltr'><strong>ab</strong></span> <span class='ocrx_word' id='word_1_78' title='bbox 1654 1060 1719 1099; x_wconf 93' lang='lat' dir='ltr'><strong>eo</strong></span> <span class='ocrx_word' id='word_1_79' title='bbox 1764 1044 2038 1099; x_wconf 87' lang='lat' dir='ltr'><strong>conditum</strong></span> 
     </span>
    </p>
   </div>
   <div class='ocr_carea' id='block_1_13' title="bbox 474 1132 2038 1207">
    <p class='ocr_par' dir='ltr' id='par_1_13' title="bbox 474 1132 2038 1207">
     <span class='ocr_line' id='line_1_13' title="bbox 474 1132 2038 1207; baseline -0.007 -11"><span class='ocrx_word' id='word_1_80' title='bbox 474 1152 557 1196; x_wconf 83' lang='lat' dir='ltr'><strong>est</strong></span> <span class='ocrx_word' id='word_1_81' title='bbox 583 1149 926 1194; x_wconf 88' lang='lat' dir='ltr'><strong>venerantur.</strong></span> <span class='ocrx_word' id='word_1_82' title='bbox 960 1138 1134 1207; x_wconf 83' lang='lat' dir='ltr'><strong>Ipsum</strong></span> <span class='ocrx_word' id='word_1_83' title='bbox 1165 1138 1308 1192; x_wconf 89' lang='lat' dir='ltr'><strong>enim</strong></span> <span class='ocrx_word' id='word_1_84' title='bbox 1361 1135 1534 1190; x_wconf 90' lang='lat' dir='ltr'><strong>solum</strong></span> <span class='ocrx_word' id='word_1_85' title='bbox 1563 1133 1812 1189; x_wconf 84' lang='lat' dir='ltr'><strong>sullicere</strong></span> <span class='ocrx_word' id='word_1_86' title='bbox 1839 1132 1940 1187; x_wconf 90' lang='lat' dir='ltr'><strong>sibi</strong></span> <span class='ocrx_word' id='word_1_87' title='bbox 1982 1139 2038 1186; x_wconf 88' lang='lat' dir='ltr'><strong>et</strong></span> 
     </span>
    </p>
   </div>
   <div class='ocr_carea' id='block_1_14' title="bbox 473 1225 2036 1294">
    <p class='ocr_par' dir='ltr' id='par_1_14' title="bbox 473 1225 2036 1294">
     <span class='ocr_line' id='line_1_14' title="bbox 473 1225 2036 1294; baseline -0.005 -12"><span class='ocrx_word' id='word_1_88' title='bbox 473 1231 744 1284; x_wconf 79' lang='lat' dir='ltr'><strong>abundare</strong></span> <span class='ocrx_word' id='word_1_89' title='bbox 770 1229 946 1283; x_wconf 88' lang='lat' dir='ltr'><strong>sciunt</strong></span> <span class='ocrx_word' id='word_1_90' title='bbox 974 1227 1039 1280; x_wconf 87' lang='lat' dir='ltr'><strong>ad</strong></span> <span class='ocrx_word' id='word_1_91' title='bbox 1064 1227 1310 1282; x_wconf 86' lang='lat' dir='ltr'><strong>salutem.</strong></span> <span class='ocrx_word' id='word_1_92' title='bbox 1355 1226 1487 1280; x_wconf 88' lang='lat' dir='ltr'><strong>Item</strong></span> <span class='ocrx_word' id='word_1_93' title='bbox 1518 1225 1657 1279; x_wconf 88' lang='lat' dir='ltr'><strong>idem</strong></span> <span class='ocrx_word' id='word_1_94' title='bbox 1682 1232 1801 1294; x_wconf 89' lang='lat' dir='ltr'><strong>post</strong></span> <span class='ocrx_word' id='word_1_95' title='bbox 1826 1237 1995 1293; x_wconf 86' lang='lat' dir='ltr'><strong>pauca</strong></span> <span class='ocrx_word' id='word_1_96' title='bbox 2022 1239 2036 1274; x_wconf 91' lang='lat'><strong>:</strong></span> 
     </span>
    </p>
   </div>
   <div class='ocr_carea' id='block_1_15' title="bbox 473 1312 2037 1390">
    <p class='ocr_par' dir='ltr' id='par_1_15' title="bbox 473 1312 2037 1390">
     <span class='ocr_line' id='line_1_15' title="bbox 473 1312 2037 1390; baseline -0.006 -16"><span class='ocrx_word' id='word_1_97' title='bbox 473 1320 588 1374; x_wconf 88' lang='lat' dir='ltr'><strong>Non</strong></span> <span class='ocrx_word' id='word_1_98' title='bbox 612 1336 741 1390; x_wconf 89' lang='lat' dir='ltr'><strong>ergo</strong></span> <span class='ocrx_word' id='word_1_99' title='bbox 764 1320 920 1374; x_wconf 89' lang='lat' dir='ltr'><strong>nobis</strong></span> <span class='ocrx_word' id='word_1_100' title='bbox 956 1318 1168 1372; x_wconf 88' lang='lat' dir='ltr'><strong>videtur</strong></span> <span class='ocrx_word' id='word_1_101' title='bbox 1190 1324 1249 1370; x_wconf 92' lang='lat' dir='ltr'><strong>ut</strong></span> <span class='ocrx_word' id='word_1_102' title='bbox 1279 1317 1420 1385; x_wconf 92' lang='lat' dir='ltr'><strong>quod</strong></span> <span class='ocrx_word' id='word_1_103' title='bbox 1448 1316 1609 1370; x_wconf 91' lang='lat' dir='ltr'><strong>homo</strong></span> <span class='ocrx_word' id='word_1_104' title='bbox 1651 1312 1783 1367; x_wconf 81' lang='lat' dir='ltr'><strong>facit</strong></span> <span class='ocrx_word' id='word_1_105' title='bbox 1824 1313 2037 1369; x_wconf 87' lang='lat' dir='ltr'><strong>adorari</strong></span> 
     </span>
    </p>
   </div>
   <div class='ocr_carea' id='block_1_16' title="bbox 472 1400 2041 1467">
    <p class='ocr_par' dir='ltr' id='par_1_16' title="bbox 472 1400 2041 1467">
     <span class='ocr_line' id='line_1_16' title="bbox 472 1400 2041 1467; baseline -0.008 -2"><span class='ocrx_word' id='word_1_106' title='bbox 472 1411 685 1465; x_wconf 80' lang='lat' dir='ltr'><strong>debeat.</strong></span> <span class='ocrx_word' id='word_1_107' title='bbox 712 1408 907 1464; x_wconf 86' lang='lat' dir='ltr'><strong>Factor</strong></span> <span class='ocrx_word' id='word_1_108' title='bbox 924 1408 1066 1462; x_wconf 90' lang='lat' dir='ltr'><strong>enim</strong></span> <span class='ocrx_word' id='word_1_109' title='bbox 1094 1422 1123 1459; x_wconf 89' lang='lat' dir='ltr'><strong>a</strong></span> <span class='ocrx_word' id='word_1_110' title='bbox 1147 1404 1376 1467; x_wconf 85' lang='lat' dir='ltr'><strong>factura,</strong></span> <span class='ocrx_word' id='word_1_111' title='bbox 1402 1418 1510 1458; x_wconf 89' lang='lat' dir='ltr'><strong>non</strong></span> <span class='ocrx_word' id='word_1_112' title='bbox 1545 1402 1754 1463; x_wconf 83' lang='lat' dir='ltr'><strong>factura</strong></span> <span class='ocrx_word' id='word_1_113' title='bbox 1780 1417 1811 1455; x_wconf 92' lang='lat' dir='ltr'><strong>a</strong></span> <span class='ocrx_word' id='word_1_114' title='bbox 1836 1400 2041 1455; x_wconf 80' lang='lat' dir='ltr'><strong>factore</strong></span> 
     </span>
    </p>
   </div>
   <div class='ocr_carea' id='block_1_17' title="bbox 471 1490 2041 1568">
    <p class='ocr_par' dir='ltr' id='par_1_17' title="bbox 471 1490 2041 1568">
     <span class='ocr_line' id='line_1_17' title="bbox 471 1490 2041 1568; baseline -0.006 -14"><span class='ocrx_word' id='word_1_115' title='bbox 471 1500 682 1554; x_wconf 87' lang='lat' dir='ltr'><strong>adorari</strong></span> <span class='ocrx_word' id='word_1_116' title='bbox 721 1498 1013 1568; x_wconf 88' lang='lat' dir='ltr'><strong>judicatur.</strong></span> <span class='ocrx_word' id='word_1_117' title='bbox 1057 1496 1187 1552; x_wconf 91' lang='lat' dir='ltr'><strong>Item</strong></span> <span class='ocrx_word' id='word_1_118' title='bbox 1218 1497 1359 1552; x_wconf 89' lang='lat' dir='ltr'><strong>idem</strong></span> <span class='ocrx_word' id='word_1_119' title='bbox 1389 1495 1441 1549; x_wconf 91' lang='lat' dir='ltr'><strong>in</strong></span> <span class='ocrx_word' id='word_1_120' title='bbox 1471 1492 1817 1563; x_wconf 75' lang='lat' dir='ltr'><strong>Expositione</strong></span> <span class='ocrx_word' id='word_1_121' title='bbox 1849 1490 2041 1561; x_wconf 87' lang='lat' dir='ltr'><strong>psalmi</strong></span> 
     </span>
    </p>
   </div>
   <div class='ocr_carea' id='block_1_18' title="bbox 470 1583 2039 1658">
    <p class='ocr_par' dir='ltr' id='par_1_18' title="bbox 470 1583 2039 1658">
     <span class='ocr_line' id='line_1_18' title="bbox 470 1583 2039 1658; baseline -0.007 -13"><span class='ocrx_word' id='word_1_122' title='bbox 470 1607 602 1645; x_wconf 77' lang='lat' dir='ltr'><strong>exui</strong></span> <span class='ocrx_word' id='word_1_123' title='bbox 634 1609 647 1643; x_wconf 91' lang='lat'>:</span> <span class='ocrx_word' id='word_1_124' title='bbox 681 1588 794 1644; x_wconf 85' lang='lat' dir='ltr'><strong>Noli</strong></span> <span class='ocrx_word' id='word_1_125' title='bbox 838 1603 966 1658; x_wconf 91' lang='lat' dir='ltr'><strong>ergo</strong></span> <span class='ocrx_word' id='word_1_126' title='bbox 1021 1588 1219 1642; x_wconf 85' lang='lat' dir='ltr'><strong>addere</strong></span> <span class='ocrx_word' id='word_1_127' title='bbox 1267 1600 1459 1640; x_wconf 89' lang='lat' dir='ltr'><strong>manus</strong></span> <span class='ocrx_word' id='word_1_128' title='bbox 1506 1583 1820 1647; x_wconf 87' lang='lat' dir='ltr'><strong>hominum,</strong></span> <span class='ocrx_word' id='word_1_129' title='bbox 1864 1589 1924 1635; x_wconf 92' lang='lat' dir='ltr'><strong>ut</strong></span> <span class='ocrx_word' id='word_1_130' title='bbox 1971 1595 2039 1635; x_wconf 72' lang='lat' dir='ltr'><strong>ex</strong></span> 
     </span>
    </p>
   </div>
   <div class='ocr_carea' id='block_1_19' title="bbox 470 1672 2039 1749">
    <p class='ocr_par' dir='ltr' id='par_1_19' title="bbox 470 1672 2039 1749">
     <span class='ocr_line' id='line_1_19' title="bbox 470 1672 2039 1749; baseline -0.006 -13"><span class='ocrx_word' id='word_1_131' title='bbox 470 1684 657 1736; x_wconf 72' lang='lat' dir='ltr'><strong>eodem</strong></span> <span class='ocrx_word' id='word_1_132' title='bbox 700 1681 915 1735; x_wconf 89' lang='lat' dir='ltr'><strong>metallo</strong></span> <span class='ocrx_word' id='word_1_133' title='bbox 962 1676 1104 1749; x_wconf 89' lang='lat' dir='ltr'><strong>quod</strong></span> <span class='ocrx_word' id='word_1_134' title='bbox 1149 1678 1275 1733; x_wconf 83' lang='lat' dir='ltr'><strong>fecit</strong></span> <span class='ocrx_word' id='word_1_135' title='bbox 1303 1692 1464 1731; x_wconf 87' lang='lat' dir='ltr'><strong>verus</strong></span> <span class='ocrx_word' id='word_1_136' title='bbox 1490 1676 1652 1741; x_wconf 88' lang='lat' dir='ltr'><strong>Deus,</strong></span> <span class='ocrx_word' id='word_1_137' title='bbox 1679 1674 1816 1729; x_wconf 81' lang='lat' dir='ltr'><strong>velis</strong></span> <span class='ocrx_word' id='word_1_138' title='bbox 1860 1672 2039 1728; x_wconf 81' lang='lat' dir='ltr'><strong>facere</strong></span> 
     </span>
    </p>
   </div>
   <div class='ocr_carea' id='block_1_20' title="bbox 2138 499 3703 573">
    <p class='ocr_par' dir='ltr' id='par_1_20' title="bbox 2138 499 3703 573">
     <span class='ocr_line' id='line_1_20' title="bbox 2138 499 3703 573; baseline 0.001 -16"><span class='ocrx_word' id='word_1_139' title='bbox 2138 518 2298 573; x_wconf 91' lang='lat' dir='ltr'><strong>quam</strong></span> <span class='ocrx_word' id='word_1_140' title='bbox 2328 517 2487 557; x_wconf 91' lang='lat' dir='ltr'><strong>omne</strong></span> <span class='ocrx_word' id='word_1_141' title='bbox 2532 499 2788 569; x_wconf 85' lang='lat' dir='ltr'><strong>quidquid</strong></span> <span class='ocrx_word' id='word_1_142' title='bbox 2818 514 2916 569; x_wconf 92' lang='lat' dir='ltr'><strong>pro</strong></span> <span class='ocrx_word' id='word_1_143' title='bbox 2944 500 3166 553; x_wconf 90' lang='lat' dir='ltr'><strong>arbitrio</strong></span> <span class='ocrx_word' id='word_1_144' title='bbox 3197 499 3323 569; x_wconf 83' lang='lat' dir='ltr'><strong>ﬁngi</strong></span> <span class='ocrx_word' id='word_1_145' title='bbox 3371 508 3550 569; x_wconf 82' lang='lat' dir='ltr'><strong>potest</strong></span> <span class='ocrx_word' id='word_1_146' title='bbox 3593 517 3608 555; x_wconf 92' lang='lat'>:</span> <span class='ocrx_word' id='word_1_147' title='bbox 3646 511 3703 559; x_wconf 88' lang='lat' dir='ltr'><strong>et</strong></span> 
     </span>
    </p>
   </div>
   <div class='ocr_carea' id='block_1_21' title="bbox 2137 591 3701 659">
    <p class='ocr_par' dir='ltr' id='par_1_21' title="bbox 2137 591 3701 659">
     <span class='ocr_line' id='line_1_21' title="bbox 2137 591 3701 659; baseline -0.001 -11"><span class='ocrx_word' id='word_1_148' title='bbox 2137 603 2316 648; x_wconf 88' lang='lat' dir='ltr'><strong>tamen</strong></span> <span class='ocrx_word' id='word_1_149' title='bbox 2345 592 2577 646; x_wconf 87' lang='lat' dir='ltr'><strong>animam</strong></span> <span class='ocrx_word' id='word_1_150' title='bbox 2601 591 2790 659; x_wconf 89' lang='lat' dir='ltr'><strong>ipsam,</strong></span> <span class='ocrx_word' id='word_1_151' title='bbox 2811 591 3056 659; x_wconf 85' lang='lat' dir='ltr'><strong>quamvis</strong></span> <span class='ocrx_word' id='word_1_152' title='bbox 3085 591 3263 644; x_wconf 89' lang='lat' dir='ltr'><strong>anima</strong></span> <span class='ocrx_word' id='word_1_153' title='bbox 3289 605 3413 646; x_wconf 88' lang='lat' dir='ltr'><strong>vera</strong></span> <span class='ocrx_word' id='word_1_154' title='bbox 3457 592 3548 658; x_wconf 82' lang='lat' dir='ltr'><strong>sit,</strong></span> <span class='ocrx_word' id='word_1_155' title='bbox 3580 609 3701 647; x_wconf 91' lang='lat' dir='ltr'><strong>cum</strong></span> 
     </span>
    </p>
   </div>
   <div class='ocr_carea' id='block_1_22' title="bbox 2136 680 3703 753">
    <p class='ocr_par' dir='ltr' id='par_1_22' title="bbox 2136 680 3703 753">
     <span class='ocr_line' id='line_1_22' title="bbox 2136 680 3703 753; baseline -0.002 -15"><span class='ocrx_word' id='word_1_156' title='bbox 2136 683 2270 739; x_wconf 79' lang='lat' dir='ltr'><strong>falsa</strong></span> <span class='ocrx_word' id='word_1_157' title='bbox 2303 683 2644 753; x_wconf 79' lang='lat' dir='ltr'><strong>imaginatur,</strong></span> <span class='ocrx_word' id='word_1_158' title='bbox 2695 680 2872 735; x_wconf 87' lang='lat' dir='ltr'><strong>colere</strong></span> <span class='ocrx_word' id='word_1_159' title='bbox 2913 696 3017 735; x_wconf 89' lang='lat' dir='ltr'><strong>non</strong></span> <span class='ocrx_word' id='word_1_160' title='bbox 3068 681 3343 734; x_wconf 78' lang='lat' dir='ltr'><strong>debemus.</strong></span> <span class='ocrx_word' id='word_1_161' title='bbox 3381 680 3569 736; x_wconf 80' lang='lat' dir='ltr'><strong>Melior</strong></span> <span class='ocrx_word' id='word_1_162' title='bbox 3618 691 3703 738; x_wconf 88' lang='lat' dir='ltr'><strong>est</strong></span> 
     </span>
    </p>
   </div>
   <div class='ocr_carea' id='block_1_23' title="bbox 2136 770 3706 842">
    <p class='ocr_par' dir='ltr' id='par_1_23' title="bbox 2136 770 3706 842">
     <span class='ocr_line' id='line_1_23' title="bbox 2136 770 3706 842; baseline -0.001 -14"><span class='ocrx_word' id='word_1_163' title='bbox 2136 789 2260 842; x_wconf 79' lang='lat' dir='ltr'><strong>vera</strong></span> <span class='ocrx_word' id='word_1_164' title='bbox 2288 772 2487 842; x_wconf 84' lang='lat' dir='ltr'><strong>stipula</strong></span> <span class='ocrx_word' id='word_1_165' title='bbox 2524 786 2681 840; x_wconf 89' lang='lat' dir='ltr'><strong>quam</strong></span> <span class='ocrx_word' id='word_1_166' title='bbox 2726 770 2810 823; x_wconf 77' lang='lat' dir='ltr'><strong>lux</strong></span> <span class='ocrx_word' id='word_1_167' title='bbox 2841 770 2985 824; x_wconf 87' lang='lat' dir='ltr'><strong>inani</strong></span> <span class='ocrx_word' id='word_1_168' title='bbox 3037 770 3357 841; x_wconf 79' lang='lat' dir='ltr'><strong>cogitatione</strong></span> <span class='ocrx_word' id='word_1_169' title='bbox 3383 786 3483 840; x_wconf 91' lang='lat' dir='ltr'><strong>pro</strong></span> <span class='ocrx_word' id='word_1_170' title='bbox 3530 773 3706 842; x_wconf 81' lang='lat' dir='ltr'><strong>suspi-</strong></span> 
     </span>
    </p>
   </div>
   <div class='ocr_carea' id='block_1_24' title="bbox 2137 840 3702 931">
    <p class='ocr_par' dir='ltr' id='par_1_24' title="bbox 2137 840 3702 931">
     <span class='ocr_line' id='line_1_24' title="bbox 2137 840 3702 931; baseline -0.004 -9"><span class='ocrx_word' id='word_1_171' title='bbox 2137 840 2312 922; x_wconf 74' lang='lat' dir='ltr'><strong>cantis</strong></span> <span class='ocrx_word' id='word_1_172' title='bbox 2337 840 2610 916; x_wconf 76' lang='lat' dir='ltr'><strong>voluntate</strong></span> <span class='ocrx_word' id='word_1_173' title='bbox 2639 860 2885 921; x_wconf 77' lang='lat' dir='ltr'><strong>formata,</strong></span> <span class='ocrx_word' id='word_1_174' title='bbox 2919 868 2975 914; x_wconf 92' lang='lat' dir='ltr'><strong>et</strong></span> <span class='ocrx_word' id='word_1_175' title='bbox 3015 840 3193 913; x_wconf 84' lang='lat' dir='ltr'><strong>tamen</strong></span> <span class='ocrx_word' id='word_1_176' title='bbox 3242 860 3494 931; x_wconf 89' lang='lat' dir='ltr'><strong>stipulam</strong></span> <span class='ocrx_word' id='word_1_177' title='bbox 3540 840 3702 930; x_wconf 84' lang='lat' dir='ltr'><strong>quam</strong></span> 
     </span>
    </p>
   </div>
   <div class='ocr_carea' id='block_1_25' title="bbox 2137 951 3705 1022">
    <p class='ocr_par' dir='ltr' id='par_1_25' title="bbox 2137 951 3705 1022">
     <span class='ocr_line' id='line_1_25' title="bbox 2137 951 3705 1022; baseline -0.004 -12"><span class='ocrx_word' id='word_1_178' title='bbox 2137 956 2393 1012; x_wconf 89' lang='lat' dir='ltr'><strong>sentimus</strong></span> <span class='ocrx_word' id='word_1_179' title='bbox 2422 962 2477 1008; x_wconf 92' lang='lat' dir='ltr'><strong>et</strong></span> <span class='ocrx_word' id='word_1_180' title='bbox 2518 951 2786 1022; x_wconf 81' lang='lat' dir='ltr'><strong>tangimus</strong></span> <span class='ocrx_word' id='word_1_181' title='bbox 2837 951 3100 1005; x_wconf 88' lang='lat' dir='ltr'><strong>dementis</strong></span> <span class='ocrx_word' id='word_1_182' title='bbox 3144 959 3228 1006; x_wconf 89' lang='lat' dir='ltr'><strong>est</strong></span> <span class='ocrx_word' id='word_1_183' title='bbox 3274 951 3497 1007; x_wconf 85' lang='lat' dir='ltr'><strong>credere</strong></span> <span class='ocrx_word' id='word_1_184' title='bbox 3522 951 3705 1005; x_wconf 89' lang='lat' dir='ltr'><strong>colen-</strong></span> 
     </span>
    </p>
   </div>
   <div class='ocr_carea' id='block_1_26' title="bbox 2137 1045 3707 1116">
    <p class='ocr_par' dir='ltr' id='par_1_26' title="bbox 2137 1045 3707 1116">
     <span class='ocr_line' id='line_1_26' title="bbox 2137 1045 3707 1116; baseline -0.004 -10"><span class='ocrx_word' id='word_1_185' title='bbox 2137 1052 2282 1106; x_wconf 90' lang='lat' dir='ltr'><strong>dam.</strong></span> <span class='ocrx_word' id='word_1_186' title='bbox 2331 1050 2461 1103; x_wconf 90' lang='lat' dir='ltr'><strong>ltem</strong></span> <span class='ocrx_word' id='word_1_187' title='bbox 2516 1048 2658 1103; x_wconf 88' lang='lat' dir='ltr'><strong>idem</strong></span> <span class='ocrx_word' id='word_1_188' title='bbox 2696 1048 2750 1102; x_wconf 90' lang='lat' dir='ltr'><strong>in</strong></span> <span class='ocrx_word' id='word_1_189' title='bbox 2806 1061 3054 1101; x_wconf 89' lang='lat' dir='ltr'><strong>sermone</strong></span> <span class='ocrx_word' id='word_1_190' title='bbox 3095 1045 3404 1115; x_wconf 83' lang='lat' dir='ltr'><strong>evangelica</strong></span> <span class='ocrx_word' id='word_1_191' title='bbox 3447 1045 3513 1100; x_wconf 89' lang='lat' dir='ltr'><strong>de</strong></span> <span class='ocrx_word' id='word_1_192' title='bbox 3552 1053 3707 1116; x_wconf 82' lang='lat' dir='ltr'><strong>pote-</strong></span> 
     </span>
    </p>
   </div>
   <div class='ocr_carea' id='block_1_27' title="bbox 2136 1131 3703 1206">
    <p class='ocr_par' dir='ltr' id='par_1_27' title="bbox 2136 1131 3703 1206">
     <span class='ocr_line' id='line_1_27' title="bbox 2136 1131 3703 1206; baseline -0.004 -10"><span class='ocrx_word' id='word_1_193' title='bbox 2136 1149 2278 1197; x_wconf 84' lang='lat' dir='ltr'><strong>state</strong></span> <span class='ocrx_word' id='word_1_194' title='bbox 2307 1140 2427 1194; x_wconf 84' lang='lat' dir='ltr'><strong>data</strong></span> <span class='ocrx_word' id='word_1_195' title='bbox 2456 1137 2785 1193; x_wconf 69' lang='lat' dir='ltr'><strong>dazmouihus</strong></span> <span class='ocrx_word' id='word_1_196' title='bbox 2806 1142 2864 1190; x_wconf 93' lang='lat' dir='ltr'><strong>ut</strong></span> <span class='ocrx_word' id='word_1_197' title='bbox 2886 1137 3097 1191; x_wconf 89' lang='lat' dir='ltr'><strong>abirent</strong></span> <span class='ocrx_word' id='word_1_198' title='bbox 3124 1136 3175 1191; x_wconf 93' lang='lat' dir='ltr'><strong>in</strong></span> <span class='ocrx_word' id='word_1_199' title='bbox 3202 1131 3396 1206; x_wconf 76' lang='lat' dir='ltr'><strong>porcos</strong></span> <span class='ocrx_word' id='word_1_200' title='bbox 3424 1153 3437 1190; x_wconf 91' lang='lat'><strong>:</strong></span> <span class='ocrx_word' id='word_1_201' title='bbox 3461 1135 3602 1199; x_wconf 85' lang='lat' dir='ltr'><strong>Noli,</strong></span> <span class='ocrx_word' id='word_1_202' title='bbox 3622 1136 3703 1190; x_wconf 92' lang='lat' dir='ltr'><strong>in-</strong></span> 
     </span>
    </p>
   </div>
   <div class='ocr_carea' id='block_1_28' title="bbox 2137 1225 3705 1301">
    <p class='ocr_par' dir='ltr' id='par_1_28' title="bbox 2137 1225 3705 1301">
     <span class='ocr_line' id='line_1_28' title="bbox 2137 1225 3705 1301; baseline -0.003 -18"><span class='ocrx_word' id='word_1_203' title='bbox 2137 1231 2272 1301; x_wconf 87' lang='lat' dir='ltr'><strong>quit,</strong></span> <span class='ocrx_word' id='word_1_204' title='bbox 2311 1228 2555 1285; x_wconf 89' lang='lat' dir='ltr'><strong>inclinari</strong></span> <span class='ocrx_word' id='word_1_205' title='bbox 2594 1226 2818 1298; x_wconf 84' lang='lat' dir='ltr'><strong>angelis,</strong></span> <span class='ocrx_word' id='word_1_206' title='bbox 2863 1234 2923 1280; x_wconf 90' lang='lat' dir='ltr'><strong>ut</strong></span> <span class='ocrx_word' id='word_1_207' title='bbox 2960 1226 3041 1282; x_wconf 90' lang='lat' dir='ltr'><strong>eis</strong></span> <span class='ocrx_word' id='word_1_208' title='bbox 3079 1225 3487 1281; x_wconf 88' lang='lat' dir='ltr'><strong>sacriﬁcandum</strong></span> <span class='ocrx_word' id='word_1_209' title='bbox 3521 1236 3705 1296; x_wconf 73' lang='lat' dir='ltr'><strong>putes,</strong></span> 
     </span>
    </p>
   </div>
   <div class='ocr_carea' id='block_1_29' title="bbox 2138 1315 3724 1389">
    <p class='ocr_par' dir='ltr' id='par_1_29' title="bbox 2138 1315 3724 1389">
     <span class='ocr_line' id='line_1_29' title="bbox 2138 1315 3724 1389; baseline -0.004 -11"><span class='ocrx_word' id='word_1_210' title='bbox 2138 1324 2328 1378; x_wconf 68' lang='lat' dir='ltr'><strong>nofunt</strong></span> <span class='ocrx_word' id='word_1_211' title='bbox 2366 1321 2508 1375; x_wconf 88' lang='lat' dir='ltr'><strong>enim</strong></span> <span class='ocrx_word' id='word_1_212' title='bbox 2542 1337 2556 1373; x_wconf 92' lang='lat'><strong>:</strong></span> <span class='ocrx_word' id='word_1_213' title='bbox 2587 1320 2803 1389; x_wconf 87' lang='lat' dir='ltr'><strong>quando</strong></span> <span class='ocrx_word' id='word_1_214' title='bbox 2851 1318 3007 1383; x_wconf 79' lang='lat' dir='ltr'><strong>facis,</strong></span> <span class='ocrx_word' id='word_1_215' title='bbox 3038 1334 3143 1373; x_wconf 90' lang='lat' dir='ltr'><strong>non</strong></span> <span class='ocrx_word' id='word_1_216' title='bbox 3195 1317 3526 1388; x_wconf 88' lang='lat' dir='ltr'><strong>intelligunt;</strong></span> <span class='ocrx_word' id='word_1_217' title='bbox 3584 1315 3724 1372; x_wconf 88' lang='lat' dir='ltr'><strong>dih-</strong></span> 
     </span>
    </p>
   </div>
   <div class='ocr_carea' id='block_1_30' title="bbox 2140 1407 3706 1484">
    <p class='ocr_par' dir='ltr' id='par_1_30' title="bbox 2140 1407 3706 1484">
     <span class='ocr_line' id='line_1_30' title="bbox 2140 1407 3706 1484; baseline -0.003 -17"><span class='ocrx_word' id='word_1_218' title='bbox 2140 1421 2271 1484; x_wconf 89' lang='lat' dir='ltr'><strong>gunt</strong></span> <span class='ocrx_word' id='word_1_219' title='bbox 2296 1412 2341 1467; x_wconf 91' lang='lat' dir='ltr'><strong>si</strong></span> <span class='ocrx_word' id='word_1_220' title='bbox 2367 1426 2489 1466; x_wconf 92' lang='lat' dir='ltr'><strong>cum</strong></span> <span class='ocrx_word' id='word_1_221' title='bbox 2529 1410 2609 1465; x_wconf 87' lang='lat' dir='ltr'><strong>eis</strong></span> <span class='ocrx_word' id='word_1_222' title='bbox 2663 1410 2856 1464; x_wconf 89' lang='lat' dir='ltr'><strong>adores</strong></span> <span class='ocrx_word' id='word_1_223' title='bbox 2900 1425 3061 1478; x_wconf 89' lang='lat' dir='ltr'><strong>quem</strong></span> <span class='ocrx_word' id='word_1_224' title='bbox 3091 1408 3336 1463; x_wconf 89' lang='lat' dir='ltr'><strong>adorant.</strong></span> <span class='ocrx_word' id='word_1_225' title='bbox 3388 1407 3517 1463; x_wconf 89' lang='lat' dir='ltr'><strong>Item</strong></span> <span class='ocrx_word' id='word_1_226' title='bbox 3563 1407 3706 1463; x_wconf 82' lang='lat' dir='ltr'><strong>idem</strong></span> 
     </span>
    </p>
   </div>
   <div class='ocr_carea' id='block_1_31' title="bbox 2139 1499 3705 1571">
    <p class='ocr_par' dir='ltr' id='par_1_31' title="bbox 2139 1499 3705 1571">
     <span class='ocr_line' id='line_1_31' title="bbox 2139 1499 3705 1571; baseline -0.004 -13"><span class='ocrx_word' id='word_1_227' title='bbox 2139 1504 2193 1558; x_wconf 91' lang='lat' dir='ltr'><strong>in</strong></span> <span class='ocrx_word' id='word_1_228' title='bbox 2231 1504 2367 1558; x_wconf 87' lang='lat' dir='ltr'><strong>libro</strong></span> <span class='ocrx_word' id='word_1_229' title='bbox 2405 1502 2470 1557; x_wconf 89' lang='lat' dir='ltr'><strong>de</strong></span> <span class='ocrx_word' id='word_1_230' title='bbox 2518 1500 2825 1568; x_wconf 87' lang='lat' dir='ltr'><strong>Quantitate</strong></span> <span class='ocrx_word' id='word_1_231' title='bbox 2862 1500 3055 1554; x_wconf 67' lang='lat' dir='ltr'><strong>animm</strong></span> <span class='ocrx_word' id='word_1_232' title='bbox 3105 1518 3119 1553; x_wconf 84' lang='lat'><strong><em>:</em></strong></span> <span class='ocrx_word' id='word_1_233' title='bbox 3160 1499 3332 1571; x_wconf 72' lang='lat' dir='ltr'><strong>Ilomo</strong></span> <span class='ocrx_word' id='word_1_234' title='bbox 3376 1509 3554 1554; x_wconf 59' lang='lat' dir='ltr'><strong>auten.</strong></span> <span class='ocrx_word' id='word_1_235' title='bbox 3586 1515 3705 1569; x_wconf 74' lang='lat' dir='ltr'><strong>qut—</strong></span> 
     </span>
    </p>
   </div>
   <div class='ocr_carea' id='block_1_32' title="bbox 2137 1589 3703 1662">
    <p class='ocr_par' dir='ltr' id='par_1_32' title="bbox 2137 1589 3703 1662">
     <span class='ocr_line' id='line_1_32' title="bbox 2137 1589 3703 1662; baseline -0.003 -12"><span class='ocrx_word' id='word_1_236' title='bbox 2137 1595 2269 1650; x_wconf 89' lang='lat' dir='ltr'><strong>libet</strong></span> <span class='ocrx_word' id='word_1_237' title='bbox 2321 1593 2493 1656; x_wconf 89' lang='lat' dir='ltr'><strong>alius,</strong></span> <span class='ocrx_word' id='word_1_238' title='bbox 2559 1605 2864 1661; x_wconf 87' lang='lat' dir='ltr'><strong>quanquam</strong></span> <span class='ocrx_word' id='word_1_239' title='bbox 2920 1592 3348 1662; x_wconf 66' lang='lat' dir='ltr'><strong>sapientissimus</strong></span> <span class='ocrx_word' id='word_1_240' title='bbox 3410 1598 3465 1647; x_wconf 71' lang='lat' dir='ltr'><strong>et</strong></span> <span class='ocrx_word' id='word_1_241' title='bbox 3526 1589 3703 1661; x_wconf 76' lang='lat' dir='ltr'><strong>perfe—</strong></span> 
     </span>
    </p>
   </div>
   <div class='ocr_carea' id='block_1_33' title="bbox 2139 1666 3705 1751">
    <p class='ocr_par' dir='ltr' id='par_1_33' title="bbox 2139 1666 3705 1751">
     <span class='ocr_line' id='line_1_33' title="bbox 2139 1666 3705 1751; baseline -0.003 -11"><span class='ocrx_word' id='word_1_242' title='bbox 2139 1684 2448 1747; x_wconf 87' lang='lat' dir='ltr'><strong>ctissimus,</strong></span> <span class='ocrx_word' id='word_1_243' title='bbox 2516 1680 2601 1745; x_wconf 84' lang='lat' dir='ltr'><strong>vel</strong></span> <span class='ocrx_word' id='word_1_244' title='bbox 2658 1666 2880 1750; x_wconf 84' lang='lat' dir='ltr'><strong>prorsus</strong></span> <span class='ocrx_word' id='word_1_245' title='bbox 2938 1680 3188 1751; x_wconf 65' lang='lat' dir='ltr'><strong>quaelibet</strong></span> <span class='ocrx_word' id='word_1_246' title='bbox 3244 1681 3424 1735; x_wconf 87' lang='lat' dir='ltr'><strong>anima</strong></span> <span class='ocrx_word' id='word_1_247' title='bbox 3477 1680 3705 1735; x_wconf 72' lang='lat' dir='ltr'><strong>rationis</strong></span> 
     </span>
    </p>
   </div>
   <div class='ocr_carea' id='block_1_34' title="bbox 473 1762 3706 1847">
    <p class='ocr_par' dir='ltr' id='par_1_34' title="bbox 473 1762 3706 1847">
     <span class='ocr_line' id='line_1_34' title="bbox 473 1762 3706 1847; baseline -0.002 -20"><span class='ocrx_word' id='word_1_248' title='bbox 473 1776 664 1829; x_wconf 81' lang='lat' dir='ltr'><strong>falsum</strong></span> <span class='ocrx_word' id='word_1_249' title='bbox 697 1775 874 1837; x_wconf 90' lang='lat' dir='ltr'><strong>deum,</strong></span> <span class='ocrx_word' id='word_1_250' title='bbox 905 1773 1013 1826; x_wconf 91' lang='lat' dir='ltr'><strong>imo</strong></span> <span class='ocrx_word' id='word_1_251' title='bbox 1054 1770 1243 1825; x_wconf 80' lang='lat' dir='ltr'><strong>falsum</strong></span> <span class='ocrx_word' id='word_1_252' title='bbox 1282 1768 1577 1832; x_wconf 87' lang='lat' dir='ltr'><strong>hominem,</strong></span> <span class='ocrx_word' id='word_1_253' title='bbox 1603 1782 1763 1837; x_wconf 89' lang='lat' dir='ltr'><strong>quem</strong></span> <span class='ocrx_word' id='word_1_254' title='bbox 1788 1780 1889 1835; x_wconf 83' lang='lat' dir='ltr'><strong>pro</strong></span> <span class='ocrx_word' id='word_1_255' title='bbox 1916 1780 2047 1821; x_wconf 87' lang='lat' dir='ltr'><strong>vero</strong></span> <span class='ocrx_word' id='word_1_256' title='bbox 2074 1762 2121 1822; x_wconf 82' lang='grc' dir='ltr'><strong>Β</strong></span> <span class='ocrx_word' id='word_1_257' title='bbox 2146 1773 2364 1847; x_wconf 58' lang='lat' dir='ltr'><strong>compos</strong></span> <span class='ocrx_word' id='word_1_258' title='bbox 2419 1785 2581 1847; x_wconf 67' lang='lat' dir='ltr'><strong>atque</strong></span> <span class='ocrx_word' id='word_1_259' title='bbox 2644 1776 2988 1843; x_wconf 62' lang='lat' dir='ltr'><strong>beatissima,</strong></span> <span class='ocrx_word' id='word_1_260' title='bbox 3048 1776 3275 1831; x_wconf 57' lang='lat' dir='ltr'><strong>amanda</strong></span> <span class='ocrx_word' id='word_1_261' title='bbox 3335 1775 3706 1831; x_wconf 72' lang='lat' dir='ltr'><strong>[anmmmodo</strong></span> 
     </span>
    </p>
   </div>
   <div class='ocr_carea' id='block_1_35' title="bbox 470 1856 2039 1931">
    <p class='ocr_par' dir='ltr' id='par_1_35' title="bbox 470 1856 2039 1931">
     <span class='ocr_line' id='line_1_35' title="bbox 470 1856 2039 1931; baseline -0.006 -11"><span class='ocrx_word' id='word_1_262' title='bbox 470 1864 747 1920; x_wconf 80' lang='lat' dir='ltr'><strong>venereris</strong></span> <span class='ocrx_word' id='word_1_263' title='bbox 787 1863 920 1925; x_wconf 88' lang='lat' dir='ltr'><strong>Deo,</strong></span> <span class='ocrx_word' id='word_1_264' title='bbox 964 1876 1121 1931; x_wconf 91' lang='lat' dir='ltr'><strong>quem</strong></span> <span class='ocrx_word' id='word_1_265' title='bbox 1144 1859 1387 1930; x_wconf 79' lang='lat' dir='ltr'><strong>quisquis</strong></span> <span class='ocrx_word' id='word_1_266' title='bbox 1420 1873 1518 1929; x_wconf 89' lang='lat' dir='ltr'><strong>pro</strong></span> <span class='ocrx_word' id='word_1_267' title='bbox 1548 1872 1677 1931; x_wconf 87' lang='lat' dir='ltr'><strong>vero</strong></span> <span class='ocrx_word' id='word_1_268' title='bbox 1720 1857 1830 1912; x_wconf 88' lang='lat' dir='ltr'><strong>Deo</strong></span> <span class='ocrx_word' id='word_1_269' title='bbox 1865 1856 1920 1911; x_wconf 89' lang='lat' dir='ltr'><strong>in</strong></span> <span class='ocrx_word' id='word_1_270' title='bbox 1951 1870 2039 1910; x_wconf 84' lang='lat' dir='ltr'><strong>ve-</strong></span> 
     </span>
    </p>
   </div>
   <div class='ocr_carea' id='block_1_36' title="bbox 470 1949 2035 2024">
    <p class='ocr_par' dir='ltr' id='par_1_36' title="bbox 470 1949 2035 2024">
     <span class='ocr_line' id='line_1_36' title="bbox 470 1949 2035 2024; baseline -0.006 -12"><span class='ocrx_word' id='word_1_271' title='bbox 470 1973 585 2012; x_wconf 88' lang='lat' dir='ltr'><strong>ram</strong></span> <span class='ocrx_word' id='word_1_272' title='bbox 630 1956 921 2011; x_wconf 87' lang='lat' dir='ltr'><strong>amicitiam</strong></span> <span class='ocrx_word' id='word_1_273' title='bbox 972 1954 1271 2024; x_wconf 83' lang='lat' dir='ltr'><strong>reciperet,</strong></span> <span class='ocrx_word' id='word_1_274' title='bbox 1324 1952 1587 2007; x_wconf 86' lang='lat' dir='ltr'><strong>insaniret</strong></span> <span class='ocrx_word' id='word_1_275' title='bbox 1628 1968 1641 2005; x_wconf 90' lang='lat'><strong>:</strong></span> <span class='ocrx_word' id='word_1_276' title='bbox 1697 1950 1847 2006; x_wconf 90' lang='lat' dir='ltr'><strong>ducit</strong></span> <span class='ocrx_word' id='word_1_277' title='bbox 1890 1949 2035 2004; x_wconf 87' lang='lat' dir='ltr'><strong>enim</strong></span> 
     </span>
    </p>
   </div>
   <div class='ocr_carea' id='block_1_37' title="bbox 470 2040 2043 2114">
    <p class='ocr_par' dir='ltr' id='par_1_37' title="bbox 470 2040 2043 2114">
     <span class='ocr_line' id='line_1_37' title="bbox 470 2040 2043 2114; baseline -0.007 -11"><span class='ocrx_word' id='word_1_278' title='bbox 470 2057 526 2103; x_wconf 89' lang='lat' dir='ltr'><strong>et</strong></span> <span class='ocrx_word' id='word_1_279' title='bbox 551 2045 741 2100; x_wconf 84' lang='lat' dir='ltr'><strong>all&#39;ectu</strong></span> <span class='ocrx_word' id='word_1_280' title='bbox 763 2045 992 2114; x_wconf 89' lang='lat' dir='ltr'><strong>quodam</strong></span> <span class='ocrx_word' id='word_1_281' title='bbox 1024 2044 1236 2099; x_wconf 88' lang='lat' dir='ltr'><strong>inlirmo</strong></span> <span class='ocrx_word' id='word_1_282' title='bbox 1263 2042 1402 2113; x_wconf 89' lang='lat' dir='ltr'><strong>rapit</strong></span> <span class='ocrx_word' id='word_1_283' title='bbox 1443 2040 1656 2096; x_wconf 88' lang='lat' dir='ltr'><strong>inﬁrma</strong></span> <span class='ocrx_word' id='word_1_284' title='bbox 1704 2040 1869 2095; x_wconf 92' lang='lat' dir='ltr'><strong>corda</strong></span> <span class='ocrx_word' id='word_1_285' title='bbox 1900 2054 2043 2093; x_wconf 88' lang='lat' dir='ltr'><strong>mur-</strong></span> 
     </span>
    </p>
   </div>
   <div class='ocr_carea' id='block_1_38' title="bbox 470 2128 2036 2196">
    <p class='ocr_par' dir='ltr' id='par_1_38' title="bbox 470 2128 2036 2196">
     <span class='ocr_line' id='line_1_38' title="bbox 470 2128 2036 2196; baseline -0.007 -5"><span class='ocrx_word' id='word_1_286' title='bbox 470 2136 657 2191; x_wconf 87' lang='lat' dir='ltr'><strong>talium</strong></span> <span class='ocrx_word' id='word_1_287' title='bbox 690 2136 876 2190; x_wconf 65' lang='lat' dir='ltr'><strong>format</strong></span> <span class='ocrx_word' id='word_1_288' title='bbox 926 2133 1257 2196; x_wconf 87' lang='lat' dir='ltr'><strong>similitudo,</strong></span> <span class='ocrx_word' id='word_1_289' title='bbox 1304 2140 1360 2186; x_wconf 92' lang='lat' dir='ltr'><strong>et</strong></span> <span class='ocrx_word' id='word_1_290' title='bbox 1408 2131 1773 2185; x_wconf 88' lang='lat' dir='ltr'><strong>membrorum</strong></span> <span class='ocrx_word' id='word_1_291' title='bbox 1832 2128 2036 2182; x_wconf 80' lang='lat' dir='ltr'><strong>imitata</strong></span> 
     </span>
    </p>
   </div>
   <div class='ocr_carea' id='block_1_39' title="bbox 471 2219 2040 2298">
    <p class='ocr_par' dir='ltr' id='par_1_39' title="bbox 471 2219 2040 2298">
     <span class='ocr_line' id='line_1_39' title="bbox 471 2219 2040 2298; baseline -0.005 -16"><span class='ocrx_word' id='word_1_292' title='bbox 471 2242 747 2298; x_wconf 82' lang='lat' dir='ltr'><strong>compago.</strong></span> <span class='ocrx_word' id='word_1_293' title='bbox 812 2226 944 2280; x_wconf 88' lang='lat' dir='ltr'><strong>Item</strong></span> <span class='ocrx_word' id='word_1_294' title='bbox 1008 2225 1148 2279; x_wconf 84' lang='lat' dir='ltr'><strong>idem</strong></span> <span class='ocrx_word' id='word_1_295' title='bbox 1216 2224 1269 2277; x_wconf 91' lang='lat' dir='ltr'><strong>in</strong></span> <span class='ocrx_word' id='word_1_296' title='bbox 1332 2223 1520 2277; x_wconf 90' lang='lat' dir='ltr'><strong>eodem</strong></span> <span class='ocrx_word' id='word_1_297' title='bbox 1590 2235 1774 2292; x_wconf 83' lang='lat' dir='ltr'><strong>apere,</strong></span> <span class='ocrx_word' id='word_1_298' title='bbox 1832 2219 2040 2291; x_wconf 84' lang='lat' dir='ltr'><strong>psalmo</strong></span> 
     </span>
    </p>
   </div>
   <div class='ocr_carea' id='block_1_40' title="bbox 469 2309 2038 2379">
    <p class='ocr_par' dir='ltr' id='par_1_40' title="bbox 469 2309 2038 2379">
     <span class='ocr_line' id='line_1_40' title="bbox 469 2309 2038 2379; baseline -0.006 -7"><span class='ocrx_word' id='word_1_299' title='bbox 469 2333 592 2372; x_wconf 78' lang='lat' dir='ltr'><strong>xcvi</strong></span> <span class='ocrx_word' id='word_1_300' title='bbox 645 2335 657 2371; x_wconf 90' lang='lat'><strong>:</strong></span> <span class='ocrx_word' id='word_1_301' title='bbox 713 2314 967 2369; x_wconf 90' lang='lat' dir='ltr'><strong>Ilomines</strong></span> <span class='ocrx_word' id='word_1_302' title='bbox 1017 2323 1195 2368; x_wconf 90' lang='lat' dir='ltr'><strong>autem</strong></span> <span class='ocrx_word' id='word_1_303' title='bbox 1243 2313 1295 2366; x_wconf 92' lang='lat' dir='ltr'><strong>in</strong></span> <span class='ocrx_word' id='word_1_304' title='bbox 1340 2322 1557 2368; x_wconf 84' lang='lat' dir='ltr'><strong>sanctos</strong></span> <span class='ocrx_word' id='word_1_305' title='bbox 1615 2311 1906 2374; x_wconf 84' lang='lat' dir='ltr'><strong>attendite,</strong></span> <span class='ocrx_word' id='word_1_306' title='bbox 1944 2309 2038 2379; x_wconf 88' lang='lat' dir='ltr'><strong>qui</strong></span> 
     </span>
    </p>
   </div>
   <div class='ocr_carea' id='block_1_41' title="bbox 470 2399 2041 2472">
    <p class='ocr_par' dir='ltr' id='par_1_41' title="bbox 470 2399 2041 2472">
     <span class='ocr_line' id='line_1_41' title="bbox 470 2399 2041 2472; baseline -0.005 -10"><span class='ocrx_word' id='word_1_307' title='bbox 470 2416 598 2462; x_wconf 88' lang='lat' dir='ltr'><strong>sunt</strong></span> <span class='ocrx_word' id='word_1_308' title='bbox 635 2406 839 2461; x_wconf 85' lang='lat' dir='ltr'><strong>similes</strong></span> <span class='ocrx_word' id='word_1_309' title='bbox 866 2404 1086 2472; x_wconf 81' lang='lat' dir='ltr'><strong>angelis.</strong></span> <span class='ocrx_word' id='word_1_310' title='bbox 1128 2403 1260 2458; x_wconf 91' lang='lat' dir='ltr'><strong>Cum</strong></span> <span class='ocrx_word' id='word_1_311' title='bbox 1290 2403 1602 2457; x_wconf 82' lang='lat' dir='ltr'><strong>inveneritis</strong></span> <span class='ocrx_word' id='word_1_312' title='bbox 1634 2402 1907 2457; x_wconf 89' lang='lat' dir='ltr'><strong>hominem</strong></span> <span class='ocrx_word' id='word_1_313' title='bbox 1942 2399 2041 2454; x_wconf 89' lang='lat' dir='ltr'><strong>ali-</strong></span> 
     </span>
    </p>
   </div>
   <div class='ocr_carea' id='block_1_42' title="bbox 471 2490 2039 2566">
    <p class='ocr_par' dir='ltr' id='par_1_42' title="bbox 471 2490 2039 2566">
     <span class='ocr_line' id='line_1_42' title="bbox 471 2490 2039 2566; baseline -0.003 -18"><span class='ocrx_word' id='word_1_314' title='bbox 471 2512 628 2566; x_wconf 89' lang='lat' dir='ltr'><strong>quem</strong></span> <span class='ocrx_word' id='word_1_315' title='bbox 677 2503 922 2550; x_wconf 89' lang='lat' dir='ltr'><strong>sanetum</strong></span> <span class='ocrx_word' id='word_1_316' title='bbox 964 2505 1176 2549; x_wconf 86' lang='lat' dir='ltr'><strong>servum</strong></span> <span class='ocrx_word' id='word_1_317' title='bbox 1210 2494 1321 2555; x_wconf 85' lang='lat' dir='ltr'><strong>Dei,</strong></span> <span class='ocrx_word' id='word_1_318' title='bbox 1367 2494 1412 2547; x_wconf 88' lang='lat' dir='ltr'><strong>si</strong></span> <span class='ocrx_word' id='word_1_319' title='bbox 1457 2492 1733 2547; x_wconf 84' lang='lat' dir='ltr'><strong>volueritis</strong></span> <span class='ocrx_word' id='word_1_320' title='bbox 1769 2490 1916 2545; x_wconf 89' lang='lat' dir='ltr'><strong>illum</strong></span> <span class='ocrx_word' id='word_1_321' title='bbox 1947 2504 2039 2544; x_wconf 86' lang='lat' dir='ltr'><strong>co-</strong></span> 
     </span>
    </p>
   </div>
   <div class='ocr_carea' id='block_1_43' title="bbox 472 2579 2038 2659">
    <p class='ocr_par' dir='ltr' id='par_1_43' title="bbox 472 2579 2038 2659">
     <span class='ocr_line' id='line_1_43' title="bbox 472 2579 2038 2659; baseline -0.003 -21"><span class='ocrx_word' id='word_1_322' title='bbox 472 2584 603 2649; x_wconf 89' lang='lat' dir='ltr'><strong>lere,</strong></span> <span class='ocrx_word' id='word_1_323' title='bbox 630 2593 684 2638; x_wconf 88' lang='lat' dir='ltr'><strong>et</strong></span> <span class='ocrx_word' id='word_1_324' title='bbox 712 2584 937 2638; x_wconf 88' lang='lat' dir='ltr'><strong>adorare</strong></span> <span class='ocrx_word' id='word_1_325' title='bbox 957 2598 1056 2659; x_wconf 82' lang='lat' dir='ltr'><strong>pro</strong></span> <span class='ocrx_word' id='word_1_326' title='bbox 1096 2582 1225 2645; x_wconf 90' lang='lat' dir='ltr'><strong>Deo,</strong></span> <span class='ocrx_word' id='word_1_327' title='bbox 1263 2583 1513 2652; x_wconf 85' lang='lat' dir='ltr'><strong>prohibet</strong></span> <span class='ocrx_word' id='word_1_328' title='bbox 1543 2591 1613 2647; x_wconf 92' lang='lat' dir='ltr'><strong>te,</strong></span> <span class='ocrx_word' id='word_1_329' title='bbox 1645 2597 1749 2636; x_wconf 91' lang='lat' dir='ltr'><strong>non</strong></span> <span class='ocrx_word' id='word_1_330' title='bbox 1780 2580 1893 2634; x_wconf 88' lang='lat' dir='ltr'><strong>vult</strong></span> <span class='ocrx_word' id='word_1_331' title='bbox 1935 2579 2038 2634; x_wconf 90' lang='lat' dir='ltr'><strong>sibi</strong></span> 
     </span>
    </p>
   </div>
   <div class='ocr_carea' id='block_1_44' title="bbox 471 2671 2037 2745">
    <p class='ocr_par' dir='ltr' id='par_1_44' title="bbox 471 2671 2037 2745">
     <span class='ocr_line' id='line_1_44' title="bbox 471 2671 2037 2745; baseline -0.003 -16"><span class='ocrx_word' id='word_1_332' title='bbox 471 2689 727 2745; x_wconf 88' lang='lat' dir='ltr'><strong>arrogare</strong></span> <span class='ocrx_word' id='word_1_333' title='bbox 753 2676 1011 2730; x_wconf 89' lang='lat' dir='ltr'><strong>honorem</strong></span> <span class='ocrx_word' id='word_1_334' title='bbox 1039 2673 1166 2739; x_wconf 89' lang='lat' dir='ltr'><strong>Dei,</strong></span> <span class='ocrx_word' id='word_1_335' title='bbox 1208 2689 1314 2729; x_wconf 91' lang='lat' dir='ltr'><strong>non</strong></span> <span class='ocrx_word' id='word_1_336' title='bbox 1354 2673 1469 2727; x_wconf 80' lang='lat' dir='ltr'><strong>vult</strong></span> <span class='ocrx_word' id='word_1_337' title='bbox 1505 2673 1601 2727; x_wconf 87' lang='lat' dir='ltr'><strong>tibi</strong></span> <span class='ocrx_word' id='word_1_338' title='bbox 1631 2688 1749 2728; x_wconf 90' lang='lat' dir='ltr'><strong>esse</strong></span> <span class='ocrx_word' id='word_1_339' title='bbox 1776 2688 1874 2742; x_wconf 89' lang='lat' dir='ltr'><strong>pro</strong></span> <span class='ocrx_word' id='word_1_340' title='bbox 1905 2671 2037 2735; x_wconf 90' lang='lat' dir='ltr'><strong>Deo,</strong></span> 
     </span>
    </p>
   </div>
   <div class='ocr_carea' id='block_1_45' title="bbox 471 2762 2041 2862">
    <p class='ocr_par' dir='ltr' id='par_1_45' title="bbox 471 2762 2041 2862">
     <span class='ocr_line' id='line_1_45' title="bbox 471 2762 2041 2862; baseline -0.002 -43"><span class='ocrx_word' id='word_1_341' title='bbox 471 2765 566 2820; x_wconf 85' lang='lat' dir='ltr'><strong>sed</strong></span> <span class='ocrx_word' id='word_1_342' title='bbox 616 2775 791 2820; x_wconf 89' lang='lat' dir='ltr'><strong>tecum</strong></span> <span class='ocrx_word' id='word_1_343' title='bbox 839 2779 959 2820; x_wconf 88' lang='lat' dir='ltr'><strong>esse</strong></span> <span class='ocrx_word' id='word_1_344' title='bbox 1013 2766 1111 2821; x_wconf 87' lang='lat' dir='ltr'><strong>sub</strong></span> <span class='ocrx_word' id='word_1_345' title='bbox 1165 2764 1292 2820; x_wconf 89' lang='lat' dir='ltr'><strong>Deo.</strong></span> <span class='ocrx_word' id='word_1_346' title='bbox 1330 2764 1398 2819; x_wconf 89' lang='lat' dir='ltr'><strong>Et</strong></span> <span class='ocrx_word' id='word_1_347' title='bbox 1445 2771 1568 2834; x_wconf 91' lang='lat' dir='ltr'><strong>post</strong></span> <span class='ocrx_word' id='word_1_348' title='bbox 1601 2779 1815 2835; x_wconf 87' lang='lat' dir='ltr'><strong>pauca:</strong></span> <span class='ocrx_word' id='word_1_349' title='bbox 1863 2762 1952 2819; x_wconf 91' lang='lat' dir='ltr'><strong>Sic</strong></span> <span class='ocrx_word' id='word_1_350' title='bbox 1973 2771 2041 2862; x_wconf 44' lang='lat' dir='ltr'><strong>[et</strong></span> 
     </span>
    </p>
   </div>
   <div class='ocr_carea' id='block_1_46' title="bbox 471 2857 2034 2930">
    <p class='ocr_par' dir='ltr' id='par_1_46' title="bbox 471 2857 2034 2930">
     <span class='ocr_line' id='line_1_46' title="bbox 471 2857 2034 2930; baseline -0.002 -17"><span class='ocrx_word' id='word_1_351' title='bbox 471 2859 645 2913; x_wconf 88' lang='lat' dir='ltr'><strong>sancti</strong></span> <span class='ocrx_word' id='word_1_352' title='bbox 669 2857 841 2929; x_wconf 81' lang='lat' dir='ltr'><strong>angeli</strong></span> <span class='ocrx_word' id='word_1_353' title='bbox 869 2858 1010 2912; x_wconf 89' lang='lat' dir='ltr'><strong>illius</strong></span> <span class='ocrx_word' id='word_1_354' title='bbox 1042 2857 1268 2930; x_wconf 81' lang='lat' dir='ltr'><strong>gloriam</strong></span> <span class='ocrx_word' id='word_1_355' title='bbox 1304 2865 1552 2926; x_wconf 62' lang='lat' dir='ltr'><strong>quatrunt</strong></span> <span class='ocrx_word' id='word_1_356' title='bbox 1591 2872 1751 2927; x_wconf 87' lang='lat' dir='ltr'><strong>quem</strong></span> <span class='ocrx_word' id='word_1_357' title='bbox 1786 2857 2034 2927; x_wconf 83' lang='lat' dir='ltr'><strong>diligunt,</strong></span> 
     </span>
    </p>
   </div>
   <div class='ocr_carea' id='block_1_47' title="bbox 471 2945 2041 3019">
    <p class='ocr_par' dir='ltr' id='par_1_47' title="bbox 471 2945 2041 3019">
     <span class='ocr_line' id='line_1_47' title="bbox 471 2945 2041 3019; baseline -0.003 -16"><span class='ocrx_word' id='word_1_358' title='bbox 471 2949 540 3003; x_wconf 83' lang='lat' dir='ltr'><strong>ad</strong></span> <span class='ocrx_word' id='word_1_359' title='bbox 579 2948 695 3019; x_wconf 91' lang='lat' dir='ltr'><strong>ejus</strong></span> <span class='ocrx_word' id='word_1_360' title='bbox 716 2949 939 3013; x_wconf 90' lang='lat' dir='ltr'><strong>cultum,</strong></span> <span class='ocrx_word' id='word_1_361' title='bbox 966 2949 1035 3003; x_wconf 89' lang='lat' dir='ltr'><strong>ad</strong></span> <span class='ocrx_word' id='word_1_362' title='bbox 1072 2948 1190 3019; x_wconf 91' lang='lat' dir='ltr'><strong>ejus</strong></span> <span class='ocrx_word' id='word_1_363' title='bbox 1218 2948 1609 3012; x_wconf 85' lang='lat' dir='ltr'><strong>adorationem,</strong></span> <span class='ocrx_word' id='word_1_364' title='bbox 1651 2947 1719 3001; x_wconf 90' lang='lat' dir='ltr'><strong>ad</strong></span> <span class='ocrx_word' id='word_1_365' title='bbox 1766 2945 1881 3015; x_wconf 86' lang='lat' dir='ltr'><strong>ejus</strong></span> <span class='ocrx_word' id='word_1_366' title='bbox 1910 2960 2041 3015; x_wconf 32' lang='lat' dir='ltr'><strong>con-,-</strong></span> 
     </span>
    </p>
   </div>
   <div class='ocr_carea' id='block_1_48' title="bbox 471 3034 2036 3111">
    <p class='ocr_par' dir='ltr' id='par_1_48' title="bbox 471 3034 2036 3111">
     <span class='ocr_line' id='line_1_48' title="bbox 471 3034 2036 3111; baseline -0.003 -18"><span class='ocrx_word' id='word_1_367' title='bbox 471 3040 871 3111; x_wconf 88' lang='lat' dir='ltr'><strong>templationem</strong></span> <span class='ocrx_word' id='word_1_368' title='bbox 895 3053 1084 3095; x_wconf 91' lang='lat' dir='ltr'><strong>omnes</strong></span> <span class='ocrx_word' id='word_1_369' title='bbox 1113 3054 1249 3109; x_wconf 92' lang='lat' dir='ltr'><strong>quos</strong></span> <span class='ocrx_word' id='word_1_370' title='bbox 1279 3038 1507 3109; x_wconf 89' lang='lat' dir='ltr'><strong>diligunt</strong></span> <span class='ocrx_word' id='word_1_371' title='bbox 1545 3051 1731 3107; x_wconf 88' lang='lat' dir='ltr'><strong>rapere</strong></span> <span class='ocrx_word' id='word_1_372' title='bbox 1753 3046 1808 3091; x_wconf 90' lang='lat' dir='ltr'><strong>et</strong></span> <span class='ocrx_word' id='word_1_373' title='bbox 1833 3034 2036 3090; x_wconf 73' lang='lat' dir='ltr'><strong>inflam-</strong></span> 
     </span>
    </p>
   </div>
   <div class='ocr_carea' id='block_1_49' title="bbox 472 3105 2110 3200">
    <p class='ocr_par' dir='ltr' id='par_1_49' title="bbox 472 3105 2110 3200">
     <span class='ocr_line' id='line_1_49' title="bbox 472 3105 2110 3200; baseline -0.004 -13"><span class='ocrx_word' id='word_1_374' title='bbox 472 3105 623 3187; x_wconf 74' lang='lat' dir='ltr'><strong>mare</strong></span> <span class='ocrx_word' id='word_1_375' title='bbox 647 3132 883 3195; x_wconf 91' lang='lat' dir='ltr'><strong>student,</strong></span> <span class='ocrx_word' id='word_1_376' title='bbox 932 3131 1105 3200; x_wconf 89' lang='lat' dir='ltr'><strong>ipsum</strong></span> <span class='ocrx_word' id='word_1_377' title='bbox 1132 3105 1249 3186; x_wconf 73' lang='lat' dir='ltr'><strong>illis</strong></span> <span class='ocrx_word' id='word_1_378' title='bbox 1296 3105 1634 3193; x_wconf 75' lang='lat' dir='ltr'><strong>annuntiant,</strong></span> <span class='ocrx_word' id='word_1_379' title='bbox 1666 3146 1770 3185; x_wconf 89' lang='lat' dir='ltr'><strong>non</strong></span> <span class='ocrx_word' id='word_1_380' title='bbox 1810 3145 1890 3194; x_wconf 88' lang='lat' dir='ltr'><strong>se,</strong></span> <span class='ocrx_word' id='word_1_381' title='bbox 1915 3143 2041 3199; x_wconf 53' lang='lat' dir='ltr'><strong>quo.</strong></span> <span class='ocrx_word' id='word_1_382' title='bbox 2067 3105 2110 3167; x_wconf 61' lang='grc' dir='ltr'><strong>(δ</strong></span> 
     </span>
    </p>
   </div>
   <div class='ocr_carea' id='block_1_50' title="bbox 472 3223 2041 3294">
    <p class='ocr_par' dir='ltr' id='par_1_50' title="bbox 472 3223 2041 3294">
     <span class='ocr_line' id='line_1_50' title="bbox 472 3223 2041 3294; baseline -0.003 -17"><span class='ocrx_word' id='word_1_383' title='bbox 472 3224 618 3278; x_wconf 88' lang='lat' dir='ltr'><strong>niam</strong></span> <span class='ocrx_word' id='word_1_384' title='bbox 646 3223 821 3294; x_wconf 79' lang='lat' dir='ltr'><strong>angeli</strong></span> <span class='ocrx_word' id='word_1_385' title='bbox 850 3231 996 3288; x_wconf 85' lang='lat' dir='ltr'><strong>sunt,</strong></span> <span class='ocrx_word' id='word_1_386' title='bbox 1041 3233 1097 3278; x_wconf 91' lang='lat' dir='ltr'><strong>et</strong></span> <span class='ocrx_word' id='word_1_387' title='bbox 1118 3224 1242 3292; x_wconf 90' lang='lat' dir='ltr'><strong>quia</strong></span> <span class='ocrx_word' id='word_1_388' title='bbox 1286 3223 1484 3278; x_wconf 90' lang='lat' dir='ltr'><strong>milites</strong></span> <span class='ocrx_word' id='word_1_389' title='bbox 1522 3230 1668 3288; x_wconf 89' lang='lat' dir='ltr'><strong>sunt,</strong></span> <span class='ocrx_word' id='word_1_390' title='bbox 1694 3237 1800 3277; x_wconf 91' lang='lat' dir='ltr'><strong>non</strong></span> <span class='ocrx_word' id='word_1_391' title='bbox 1843 3231 2041 3276; x_wconf 85' lang='lat' dir='ltr'><strong>norunt</strong></span> 
     </span>
    </p>
   </div>
   <div class='ocr_carea' id='block_1_51' title="bbox 473 3316 2045 3387">
    <p class='ocr_par' dir='ltr' id='par_1_51' title="bbox 473 3316 2045 3387">
     <span class='ocr_line' id='line_1_51' title="bbox 473 3316 2045 3387; baseline -0.001 -17"><span class='ocrx_word' id='word_1_392' title='bbox 473 3316 697 3387; x_wconf 80' lang='lat' dir='ltr'><strong>gloriam</strong></span> <span class='ocrx_word' id='word_1_393' title='bbox 744 3330 985 3386; x_wconf 63' lang='lat' dir='ltr'><strong>quaerere</strong></span> <span class='ocrx_word' id='word_1_394' title='bbox 1010 3357 1025 3381; x_wconf 94' lang='lat'><strong>,</strong></span> <span class='ocrx_word' id='word_1_395' title='bbox 1073 3317 1175 3371; x_wconf 89' lang='lat' dir='ltr'><strong>nisi</strong></span> <span class='ocrx_word' id='word_1_396' title='bbox 1225 3316 1566 3386; x_wconf 86' lang='lat' dir='ltr'><strong>imperatoris</strong></span> <span class='ocrx_word' id='word_1_397' title='bbox 1598 3316 1701 3371; x_wconf 92' lang='lat' dir='ltr'><strong>sui.</strong></span> <span class='ocrx_word' id='word_1_398' title='bbox 1756 3316 1886 3370; x_wconf 90' lang='lat' dir='ltr'><strong>Item</strong></span> <span class='ocrx_word' id='word_1_399' title='bbox 1923 3324 2045 3384; x_wconf 90' lang='lat' dir='ltr'><strong>post</strong></span> 
     </span>
    </p>
   </div>
   <div class='ocr_carea' id='block_1_52' title="bbox 474 3406 2041 3478">
    <p class='ocr_par' dir='ltr' id='par_1_52' title="bbox 474 3406 2041 3478">
     <span class='ocr_line' id='line_1_52' title="bbox 474 3406 2041 3478; baseline -0.003 -17"><span class='ocrx_word' id='word_1_400' title='bbox 474 3423 643 3478; x_wconf 89' lang='lat' dir='ltr'><strong>pauca</strong></span> <span class='ocrx_word' id='word_1_401' title='bbox 674 3421 689 3461; x_wconf 90' lang='lat'><strong>:</strong></span> <span class='ocrx_word' id='word_1_402' title='bbox 719 3407 886 3462; x_wconf 88' lang='lat' dir='ltr'><strong>Nemo</strong></span> <span class='ocrx_word' id='word_1_403' title='bbox 924 3407 1067 3462; x_wconf 88' lang='lat' dir='ltr'><strong>dicat</strong></span> <span class='ocrx_word' id='word_1_404' title='bbox 1099 3425 1112 3461; x_wconf 89' lang='lat'>:</span> <span class='ocrx_word' id='word_1_405' title='bbox 1165 3407 1350 3462; x_wconf 89' lang='lat' dir='ltr'><strong>Timeo</strong></span> <span class='ocrx_word' id='word_1_406' title='bbox 1376 3422 1444 3461; x_wconf 91' lang='lat' dir='ltr'><strong>ne</strong></span> <span class='ocrx_word' id='word_1_407' title='bbox 1471 3408 1735 3463; x_wconf 88' lang='lat' dir='ltr'><strong>irascatur</strong></span> <span class='ocrx_word' id='word_1_408' title='bbox 1774 3406 1903 3461; x_wconf 89' lang='lat' dir='ltr'><strong>mihi</strong></span> <span class='ocrx_word' id='word_1_409' title='bbox 1942 3422 2041 3458; x_wconf 91' lang='lat' dir='ltr'><strong>au-</strong></span> 
     </span>
    </p>
   </div>
   <div class='ocr_carea' id='block_1_53' title="bbox 478 3498 2041 3570">
    <p class='ocr_par' dir='ltr' id='par_1_53' title="bbox 478 3498 2041 3570">
     <span class='ocr_line' id='line_1_53' title="bbox 478 3498 2041 3570; baseline -0.002 -16"><span class='ocrx_word' id='word_1_410' title='bbox 478 3499 649 3570; x_wconf 82' lang='lat' dir='ltr'><strong>gelus,</strong></span> <span class='ocrx_word' id='word_1_411' title='bbox 678 3501 722 3554; x_wconf 94' lang='lat' dir='ltr'><strong>si</strong></span> <span class='ocrx_word' id='word_1_412' title='bbox 760 3515 865 3554; x_wconf 92' lang='lat' dir='ltr'><strong>non</strong></span> <span class='ocrx_word' id='word_1_413' title='bbox 908 3498 1056 3553; x_wconf 92' lang='lat' dir='ltr'><strong>illum</strong></span> <span class='ocrx_word' id='word_1_414' title='bbox 1084 3500 1202 3555; x_wconf 91' lang='lat' dir='ltr'><strong>colo</strong></span> <span class='ocrx_word' id='word_1_415' title='bbox 1246 3515 1343 3569; x_wconf 92' lang='lat' dir='ltr'><strong>pro</strong></span> <span class='ocrx_word' id='word_1_416' title='bbox 1388 3500 1497 3554; x_wconf 91' lang='lat' dir='ltr'><strong>Deo</strong></span> <span class='ocrx_word' id='word_1_417' title='bbox 1544 3514 1681 3553; x_wconf 85' lang='lat' dir='ltr'><strong>meo.</strong></span> <span class='ocrx_word' id='word_1_418' title='bbox 1721 3499 1871 3552; x_wconf 90' lang='lat' dir='ltr'><strong>Tune</strong></span> <span class='ocrx_word' id='word_1_419' title='bbox 1899 3499 2041 3552; x_wconf 82' lang='lat' dir='ltr'><strong>enini</strong></span> 
     </span>
    </p>
   </div>
   <div class='ocr_carea' id='block_1_54' title="bbox 392 3589 2044 3661">
    <p class='ocr_par' dir='ltr' id='par_1_54' title="bbox 392 3589 2044 3661">
     <span class='ocr_line' id='line_1_54' title="bbox 392 3589 2044 3661; baseline 0.001 -20"><span class='ocrx_word' id='word_1_420' title='bbox 392 3631 401 3641; x_wconf 94' lang='lat'><strong>.</strong></span> <span class='ocrx_word' id='word_1_421' title='bbox 475 3592 571 3646; x_wconf 89' lang='lat' dir='ltr'><strong>tibi</strong></span> <span class='ocrx_word' id='word_1_422' title='bbox 617 3592 889 3656; x_wconf 87' lang='lat' dir='ltr'><strong>irascitur,</strong></span> <span class='ocrx_word' id='word_1_423' title='bbox 915 3592 1128 3661; x_wconf 87' lang='lat' dir='ltr'><strong>quando</strong></span> <span class='ocrx_word' id='word_1_424' title='bbox 1163 3591 1334 3661; x_wconf 89' lang='lat' dir='ltr'><strong>ipsum</strong></span> <span class='ocrx_word' id='word_1_425' title='bbox 1367 3591 1544 3645; x_wconf 88' lang='lat' dir='ltr'><strong>colere</strong></span> <span class='ocrx_word' id='word_1_426' title='bbox 1574 3589 1839 3653; x_wconf 88' lang='lat' dir='ltr'><strong>volueris;</strong></span> <span class='ocrx_word' id='word_1_427' title='bbox 1871 3590 2044 3643; x_wconf 88' lang='lat' dir='ltr'><strong>bonus</strong></span> 
     </span>
    </p>
   </div>
   <div class='ocr_carea' id='block_1_55' title="bbox 476 3679 2043 3747">
    <p class='ocr_par' dir='ltr' id='par_1_55' title="bbox 476 3679 2043 3747">
     <span class='ocr_line' id='line_1_55' title="bbox 476 3679 2043 3747; baseline -0.003 -11"><span class='ocrx_word' id='word_1_428' title='bbox 476 3690 562 3736; x_wconf 90' lang='lat' dir='ltr'><strong>est</strong></span> <span class='ocrx_word' id='word_1_429' title='bbox 599 3682 740 3736; x_wconf 90' lang='lat' dir='ltr'><strong>enim</strong></span> <span class='ocrx_word' id='word_1_430' title='bbox 764 3722 778 3746; x_wconf 95' lang='lat'><strong>,</strong></span> <span class='ocrx_word' id='word_1_431' title='bbox 821 3690 876 3737; x_wconf 89' lang='lat' dir='ltr'><strong>et</strong></span> <span class='ocrx_word' id='word_1_432' title='bbox 901 3681 1069 3735; x_wconf 90' lang='lat' dir='ltr'><strong>Deum</strong></span> <span class='ocrx_word' id='word_1_433' title='bbox 1110 3689 1274 3734; x_wconf 90' lang='lat' dir='ltr'><strong>amat.</strong></span> <span class='ocrx_word' id='word_1_434' title='bbox 1318 3680 1596 3747; x_wconf 84' lang='lat' dir='ltr'><strong>Quomodo</strong></span> <span class='ocrx_word' id='word_1_435' title='bbox 1639 3679 1908 3733; x_wconf 73' lang='lat' dir='ltr'><strong>dtemoues</strong></span> <span class='ocrx_word' id='word_1_436' title='bbox 1938 3679 2043 3733; x_wconf 89' lang='lat' dir='ltr'><strong>ira-</strong></span> 
     </span>
    </p>
   </div>
   <div class='ocr_carea' id='block_1_56' title="bbox 477 3769 2043 3840">
    <p class='ocr_par' dir='ltr' id='par_1_56' title="bbox 477 3769 2043 3840">
     <span class='ocr_line' id='line_1_56' title="bbox 477 3769 2043 3840; baseline -0.001 -14"><span class='ocrx_word' id='word_1_437' title='bbox 477 3782 702 3827; x_wconf 89' lang='lat' dir='ltr'><strong>scuntur</strong></span> <span class='ocrx_word' id='word_1_438' title='bbox 728 3772 774 3826; x_wconf 91' lang='lat' dir='ltr'><strong>si</strong></span> <span class='ocrx_word' id='word_1_439' title='bbox 813 3788 919 3826; x_wconf 91' lang='lat' dir='ltr'><strong>non</strong></span> <span class='ocrx_word' id='word_1_440' title='bbox 963 3770 1229 3835; x_wconf 90' lang='lat' dir='ltr'><strong>colantur,</strong></span> <span class='ocrx_word' id='word_1_441' title='bbox 1270 3771 1349 3825; x_wconf 88' lang='lat' dir='ltr'><strong>sic</strong></span> <span class='ocrx_word' id='word_1_442' title='bbox 1378 3770 1551 3840; x_wconf 82' lang='lat' dir='ltr'><strong>angeli</strong></span> <span class='ocrx_word' id='word_1_443' title='bbox 1599 3769 1967 3840; x_wconf 83' lang='lat' dir='ltr'><strong>indignantur,</strong></span> <span class='ocrx_word' id='word_1_444' title='bbox 1998 3770 2043 3825; x_wconf 90' lang='lat' dir='ltr'><strong>si</strong></span> 
     </span>
    </p>
   </div>
   <div class='ocr_carea' id='block_1_57' title="bbox 476 3861 2044 3937">
    <p class='ocr_par' dir='ltr' id='par_1_57' title="bbox 476 3861 2044 3937">
     <span class='ocr_line' id='line_1_57' title="bbox 476 3861 2044 3937; baseline -0.002 -18"><span class='ocrx_word' id='word_1_445' title='bbox 476 3881 576 3937; x_wconf 89' lang='lat' dir='ltr'><strong>pro</strong></span> <span class='ocrx_word' id='word_1_446' title='bbox 617 3866 725 3920; x_wconf 89' lang='lat' dir='ltr'><strong>Deo</strong></span> <span class='ocrx_word' id='word_1_447' title='bbox 763 3864 1027 3931; x_wconf 85' lang='lat' dir='ltr'><strong>colantur.</strong></span> <span class='ocrx_word' id='word_1_448' title='bbox 1056 3864 1191 3918; x_wconf 86' lang='lat' dir='ltr'><strong>Item</strong></span> <span class='ocrx_word' id='word_1_449' title='bbox 1242 3863 1381 3917; x_wconf 90' lang='lat' dir='ltr'><strong>idem</strong></span> <span class='ocrx_word' id='word_1_450' title='bbox 1415 3864 1469 3917; x_wconf 88' lang='lat' dir='ltr'><strong>in</strong></span> <span class='ocrx_word' id='word_1_451' title='bbox 1511 3862 1737 3932; x_wconf 90' lang='lat' dir='ltr'><strong>epistola</strong></span> <span class='ocrx_word' id='word_1_452' title='bbox 1777 3862 1842 3916; x_wconf 87' lang='lat' dir='ltr'><strong>ad</strong></span> <span class='ocrx_word' id='word_1_453' title='bbox 1880 3861 2044 3916; x_wconf 82' lang='lat' dir='ltr'><strong>Maxi-</strong></span> 
     </span>
    </p>
   </div>
   <div class='ocr_carea' id='block_1_58' title="bbox 480 3952 2046 4027">
    <p class='ocr_par' dir='ltr' id='par_1_58' title="bbox 480 3952 2046 4027">
     <span class='ocr_line' id='line_1_58' title="bbox 480 3952 2046 4027; baseline -0.003 -15"><span class='ocrx_word' id='word_1_454' title='bbox 480 3973 627 4012; x_wconf 88' lang='lat' dir='ltr'><strong>mum</strong></span> <span class='ocrx_word' id='word_1_455' title='bbox 674 3957 1083 4027; x_wconf 88' lang='lat' dir='ltr'><strong>grammaticum</strong></span> <span class='ocrx_word' id='word_1_456' title='bbox 1123 3973 1136 4008; x_wconf 92' lang='lat'>:</span> <span class='ocrx_word' id='word_1_457' title='bbox 1171 3956 1341 4020; x_wconf 84' lang='lat' dir='ltr'><strong>Scias,</strong></span> <span class='ocrx_word' id='word_1_458' title='bbox 1404 3953 1613 4024; x_wconf 75' lang='lat' dir='ltr'><strong>inquit,</strong></span> <span class='ocrx_word' id='word_1_459' title='bbox 1651 3969 1683 4007; x_wconf 90' lang='lat' dir='ltr'><strong>a</strong></span> <span class='ocrx_word' id='word_1_460' title='bbox 1724 3952 2046 4008; x_wconf 89' lang='lat' dir='ltr'><strong>Christianis</strong></span> 
     </span>
    </p>
   </div>
   <div class='ocr_carea' id='block_1_59' title="bbox 480 4042 2043 4115">
    <p class='ocr_par' dir='ltr' id='par_1_59' title="bbox 480 4042 2043 4115">
     <span class='ocr_line' id='line_1_59' title="bbox 480 4042 2043 4115; baseline -0.003 -14"><span class='ocrx_word' id='word_1_461' title='bbox 480 4046 760 4101; x_wconf 85' lang='lat' dir='ltr'><strong>catholicis</strong></span> <span class='ocrx_word' id='word_1_462' title='bbox 796 4055 1022 4115; x_wconf 74' lang='lat' dir='ltr'><strong>Quorum</strong></span> <span class='ocrx_word' id='word_1_463' title='bbox 1063 4044 1115 4099; x_wconf 92' lang='lat' dir='ltr'><strong>in</strong></span> <span class='ocrx_word' id='word_1_464' title='bbox 1155 4052 1333 4101; x_wconf 87' lang='lat' dir='ltr'><strong>vestro</strong></span> <span class='ocrx_word' id='word_1_465' title='bbox 1365 4044 1559 4115; x_wconf 88' lang='lat' dir='ltr'><strong>oppido</strong></span> <span class='ocrx_word' id='word_1_466' title='bbox 1593 4044 1755 4098; x_wconf 90' lang='lat' dir='ltr'><strong>etiam</strong></span> <span class='ocrx_word' id='word_1_467' title='bbox 1804 4042 2043 4098; x_wconf 89' lang='lat' dir='ltr'><strong>Ecclesia</strong></span> 
     </span>
    </p>
   </div>
   <div class='ocr_carea' id='block_1_60' title="bbox 484 4113 2046 4197">
    <p class='ocr_par' dir='ltr' id='par_1_60' title="bbox 484 4113 2046 4197">
     <span class='ocr_line' id='line_1_60' title="bbox 484 4113 2046 4197; baseline -0.003 -7"><span class='ocrx_word' id='word_1_468' title='bbox 484 4135 773 4190; x_wconf 88' lang='lat' dir='ltr'><strong>constituta</strong></span> <span class='ocrx_word' id='word_1_469' title='bbox 815 4113 919 4197; x_wconf 80' lang='lat' dir='ltr'><strong>est,</strong></span> <span class='ocrx_word' id='word_1_470' title='bbox 962 4134 1164 4188; x_wconf 90' lang='lat' dir='ltr'><strong>nullum</strong></span> <span class='ocrx_word' id='word_1_471' title='bbox 1196 4133 1299 4187; x_wconf 90' lang='lat' dir='ltr'><strong>coli</strong></span> <span class='ocrx_word' id='word_1_472' title='bbox 1336 4113 1690 4197; x_wconf 73' lang='lat' dir='ltr'><strong>mortuorum,</strong></span> <span class='ocrx_word' id='word_1_473' title='bbox 1735 4131 1870 4187; x_wconf 87' lang='lat' dir='ltr'><strong>nihil</strong></span> <span class='ocrx_word' id='word_1_474' title='bbox 1898 4132 2046 4186; x_wconf 86' lang='lat' dir='ltr'><strong>deni-</strong></span> 
     </span>
    </p>
   </div>
   <div class='ocr_carea' id='block_1_61' title="bbox 484 4214 2045 4298">
    <p class='ocr_par' dir='ltr' id='par_1_61' title="bbox 484 4214 2045 4298">
     <span class='ocr_line' id='line_1_61' title="bbox 484 4214 2045 4298; baseline -0.002 -16"><span class='ocrx_word' id='word_1_475' title='bbox 484 4242 588 4298; x_wconf 88' lang='lat' dir='ltr'><strong>que</strong></span> <span class='ocrx_word' id='word_1_476' title='bbox 615 4227 830 4281; x_wconf 88' lang='lat' dir='ltr'><strong>adorari</strong></span> <span class='ocrx_word' id='word_1_477' title='bbox 857 4214 1009 4296; x_wconf 29' lang='lat' dir='ltr'><strong>quod.</strong></span> <span class='ocrx_word' id='word_1_478' title='bbox 1028 4229 1097 4281; x_wconf 91' lang='lat' dir='ltr'><strong>sit</strong></span> <span class='ocrx_word' id='word_1_479' title='bbox 1118 4225 1316 4281; x_wconf 82' lang='lat' dir='ltr'><strong>factum</strong></span> <span class='ocrx_word' id='word_1_480' title='bbox 1338 4236 1395 4283; x_wconf 90' lang='lat' dir='ltr'><strong>et</strong></span> <span class='ocrx_word' id='word_1_481' title='bbox 1418 4227 1693 4282; x_wconf 90' lang='lat' dir='ltr'><strong>conditum</strong></span> <span class='ocrx_word' id='word_1_482' title='bbox 1721 4242 1751 4282; x_wconf 87' lang='lat' dir='ltr'><strong>a</strong></span> <span class='ocrx_word' id='word_1_483' title='bbox 1781 4226 1919 4291; x_wconf 87' lang='lat' dir='ltr'><strong>Deo,</strong></span> <span class='ocrx_word' id='word_1_484' title='bbox 1952 4225 2045 4282; x_wconf 92' lang='lat' dir='ltr'><strong>sed</strong></span> 
     </span>
    </p>
   </div>
   <div class='ocr_carea' id='block_1_62' title="bbox 489 4315 2045 4387">
    <p class='ocr_par' dir='ltr' id='par_1_62' title="bbox 489 4315 2045 4387">
     <span class='ocr_line' id='line_1_62' title="bbox 489 4315 2045 4387; baseline -0.001 -15"><span class='ocrx_word' id='word_1_485' title='bbox 489 4333 653 4373; x_wconf 90' lang='lat' dir='ltr'><strong>unum</strong></span> <span class='ocrx_word' id='word_1_486' title='bbox 682 4318 855 4387; x_wconf 87' lang='lat' dir='ltr'><strong>ipsum</strong></span> <span class='ocrx_word' id='word_1_487' title='bbox 880 4318 1069 4382; x_wconf 90' lang='lat' dir='ltr'><strong>Deum,</strong></span> <span class='ocrx_word' id='word_1_488' title='bbox 1091 4317 1182 4385; x_wconf 91' lang='lat' dir='ltr'><strong>qui</strong></span> <span class='ocrx_word' id='word_1_489' title='bbox 1205 4316 1333 4371; x_wconf 83' lang='lat' dir='ltr'><strong>fecit</strong></span> <span class='ocrx_word' id='word_1_490' title='bbox 1352 4324 1408 4370; x_wconf 91' lang='lat' dir='ltr'><strong>et</strong></span> <span class='ocrx_word' id='word_1_491' title='bbox 1430 4316 1669 4372; x_wconf 85' lang='lat' dir='ltr'><strong>condidit</strong></span> <span class='ocrx_word' id='word_1_492' title='bbox 1691 4316 1887 4371; x_wconf 88' lang='lat' dir='ltr'><strong>omnia.</strong></span> <span class='ocrx_word' id='word_1_493' title='bbox 1916 4315 2045 4372; x_wconf 92' lang='lat' dir='ltr'><strong>Item</strong></span> 
     </span>
    </p>
   </div>
   <div class='ocr_carea' id='block_1_63' title="bbox 488 4406 2047 4477">
    <p class='ocr_par' dir='ltr' id='par_1_63' title="bbox 488 4406 2047 4477">
     <span class='ocr_line' id='line_1_63' title="bbox 488 4406 2047 4477; baseline -0.001 -13"><span class='ocrx_word' id='word_1_494' title='bbox 488 4409 627 4464; x_wconf 91' lang='lat' dir='ltr'><strong>idem</strong></span> <span class='ocrx_word' id='word_1_495' title='bbox 652 4408 705 4462; x_wconf 89' lang='lat' dir='ltr'><strong>in</strong></span> <span class='ocrx_word' id='word_1_496' title='bbox 736 4406 873 4461; x_wconf 82' lang='lat' dir='ltr'><strong>libro</strong></span> <span class='ocrx_word' id='word_1_497' title='bbox 892 4407 956 4461; x_wconf 86' lang='lat' dir='ltr'><strong>de</strong></span> <span class='ocrx_word' id='word_1_498' title='bbox 981 4422 1106 4460; x_wconf 85' lang='lat' dir='ltr'><strong>vera</strong></span> <span class='ocrx_word' id='word_1_499' title='bbox 1138 4406 1412 4477; x_wconf 80' lang='lat' dir='ltr'><strong>Religione</strong></span> <span class='ocrx_word' id='word_1_500' title='bbox 1433 4408 1574 4462; x_wconf 90' lang='lat' dir='ltr'><strong>inter</strong></span> <span class='ocrx_word' id='word_1_501' title='bbox 1593 4415 1784 4462; x_wconf 60' lang='lat' dir='ltr'><strong>caetera</strong></span> <span class='ocrx_word' id='word_1_502' title='bbox 1810 4408 1880 4462; x_wconf 85' lang='lat' dir='ltr'><strong>ita</strong></span> <span class='ocrx_word' id='word_1_503' title='bbox 1918 4408 2047 4462; x_wconf 85' lang='lat' dir='ltr'><strong>dicit</strong></span> 
     </span>
    </p>
   </div>
   <div class='ocr_carea' id='block_1_64' title="bbox 486 4496 2047 4572">
    <p class='ocr_par' dir='ltr' id='par_1_64' title="bbox 486 4496 2047 4572">
     <span class='ocr_line' id='line_1_64' title="bbox 486 4496 2047 4572; baseline 0.003 -21"><span class='ocrx_word' id='word_1_504' title='bbox 486 4499 639 4568; x_wconf 84' lang='lat' dir='ltr'><strong>(Cap.</strong></span> <span class='ocrx_word' id='word_1_505' title='bbox 697 4497 752 4569; x_wconf 79' lang='lat'><strong>3)</strong></span> <span class='ocrx_word' id='word_1_506' title='bbox 786 4516 799 4550; x_wconf 89' lang='lat'><strong>:</strong></span> <span class='ocrx_word' id='word_1_507' title='bbox 832 4496 914 4552; x_wconf 85' lang='lat' dir='ltr'><strong>Ad</strong></span> <span class='ocrx_word' id='word_1_508' title='bbox 953 4497 1352 4568; x_wconf 88' lang='lat' dir='ltr'><strong>percipiendam</strong></span> <span class='ocrx_word' id='word_1_509' title='bbox 1395 4500 1679 4553; x_wconf 79' lang='lat' dir='ltr'><strong>veritatem</strong></span> <span class='ocrx_word' id='word_1_510' title='bbox 1716 4500 1845 4554; x_wconf 91' lang='lat' dir='ltr'><strong>nihil</strong></span> <span class='ocrx_word' id='word_1_511' title='bbox 1877 4503 2047 4572; x_wconf 87' lang='lat' dir='ltr'><strong>magis</strong></span> 
     </span>
    </p>
   </div>
   <div class='ocr_carea' id='block_1_65' title="bbox 488 4574 2048 4661">
    <p class='ocr_par' dir='ltr' id='par_1_65' title="bbox 488 4574 2048 4661">
     <span class='ocr_line' id='line_1_65' title="bbox 488 4574 2048 4661; baseline 0.004 -16"><span class='ocrx_word' id='word_1_512' title='bbox 488 4590 747 4660; x_wconf 87' lang='lat' dir='ltr'><strong>impedire</strong></span> <span class='ocrx_word' id='word_1_513' title='bbox 780 4606 940 4660; x_wconf 89' lang='lat' dir='ltr'><strong>quam</strong></span> <span class='ocrx_word' id='word_1_514' title='bbox 969 4592 1130 4645; x_wconf 88' lang='lat' dir='ltr'><strong>vitam</strong></span> <span class='ocrx_word' id='word_1_515' title='bbox 1160 4591 1463 4648; x_wconf 87' lang='lat' dir='ltr'><strong>libidinibus</strong></span> <span class='ocrx_word' id='word_1_516' title='bbox 1512 4593 1768 4661; x_wconf 86' lang='lat' dir='ltr'><strong>deditam,</strong></span> <span class='ocrx_word' id='word_1_517' title='bbox 1799 4605 1853 4651; x_wconf 93' lang='lat' dir='ltr'><strong>et</strong></span> <span class='ocrx_word' id='word_1_518' title='bbox 1886 4574 2048 4653; x_wconf 85' lang='lat' dir='ltr'><strong>falsas</strong></span> 
     </span>
    </p>
   </div>
   <div class='ocr_carea' id='block_1_66' title="bbox 487 4681 2051 4753">
    <p class='ocr_par' dir='ltr' id='par_1_66' title="bbox 487 4681 2051 4753">
     <span class='ocr_line' id='line_1_66' title="bbox 487 4681 2051 4753; baseline 0.005 -17"><span class='ocrx_word' id='word_1_519' title='bbox 487 4681 745 4750; x_wconf 84' lang='lat' dir='ltr'><strong>imagines</strong></span> <span class='ocrx_word' id='word_1_520' title='bbox 774 4696 951 4736; x_wconf 92' lang='lat' dir='ltr'><strong>rerum</strong></span> <span class='ocrx_word' id='word_1_521' title='bbox 990 4682 1338 4746; x_wconf 87' lang='lat' dir='ltr'><strong>sensibilium,</strong></span> <span class='ocrx_word' id='word_1_522' title='bbox 1366 4699 1486 4753; x_wconf 68' lang='lat' dir='ltr'><strong>qua:</strong></span> <span class='ocrx_word' id='word_1_523' title='bbox 1511 4685 1664 4739; x_wconf 90' lang='lat' dir='ltr'><strong>nobis</strong></span> <span class='ocrx_word' id='word_1_524' title='bbox 1693 4687 1760 4741; x_wconf 90' lang='lat' dir='ltr'><strong>ab</strong></span> <span class='ocrx_word' id='word_1_525' title='bbox 1790 4688 1891 4742; x_wconf 90' lang='lat' dir='ltr'><strong>hoc</strong></span> <span class='ocrx_word' id='word_1_526' title='bbox 1927 4704 2051 4743; x_wconf 88' lang='lat' dir='ltr'><strong>sen-</strong></span> 
     </span>
    </p>
   </div>
   <div class='ocr_carea' id='block_1_67' title="bbox 488 4769 2047 4846">
    <p class='ocr_par' dir='ltr' id='par_1_67' title="bbox 488 4769 2047 4846">
     <span class='ocr_line' id='line_1_67' title="bbox 488 4769 2047 4846; baseline 0.006 -22"><span class='ocrx_word' id='word_1_527' title='bbox 488 4769 628 4824; x_wconf 88' lang='lat' dir='ltr'><strong>sibili</strong></span> <span class='ocrx_word' id='word_1_528' title='bbox 660 4770 858 4824; x_wconf 90' lang='lat' dir='ltr'><strong>mundo</strong></span> <span class='ocrx_word' id='word_1_529' title='bbox 886 4784 981 4840; x_wconf 88' lang='lat' dir='ltr'><strong>per</strong></span> <span class='ocrx_word' id='word_1_530' title='bbox 1010 4786 1206 4841; x_wconf 90' lang='lat' dir='ltr'><strong>corpus</strong></span> <span class='ocrx_word' id='word_1_531' title='bbox 1240 4770 1532 4840; x_wconf 57' lang='lat' dir='ltr'><strong>impressae,</strong></span> <span class='ocrx_word' id='word_1_532' title='bbox 1561 4775 1739 4829; x_wconf 89' lang='lat' dir='ltr'><strong>varias</strong></span> <span class='ocrx_word' id='word_1_533' title='bbox 1765 4777 2047 4846; x_wconf 87' lang='lat' dir='ltr'><strong>opiniones</strong></span> 
     </span>
    </p>
   </div>
   <div class='ocr_carea' id='block_1_68' title="bbox 486 4863 2046 4937">
    <p class='ocr_par' dir='ltr' id='par_1_68' title="bbox 486 4863 2046 4937">
     <span class='ocr_line' id='line_1_68' title="bbox 486 4863 2046 4937; baseline 0.006 -24"><span class='ocrx_word' id='word_1_534' title='bbox 486 4872 806 4927; x_wconf 86' lang='lat' dir='ltr'><strong>erroresque</strong></span> <span class='ocrx_word' id='word_1_535' title='bbox 833 4868 1177 4936; x_wconf 85' lang='lat' dir='ltr'><strong>generarent:</strong></span> <span class='ocrx_word' id='word_1_536' title='bbox 1199 4876 1298 4916; x_wconf 91' lang='lat' dir='ltr'><strong>nec</strong></span> <span class='ocrx_word' id='word_1_537' title='bbox 1317 4877 1554 4917; x_wconf 89' lang='lat' dir='ltr'><strong>errorem</strong></span> <span class='ocrx_word' id='word_1_538' title='bbox 1573 4863 1624 4917; x_wconf 91' lang='lat' dir='ltr'><strong>in</strong></span> <span class='ocrx_word' id='word_1_539' title='bbox 1642 4865 1899 4937; x_wconf 81' lang='lat' dir='ltr'><strong>religione</strong></span> <span class='ocrx_word' id='word_1_540' title='bbox 1926 4883 2046 4923; x_wconf 90' lang='lat' dir='ltr'><strong>esse</strong></span> 
     </span>
    </p>
   </div>
   <div class='ocr_carea' id='block_1_69' title="bbox 489 4949 2045 5020">
    <p class='ocr_par' dir='ltr' id='par_1_69' title="bbox 489 4949 2045 5020">
     <span class='ocr_line' id='line_1_69' title="bbox 489 4949 2045 5020; baseline 0.006 -18"><span class='ocrx_word' id='word_1_541' title='bbox 489 4950 748 5019; x_wconf 88' lang='lat' dir='ltr'><strong>potuisse,</strong></span> <span class='ocrx_word' id='word_1_542' title='bbox 774 4949 820 5003; x_wconf 92' lang='lat' dir='ltr'><strong>si</strong></span> <span class='ocrx_word' id='word_1_543' title='bbox 847 4950 1023 5003; x_wconf 89' lang='lat' dir='ltr'><strong>anima</strong></span> <span class='ocrx_word' id='word_1_544' title='bbox 1053 4966 1152 5020; x_wconf 88' lang='lat' dir='ltr'><strong>pro</strong></span> <span class='ocrx_word' id='word_1_545' title='bbox 1176 4951 1286 5005; x_wconf 89' lang='lat' dir='ltr'><strong>Deo</strong></span> <span class='ocrx_word' id='word_1_546' title='bbox 1323 4966 1420 5008; x_wconf 91' lang='lat' dir='ltr'><strong>suo</strong></span> <span class='ocrx_word' id='word_1_547' title='bbox 1445 4966 1551 5008; x_wconf 90' lang='lat' dir='ltr'><strong>non</strong></span> <span class='ocrx_word' id='word_1_548' title='bbox 1578 4954 1781 5010; x_wconf 86' lang='lat' dir='ltr'><strong>coleret</strong></span> <span class='ocrx_word' id='word_1_549' title='bbox 1810 4956 2045 5011; x_wconf 88' lang='lat' dir='ltr'><strong>animam</strong></span> 
     </span>
    </p>
   </div>
   <div class='ocr_carea' id='block_1_70' title="bbox 489 5042 2050 5114">
    <p class='ocr_par' dir='ltr' id='par_1_70' title="bbox 489 5042 2050 5114">
     <span class='ocr_line' id='line_1_70' title="bbox 489 5042 2050 5114; baseline 0.007 -22"><span class='ocrx_word' id='word_1_550' title='bbox 489 5047 584 5093; x_wconf 83' lang='lat' dir='ltr'><strong>aut</strong></span> <span class='ocrx_word' id='word_1_551' title='bbox 609 5054 822 5109; x_wconf 90' lang='lat' dir='ltr'><strong>corpus,</strong></span> <span class='ocrx_word' id='word_1_552' title='bbox 854 5048 947 5093; x_wconf 90' lang='lat' dir='ltr'><strong>aut</strong></span> <span class='ocrx_word' id='word_1_553' title='bbox 996 5042 1364 5111; x_wconf 87' lang='lat' dir='ltr'><strong>phantasmata</strong></span> <span class='ocrx_word' id='word_1_554' title='bbox 1409 5058 1537 5107; x_wconf 89' lang='lat' dir='ltr'><strong>sua,</strong></span> <span class='ocrx_word' id='word_1_555' title='bbox 1589 5060 1709 5114; x_wconf 74' lang='lat' dir='ltr'><strong>qua:</strong></span> <span class='ocrx_word' id='word_1_556' title='bbox 1743 5046 1876 5100; x_wconf 92' lang='lat' dir='ltr'><strong>nihil</strong></span> <span class='ocrx_word' id='word_1_557' title='bbox 1924 5057 2050 5103; x_wconf 90' lang='lat' dir='ltr'><strong>sunt</strong></span> 
     </span>
    </p>
   </div>
   <div class='ocr_carea' id='block_1_71' title="bbox 490 5130 2049 5203">
    <p class='ocr_par' dir='ltr' id='par_1_71' title="bbox 490 5130 2049 5203">
     <span class='ocr_line' id='line_1_71' title="bbox 490 5130 2049 5203; baseline 0.006 -20"><span class='ocrx_word' id='word_1_558' title='bbox 490 5130 633 5184; x_wconf 87' lang='lat' dir='ltr'><strong>aliud</strong></span> <span class='ocrx_word' id='word_1_559' title='bbox 654 5145 815 5199; x_wconf 89' lang='lat' dir='ltr'><strong>quam</strong></span> <span class='ocrx_word' id='word_1_560' title='bbox 832 5131 898 5186; x_wconf 89' lang='lat' dir='ltr'><strong>de</strong></span> <span class='ocrx_word' id='word_1_561' title='bbox 919 5132 1097 5200; x_wconf 90' lang='lat' dir='ltr'><strong>specie</strong></span> <span class='ocrx_word' id='word_1_562' title='bbox 1116 5134 1354 5202; x_wconf 89' lang='lat' dir='ltr'><strong>corporis</strong></span> <span class='ocrx_word' id='word_1_563' title='bbox 1367 5149 1625 5203; x_wconf 89' lang='lat' dir='ltr'><strong>corporeo</strong></span> <span class='ocrx_word' id='word_1_564' title='bbox 1644 5150 1804 5191; x_wconf 88' lang='lat' dir='ltr'><strong>sensu</strong></span> <span class='ocrx_word' id='word_1_565' title='bbox 1827 5146 2049 5193; x_wconf 85' lang='lat' dir='ltr'><strong>attracta</strong></span> 
     </span>
    </p>
   </div>
   <div class='ocr_carea' id='block_1_72' title="bbox 2073 4450 2124 4508">
    <p class='ocr_par' dir='ltr' id='par_1_72' title="bbox 2073 4450 2124 4508">
     <span class='ocr_line' id='line_1_72' title="bbox 2073 4450 2124 4508; baseline 0 0"><span class='ocrx_word' id='word_1_566' title='bbox 2073 4450 2124 4508; x_wconf 92' lang='lat' dir='ltr'><strong>D</strong></span> 
     </span>
    </p>
   </div>
   <div class='ocr_carea' id='block_1_73' title="bbox 2138 1866 3706 1938">
    <p class='ocr_par' dir='ltr' id='par_1_73' title="bbox 2138 1866 3706 1938">
     <span class='ocr_line' id='line_1_73' title="bbox 2138 1866 3706 1938; baseline -0.002 -14"><span class='ocrx_word' id='word_1_567' title='bbox 2138 1874 2193 1924; x_wconf 88' lang='lat' dir='ltr'><strong>et</strong></span> <span class='ocrx_word' id='word_1_568' title='bbox 2221 1867 2477 1923; x_wconf 87' lang='lat' dir='ltr'><strong>imitanda</strong></span> <span class='ocrx_word' id='word_1_569' title='bbox 2502 1875 2603 1933; x_wconf 89' lang='lat' dir='ltr'><strong>est,</strong></span> <span class='ocrx_word' id='word_1_570' title='bbox 2631 1868 2811 1938; x_wconf 80' lang='lat' dir='ltr'><strong>eique,</strong></span> <span class='ocrx_word' id='word_1_571' title='bbox 2859 1882 2957 1938; x_wconf 91' lang='lat' dir='ltr'><strong>pro</strong></span> <span class='ocrx_word' id='word_1_572' title='bbox 3001 1868 3195 1923; x_wconf 91' lang='lat' dir='ltr'><strong>merito</strong></span> <span class='ocrx_word' id='word_1_573' title='bbox 3231 1877 3287 1922; x_wconf 90' lang='lat' dir='ltr'><strong>et</strong></span> <span class='ocrx_word' id='word_1_574' title='bbox 3324 1866 3533 1931; x_wconf 83' lang='lat' dir='ltr'><strong>ordine,</strong></span> <span class='ocrx_word' id='word_1_575' title='bbox 3562 1868 3706 1936; x_wconf 83' lang='lat' dir='ltr'><strong>quod</strong></span> 
     </span>
    </p>
   </div>
   <div class='ocr_carea' id='block_1_74' title="bbox 2138 1957 3705 2030">
    <p class='ocr_par' dir='ltr' id='par_1_74' title="bbox 2138 1957 3705 2030">
     <span class='ocr_line' id='line_1_74' title="bbox 2138 1957 3705 2030; baseline -0.002 -15"><span class='ocrx_word' id='word_1_576' title='bbox 2138 1958 2189 2015; x_wconf 88' lang='lat' dir='ltr'><strong>ei</strong></span> <span class='ocrx_word' id='word_1_577' title='bbox 2224 1960 2467 2030; x_wconf 87' lang='lat' dir='ltr'><strong>congruit</strong></span> <span class='ocrx_word' id='word_1_578' title='bbox 2494 1957 2859 2025; x_wconf 70' lang='lat' dir='ltr'><strong>deferendum,</strong></span> <span class='ocrx_word' id='word_1_579' title='bbox 2885 1976 3008 2015; x_wconf 87' lang='lat' dir='ltr'><strong>nam</strong></span> <span class='ocrx_word' id='word_1_580' title='bbox 3054 1959 3335 2014; x_wconf 76' lang='lat' dir='ltr'><strong>Dominum</strong></span> <span class='ocrx_word' id='word_1_581' title='bbox 3366 1959 3535 2013; x_wconf 82' lang='lat' dir='ltr'><strong>Deum</strong></span> <span class='ocrx_word' id='word_1_582' title='bbox 3558 1968 3705 2012; x_wconf 71' lang='lat' dir='ltr'><strong>tum</strong></span> 
     </span>
    </p>
   </div>
   <div class='ocr_carea' id='block_1_75' title="bbox 2138 2047 3706 2117">
    <p class='ocr_par' dir='ltr' id='par_1_75' title="bbox 2138 2047 3706 2117">
     <span class='ocr_line' id='line_1_75' title="bbox 2138 2047 3706 2117; baseline 0 -14"><span class='ocrx_word' id='word_1_583' title='bbox 2138 2048 2421 2112; x_wconf 71' lang='lat' dir='ltr'><strong>adorabis,</strong></span> <span class='ocrx_word' id='word_1_584' title='bbox 2489 2057 2539 2104; x_wconf 84' lang='lat' dir='ltr'><strong>et</strong></span> <span class='ocrx_word' id='word_1_585' title='bbox 2604 2048 2703 2103; x_wconf 65' lang='lat' dir='ltr'><strong>illi“</strong></span> <span class='ocrx_word' id='word_1_586' title='bbox 2746 2050 2845 2104; x_wconf 72' lang='lat' dir='ltr'><strong>soli</strong></span> <span class='ocrx_word' id='word_1_587' title='bbox 2904 2050 3092 2104; x_wconf 72' lang='lat' dir='ltr'><strong>servies</strong></span> <span class='ocrx_word' id='word_1_588' title='bbox 3151 2048 3342 2117; x_wconf 78' lang='lat' dir='ltr'><strong>(Deut.</strong></span> <span class='ocrx_word' id='word_1_589' title='bbox 3398 2048 3514 2117; x_wconf 80' lang='lat' dir='ltr'><strong>vt).</strong></span> <span class='ocrx_word' id='word_1_590' title='bbox 3571 2047 3706 2103; x_wconf 87' lang='lat' dir='ltr'><strong>Item</strong></span> 
     </span>
    </p>
   </div>
   <div class='ocr_carea' id='block_1_76' title="bbox 2139 2135 3707 2213">
    <p class='ocr_par' dir='ltr' id='par_1_76' title="bbox 2139 2135 3707 2213">
     <span class='ocr_line' id='line_1_76' title="bbox 2139 2135 3707 2213; baseline 0 -22"><span class='ocrx_word' id='word_1_591' title='bbox 2139 2137 2279 2193; x_wconf 91' lang='lat' dir='ltr'><strong>idem</strong></span> <span class='ocrx_word' id='word_1_592' title='bbox 2310 2138 2362 2192; x_wconf 89' lang='lat' dir='ltr'><strong>in</strong></span> <span class='ocrx_word' id='word_1_593' title='bbox 2393 2137 2531 2192; x_wconf 92' lang='lat' dir='ltr'><strong>libro</strong></span> <span class='ocrx_word' id='word_1_594' title='bbox 2559 2138 2626 2193; x_wconf 92' lang='lat' dir='ltr'><strong>de</strong></span> <span class='ocrx_word' id='word_1_595' title='bbox 2650 2153 2775 2194; x_wconf 87' lang='lat' dir='ltr'><strong>vera</strong></span> <span class='ocrx_word' id='word_1_596' title='bbox 2820 2138 3096 2208; x_wconf 81' lang='lat' dir='ltr'><strong>Religione</strong></span> <span class='ocrx_word' id='word_1_597' title='bbox 3120 2135 3273 2209; x_wconf 83' lang='lat' dir='ltr'><strong>(Cap.</strong></span> <span class='ocrx_word' id='word_1_598' title='bbox 3300 2136 3391 2209; x_wconf 75' lang='lat'><strong>55)</strong></span> <span class='ocrx_word' id='word_1_599' title='bbox 3420 2156 3433 2191; x_wconf 91' lang='lat'><strong>:</strong></span> <span class='ocrx_word' id='word_1_600' title='bbox 3462 2136 3578 2191; x_wconf 88' lang='lat' dir='ltr'><strong>Non</strong></span> <span class='ocrx_word' id='word_1_601' title='bbox 3594 2138 3707 2213; x_wconf 74' lang='lat' dir='ltr'><strong>no-</strong></span> 
     </span>
    </p>
   </div>
   <div class='ocr_carea' id='block_1_77' title="bbox 2138 2229 3706 2303">
    <p class='ocr_par' dir='ltr' id='par_1_77' title="bbox 2138 2229 3706 2303">
     <span class='ocr_line' id='line_1_77' title="bbox 2138 2229 3706 2303; baseline -0.002 -16"><span class='ocrx_word' id='word_1_602' title='bbox 2138 2232 2222 2287; x_wconf 89' lang='lat' dir='ltr'><strong>bis</strong></span> <span class='ocrx_word' id='word_1_603' title='bbox 2250 2232 2437 2302; x_wconf 82' lang='lat' dir='ltr'><strong>religio</strong></span> <span class='ocrx_word' id='word_1_604' title='bbox 2477 2247 2764 2303; x_wconf 88' lang='lat' dir='ltr'><strong>corporum</strong></span> <span class='ocrx_word' id='word_1_605' title='bbox 2802 2233 3161 2289; x_wconf 79' lang='lat' dir='ltr'><strong>:ethereorum</strong></span> <span class='ocrx_word' id='word_1_606' title='bbox 3192 2238 3356 2301; x_wconf 89' lang='lat' dir='ltr'><strong>atque</strong></span> <span class='ocrx_word' id='word_1_607' title='bbox 3404 2229 3706 2285; x_wconf 62' lang='lat' dir='ltr'><strong>calestium</strong></span> 
     </span>
    </p>
   </div>
   <div class='ocr_carea' id='block_1_78' title="bbox 2138 2318 3709 2392">
    <p class='ocr_par' dir='ltr' id='par_1_78' title="bbox 2138 2318 3709 2392">
     <span class='ocr_line' id='line_1_78' title="bbox 2138 2318 3709 2392; baseline -0.001 -15"><span class='ocrx_word' id='word_1_608' title='bbox 2138 2321 2335 2384; x_wconf 88' lang='lat' dir='ltr'><strong>cultus,</strong></span> <span class='ocrx_word' id='word_1_609' title='bbox 2353 2321 2446 2377; x_wconf 88' lang='lat' dir='ltr'><strong>sed</strong></span> <span class='ocrx_word' id='word_1_610' title='bbox 2472 2321 2587 2391; x_wconf 92' lang='lat' dir='ltr'><strong>ejus</strong></span> <span class='ocrx_word' id='word_1_611' title='bbox 2611 2321 2763 2389; x_wconf 72' lang='lat' dir='ltr'><strong>cujus</strong></span> <span class='ocrx_word' id='word_1_612' title='bbox 2794 2321 3248 2392; x_wconf 88' lang='lat' dir='ltr'><strong>contemplatione</strong></span> <span class='ocrx_word' id='word_1_613' title='bbox 3273 2320 3414 2375; x_wconf 86' lang='lat' dir='ltr'><strong>beati</strong></span> <span class='ocrx_word' id='word_1_614' title='bbox 3439 2326 3582 2375; x_wconf 88' lang='lat' dir='ltr'><strong>sunt.</strong></span> <span class='ocrx_word' id='word_1_615' title='bbox 3606 2318 3709 2375; x_wconf 83' lang='lat' dir='ltr'><strong>Ne-</strong></span> 
     </span>
    </p>
   </div>
   <div class='ocr_carea' id='block_1_79' title="bbox 2138 2410 3707 2485">
    <p class='ocr_par' dir='ltr' id='par_1_79' title="bbox 2138 2410 3707 2485">
     <span class='ocr_line' id='line_1_79' title="bbox 2138 2410 3707 2485; baseline 0.001 -20"><span class='ocrx_word' id='word_1_616' title='bbox 2138 2427 2242 2482; x_wconf 90' lang='lat' dir='ltr'><strong>que</strong></span> <span class='ocrx_word' id='word_1_617' title='bbox 2279 2412 2422 2467; x_wconf 90' lang='lat' dir='ltr'><strong>enim</strong></span> <span class='ocrx_word' id='word_1_618' title='bbox 2449 2421 2506 2468; x_wconf 91' lang='lat' dir='ltr'><strong>et</strong></span> <span class='ocrx_word' id='word_1_619' title='bbox 2533 2428 2632 2468; x_wconf 90' lang='lat' dir='ltr'><strong>nos</strong></span> <span class='ocrx_word' id='word_1_620' title='bbox 2662 2414 2890 2479; x_wconf 69' lang='lat' dir='ltr'><strong>videndo</strong></span> <span class='ocrx_word' id='word_1_621' title='bbox 2919 2413 3165 2485; x_wconf 88' lang='lat' dir='ltr'><strong>angelum</strong></span> <span class='ocrx_word' id='word_1_622' title='bbox 3194 2410 3337 2468; x_wconf 84' lang='lat' dir='ltr'><strong>beati</strong></span> <span class='ocrx_word' id='word_1_623' title='bbox 3379 2426 3584 2475; x_wconf 89' lang='lat' dir='ltr'><strong>sumus,</strong></span> <span class='ocrx_word' id='word_1_624' title='bbox 3608 2419 3707 2467; x_wconf 88' lang='lat' dir='ltr'><strong>sed</strong></span> 
     </span>
    </p>
   </div>
   <div class='ocr_carea' id='block_1_80' title="bbox 2137 2501 3710 2575">
    <p class='ocr_par' dir='ltr' id='par_1_80' title="bbox 2137 2501 3710 2575">
     <span class='ocr_line' id='line_1_80' title="bbox 2137 2501 3710 2575; baseline -0.001 -18"><span class='ocrx_word' id='word_1_625' title='bbox 2137 2503 2366 2558; x_wconf 87' lang='lat' dir='ltr'><strong>videndo</strong></span> <span class='ocrx_word' id='word_1_626' title='bbox 2387 2504 2700 2569; x_wconf 82' lang='lat' dir='ltr'><strong>Veritatem,</strong></span> <span class='ocrx_word' id='word_1_627' title='bbox 2728 2520 2834 2574; x_wconf 89' lang='lat' dir='ltr'><strong>qua</strong></span> <span class='ocrx_word' id='word_1_628' title='bbox 2864 2504 3026 2559; x_wconf 89' lang='lat' dir='ltr'><strong>etiam</strong></span> <span class='ocrx_word' id='word_1_629' title='bbox 3056 2505 3199 2575; x_wconf 87' lang='lat' dir='ltr'><strong>ipsos</strong></span> <span class='ocrx_word' id='word_1_630' title='bbox 3238 2501 3509 2574; x_wconf 87' lang='lat' dir='ltr'><strong>diligimus</strong></span> <span class='ocrx_word' id='word_1_631' title='bbox 3547 2517 3710 2574; x_wconf 83' lang='lat' dir='ltr'><strong>ange-</strong></span> 
     </span>
    </p>
   </div>
   <div class='ocr_carea' id='block_1_81' title="bbox 2138 2592 3711 2667">
    <p class='ocr_par' dir='ltr' id='par_1_81' title="bbox 2138 2592 3711 2667">
     <span class='ocr_line' id='line_1_81' title="bbox 2138 2592 3711 2667; baseline 0.004 -21"><span class='ocrx_word' id='word_1_632' title='bbox 2138 2592 2219 2649; x_wconf 92' lang='lat' dir='ltr'><strong>los</strong></span> <span class='ocrx_word' id='word_1_633' title='bbox 2244 2602 2300 2647; x_wconf 90' lang='lat' dir='ltr'><strong>et</strong></span> <span class='ocrx_word' id='word_1_634' title='bbox 2318 2594 2401 2648; x_wconf 88' lang='lat' dir='ltr'><strong>bis</strong></span> <span class='ocrx_word' id='word_1_635' title='bbox 2430 2593 2884 2665; x_wconf 77' lang='lat' dir='ltr'><strong>congratulantur.</strong></span> <span class='ocrx_word' id='word_1_636' title='bbox 2915 2593 3027 2649; x_wconf 88' lang='lat' dir='ltr'><strong>Nec</strong></span> <span class='ocrx_word' id='word_1_637' title='bbox 3067 2594 3310 2650; x_wconf 79' lang='lat' dir='ltr'><strong>videmus</strong></span> <span class='ocrx_word' id='word_1_638' title='bbox 3338 2597 3481 2667; x_wconf 84' lang='lat' dir='ltr'><strong>quod</strong></span> <span class='ocrx_word' id='word_1_639' title='bbox 3506 2610 3573 2651; x_wconf 90' lang='lat' dir='ltr'><strong>eo</strong></span> <span class='ocrx_word' id='word_1_640' title='bbox 3610 2611 3711 2666; x_wconf 84' lang='lat' dir='ltr'><strong>pa-</strong></span> 
     </span>
    </p>
   </div>
   <div class='ocr_carea' id='block_1_82' title="bbox 2138 2683 3710 2758">
    <p class='ocr_par' dir='ltr' id='par_1_82' title="bbox 2138 2683 3710 2758">
     <span class='ocr_line' id='line_1_82' title="bbox 2138 2683 3710 2758; baseline 0.002 -21"><span class='ocrx_word' id='word_1_641' title='bbox 2138 2683 2366 2738; x_wconf 90' lang='lat' dir='ltr'><strong>ratiores</strong></span> <span class='ocrx_word' id='word_1_642' title='bbox 2393 2692 2449 2738; x_wconf 90' lang='lat' dir='ltr'><strong>et</strong></span> <span class='ocrx_word' id='word_1_643' title='bbox 2471 2683 2627 2738; x_wconf 90' lang='lat' dir='ltr'><strong>nullis</strong></span> <span class='ocrx_word' id='word_1_644' title='bbox 2642 2683 2900 2739; x_wconf 88' lang='lat' dir='ltr'><strong>molestiis</strong></span> <span class='ocrx_word' id='word_1_645' title='bbox 2917 2685 3397 2755; x_wconf 85' lang='lat' dir='ltr'><strong>interpcdientibus</strong></span> <span class='ocrx_word' id='word_1_646' title='bbox 3422 2685 3710 2758; x_wconf 81' lang='lat' dir='ltr'><strong>perfruun-</strong></span> 
     </span>
    </p>
   </div>
   <div class='ocr_carea' id='block_1_83' title="bbox 2136 2773 3710 2845">
    <p class='ocr_par' dir='ltr' id='par_1_83' title="bbox 2136 2773 3710 2845">
     <span class='ocr_line' id='line_1_83' title="bbox 2136 2773 3710 2845; baseline 0.003 -17"><span class='ocrx_word' id='word_1_647' title='bbox 2136 2782 2244 2837; x_wconf 89' lang='lat' dir='ltr'><strong>tur,</strong></span> <span class='ocrx_word' id='word_1_648' title='bbox 2276 2774 2368 2827; x_wconf 88' lang='lat' dir='ltr'><strong>sed</strong></span> <span class='ocrx_word' id='word_1_649' title='bbox 2398 2774 2568 2844; x_wconf 88' lang='lat' dir='ltr'><strong>magis</strong></span> <span class='ocrx_word' id='word_1_650' title='bbox 2604 2789 2699 2828; x_wconf 91' lang='lat' dir='ltr'><strong>eos</strong></span> <span class='ocrx_word' id='word_1_651' title='bbox 2734 2773 3025 2845; x_wconf 88' lang='lat' dir='ltr'><strong>diligimus,</strong></span> <span class='ocrx_word' id='word_1_652' title='bbox 3064 2776 3402 2844; x_wconf 88' lang='lat' dir='ltr'><strong>quoniam&#39;et</strong></span> <span class='ocrx_word' id='word_1_653' title='bbox 3454 2792 3553 2833; x_wconf 92' lang='lat' dir='ltr'><strong>nos</strong></span> <span class='ocrx_word' id='word_1_654' title='bbox 3598 2774 3710 2833; x_wconf 83' lang='lat' dir='ltr'><strong>tale</strong></span> 
     </span>
    </p>
   </div>
   <div class='ocr_carea' id='block_1_84' title="bbox 2137 2862 3706 2935">
    <p class='ocr_par' dir='ltr' id='par_1_84' title="bbox 2137 2862 3706 2935">
     <span class='ocr_line' id='line_1_84' title="bbox 2137 2862 3706 2935; baseline 0.003 -18"><span class='ocrx_word' id='word_1_655' title='bbox 2137 2863 2337 2933; x_wconf 90' lang='lat' dir='ltr'><strong>aliquid</strong></span> <span class='ocrx_word' id='word_1_656' title='bbox 2388 2878 2605 2933; x_wconf 82' lang='lat' dir='ltr'><strong>sperare</strong></span> <span class='ocrx_word' id='word_1_657' title='bbox 2651 2880 2682 2919; x_wconf 87' lang='lat' dir='ltr'><strong>a</strong></span> <span class='ocrx_word' id='word_1_658' title='bbox 2726 2862 2993 2919; x_wconf 86' lang='lat' dir='ltr'><strong>communi</strong></span> <span class='ocrx_word' id='word_1_659' title='bbox 3043 2864 3269 2921; x_wconf 89' lang='lat' dir='ltr'><strong>Domino</strong></span> <span class='ocrx_word' id='word_1_660' title='bbox 3312 2865 3447 2935; x_wconf 92' lang='lat' dir='ltr'><strong>jussi</strong></span> <span class='ocrx_word' id='word_1_661' title='bbox 3499 2882 3706 2923; x_wconf 88' lang='lat' dir='ltr'><strong>sumus.</strong></span> 
     </span>
    </p>
   </div>
   <div class='ocr_carea' id='block_1_85' title="bbox 2139 2954 3711 3029">
    <p class='ocr_par' dir='ltr' id='par_1_85' title="bbox 2139 2954 3711 3029">
     <span class='ocr_line' id='line_1_85' title="bbox 2139 2954 3711 3029; baseline 0.004 -22"><span class='ocrx_word' id='word_1_662' title='bbox 2139 2954 2319 3021; x_wconf 83' lang='lat' dir='ltr'><strong>Quare</strong></span> <span class='ocrx_word' id='word_1_663' title='bbox 2344 2954 2674 3009; x_wconf 88' lang='lat' dir='ltr'><strong>honoramus</strong></span> <span class='ocrx_word' id='word_1_664' title='bbox 2698 2969 2791 3009; x_wconf 92' lang='lat' dir='ltr'><strong>eos</strong></span> <span class='ocrx_word' id='word_1_665' title='bbox 2816 2954 3095 3029; x_wconf 87' lang='lat' dir='ltr'><strong>charitate,</strong></span> <span class='ocrx_word' id='word_1_666' title='bbox 3142 2971 3248 3011; x_wconf 91' lang='lat' dir='ltr'><strong>non</strong></span> <span class='ocrx_word' id='word_1_667' title='bbox 3274 2958 3550 3012; x_wconf 85' lang='lat' dir='ltr'><strong>servitute.</strong></span> <span class='ocrx_word' id='word_1_668' title='bbox 3596 2956 3711 3013; x_wconf 83' lang='lat' dir='ltr'><strong>Nec</strong></span> 
     </span>
    </p>
   </div>
   <div class='ocr_carea' id='block_1_86' title="bbox 2140 3038 3713 3116">
    <p class='ocr_par' dir='ltr' id='par_1_86' title="bbox 2140 3038 3713 3116">
     <span class='ocr_line' id='line_1_86' title="bbox 2140 3038 3713 3116; baseline 0.003 -18"><span class='ocrx_word' id='word_1_669' title='bbox 2140 3045 2220 3099; x_wconf 87' lang='lat' dir='ltr'><strong>eis</strong></span> <span class='ocrx_word' id='word_1_670' title='bbox 2247 3043 2440 3114; x_wconf 88' lang='lat' dir='ltr'><strong>templa</strong></span> <span class='ocrx_word' id='word_1_671' title='bbox 2467 3041 2920 3116; x_wconf 74' lang='lat' dir='ltr'><strong>[construimus],</strong></span> <span class='ocrx_word' id='word_1_672' title='bbox 2955 3043 3141 3100; x_wconf 88' lang='lat' dir='ltr'><strong>nolunt</strong></span> <span class='ocrx_word' id='word_1_673' title='bbox 3170 3046 3311 3100; x_wconf 90' lang='lat' dir='ltr'><strong>enim</strong></span> <span class='ocrx_word' id='word_1_674' title='bbox 3350 3062 3408 3102; x_wconf 88' lang='lat' dir='ltr'><strong>se</strong></span> <span class='ocrx_word' id='word_1_675' title='bbox 3439 3038 3518 3103; x_wconf 90' lang='lat' dir='ltr'><strong>sic</strong></span> <span class='ocrx_word' id='word_1_676' title='bbox 3541 3047 3713 3103; x_wconf 87' lang='lat' dir='ltr'><strong>hono-</strong></span> 
     </span>
    </p>
   </div>
   <div class='ocr_carea' id='block_1_87' title="bbox 2144 3134 3706 3206">
    <p class='ocr_par' dir='ltr' id='par_1_87' title="bbox 2144 3134 3706 3206">
     <span class='ocr_line' id='line_1_87' title="bbox 2144 3134 3706 3206; baseline 0.002 -19"><span class='ocrx_word' id='word_1_677' title='bbox 2144 3134 2252 3188; x_wconf 90' lang='lat' dir='ltr'><strong>rari</strong></span> <span class='ocrx_word' id='word_1_678' title='bbox 2289 3150 2319 3188; x_wconf 90' lang='lat' dir='ltr'><strong>a</strong></span> <span class='ocrx_word' id='word_1_679' title='bbox 2345 3134 2520 3199; x_wconf 90' lang='lat' dir='ltr'><strong>nobis,</strong></span> <span class='ocrx_word' id='word_1_680' title='bbox 2552 3135 2676 3205; x_wconf 90' lang='lat' dir='ltr'><strong>quia</strong></span> <span class='ocrx_word' id='word_1_681' title='bbox 2725 3135 2991 3206; x_wconf 89' lang='lat' dir='ltr'><strong>nosipsos,</strong></span> <span class='ocrx_word' id='word_1_682' title='bbox 3020 3146 3147 3190; x_wconf 86' lang='lat' dir='ltr'><strong>cum‘</strong></span> <span class='ocrx_word' id='word_1_683' title='bbox 3183 3134 3306 3190; x_wconf 91' lang='lat' dir='ltr'><strong>boni</strong></span> <span class='ocrx_word' id='word_1_684' title='bbox 3336 3152 3541 3201; x_wconf 90' lang='lat' dir='ltr'><strong>sumus,</strong></span> <span class='ocrx_word' id='word_1_685' title='bbox 3567 3145 3706 3191; x_wconf 90' lang='lat' dir='ltr'><strong>tem-</strong></span> 
     </span>
    </p>
   </div>
   <div class='ocr_carea' id='block_1_88' title="bbox 2142 3224 3710 3296">
    <p class='ocr_par' dir='ltr' id='par_1_88' title="bbox 2142 3224 3710 3296">
     <span class='ocr_line' id='line_1_88' title="bbox 2142 3224 3710 3296; baseline 0.003 -20"><span class='ocrx_word' id='word_1_686' title='bbox 2142 3225 2227 3296; x_wconf 85' lang='lat' dir='ltr'><strong>pla</strong></span> <span class='ocrx_word' id='word_1_687' title='bbox 2269 3225 2465 3280; x_wconf 87' lang='lat' dir='ltr'><strong>summi</strong></span> <span class='ocrx_word' id='word_1_688' title='bbox 2497 3224 2591 3279; x_wconf 86' lang='lat' dir='ltr'><strong>Dei</strong></span> <span class='ocrx_word' id='word_1_689' title='bbox 2620 3240 2740 3280; x_wconf 87' lang='lat' dir='ltr'><strong>esse</strong></span> <span class='ocrx_word' id='word_1_690' title='bbox 2770 3233 3053 3280; x_wconf 89' lang='lat' dir='ltr'><strong>noverunt.</strong></span> <span class='ocrx_word' id='word_1_691' title='bbox 3080 3224 3418 3296; x_wconf 79' lang='lat' dir='ltr'><strong>Fulgentius,</strong></span> <span class='ocrx_word' id='word_1_692' title='bbox 3466 3227 3520 3281; x_wconf 89' lang='lat' dir='ltr'><strong>in</strong></span> <span class='ocrx_word' id='word_1_693' title='bbox 3568 3225 3710 3281; x_wconf 90' lang='lat' dir='ltr'><strong>libro</strong></span> 
     </span>
    </p>
   </div>
   <div class='ocr_carea' id='block_1_89' title="bbox 2143 3315 3712 3386">
    <p class='ocr_par' dir='ltr' id='par_1_89' title="bbox 2143 3315 3712 3386">
     <span class='ocr_line' id='line_1_89' title="bbox 2143 3315 3712 3386; baseline -0.001 -15"><span class='ocrx_word' id='word_1_694' title='bbox 2143 3318 2207 3371; x_wconf 87' lang='lat' dir='ltr'><strong>de</strong></span> <span class='ocrx_word' id='word_1_695' title='bbox 2261 3316 2388 3372; x_wconf 78' lang='lat' dir='ltr'><strong>Fide</strong></span> <span class='ocrx_word' id='word_1_696' title='bbox 2442 3317 2509 3371; x_wconf 88' lang='lat' dir='ltr'><strong>ad</strong></span> <span class='ocrx_word' id='word_1_697' title='bbox 2554 3318 2819 3371; x_wconf 91' lang='lat' dir='ltr'><strong>Donatum</strong></span> <span class='ocrx_word' id='word_1_698' title='bbox 2862 3331 2877 3369; x_wconf 89' lang='lat'><strong>:</strong></span> <span class='ocrx_word' id='word_1_699' title='bbox 2928 3315 3063 3382; x_wconf 84' lang='lat' dir='ltr'><strong>Quia</strong></span> <span class='ocrx_word' id='word_1_700' title='bbox 3114 3316 3227 3386; x_wconf 90' lang='lat' dir='ltr'><strong>ipse</strong></span> <span class='ocrx_word' id='word_1_701' title='bbox 3284 3315 3423 3372; x_wconf 88' lang='lat' dir='ltr'><strong>Deus</strong></span> <span class='ocrx_word' id='word_1_702' title='bbox 3461 3316 3563 3371; x_wconf 90' lang='lat' dir='ltr'><strong>sibi</strong></span> <span class='ocrx_word' id='word_1_703' title='bbox 3608 3316 3712 3371; x_wconf 89' lang='lat' dir='ltr'><strong>soli</strong></span> 
     </span>
    </p>
   </div>
   <div class='ocr_carea' id='block_1_90' title="bbox 2142 3404 3715 3478">
    <p class='ocr_par' dir='ltr' id='par_1_90' title="bbox 2142 3404 3715 3478">
     <span class='ocr_line' id='line_1_90' title="bbox 2142 3404 3715 3478; baseline -0.001 -16"><span class='ocrx_word' id='word_1_704' title='bbox 2142 3408 2455 3478; x_wconf 72' lang='lat' dir='ltr'><strong>przeeipiens</strong></span> <span class='ocrx_word' id='word_1_705' title='bbox 2484 3407 2853 3462; x_wconf 89' lang='lat' dir='ltr'><strong>tantummodo</strong></span> <span class='ocrx_word' id='word_1_706' title='bbox 2877 3407 3237 3470; x_wconf 86' lang='lat' dir='ltr'><strong>serviendum,</strong></span> <span class='ocrx_word' id='word_1_707' title='bbox 3272 3421 3437 3476; x_wconf 88' lang='lat' dir='ltr'><strong>seque</strong></span> <span class='ocrx_word' id='word_1_708' title='bbox 3458 3404 3655 3475; x_wconf 90' lang='lat' dir='ltr'><strong>juhens</strong></span> <span class='ocrx_word' id='word_1_709' title='bbox 3681 3423 3715 3461; x_wconf 88' lang='lat' dir='ltr'><strong>a</strong></span> 
     </span>
    </p>
   </div>
   <div class='ocr_carea' id='block_1_91' title="bbox 2144 3496 3719 3567">
    <p class='ocr_par' dir='ltr' id='par_1_91' title="bbox 2144 3496 3719 3567">
     <span class='ocr_line' id='line_1_91' title="bbox 2144 3496 3719 3567; baseline -0.002 -15"><span class='ocrx_word' id='word_1_710' title='bbox 2144 3499 2384 3552; x_wconf 83' lang='lat' dir='ltr'><strong>ﬁdelibus</strong></span> <span class='ocrx_word' id='word_1_711' title='bbox 2414 3496 2765 3560; x_wconf 82' lang='lat' dir='ltr'><strong>adorandum,</strong></span> <span class='ocrx_word' id='word_1_712' title='bbox 2802 3511 3024 3567; x_wconf 87' lang='lat' dir='ltr'><strong>prorsus</strong></span> <span class='ocrx_word' id='word_1_713' title='bbox 3050 3496 3325 3550; x_wconf 77' lang='lat' dir='ltr'><strong>interdixit</strong></span> <span class='ocrx_word' id='word_1_714' title='bbox 3362 3511 3431 3551; x_wconf 92' lang='lat' dir='ltr'><strong>ne</strong></span> <span class='ocrx_word' id='word_1_715' title='bbox 3459 3496 3579 3567; x_wconf 91' lang='lat' dir='ltr'><strong>quis</strong></span> <span class='ocrx_word' id='word_1_716' title='bbox 3619 3512 3719 3550; x_wconf 79' lang='lat' dir='ltr'><strong>au-</strong></span> 
     </span>
    </p>
   </div>
   <div class='ocr_carea' id='block_1_92' title="bbox 2142 3588 3715 3659">
    <p class='ocr_par' dir='ltr' id='par_1_92' title="bbox 2142 3588 3715 3659">
     <span class='ocr_line' id='line_1_92' title="bbox 2142 3588 3715 3659; baseline -0.001 -14"><span class='ocrx_word' id='word_1_717' title='bbox 2142 3592 2264 3646; x_wconf 84' lang='lat' dir='ltr'><strong>deat</strong></span> <span class='ocrx_word' id='word_1_718' title='bbox 2308 3598 2612 3645; x_wconf 90' lang='lat' dir='ltr'><strong>ereaturam</strong></span> <span class='ocrx_word' id='word_1_719' title='bbox 2658 3589 2882 3643; x_wconf 89' lang='lat' dir='ltr'><strong>adorare</strong></span> <span class='ocrx_word' id='word_1_720' title='bbox 2912 3597 3281 3658; x_wconf 73' lang='lat' dir='ltr'><strong>creaturmque</strong></span> <span class='ocrx_word' id='word_1_721' title='bbox 3305 3588 3509 3643; x_wconf 87' lang='lat' dir='ltr'><strong>servire</strong></span> <span class='ocrx_word' id='word_1_722' title='bbox 3541 3603 3715 3659; x_wconf 86' lang='lat' dir='ltr'><strong>:pro—</strong></span> 
     </span>
    </p>
   </div>
   <div class='ocr_carea' id='block_1_93' title="bbox 2140 3680 3716 3757">
    <p class='ocr_par' dir='ltr' id='par_1_93' title="bbox 2140 3680 3716 3757">
     <span class='ocr_line' id='line_1_93' title="bbox 2140 3680 3716 3757; baseline -0.003 -19"><span class='ocrx_word' id='word_1_723' title='bbox 2140 3692 2323 3754; x_wconf 89' lang='lat' dir='ltr'><strong>pterea</strong></span> <span class='ocrx_word' id='word_1_724' title='bbox 2346 3683 2397 3737; x_wconf 91' lang='lat' dir='ltr'><strong>in</strong></span> <span class='ocrx_word' id='word_1_725' title='bbox 2434 3681 2538 3755; x_wconf 84' lang='lat' dir='ltr'><strong>ﬁne</strong></span> <span class='ocrx_word' id='word_1_726' title='bbox 2579 3680 2719 3735; x_wconf 92' lang='lat' dir='ltr'><strong>illius</strong></span> <span class='ocrx_word' id='word_1_727' title='bbox 2742 3680 3019 3757; x_wconf 62' lang='lat' dir='ltr'><strong>praicepti,</strong></span> <span class='ocrx_word' id='word_1_728' title='bbox 3043 3680 3109 3734; x_wconf 90' lang='lat' dir='ltr'><strong>de</strong></span> <span class='ocrx_word' id='word_1_729' title='bbox 3132 3680 3380 3735; x_wconf 88' lang='lat' dir='ltr'><strong>omnibus</strong></span> <span class='ocrx_word' id='word_1_730' title='bbox 3406 3694 3523 3749; x_wconf 66' lang='lat' dir='ltr'><strong>quae</strong></span> <span class='ocrx_word' id='word_1_731' title='bbox 3558 3694 3716 3734; x_wconf 89' lang='lat' dir='ltr'><strong>crea-</strong></span> 
     </span>
    </p>
   </div>
   <div class='ocr_carea' id='block_1_94' title="bbox 2143 3758 3712 3841">
    <p class='ocr_par' dir='ltr' id='par_1_94' title="bbox 2143 3758 3712 3841">
     <span class='ocr_line' id='line_1_94' title="bbox 2143 3758 3712 3841; baseline -0.003 -13"><span class='ocrx_word' id='word_1_732' title='bbox 2143 3774 2220 3828; x_wconf 88' lang='lat' dir='ltr'><strong>vit</strong></span> <span class='ocrx_word' id='word_1_733' title='bbox 2268 3774 2341 3833; x_wconf 85' lang='lat' dir='ltr'><strong>ita</strong></span> <span class='ocrx_word' id='word_1_734' title='bbox 2384 3772 2669 3841; x_wconf 86' lang='lat' dir='ltr'><strong>loquitur:</strong></span> <span class='ocrx_word' id='word_1_735' title='bbox 2719 3769 2843 3823; x_wconf 88' lang='lat' dir='ltr'><strong>Non</strong></span> <span class='ocrx_word' id='word_1_736' title='bbox 2872 3770 3115 3825; x_wconf 82' lang='lat' dir='ltr'><strong>adorabis</strong></span> <span class='ocrx_word' id='word_1_737' title='bbox 3139 3786 3218 3833; x_wconf 85' lang='lat' dir='ltr'><strong>ea,</strong></span> <span class='ocrx_word' id='word_1_738' title='bbox 3259 3786 3350 3823; x_wconf 84' lang='lat' dir='ltr'><strong>nec</strong></span> <span class='ocrx_word' id='word_1_739' title='bbox 3384 3758 3568 3823; x_wconf 51' lang='lat' dir='ltr'><strong>senties</strong></span> <span class='ocrx_word' id='word_1_740' title='bbox 3613 3770 3712 3823; x_wconf 75' lang='lat' dir='ltr'><strong>eis.</strong></span> 
     </span>
    </p>
   </div>
   <div class='ocr_carea' id='block_1_95' title="bbox 2143 3861 3716 3935">
    <p class='ocr_par' dir='ltr' id='par_1_95' title="bbox 2143 3861 3716 3935">
     <span class='ocr_line' id='line_1_95' title="bbox 2143 3861 3716 3935; baseline -0.003 -15"><span class='ocrx_word' id='word_1_741' title='bbox 2143 3866 2212 3920; x_wconf 86' lang='lat' dir='ltr'><strong>Et</strong></span> <span class='ocrx_word' id='word_1_742' title='bbox 2244 3874 2363 3935; x_wconf 90' lang='lat' dir='ltr'><strong>post</strong></span> <span class='ocrx_word' id='word_1_743' title='bbox 2382 3879 2549 3933; x_wconf 78' lang='lat' dir='ltr'><strong>pauca</strong></span> <span class='ocrx_word' id='word_1_744' title='bbox 2585 3864 2760 3917; x_wconf 76' lang='lat' dir='ltr'><strong>:V&#39;era</strong></span> <span class='ocrx_word' id='word_1_745' title='bbox 2785 3862 2926 3916; x_wconf 91' lang='lat' dir='ltr'><strong>enim</strong></span> <span class='ocrx_word' id='word_1_746' title='bbox 2968 3863 3155 3934; x_wconf 82' lang='lat' dir='ltr'><strong>religio</strong></span> <span class='ocrx_word' id='word_1_747' title='bbox 3198 3863 3253 3917; x_wconf 90' lang='lat' dir='ltr'><strong>in</strong></span> <span class='ocrx_word' id='word_1_748' title='bbox 3294 3861 3454 3916; x_wconf 88' lang='lat' dir='ltr'><strong>unius</strong></span> <span class='ocrx_word' id='word_1_749' title='bbox 3499 3870 3716 3916; x_wconf 83' lang='lat' dir='ltr'><strong>constat</strong></span> 
     </span>
    </p>
   </div>
   <div class='ocr_carea' id='block_1_96' title="bbox 2144 3951 3717 4024">
    <p class='ocr_par' dir='ltr' id='par_1_96' title="bbox 2144 3951 3717 4024">
     <span class='ocr_line' id='line_1_96' title="bbox 2144 3951 3717 4024; baseline -0.002 -15"><span class='ocrx_word' id='word_1_750' title='bbox 2144 3954 2238 4010; x_wconf 90' lang='lat' dir='ltr'><strong>Dei</strong></span> <span class='ocrx_word' id='word_1_751' title='bbox 2272 3954 2515 4009; x_wconf 88' lang='lat' dir='ltr'><strong>servitio.</strong></span> <span class='ocrx_word' id='word_1_752' title='bbox 2560 3951 2691 4007; x_wconf 90' lang='lat' dir='ltr'><strong>Item</strong></span> <span class='ocrx_word' id='word_1_753' title='bbox 2742 3953 2880 4006; x_wconf 72' lang='lat' dir='ltr'><strong>idem</strong></span> <span class='ocrx_word' id='word_1_754' title='bbox 2918 3961 3040 4022; x_wconf 87' lang='lat' dir='ltr'><strong>post</strong></span> <span class='ocrx_word' id='word_1_755' title='bbox 3077 3968 3247 4024; x_wconf 86' lang='lat' dir='ltr'><strong>pauca</strong></span> <span class='ocrx_word' id='word_1_756' title='bbox 3281 3968 3295 4006; x_wconf 90' lang='lat'><strong>:</strong></span> <span class='ocrx_word' id='word_1_757' title='bbox 3339 3952 3396 4008; x_wconf 89' lang='lat' dir='ltr'><strong>Si</strong></span> <span class='ocrx_word' id='word_1_758' title='bbox 3443 3952 3717 4007; x_wconf 87' lang='lat' dir='ltr'><strong>veraciter</strong></span> 
     </span>
    </p>
   </div>
   <div class='ocr_carea' id='block_1_97' title="bbox 2143 4026 3713 4105">
    <p class='ocr_par' dir='ltr' id='par_1_97' title="bbox 2143 4026 3713 4105">
     <span class='ocr_line' id='line_1_97' title="bbox 2143 4026 3713 4105; baseline -0.003 -6"><span class='ocrx_word' id='word_1_759' title='bbox 2143 4059 2307 4100; x_wconf 91' lang='lat' dir='ltr'><strong>unum</strong></span> <span class='ocrx_word' id='word_1_760' title='bbox 2360 4044 2524 4098; x_wconf 91' lang='lat' dir='ltr'><strong>Deum</strong></span> <span class='ocrx_word' id='word_1_761' title='bbox 2566 4026 2705 4096; x_wconf 41' lang='lat' dir='ltr'><strong>eum&#39;</strong></span> <span class='ocrx_word' id='word_1_762' title='bbox 2730 4040 2889 4097; x_wconf 87' lang='lat' dir='ltr'><strong>Patre</strong></span> <span class='ocrx_word' id='word_1_763' title='bbox 2932 4041 3126 4096; x_wconf 87' lang='lat' dir='ltr'><strong>Filium</strong></span> <span class='ocrx_word' id='word_1_764' title='bbox 3172 4058 3300 4097; x_wconf 87' lang='lat' dir='ltr'><strong>vera</strong></span> <span class='ocrx_word' id='word_1_765' title='bbox 3332 4041 3464 4097; x_wconf 89' lang='lat' dir='ltr'><strong>ﬁdes</strong></span> <span class='ocrx_word' id='word_1_766' title='bbox 3498 4042 3713 4105; x_wconf 86' lang='lat' dir='ltr'><strong>adorat,</strong></span> 
     </span>
    </p>
   </div>
   <div class='ocr_carea' id='block_1_98' title="bbox 2144 4133 3709 4207">
    <p class='ocr_par' dir='ltr' id='par_1_98' title="bbox 2144 4133 3709 4207">
     <span class='ocr_line' id='line_1_98' title="bbox 2144 4133 3709 4207; baseline -0.002 -16"><span class='ocrx_word' id='word_1_767' title='bbox 2144 4152 2262 4207; x_wconf 77' lang='lat' dir='ltr'><strong>quze</strong></span> <span class='ocrx_word' id='word_1_768' title='bbox 2289 4136 2367 4191; x_wconf 91' lang='lat' dir='ltr'><strong>sic</strong></span> <span class='ocrx_word' id='word_1_769' title='bbox 2392 4136 2501 4189; x_wconf 89' lang='lat' dir='ltr'><strong>Deo</strong></span> <span class='ocrx_word' id='word_1_770' title='bbox 2524 4133 2672 4189; x_wconf 88' lang='lat' dir='ltr'><strong>novit</strong></span> <span class='ocrx_word' id='word_1_771' title='bbox 2702 4149 2733 4186; x_wconf 82' lang='lat' dir='ltr'><strong>a</strong></span> <span class='ocrx_word' id='word_1_772' title='bbox 2767 4135 3031 4189; x_wconf 89' lang='lat' dir='ltr'><strong>creaturis</strong></span> <span class='ocrx_word' id='word_1_773' title='bbox 3065 4135 3312 4190; x_wconf 91' lang='lat' dir='ltr'><strong>omnibus</strong></span> <span class='ocrx_word' id='word_1_774' title='bbox 3346 4135 3709 4194; x_wconf 88' lang='lat' dir='ltr'><strong>serviendum.</strong></span> 
     </span>
    </p>
   </div>
   <div class='ocr_carea' id='block_1_99' title="bbox 2145 4224 3716 4281">
    <p class='ocr_par' dir='ltr' id='par_1_99' title="bbox 2145 4224 3716 4281">
     <span class='ocr_line' id='line_1_99' title="bbox 2145 4224 3716 4281; baseline -0.001 0"><span class='ocrx_word' id='word_1_775' title='bbox 2145 4235 2205 4281; x_wconf 89' lang='lat' dir='ltr'><strong>ut</strong></span> <span class='ocrx_word' id='word_1_776' title='bbox 2252 4226 2464 4281; x_wconf 86' lang='lat' dir='ltr'><strong>noverit</strong></span> <span class='ocrx_word' id='word_1_777' title='bbox 2512 4232 2777 4279; x_wconf 67' lang='lat' dir='ltr'><strong>creaturae</strong></span> <span class='ocrx_word' id='word_1_778' title='bbox 2828 4240 2933 4278; x_wconf 90' lang='lat' dir='ltr'><strong>non</strong></span> <span class='ocrx_word' id='word_1_779' title='bbox 2972 4224 3154 4280; x_wconf 90' lang='lat' dir='ltr'><strong>deberi</strong></span> <span class='ocrx_word' id='word_1_780' title='bbox 3194 4225 3387 4279; x_wconf 72' lang='lat' dir='ltr'><strong>divina:</strong></span> <span class='ocrx_word' id='word_1_781' title='bbox 3440 4225 3716 4280; x_wconf 87' lang='lat' dir='ltr'><strong>servitutis</strong></span> 
     </span>
    </p>
   </div>
   <div class='ocr_carea' id='block_1_100' title="bbox 2145 4314 3713 4386">
    <p class='ocr_par' dir='ltr' id='par_1_100' title="bbox 2145 4314 3713 4386">
     <span class='ocr_line' id='line_1_100' title="bbox 2145 4314 3713 4386; baseline 0.001 -18"><span class='ocrx_word' id='word_1_782' title='bbox 2145 4316 2481 4386; x_wconf 87' lang='lat' dir='ltr'><strong>obsequium.</strong></span> <span class='ocrx_word' id='word_1_783' title='bbox 2530 4314 2833 4370; x_wconf 83' lang='lat' dir='ltr'><strong>Firmianus</strong></span> <span class='ocrx_word' id='word_1_784' title='bbox 2886 4314 3195 4370; x_wconf 88' lang='lat' dir='ltr'><strong>Lactantius</strong></span> <span class='ocrx_word' id='word_1_785' title='bbox 3244 4314 3336 4370; x_wconf 91' lang='lat' dir='ltr'><strong>lib.</strong></span> <span class='ocrx_word' id='word_1_786' title='bbox 3388 4332 3426 4370; x_wconf 88' lang='lat' dir='ltr'><strong>tt</strong></span> <span class='ocrx_word' id='word_1_787' title='bbox 3466 4316 3531 4371; x_wconf 90' lang='lat' dir='ltr'><strong>de</strong></span> <span class='ocrx_word' id='word_1_788' title='bbox 3574 4314 3713 4370; x_wconf 81' lang='lat' dir='ltr'><strong>falsa</strong></span> 
     </span>
    </p>
   </div>
   <div class='ocr_carea' id='block_1_101' title="bbox 2148 4406 3729 4477">
    <p class='ocr_par' dir='ltr' id='par_1_101' title="bbox 2148 4406 3729 4477">
     <span class='ocr_line' id='line_1_101' title="bbox 2148 4406 3729 4477; baseline -0.002 -16"><span class='ocrx_word' id='word_1_789' title='bbox 2148 4407 2460 4477; x_wconf 81' lang='lat' dir='ltr'><strong>Religione:</strong></span> <span class='ocrx_word' id='word_1_790' title='bbox 2499 4406 2707 4477; x_wconf 91' lang='lat' dir='ltr'><strong>Duplici</strong></span> <span class='ocrx_word' id='word_1_791' title='bbox 2733 4407 2972 4470; x_wconf 86' lang='lat' dir='ltr'><strong>ratione,</strong></span> <span class='ocrx_word' id='word_1_792' title='bbox 2998 4406 3193 4476; x_wconf 91' lang='lat' dir='ltr'><strong>inquit,</strong></span> <span class='ocrx_word' id='word_1_793' title='bbox 3240 4416 3495 4477; x_wconf 80' lang='lat' dir='ltr'><strong>peccatur</strong></span> <span class='ocrx_word' id='word_1_794' title='bbox 3522 4407 3589 4462; x_wconf 84' lang='lat' dir='ltr'><strong>ab</strong></span> <span class='ocrx_word' id='word_1_795' title='bbox 3636 4408 3729 4461; x_wconf 88' lang='lat' dir='ltr'><strong>in-</strong></span> 
     </span>
    </p>
   </div>
   <div class='ocr_carea' id='block_1_102' title="bbox 2148 4496 3720 4569">
    <p class='ocr_par' dir='ltr' id='par_1_102' title="bbox 2148 4496 3720 4569">
     <span class='ocr_line' id='line_1_102' title="bbox 2148 4496 3720 4569; baseline -0.003 -16"><span class='ocrx_word' id='word_1_796' title='bbox 2148 4498 2482 4569; x_wconf 87' lang='lat' dir='ltr'><strong>sipientibus.</strong></span> <span class='ocrx_word' id='word_1_797' title='bbox 2502 4496 2739 4552; x_wconf 84' lang='lat' dir='ltr'><strong>Primum</strong></span> <span class='ocrx_word' id='word_1_798' title='bbox 2763 4498 2902 4567; x_wconf 90' lang='lat' dir='ltr'><strong>quod</strong></span> <span class='ocrx_word' id='word_1_799' title='bbox 2921 4498 3205 4568; x_wconf 78' lang='lat' dir='ltr'><strong>elementa,</strong></span> <span class='ocrx_word' id='word_1_800' title='bbox 3223 4497 3274 4551; x_wconf 88' lang='lat' dir='ltr'><strong>id</strong></span> <span class='ocrx_word' id='word_1_801' title='bbox 3299 4507 3401 4561; x_wconf 86' lang='lat' dir='ltr'><strong>est,</strong></span> <span class='ocrx_word' id='word_1_802' title='bbox 3420 4498 3509 4552; x_wconf 84' lang='lat' dir='ltr'><strong>Dei</strong></span> <span class='ocrx_word' id='word_1_803' title='bbox 3525 4513 3690 4566; x_wconf 80' lang='lat' dir='ltr'><strong>opera</strong></span> <span class='ocrx_word' id='word_1_804' title='bbox 3703 4536 3720 4549; x_wconf 96' lang='lat'><strong>.</strong></span> 
     </span>
    </p>
   </div>
   <div class='ocr_carea' id='block_1_103' title="bbox 2154 4587 3726 4659">
    <p class='ocr_par' dir='ltr' id='par_1_103' title="bbox 2154 4587 3726 4659">
     <span class='ocr_line' id='line_1_103' title="bbox 2154 4587 3726 4659; baseline -0.001 -17"><span class='ocrx_word' id='word_1_805' title='bbox 2154 4589 2260 4659; x_wconf 83' lang='lat' dir='ltr'><strong>Deo</strong></span> <span class='ocrx_word' id='word_1_806' title='bbox 2291 4587 2608 4658; x_wconf 75' lang='lat' dir='ltr'><strong>prmlerunt;</strong></span> <span class='ocrx_word' id='word_1_807' title='bbox 2650 4589 2841 4643; x_wconf 86' lang='lat' dir='ltr'><strong>deinde</strong></span> <span class='ocrx_word' id='word_1_808' title='bbox 2886 4587 3028 4657; x_wconf 85' lang='lat' dir='ltr'><strong>quod</strong></span> <span class='ocrx_word' id='word_1_809' title='bbox 3074 4588 3460 4645; x_wconf 86' lang='lat' dir='ltr'><strong>elementorum</strong></span> <span class='ocrx_word' id='word_1_810' title='bbox 3513 4587 3726 4658; x_wconf 81' lang='lat' dir='ltr'><strong>ﬁguras</strong></span> 
     </span>
    </p>
   </div>
   <div class='ocr_carea' id='block_1_104' title="bbox 2152 4662 3702 4748">
    <p class='ocr_par' dir='ltr' id='par_1_104' title="bbox 2152 4662 3702 4748">
     <span class='ocr_line' id='line_1_104' title="bbox 2152 4662 3702 4748; baseline -0.002 -16"><span class='ocrx_word' id='word_1_811' title='bbox 2152 4678 2385 4732; x_wconf 88' lang='lat' dir='ltr'><strong>humana</strong></span> <span class='ocrx_word' id='word_1_812' title='bbox 2410 4678 2587 4745; x_wconf 88' lang='lat' dir='ltr'><strong>specie</strong></span> <span class='ocrx_word' id='word_1_813' title='bbox 2616 4678 3035 4748; x_wconf 85' lang='lat' dir='ltr'><strong>comprehensas</strong></span> <span class='ocrx_word' id='word_1_814' title='bbox 3056 4678 3257 4733; x_wconf 89' lang='lat' dir='ltr'><strong>colunt.</strong></span> <span class='ocrx_word' id='word_1_815' title='bbox 3288 4678 3415 4732; x_wconf 90' lang='lat' dir='ltr'><strong>Item</strong></span> <span class='ocrx_word' id='word_1_816' title='bbox 3441 4677 3588 4748; x_wconf 89' lang='lat' dir='ltr'><strong>ipse:</strong></span> <span class='ocrx_word' id='word_1_817' title='bbox 3624 4662 3702 4729; x_wconf 71' lang='lat' dir='ltr'><strong>Ni-</strong></span> 
     </span>
    </p>
   </div>
   <div class='ocr_carea' id='block_1_105' title="bbox 2153 4765 3721 4831">
    <p class='ocr_par' dir='ltr' id='par_1_105' title="bbox 2153 4765 3721 4831">
     <span class='ocr_line' id='line_1_105' title="bbox 2153 4765 3721 4831; baseline -0.001 -12"><span class='ocrx_word' id='word_1_818' title='bbox 2153 4766 2227 4819; x_wconf 89' lang='lat' dir='ltr'><strong>hil</strong></span> <span class='ocrx_word' id='word_1_819' title='bbox 2252 4765 2395 4820; x_wconf 91' lang='lat' dir='ltr'><strong>aliud</strong></span> <span class='ocrx_word' id='word_1_820' title='bbox 2424 4767 2729 4831; x_wconf 84' lang='lat' dir='ltr'><strong>adoremus,</strong></span> <span class='ocrx_word' id='word_1_821' title='bbox 2752 4766 2881 4820; x_wconf 91' lang='lat' dir='ltr'><strong>nihil</strong></span> <span class='ocrx_word' id='word_1_822' title='bbox 2909 4768 3179 4831; x_wconf 89' lang='lat' dir='ltr'><strong>colamus,</strong></span> <span class='ocrx_word' id='word_1_823' title='bbox 3208 4767 3310 4822; x_wconf 88' lang='lat' dir='ltr'><strong>nisi</strong></span> <span class='ocrx_word' id='word_1_824' title='bbox 3338 4768 3501 4822; x_wconf 89' lang='lat' dir='ltr'><strong>solius</strong></span> <span class='ocrx_word' id='word_1_825' title='bbox 3543 4766 3721 4819; x_wconf 87' lang='lat' dir='ltr'><strong>artiﬁ-</strong></span> 
     </span>
    </p>
   </div>
   <div class='ocr_carea' id='block_1_106' title="bbox 2150 4855 3716 4926">
    <p class='ocr_par' dir='ltr' id='par_1_106' title="bbox 2150 4855 3716 4926">
     <span class='ocr_line' id='line_1_106' title="bbox 2150 4855 3716 4926; baseline 0 -16"><span class='ocrx_word' id='word_1_826' title='bbox 2150 4857 2228 4910; x_wconf 87' lang='lat' dir='ltr'><strong>cis</strong></span> <span class='ocrx_word' id='word_1_827' title='bbox 2247 4857 2593 4926; x_wconf 89' lang='lat' dir='ltr'><strong>parentisque</strong></span> <span class='ocrx_word' id='word_1_828' title='bbox 2624 4858 2793 4912; x_wconf 84' lang='lat' dir='ltr'><strong>nostri</strong></span> <span class='ocrx_word' id='word_1_829' title='bbox 2826 4857 3044 4911; x_wconf 89' lang='lat' dir='ltr'><strong>unicum</strong></span> <span class='ocrx_word' id='word_1_830' title='bbox 3075 4873 3288 4913; x_wconf 89' lang='lat' dir='ltr'><strong>nomen.</strong></span> <span class='ocrx_word' id='word_1_831' title='bbox 3319 4859 3447 4913; x_wconf 90' lang='lat' dir='ltr'><strong>Item</strong></span> <span class='ocrx_word' id='word_1_832' title='bbox 3478 4876 3491 4911; x_wconf 89' lang='lat'><strong>:</strong></span> <span class='ocrx_word' id='word_1_833' title='bbox 3538 4855 3716 4926; x_wconf 88' lang='lat' dir='ltr'><strong>Supra</strong></span> 
     </span>
    </p>
   </div>
   <div class='ocr_carea' id='block_1_107' title="bbox 2148 4947 3716 5017">
    <p class='ocr_par' dir='ltr' id='par_1_107' title="bbox 2148 4947 3716 5017">
     <span class='ocr_line' id='line_1_107' title="bbox 2148 4947 3716 5017; baseline 0.003 -18"><span class='ocrx_word' id='word_1_834' title='bbox 2148 4961 2297 5017; x_wconf 91' lang='lat' dir='ltr'><strong>ergo,</strong></span> <span class='ocrx_word' id='word_1_835' title='bbox 2319 4961 2424 5000; x_wconf 89' lang='lat' dir='ltr'><strong>non</strong></span> <span class='ocrx_word' id='word_1_836' title='bbox 2453 4948 2589 5001; x_wconf 72' lang='lat' dir='ltr'><strong>intra</strong></span> <span class='ocrx_word' id='word_1_837' title='bbox 2613 4956 2694 5001; x_wconf 90' lang='lat' dir='ltr'><strong>est</strong></span> <span class='ocrx_word' id='word_1_838' title='bbox 2719 4947 2885 5011; x_wconf 88' lang='lat' dir='ltr'><strong>Deus,</strong></span> <span class='ocrx_word' id='word_1_839' title='bbox 2916 4961 3016 5002; x_wconf 90' lang='lat' dir='ltr'><strong>nec</strong></span> <span class='ocrx_word' id='word_1_840' title='bbox 3044 4949 3096 5003; x_wconf 92' lang='lat' dir='ltr'><strong>iu</strong></span> <span class='ocrx_word' id='word_1_841' title='bbox 3126 4949 3256 5013; x_wconf 89' lang='lat' dir='ltr'><strong>ima,</strong></span> <span class='ocrx_word' id='word_1_842' title='bbox 3291 4950 3385 5003; x_wconf 87' lang='lat' dir='ltr'><strong>sed</strong></span> <span class='ocrx_word' id='word_1_843' title='bbox 3415 4949 3467 5003; x_wconf 91' lang='lat' dir='ltr'><strong>in</strong></span> <span class='ocrx_word' id='word_1_844' title='bbox 3504 4964 3716 5003; x_wconf 88' lang='lat' dir='ltr'><strong>summa</strong></span> 
     </span>
    </p>
   </div>
   <div class='ocr_carea' id='block_1_108' title="bbox 2152 5037 3721 5109">
    <p class='ocr_par' dir='ltr' id='par_1_108' title="bbox 2152 5037 3721 5109">
     <span class='ocr_line' id='line_1_108' title="bbox 2152 5037 3721 5109; baseline 0.001 -18"><span class='ocrx_word' id='word_1_845' title='bbox 2152 5037 2330 5107; x_wconf 90' lang='lat' dir='ltr'><strong>potius</strong></span> <span class='ocrx_word' id='word_1_846' title='bbox 2353 5037 2610 5109; x_wconf 90' lang='lat' dir='ltr'><strong>religione</strong></span> <span class='ocrx_word' id='word_1_847' title='bbox 2645 5040 2966 5108; x_wconf 72' lang='lat' dir='ltr'><strong>quaerendus</strong></span> <span class='ocrx_word' id='word_1_848' title='bbox 3008 5048 3111 5094; x_wconf 90' lang='lat' dir='ltr'><strong>est.</strong></span> <span class='ocrx_word' id='word_1_849' title='bbox 3150 5040 3217 5094; x_wconf 86' lang='lat' dir='ltr'><strong>Et</strong></span> <span class='ocrx_word' id='word_1_850' title='bbox 3240 5040 3376 5095; x_wconf 78' lang='lat' dir='ltr'><strong>infra</strong></span> <span class='ocrx_word' id='word_1_851' title='bbox 3406 5057 3419 5093; x_wconf 87' lang='lat'><strong>:</strong></span> <span class='ocrx_word' id='word_1_852' title='bbox 3448 5038 3589 5094; x_wconf 86' lang='lat' dir='ltr'><strong>Nihil</strong></span> <span class='ocrx_word' id='word_1_853' title='bbox 3624 5054 3721 5093; x_wconf 84' lang='lat' dir='ltr'><strong>co-</strong></span> 
     </span>
    </p>
   </div>
   <div class='ocr_carea' id='block_1_109' title="bbox 2152 5114 3721 5199">
    <p class='ocr_par' dir='ltr' id='par_1_109' title="bbox 2152 5114 3721 5199">
     <span class='ocr_line' id='line_1_109' title="bbox 2152 5114 3721 5199; baseline 0.002 -18"><span class='ocrx_word' id='word_1_854' title='bbox 2152 5126 2368 5183; x_wconf 89' lang='lat' dir='ltr'><strong>lendum</strong></span> <span class='ocrx_word' id='word_1_855' title='bbox 2384 5137 2468 5183; x_wconf 89' lang='lat' dir='ltr'><strong>est</strong></span> <span class='ocrx_word' id='word_1_856' title='bbox 2489 5130 2630 5199; x_wconf 90' lang='lat' dir='ltr'><strong>quod</strong></span> <span class='ocrx_word' id='word_1_857' title='bbox 2650 5130 2820 5184; x_wconf 91' lang='lat' dir='ltr'><strong>oculis</strong></span> <span class='ocrx_word' id='word_1_858' title='bbox 2847 5130 3159 5186; x_wconf 88' lang='lat' dir='ltr'><strong>mortalibus</strong></span> <span class='ocrx_word' id='word_1_859' title='bbox 3179 5114 3436 5186; x_wconf 70' lang='lat' dir='ltr'><strong>cernitur.</strong></span> <span class='ocrx_word' id='word_1_860' title='bbox 3458 5130 3721 5186; x_wconf 88' lang='lat' dir='ltr'><strong>Poterant</strong></span> 
     </span>
    </p>
   </div>
   <div class='ocr_carea' id='block_1_110' title="bbox 494 5219 3719 5299">
    <p class='ocr_par' dir='ltr' id='par_1_110' title="bbox 494 5219 3719 5299">
     <span class='ocr_line' id='line_1_110' title="bbox 494 5219 3719 5299; baseline 0.003 -25"><span class='ocrx_word' id='word_1_861' title='bbox 494 5219 767 5290; x_wconf 84' lang='lat' dir='ltr'><strong>ﬁgmenta.</strong></span> <span class='ocrx_word' id='word_1_862' title='bbox 792 5220 924 5277; x_wconf 89' lang='lat' dir='ltr'><strong>Item</strong></span> <span class='ocrx_word' id='word_1_863' title='bbox 954 5223 1006 5276; x_wconf 91' lang='lat' dir='ltr'><strong>in</strong></span> <span class='ocrx_word' id='word_1_864' title='bbox 1045 5223 1268 5278; x_wconf 87' lang='lat' dir='ltr'><strong>eodem:</strong></span> <span class='ocrx_word' id='word_1_865' title='bbox 1303 5223 1417 5278; x_wconf 86' lang='lat' dir='ltr'><strong>Non</strong></span> <span class='ocrx_word' id='word_1_866' title='bbox 1448 5226 1520 5279; x_wconf 87' lang='lat' dir='ltr'><strong>sit</strong></span> <span class='ocrx_word' id='word_1_867' title='bbox 1545 5226 1699 5281; x_wconf 90' lang='lat' dir='ltr'><strong>nobis</strong></span> <span class='ocrx_word' id='word_1_868' title='bbox 1742 5227 1929 5299; x_wconf 82' lang='lat' dir='ltr'><strong>religio</strong></span> <span class='ocrx_word' id='word_1_869' title='bbox 1956 5230 2056 5283; x_wconf 85' lang='lat' dir='ltr'><strong>bu-</strong></span> <span class='ocrx_word' id='word_1_870' title='bbox 2155 5220 2417 5291; x_wconf 78' lang='lat' dir='ltr'><strong>siquidem</strong></span> <span class='ocrx_word' id='word_1_871' title='bbox 2454 5223 2519 5276; x_wconf 81' lang='lat' dir='ltr'><strong>de</strong></span> <span class='ocrx_word' id='word_1_872' title='bbox 2546 5222 2689 5277; x_wconf 74' lang='lat' dir='ltr'><strong>cultu</strong></span> <span class='ocrx_word' id='word_1_873' title='bbox 2719 5223 3125 5290; x_wconf 79' lang='lat' dir='ltr'><strong>ctadoratione,</strong></span> <span class='ocrx_word' id='word_1_874' title='bbox 3154 5240 3271 5294; x_wconf 71' lang='lat' dir='ltr'><strong>qua:</strong></span> <span class='ocrx_word' id='word_1_875' title='bbox 3297 5225 3395 5280; x_wconf 86' lang='lat' dir='ltr'><strong>soli</strong></span> <span class='ocrx_word' id='word_1_876' title='bbox 3422 5225 3532 5280; x_wconf 85' lang='lat' dir='ltr'><strong>Deo</strong></span> <span class='ocrx_word' id='word_1_877' title='bbox 3557 5225 3719 5279; x_wconf 85' lang='lat' dir='ltr'><strong>debe-</strong></span> 
     </span>
    </p>
   </div>
   <div class='ocr_carea' id='block_1_111' title="bbox 495 5313 2052 5389">
    <p class='ocr_par' dir='ltr' id='par_1_111' title="bbox 495 5313 2052 5389">
     <span class='ocr_line' id='line_1_111' title="bbox 495 5313 2052 5389; baseline 0.006 -25"><span class='ocrx_word' id='word_1_878' title='bbox 495 5326 776 5366; x_wconf 86' lang='lat' dir='ltr'><strong>mauorum</strong></span> <span class='ocrx_word' id='word_1_879' title='bbox 804 5325 1027 5382; x_wconf 89' lang='lat' dir='ltr'><strong>operum</strong></span> <span class='ocrx_word' id='word_1_880' title='bbox 1048 5313 1225 5368; x_wconf 91' lang='lat' dir='ltr'><strong>cultus</strong></span> <span class='ocrx_word' id='word_1_881' title='bbox 1250 5326 1301 5378; x_wconf 79' lang='grc' dir='ltr'><strong>ιι,</strong></span> <span class='ocrx_word' id='word_1_882' title='bbox 1324 5314 1573 5370; x_wconf 89' lang='lat' dir='ltr'><strong>meliores</strong></span> <span class='ocrx_word' id='word_1_883' title='bbox 1600 5316 1744 5370; x_wconf 91' lang='lat' dir='ltr'><strong>enim</strong></span> <span class='ocrx_word' id='word_1_884' title='bbox 1792 5328 1917 5371; x_wconf 90' lang='lat' dir='ltr'><strong>sunt</strong></span> <span class='ocrx_word' id='word_1_885' title='bbox 1953 5319 2052 5389; x_wconf 89' lang='lat' dir='ltr'><strong>ipsi</strong></span> 
     </span>
    </p>
   </div>
   <div class='ocr_carea' id='block_1_112' title="bbox 2155 5309 3717 5383">
    <p class='ocr_par' dir='ltr' id='par_1_112' title="bbox 2155 5309 3717 5383">
     <span class='ocr_line' id='line_1_112' title="bbox 2155 5309 3717 5383; baseline 0.004 -20"><span class='ocrx_word' id='word_1_886' title='bbox 2155 5318 2262 5371; x_wconf 89' lang='lat' dir='ltr'><strong>tur,</strong></span> <span class='ocrx_word' id='word_1_887' title='bbox 2309 5309 2555 5366; x_wconf 87' lang='lat' dir='ltr'><strong>uberiora</strong></span> <span class='ocrx_word' id='word_1_888' title='bbox 2589 5322 2896 5383; x_wconf 83' lang='lat' dir='ltr'><strong>sanctorum</strong></span> <span class='ocrx_word' id='word_1_889' title='bbox 2941 5312 3155 5369; x_wconf 85' lang='lat' dir='ltr'><strong>Patrum</strong></span> <span class='ocrx_word' id='word_1_890' title='bbox 3201 5316 3341 5370; x_wconf 88' lang='lat' dir='ltr'><strong>dicta</strong></span> <span class='ocrx_word' id='word_1_891' title='bbox 3388 5314 3717 5371; x_wconf 75' lang='lat' dir='ltr'><strong>sufﬁcienter</strong></span> 
     </span>
    </p>
   </div>
   <div class='ocr_carea' id='block_1_113' title="bbox 495 5399 3721 5477">
    <p class='ocr_par' dir='ltr' id='par_1_113' title="bbox 495 5399 3721 5477">
     <span class='ocr_line' id='line_1_113' title="bbox 495 5399 3721 5477; baseline 0.001 -24"><span class='ocrx_word' id='word_1_892' title='bbox 495 5400 730 5457; x_wconf 84' lang='lat' dir='ltr'><strong>artiﬁces</strong></span> <span class='ocrx_word' id='word_1_893' title='bbox 767 5402 859 5473; x_wconf 90' lang='lat' dir='ltr'><strong>qui</strong></span> <span class='ocrx_word' id='word_1_894' title='bbox 900 5403 1027 5458; x_wconf 85' lang='lat' dir='ltr'><strong>talia</strong></span> <span class='ocrx_word' id='word_1_895' title='bbox 1076 5402 1430 5470; x_wconf 79' lang='lat' dir='ltr'><strong>fabricantur,</strong></span> <span class='ocrx_word' id='word_1_896' title='bbox 1480 5420 1614 5474; x_wconf 84' lang='lat' dir='ltr'><strong>quos</strong></span> <span class='ocrx_word' id='word_1_897' title='bbox 1653 5415 1831 5463; x_wconf 77' lang='lat' dir='ltr'><strong>tamen</strong></span> <span class='ocrx_word' id='word_1_898' title='bbox 1878 5410 2055 5464; x_wconf 67' lang='lat' dir='ltr'><strong>colere</strong></span> <span class='ocrx_word' id='word_1_899' title='bbox 2154 5399 2402 5471; x_wconf 79' lang='lat' dir='ltr'><strong>proferri,</strong></span> <span class='ocrx_word' id='word_1_900' title='bbox 2431 5403 2534 5458; x_wconf 90' lang='lat' dir='ltr'><strong>nisi</strong></span> <span class='ocrx_word' id='word_1_901' title='bbox 2559 5404 2629 5459; x_wconf 86' lang='lat' dir='ltr'><strong>ob</strong></span> <span class='ocrx_word' id='word_1_902' title='bbox 2653 5402 3013 5473; x_wconf 79' lang='lat' dir='ltr'><strong>prolixitatem</strong></span> <span class='ocrx_word' id='word_1_903' title='bbox 3045 5406 3310 5460; x_wconf 83' lang='lat' dir='ltr'><strong>vitandam</strong></span> <span class='ocrx_word' id='word_1_904' title='bbox 3346 5406 3721 5477; x_wconf 61' lang='lat' dir='ltr'><strong>prielenuitte-</strong></span> 
     </span>
    </p>
   </div>
   <div class='ocr_carea' id='block_1_114' title="bbox 498 5492 2053 5568">
    <p class='ocr_par' dir='ltr' id='par_1_114' title="bbox 498 5492 2053 5568">
     <span class='ocr_line' id='line_1_114' title="bbox 498 5492 2053 5568; baseline 0.006 -22"><span class='ocrx_word' id='word_1_905' title='bbox 498 5506 606 5546; x_wconf 90' lang='lat' dir='ltr'><strong>non</strong></span> <span class='ocrx_word' id='word_1_906' title='bbox 640 5492 913 5549; x_wconf 89' lang='lat' dir='ltr'><strong>debemus.</strong></span> <span class='ocrx_word' id='word_1_907' title='bbox 947 5494 1060 5549; x_wconf 93' lang='lat' dir='ltr'><strong>Non</strong></span> <span class='ocrx_word' id='word_1_908' title='bbox 1099 5495 1171 5550; x_wconf 90' lang='lat' dir='ltr'><strong>sit</strong></span> <span class='ocrx_word' id='word_1_909' title='bbox 1212 5494 1364 5550; x_wconf 90' lang='lat' dir='ltr'><strong>nobis</strong></span> <span class='ocrx_word' id='word_1_910' title='bbox 1409 5495 1593 5567; x_wconf 88' lang='lat' dir='ltr'><strong>religio</strong></span> <span class='ocrx_word' id='word_1_911' title='bbox 1623 5498 1673 5552; x_wconf 91' lang='lat' dir='ltr'><strong>in</strong></span> <span class='ocrx_word' id='word_1_912' title='bbox 1704 5500 2053 5568; x_wconf 88' lang='lat' dir='ltr'><strong>phantasma-</strong></span> 
     </span>
    </p>
   </div>
   <div class='ocr_carea' id='block_1_115' title="bbox 2157 5492 3207 5565">
    <p class='ocr_par' dir='ltr' id='par_1_115' title="bbox 2157 5492 3207 5565">
     <span class='ocr_line' id='line_1_115' title="bbox 2157 5492 3207 5565; baseline 0.004 -21"><span class='ocrx_word' id='word_1_913' title='bbox 2157 5500 2360 5545; x_wconf 90' lang='lat' dir='ltr'><strong>rentur.</strong></span> <span class='ocrx_word' id='word_1_914' title='bbox 2389 5492 2646 5565; x_wconf 86' lang='lat' dir='ltr'><strong>Sequitur</strong></span> <span class='ocrx_word' id='word_1_915' title='bbox 2674 5508 2740 5548; x_wconf 78' lang='lat' dir='ltr'><strong>ex</strong></span> <span class='ocrx_word' id='word_1_916' title='bbox 2768 5509 2929 5564; x_wconf 87' lang='lat' dir='ltr'><strong>opere</strong></span> <span class='ocrx_word' id='word_1_917' title='bbox 2956 5493 3161 5550; x_wconf 88' lang='lat' dir='ltr'><strong>Claudii</strong></span> <span class='ocrx_word' id='word_1_918' title='bbox 3189 5508 3207 5548; x_wconf 88' lang='lat'><strong>:</strong></span> 
     </span>
    </p>
   </div>
   <div class='ocr_carea' id='block_1_116' title="bbox 572 5624 3719 5719">
    <p class='ocr_par' dir='ltr' id='par_1_116' title="bbox 572 5624 3719 5719">
     <span class='ocr_line' id='line_1_116' title="bbox 572 5624 3719 5719; baseline 0.008 -39"><span class='ocrx_word' id='word_1_919' title='bbox 572 5624 846 5719; x_wconf 49' lang='lat' dir='ltr'><strong>igeilicet</strong></span> <span class='ocrx_word' id='word_1_920' title='bbox 888 5644 949 5685; x_wconf 78' lang='lat' dir='ltr'><strong>ex</strong></span> <span class='ocrx_word' id='word_1_921' title='bbox 978 5632 1257 5697; x_wconf 87' lang='lat' dir='ltr'><strong>servitute,</strong></span> <span class='ocrx_word' id='word_1_922' title='bbox 1311 5647 1414 5686; x_wconf 92' lang='lat' dir='ltr'><strong>non</strong></span> <span class='ocrx_word' id='word_1_923' title='bbox 1445 5642 1620 5687; x_wconf 90' lang='lat' dir='ltr'><strong>autem</strong></span> <span class='ocrx_word' id='word_1_924' title='bbox 1647 5649 1712 5687; x_wconf 78' lang='lat' dir='ltr'><strong>ex</strong></span> <span class='ocrx_word' id='word_1_925' title='bbox 1742 5635 2040 5703; x_wconf 85' lang='lat' dir='ltr'><strong>eharitate;</strong></span> <span class='ocrx_word' id='word_1_926' title='bbox 2074 5639 2151 5693; x_wconf 85' lang='lat' dir='ltr'><strong>sic</strong></span> <span class='ocrx_word' id='word_1_927' title='bbox 2189 5644 2328 5697; x_wconf 81' lang='lat' dir='ltr'><strong>enim</strong></span> <span class='ocrx_word' id='word_1_928' title='bbox 2368 5646 2524 5715; x_wconf 77' lang='lat' dir='ltr'><strong>paulo</strong></span> <span class='ocrx_word' id='word_1_929' title='bbox 2566 5646 2702 5701; x_wconf 78' lang='lat' dir='ltr'><strong>infra</strong></span> <span class='ocrx_word' id='word_1_930' title='bbox 2732 5649 2983 5719; x_wconf 76' lang='lat' dir='ltr'><strong>exprimit</strong></span> <span class='ocrx_word' id='word_1_931' title='bbox 3010 5649 3151 5719; x_wconf 91' lang='lat' dir='ltr'><strong>quod</strong></span> <span class='ocrx_word' id='word_1_932' title='bbox 3191 5648 3401 5711; x_wconf 83' lang='lat' dir='ltr'><strong>latriam</strong></span> <span class='ocrx_word' id='word_1_933' title='bbox 3438 5658 3491 5702; x_wconf 88' lang='lat' dir='ltr'><strong>et</strong></span> <span class='ocrx_word' id='word_1_934' title='bbox 3519 5648 3719 5705; x_wconf 81' lang='lat' dir='ltr'><strong>dultam</strong></span> 
     </span>
    </p>
   </div>
   <div class='ocr_carea' id='block_1_117' title="bbox 502 5694 752 5765">
    <p class='ocr_par' dir='ltr' id='par_1_117' title="bbox 502 5694 752 5765">
     <span class='ocr_line' id='line_1_117' title="bbox 502 5694 752 5765; baseline 0.016 -18"><span class='ocrx_word' id='word_1_935' title='bbox 502 5694 752 5765; x_wconf 80' lang='lat' dir='ltr'><strong>appellat.</strong></span> 
     </span>
    </p>
   </div>
  </div>
