3956 6186
520 318 621 375 39.7

1559 304 1754 363 «ΙΟΝῶ
1795 298 2338 359 AURELIANENSIS
2377 295 2677 353 EPISCOPI

3624 292 3733 354 328

519 436 965 502 quaquaversum,
989 420 1133 478 velut
1175 418 1312 490 lapis
1336 417 1541 472 inutilis
1579 425 1634 471 et
1657 416 1861 485 lignum
1898 411 2064 467 infru-
2090 420 2139 478 Α
2165 408 2372 478 fugiunt
2400 415 2455 461 et
2496 407 2768 462 absiliunt.
2822 406 2935 460 Non
2988 407 3134 489 enim
3166 414 3413 502 naturam
3440 415 3739 502 commat-

474 558 479 563 -
518 533 787 584 ctuosum,
828 517 1222 585 disperguntur.
1246 511 1377 578 Quis
1408 507 1815 567 catholicorum,
1842 520 1973 574 rogo
1998 513 2068 565 te,

522 624 630 668 tam
664 609 824 679 impia
872 616 1088 674 Iamque
1132 601 1441 670 hlaspbema
1473 598 1638 652 verba
1688 595 1955 665 patienter
1988 590 2075 645 vel

476 736 479 739 -
520 705 714 776 legere,
749 699 834 754 vel
860 697 1046 752 audire
1067 690 1437 765 possit?Quis,
1472 689 1709 758 inquam,
1740 686 1846 776 nisi
1880 683 2074 776 mentis

520 771 675 864 inops
704 784 1078 857 tam~profaua
1107 797 1213 838 non
1240 787 1550 836 exsecretur
1572 774 1755 833 dicta?
1787 774 1872 829 An
1899 771 2075 827 nescis

519 882 741 955 paganis
769 880 932 935 moris
955 875 1119 930 fuisse
1143 888 1264 929 ossa
1298 880 1618 941 martyrum,
1650 883 1786 938 quos
1823 865 2075 925 diversis-

518 977 669 1031 simis
694 971 976 1045 generibus
1010 966 1262 1021 mortium
1284 964 1569 1026 necabam,
1606 975 1675 1016 ne
1701 976 1732 1014 a
1756 958 2077 1015 Christianis

522 1063 907 1122 honorabiliter
934 1057 1308 1130 sepelirentur,
1352 1051 1735 1108 diversissimis
1762 1048 1937 1104 modis
1985 1063 2078 1102 oc-

518 1156 773 1218 culuisse,
795 1160 888 1206 aut
924 1149 1035 1221 igni
1061 1158 1459 1208 concremasse,
1491 1151 1587 1199 aut
1627 1150 1775 1197 certe
1802 1139 1934 1195 feris
1962 1137 2078 1192 avi-

520 1248 724 1314 busque
747 1241 1057 1311 exposuisse
1076 1238 1100 1292 ἲ
1123 1237 1235 1292 Hoc
1260 1235 1509 1290 videlicet
1548 1248 1645 1303 per
1668 1233 1786 1295 hos,
1818 1238 2077 1301 quantum

515 1338 597 1393 eis
619 1334 869 1407 possibile
914 1332 1032 1395 fuit,
1072 1329 1385 1386 caventibus
1418 1326 1644 1396 impuris
1688 1323 1982 1395 spiritibus,
2011 1334 2079 1374 ne

520 1444 615 1499 per
665 1428 875 1483 cineres
927 1434 1236 1479 sanctorum
1283 1425 1760 1489 augmentarentur
1818 1411 2078 1470 beneﬁcia

525 1519 852 1584 mortalium,
878 1515 1296 1571 confunderetur
1320 1509 1615 1582 pertinacia
1657 1506 1947 1562 inﬁdelium
1971 1543 1986 1568 ,
2025 1509 2079 1556 et

520 1613 858 1683 detegeretur
882 1592 1134 1663 dolositas
1162 1604 1419 1675 ipsorum.
1442 1601 1525 1658 Ad
1550 1607 1856 1657 sanctorum
1882 1596 2078 1668 quippe

518 1702 750 1766 cineres,
785 1708 843 1754 ut
866 1698 1053 1755 beatus
1081 1695 1434 1766 Hieronymus
1456 1692 1713 1747 adversus
1734 1688 2077 1761 Vigilantiam

2175 502 2419 561 tendunt,
2445 500 2537 555 sed
2561 501 2612 553 in
2638 514 2889 554 arcanam
2921 500 3231 569 dignitatem
3262 508 3318 551 et
3342 497 3565 568 gloriam
3588 498 3741 553 Chri-

2172 590 2266 654 sti,
2292 589 2384 660 qui
2424 589 2478 643 in
2509 602 2680 659 agone
2721 589 3075 643 certaminum
3112 588 3294 642 induta
3326 603 3553 659 corpora
3586 604 3741 644 mar-

2173 690 2349 753 tyrum
2370 694 2586 735 suorum
2617 680 2757 735 sicut
2785 695 2936 733 arma
2965 679 3215 749 portavit.
3242 677 3555 747 llujusmodi
3592 679 3740 733 enim

2171 785 2323 826 arma
2369 785 2473 825 non
2529 769 2771 840 angelus,
2812 784 2918 824 non
2948 769 3317 837 archangelus,
3350 784 3456 823 non
3485 769 3592 823 ulla
3633 770 3742 825 alia

2173 866 2436 915 creatura;
2458 858 2629 913 virtus
2666 859 2854 913 induta
2874 867 2979 921 est,
3014 858 3106 913 sed
3140 858 3253 928 ipse
3280 857 3539 913 Dominus
3569 859 3743 913 virtu-

2176 961 2289 1005 tum
2314 958 2373 1004 et
2420 950 2759 1021 angelorum,
2787 949 2926 1005 sicut
2954 949 3144 1003 Paulus
3174 949 3390 1013 clamat,
3416 948 3460 1003 ll
3490 949 3737 1007 Corinth.

2174 1056 2270 1095 xm
2312 1040 2493 1095 dicens
2524 1057 2538 1093 :
2575 1038 2637 1094 Si
2666 1039 3072 1108 experimentum
3103 1038 3337 1109 quwritis
3357 1037 3653 1109 partientis
3680 1040 3741 1094 in

2174 1148 2255 1187 me
2275 1131 2489 1186 Christi.
2516 1130 2755 1186 Pretiosa
2803 1131 2947 1184 enim
2974 1138 3099 1185 sunt
3144 1138 3439 1202 martyrum
3489 1146 3740 1203 corpora,

2175 1222 2427 1292 quoniam
2477 1221 2660 1292 plagas
2702 1236 2802 1290 pro
2842 1220 3071 1275 Domino
3120 1229 3491 1290 susceperunt,
3529 1231 3585 1277 et
3612 1221 3743 1291 quia

2176 1314 2425 1383 stigmata
2454 1321 2677 1382 propter
2715 1310 2989 1366 Christum
3015 1310 3270 1375 membris
3316 1311 3429 1366 suis
3478 1311 3745 1381 impressa

2176 1401 2386 1466 ferunt;
2412 1410 2466 1456 et
2487 1401 2628 1456 sicut
2668 1414 2865 1455 corona
2917 1399 3131 1471 regalis,
3185 1400 3419 1468 undique
3462 1401 3741 1465 decorata,

2177 1489 2411 1562 fulgores
2442 1491 2621 1545 varios
2643 1489 2862 1555 emittit,
2886 1490 2962 1544 ita
3006 1498 3061 1545 et
3085 1499 3394 1546 sanctorum
3442 1499 3743 1563 martyrum

2176 1598 2420 1655 corpora,
2446 1583 2586 1639 sicut
2612 1582 2861 1652 pretiosis
2888 1581 3173 1653 lapidibus,
3196 1583 3434 1653 exceptis
3456 1599 3555 1653 pro
3579 1583 3742 1639 Chri-

2177 1683 2263 1731 sto
2323 1673 2632 1728 vulneribus
2674 1673 2948 1737 distincta,
2999 1673 3146 1727 omni
3206 1688 3391 1742 regum
3440 1671 3744 1728 diademate

520 1764 1021 1859 scribit,rd:emones
1046 1764 1293 1860 rugiunt,
1310 1794 1365 1842 et
1402 1784 1472 1840 de
1503 1783 1738 1840 obsessis
1761 1780 2078 1850 corporibus
2104 1765 2151 1827 Β
2176 1766 2490 1860 Ρτθιίοξὶρη
2509 1773 2563 1860 ei
2584 1764 2956 1860 Specmbiliora
2980 1764 3293 1819 redduntur.
3318 1764 3442 1860 llaec
3466 1764 3574 1821 ille.
3596 1765 3742 1860 Quia

521 1884 821 1953 aufugiunt,
874 1890 930 1936 et
974 1874 1077 1934 alia
1106 1876 1270 1932 multa
1321 1877 1603 1935 innumera
1629 1886 1868 1963 ,Ieo‘rum
1902 1871 2076 1924 inter-

517 1982 677 2029 ventu
698 1972 1037 2042 suffragante,
1059 1978 1114 2026 et
1139 1968 1338 2024 Christi
1361 1964 1532 2039 gratia
1552 1959 1892 2032 cooperante,
1923 1959 2074 2013 ﬁunt.

498 2064 600 2117 .Ad
641 2077 893 2133 pecorum
925 2074 1052 2114 vero
1097 2058 1381 2120 cadavera,
1427 2064 1482 2110 et
1523 2055 1591 2109 ad
1634 2051 1857 2122 lapides,
1904 2057 1959 2104 et
2011 2047 2078 2102 ad

524 2156 663 2225 ligna
690 2153 767 2208 nil
799 2152 907 2208 tale
931 2151 1047 2207 ﬁeri
1092 2149 1233 2204 haud
1264 2148 1488 2203 dubium
1523 2154 1625 2201 est.
1656 2140 1857 2200 Scribit
1899 2141 2081 2208 itaque

521 2248 713 2302 beatus
764 2242 1094 2314 Augustinus
1139 2241 1192 2295 in
1237 2240 1374 2294 libro
1417 2238 1667 2294 Civitatis
1714 2235 1809 2291 Dei
1845 2244 2074 2291 octavo:

500 2374 501 2377 η
526 2337 746 2407 Nempe,
776 2335 971 2406 inquit,
1003 2332 1222 2402 spiritus
1249 2330 1443 2396 fallax,
1468 2331 1618 2401 cujus
1645 2327 1903 2383 instinctu
1948 2324 2080 2379 ller-
2136 2368 2141 2373 .

522 2444 638 2485 mes
674 2428 775 2486 ista
794 2425 1024 2490 dicebat,
1055 2436 1149 2492 per
1189 2436 1310 2476 eum
1336 2421 1510 2489 ipsum
1549 2426 1768 2473 coaetus
1794 2423 1878 2471 est
1911 2414 2080 2470 conﬁ-

520 2517 641 2581 teri,
653 2515 766 2584 jam
786 2523 914 2569 tunc
936 2512 1077 2567 illam
1102 2519 1304 2566 terram
1328 2508 1697 2579 sepulcron
1719 2515 2077 2569 mortuorum,

516 2622 656 2677 quos
681 2620 777 2674 pro
798 2603 899 2658 diis
937 2601 1200 2665 colebant,
1226 2598 1391 2653 fuisse
1431 2598 1821 2668 plenissimam,
1853 2596 1947 2650 sed
1978 2596 2080 2649 do-

520 2698 606 2751 lor
626 2697 924 2751 daemonum
944 2706 1187 2763 peream
1217 2689 1556 2760 loquebatur,
1587 2688 1676 2759 qui
1720 2703 1845 2743 suas
1873 2685 2080 2741 futuras

512 2800 705 2856 pinnas
744 2784 881 2854 apud
920 2791 1225 2839 sanctomm
1252 2788 1550 2852 martyrum
1593 2778 1881 2835 memorias
1904 2776 2079 2832 immi-

516 2891 649 2933 nere
699 2875 1015 2930 mmrebant.
1044 2872 1103 2928 ιη
1142 2872 1329 2927 multis
1376 2872 1519 2926 enim
1550 2868 1755 2924 talibus
1793 2867 1925 2923 locis
1972 2876 2078 2922 tor-

519 2977 753 3040 queatur
797 2975 852 3022 et
891 2966 1231 3029 confitentur,
1273 2972 1324 3020 et
1375 2954 1444 3019 de
1491 2961 1753 3033 possessis
1803 2959 2079 3015 hominum

520 3057 831 3127 corporibus
852 3055 1155 3125 ejiciuntur.
1168 3055 1402 3109 Joannes
1412 3052 1823 3123 Chrysostomus
1844 3051 1899 3105 in
1913 3050 2081 3105 homi-

2176 1860 2339 1931 igitur
2350 1858 2438 1913 bis
2454 1866 2510 1912 et
2535 1857 2830 1912 innumeris
2854 1857 2972 1912 aliis
2996 1865 3305 1913 sanctorum
3334 1857 3553 1912 Patrum
3575 1858 3744 1915 decue

2177 1950 2373 2011 mentis
2397 1949 2705 2005 declaratur
2728 1949 2872 2019 quod
2896 1957 3206 2006 sanctorum
3228 1964 3463 2018 corpora
3504 1950 3743 2020 pretiosa

2157 2039 2305 2105 sint,
2336 2047 2391 2094 et
2415 2054 2446 2093 a
2473 2040 2681 2095 cunctis
2724 2038 2969 2094 ﬁdelibus
2989 2040 3293 2094 veneranda
3316 2048 3371 2095 et
3405 2041 3741 2113 honoranda,

2178 2128 2346 2199 liquet
2380 2128 2621 2199 profecto
2646 2129 2771 2199 quia
2824 2128 3113 2183 inﬁdelium
3143 2138 3226 2183 est
3268 2144 3332 2184 ea
3368 2138 3742 2195 contemnere,

2177 2230 2234 2277 et
2269 2221 2521 2278 ﬁdeliuml
2540 2234 2610 2276 ea
2638 2222 2949 2276 humaniter
2975 2229 3134 2276 terrae
3158 2207 3435 2286 mandare,
3460 2231 3520 2276 et
3537 2222 3608 2277 ob
3626 2220 3747 2290 ejus

2178 2325 2416 2366 amorem
2471 2326 2569 2382 pro
2621 2326 2774 2378 cupis
2828 2311 3044 2365 nomine
3094 2309 3237 2380 passi
3265 2318 3411 2373 sunt,
3452 2310 3743 2368 honorare.

2180 2400 2417 2468 Quorum
2461 2400 2692 2455 alterum
2744 2401 3033 2470 impietatis
3088 2409 3171 2455 est
3218 2400 3455 2470 quidem,
3509 2399 3747 2455 alterum

2177 2504 2307 2543 vero
2358 2489 2576 2558 pietatis
2625 2497 2834 2544 constat
2879 2504 2998 2544 esse
3057 2489 3331 2543 indicium.
3403 2488 3749 2560 Quapropter

2178 2580 2422 2651 quisquis
2468 2594 2536 2635 ea
2583 2580 2974 2635 contemnenda
3020 2578 3246 2649 judicat,
3280 2587 3374 2634 aut
3426 2581 3749 2650 corporibus

2170 2684 2453 2739 peeomm,
2495 2668 2579 2724 vel
2618 2670 2905 2740 lapidibus,
2949 2679 3044 2725 aut
3079 2678 3225 2726 certe
3262 2670 3426 2741 lignis
3468 2671 3747 2726 simillima

2164 2773 2296 2815 esse
2316 2760 2620 2827 contendit,
2646 2774 2758 2815 non
2800 2745 3167 2826 Chrislianus,
3212 2762 3309 2816 sed
3356 2760 3749 2817 Eustathianus

2166 2861 2231 2908 .et
2261 2850 2674 2922 Vigilantianus,
2705 2861 2778 2917 et,
2806 2855 2946 2922 quod
2970 2855 3150 2909 verius
3172 2853 3450 2911 ferendum
3490 2863 3593 2918 est,
3622 2855 3746 2910 inti-

2176 2941 2309 2997 delis
2332 2943 2609 2999 habendus
2630 2951 2730 2999 est.
2760 2942 2914 3010 Quod
2941 2944 2987 3000 si
3017 2944 3097 3013 (ut
3122 2946 3527 3014 perversissime
3548 2945 3744 3017 sentis)

2176 3032 2412 3102 pretiosa
2436 3048 2669 3102 corpora
2690 3044 3017 3101 sanctorum,
3058 3052 3333 3107 pecorum,
3362 3037 3444 3092 vel
3479 3037 3739 3108 lapidum,

714 3109 1368 3202 Chlachabmorum:
1397 3109 1567 3212 Quam
1596 3144 1857 3214 speciosa,
1881 3142 2072 3213 inquit,

2178 3131 2233 3176 et
2285 3121 2547 3193 lignorum
2582 3123 2982 3180 similitudinem
3042 3126 3261 3192 habent,
3309 3128 3438 3197 quid
3499 3128 3744 3185 dicturus

516 3248 574 3294 ct
592 3246 743 3308 grata
770 3237 1031 3293 festivitas
1056 3237 1208 3290 nobis
1231 3236 1443 3298 enituit,
1477 3244 1533 3293 et
1560 3236 1721 3289 totius
1738 3234 1868 3289 anni
1888 3233 2078 3289 diebus

520 3327 848 3398 splendidior
884 3325 1001 3381 dies
1041 3325 1299 3381 hodierna
1345 3322 1655 3395 praefulget?
1687 3322 1802 3378 Non
1840 3323 2077 3378 densatis

514 3422 647 3477 solis
693 3420 857 3475 radiis
908 3418 1200 3472 illuminata
1250 3416 1587 3486 praeclarius,
1631 3413 1725 3470 sed
1757 3415 1829 3469 de
1877 3414 2077 3469 lumine

519 3522 815 3583 martyrum
864 3524 1023 3581 supra
1085 3523 1367 3564 coruscum
1414 3505 1639 3576 fulguris
1685 3508 1971 3560 micantem
2020 3504 2078 3558 il-

515 3605 740 3659 lustrata
779 3600 1020 3657 sublimis
1043 3640 1059 3666 ,
1092 3599 1277 3655 multis
1320 3597 1467 3653 enim
1520 3596 1722 3652 solibus
1762 3595 2076 3660 illustriores

512 3703 647 3749 sunt
670 3702 933 3763 martyres
951 3700 1007 3747 et
1030 3690 1238 3762 magnis
1264 3687 1616 3743 luminaribus
1637 3686 1917 3752 clariores;
1949 3701 2075 3757 pro-

520 3793 701 3855 pterea
723 3782 902 3847 hodie,
931 3781 977 3835 si
998 3780 1102 3836 dici
1132 3788 1337 3850 potest,
1368 3777 1505 3834 caelo
1532 3777 1648 3848 ipso
1666 3777 1913 3833 ornatior
1932 3785 2076 3831 terra

518 3877 753 3931 laetatur.
775 3871 969 3928 'Sedin
998 3872 1101 3927 hac
1143 3871 1541 3940 comparatione
1569 3884 1676 3924 non
1724 3868 1968 3924 attendas
1995 3867 2073 3923 ci-

519 3983 702 4025 nerem
746 3976 1049 4023 sanctorum
1089 3979 1391 4034 corporum,
1422 3978 1524 4019 nec
1569 3961 1799 4017 favillam
1830 3960 2077 4031 reliquia-

484 4064 494 4074 '
522 4075 638 4113 rum
672 4056 867 4122 carnis,
897 4055 1180 4125 omniaque
1215 4068 1338 4109 ossa
1382 4062 1696 4123 consumpta
1726 4051 2073 4121 temporibus,

516 4151 615 4205 sed
635 4148 779 4218 aperi
807 4147 989 4203 oculos
1003 4147 1144 4211 ﬁdei,
1158 4153 1210 4200 et
1223 4145 1343 4200 vide
1361 4159 1454 4200 eos
1475 4143 1650 4199 divina
1676 4143 1875 4197 virtute
1885 4153 1938 4197 et
1956 4156 2076 4213 gra-

2170 3231 2233 3272 es
2261 3216 2328 3271 de
2348 3217 2621 3275 miraculis
2646 3232 2783 3288 quae,
2806 3218 3005 3274 Christi
3026 3220 3265 3290 potentia
3293 3222 3571 3289 cperante,
3600 3224 3745 3294 apud

2167 3321 2361 3362 eorum
2404 3309 2692 3365 memorias
2720 3309 3040 3366 mirabiliter
3073 3310 3239 3365 ﬁunt?
3284 3310 3623 3368 Manifestum
3650 3322 3747 3369 est

2166 3398 2315 3451 enim
2341 3398 2549 3453 cunctis
2572 3399 2814 3455 ﬁdelibus
2833 3402 3144 3456 eorumdem
3179 3412 3490 3458 sanctorum
3516 3419 3744 3474 corpora

2176 3487 2362 3542 multis
2386 3504 2699 3559 magnisque
2728 3491 3004 3545 miraculis
3036 3476 3293 3547 divinitus
3327 3492 3604 3559 honorari,
3642 3509 3744 3550 nec

2169 3578 2745 3649 immeritothuum
2789 3581 2984 3652 quippe
3012 3583 3101 3636 'est
3146 3592 3206 3637 ut
3248 3583 3338 3653 qui
3370 3598 3594 3654 corpora
3644 3601 3744 3641 sua

2166 3670 2412 3726 membra
2440 3668 2663 3739 iustitia:
2702 3672 2906 3728 utiliter
2930 3675 3289 3730 exhibuerunt
3326 3684 3382 3730 et
3415 3677 3470 3731 in
3519 3679 3603 3733 eis
3631 3679 3745 3733 dia-

2170 3759 2351 3814 bolum
2408 3762 2827 3831 triumpharunt,
2891 3772 3002 3819 tam
3048 3765 3384 3822 evidentibus
3450 3779 3745 3823 coruscent

2172 3849 2464 3915 miraculis,
2488 3860 2752 3919 quatenus
2771 3853 3042 3922 praeclaris
3067 3854 3260 3909 divina:
3288 3859 3742 3913 remunerationis

2172 3950 2427 4010 appareat
2470 3942 2680 3998 indiciis
2727 3960 2887 4015 quam
2939 3948 3171 4016 pretiosa
3210 3949 3281 4003 sit
3312 3964 3457 4004 mors
3507 3950 3561 4004 in
3613 3967 3745 4005 con-

2171 4044 2355 4101 spectu
2386 4034 2616 4101 Domini,
2642 4046 2695 4091 et
2721 4040 2863 4108 quod
2884 4053 3076 4110 magna
3101 4041 3172 4095 sit
3195 4057 3379 4096 eorum
3403 4043 3576 4098 virtus
3600 4045 3743 4112 apud

2168 4124 2503 4187 Altissimum
2538 4126 2708 4197 (Paul.
2752 4128 2902 4199 xxv).
2930 4130 3003 4185 At
3030 4131 3073 4187 si
3100 4147 3242 4187 nunc
3267 4148 3493 4202 corpora
3524 4145 3744 4189 sancto-

510 4241 592 4295 vtia
619 4216 849 4309 spiritus
873 4238 1041 4292 sancti
1068 4236 1309 4298 amictos,
1330 4244 1387 4290 et
1414 4234 1579 4289 divini
1599 4233 1814 4288 luminis
1833 4233 2075 4287 claritate

2172 4230 2291 4270 rum
2313 4217 2365 4270 in
2394 4216 2667 4286 pulverem
2687 4219 2988 4277 cineremve
3011 4220 3123 4290 jam
3145 4238 3282 4293 pene
3304 4224 3540 4288 redacta,
3572 4227 3745 4295 tantis

521 4332 811 4386 radiantes.
840 4330 909 4384 Hi
946 4345 1073 4399 ergo
1111 4328 1211 4397 ipsi
1240 4329 1307 4384 de
1352 4343 1585 4398 superno
1623 4327 1763 4382 sons
1791 4327 1992 4383 circulo
2020 4328 2072 4381 ίη
2172 4310 2349 4365 divina
2373 4311 2569 4379 pietate
2595 4323 2945 4368 munerantur
2983 4315 3277 4380 miraculis,
3319 4318 3532 4387 quantis
3579 4327 3743 4387 putas

521 4436 717 4478 terram
760 4422 917 4484 radii,
948 4419 1161 4473 Christo
1187 4418 1482 4481 emittente,
1503 4418 1793 4488 iaciuntur,
1819 4428 1874 4473 et
1901 4434 2073 4473 a-eor-

2172 4403 2583 4458 resurrectionis
2642 4414 2882 4474 tempore
2933 4407 3205 4475 perpetuis
3230 4407 3571 4462 donabuntur
3596 4425 3742 4479 pne-

2174 4491 2326 4522 ...::.~9
2358 4490 2507 4522 num!
2555 4502 2730 4522 ..πίω-ς
2789 4509 3005 4522 ,ιη-...Νη
3064 4496 3427 4522 ,t..r........._.-.--
3499 4502 3739 4522 ..ιηημη

523 4514 741 4584 poribus
761 4512 871 4566 suis
892 4509 1232 4580 prosilientes
1263 4523 1484 4564 corusca
1516 4509 1633 4562 luce
1658 4509 1896 4579 fulgoris,
1932 4490 2149 4565 sicut”
2173 4491 2326 4545 "MS?
2358 4490 2510 4558 Ωιιθά
2553 4502 2733 4548 amem
2788 4509 3008 4565 corpora
3060 4496 3448 4562 defunctorum.
3499 4502 3741 4555 maxime

522 4603 753 4673 speciem
803 4599 1052 4656 Ecclesia:
1097 4598 1374 4669 gaudentis
1414 4598 1709 4664 illustrant,
1757 4598 1834 4652 ita
1879 4599 2070 4654 faciem

2171 4585 2453 4655 iustorum,
2506 4600 2612 4640 non
2668 4587 2777 4641 sint
2825 4587 3144 4658 abiicienda,
3197 4591 3290 4645 sed
3350 4591 3526 4660 potius
3575 4601 3741 4647 teme

523 4691 717 4748 dialioli
745 4689 1030 4745 invidentis
1054 4678 1344 4743 obaecant.
1392 4687 1522 4743 Nam
1550 4698 1610 4743 ut
1654 4690 1881 4745 audaces
1912 4690 2073 4745 latro-

2171 4677 2492 4743 mandanda,
2522 4678 2675 4733 docet
2698 4676 2886 4733 beatus
2914 4678 3246 4749 Augustinus
3274 4681 3327 4735 in
3356 4681 3504 4736 [libro
3531 4683 3599 4737 de
3644 4684 3742 4739 Ci-

521 4803 648 4841 ηηηι
676 4786 870 4846 duces,
916 4782 1219 4851 siveuimpii
1270 4781 1634 4850 sepulcrorum
1680 4781 1981 4846 991,850,135,
2027 4785 2070 4838 si
2172 4768 2336 4821 vitate
2363 4767 2456 4822 Dei
2483 4768 2656 4837 primo
2684 4785 2697 4821 :
2727 4768 2834 4822 Nec
2857 4771 3241 4826 contemnenda
3276 4779 3418 4836 sunt,
3452 4773 3648 4843 inquit,
3680 4788 3738 4830 et

504 4879 658 4933 forte
681 4878 803 4931 dum
829 4874 1034 4945 praedas
1054 4881 1238 4940 agunt,
1261 4879 1353 4924 aut
1375 4871 1540 4942 spolia
1569 4873 1821 4942 capienda
1853 4875 2073 4944 conqui-

521 4978 669 5035 runt,
711 4969 764 5023 in
810 4981 958 5021 arma
979 4958 1063 5020 ve‘l
1103 4972 1416 5020 ornamenta
1456 4963 1790 5033 imperatoris
1828 4965 2067 5021 incurre-

518 5064 647 5126 rint,
675 5058 972 5130 quamlibet
991 5054 1166 5126 cupidi
1196 5054 1519 5125 praedarum,
1554 5062 1728 5109 tamen
1758 5056 1953 5127 agnitis
1985 5074 2069 5113 rc-

516 5155 598 5225 εἰς
647 5151 943 5222 insignibus
991 5147 1330 5201 deterrentur
1372 5156 1430 5199 ut
1468 5144 1707 5216 fugiant,
1762 5162 1934 5216 neque
1978 5162 2069 5201 co—

498 5243 694 5297 minus
733 5238 986 5295 accedere
1028 5234 1112 5289 vel
1153 5234 1414 5303 attingere
1469 5236 1728 5297 audeant,
1781 5237 1921 5291 unde
1965 5237 2066 5290 sibi

498 5349 624 5392 'non
649 5329 1018 5402 compendium
1056 5326 1377 5397 procedere,
1424 5325 1516 5380 sed
1560 5326 1850 5395 periculum
1880 5328 2069 5395 praevi-

518 5428 645 5481 dent
687 5424 985 5486 imminere,
1013 5419 1059 5473 si
1085 5417 1210 5487 quid
1241 5416 1364 5471 inde
1398 5417 1631 5472 audeant
1672 5434 1948 5487 usurpare.
1989 5418 2065 5473 Ita

516 5511 759 5584 profecto
771 5519 823 5563 et
845 5510 1127 5568 dminones,
1154 5504 1243 5574 qui
1273 5519 1394 5558 vere
1416 5504 1679 5560 latronum
1715 5515 1771 5561 et
1800 5506 2097 5588 principes~

516 5613 577 5661 et
596 5600 832 5671 magistri
859 5607 1000 5662 sunt,
1022 5599 1111 5653 ubi
1132 5608 1505 5653 coronatorum
1530 5609 1819 5670 martyrum
1845 5615 2064 5669 corpora

518 5692 748 5752 viderint
768 5691 960 5758 posita,
984 5689 1135 5759 longe
1156 5687 1293 5743 illico
1313 5706 1344 5745 a
1376 5699 1661 5759 conspectu
1685 5705 1867 5746 eorum
1892 5692 2064 5761 pavidi

2165 4855 2470 4926 abjieienda
2508 4872 2733 4927 corpora
2758 4856 3154 4925 defunctorum,
3202 4860 3536 4930 maximeque
3551 4862 3736 4930 justo-

2172 4961 2287 5000 rum
2309 4956 2469 5015 atque
2494 4945 2750 5010 ﬁdelium,
2775 4947 2968 5015 quibus
2994 4956 3243 5017 tanquam
3271 4951 3484 5020 organis
3508 4961 3564 5006 et
3589 4955 3736 5008 vasis

2170 5038 2237 5091 ad
2259 5038 2436 5091 omnia
2482 5037 2618 5092 bona
2647 5053 2809 5108 opera
2844 5048 3063 5095 sanctus
3088 5040 3318 5110 Spiritus
3361 5057 3488 5097 usus
3530 5052 3632 5099 est.
3668 5046 3731 5099 Si

2168 5127 2311 5181 enim
2368 5135 2591 5197 paterna
2617 5129 2783 5185 vestis
2820 5136 2877 5184 et
2917 5132 3164 5196 annulus,
3193 5147 3257 5187 ac
3297 5132 3343 5187 si
3370 5133 3497 5202 quid
3543 5135 3706 5202 hujus

2166 5222 2310 5276 modi
2339 5231 2487 5277 tanto
2510 5223 2727 5278 cbarius
2750 5232 2833 5279 est
2862 5228 3112 5294 posteris,
3144 5236 3344 5296 quanto
3381 5244 3507 5299 erga
3528 5245 3725 5298 paren-

2170 5320 2251 5365 tes
2277 5310 2446 5379 major
2469 5320 2645 5367 exstat
2677 5312 2897 5369 allectus
2925 5332 2939 5368 :
2978 5315 3121 5369 nullo
3140 5318 3299 5372 modo
3329 5318 3442 5388 ipsa
3469 5336 3729 5389 spernen.

2162 5403 2233 5457 da
2260 5411 2382 5458 sunt
2403 5418 2651 5473 corpora,
2693 5420 2811 5474 qua:
2834 5407 3018 5476 utique
3068 5407 3233 5463 multo
3288 5409 3605 5464 familiarius
3648 5419 3720 5465 at-

2165 5506 2269 5560 que
2295 5493 2632 5562 conjunctius
2649 5496 2809 5562 quam
2837 5496 3081 5563 quaciibet
3101 5497 3407 5558 indumenta
3430 5508 3723 5568 εειδιιιωιις.

2166 5580 2316 5647 Quod
2338 5597 2464 5635 vero
2490 5598 2710 5651 corpora
2739 5594 3044 5639 sanctorum
3078 5588 3189 5640 sint
3212 5603 3241 5641 a
3286 5589 3528 5643 fidelibus
3561 5591 3727 5643 limm-

2167 5673 2353 5737 randa,
2382 5672 2569 5726 scribit
2591 5674 2777 5727 beatus
2806 5675 3158 5746 Hieronymus
3186 5678 3251 5732 ad
3280 5678 3558 5748 llipariutu
3606 5697 3739 5735 con-
