3956 6186
228 312 326 368 329

1299 308 1384 365 DE
1422 307 1652 367 CUUP-U
1693 304 2054 399 lIIAGlNllM.
2094 342 2164 352 —-
2198 311 2408 370 LIB.‘I.

3370 321 3476 377 550

228 440 304 483 tra
326 424 669 498 Vigilantiam
705 440 718 477 :
753 423 1115 486 Honoremus,
1133 422 1309 495 inquit
1366 423 1625 493 reliquias
1648 435 1793 477 mar-
1820 422 1871 479 Α
1897 426 2187 486 terrenam,
2200 422 2314 477 sive
2328 422 2681 493 spiritualem,
2699 424 2813 479 sive
2835 439 3152 495 corpoream
3167 441 3473 490 creaturam
3516 455 3521 461 η

226 533 410 587 ivi-itm,
462 527 519 569 ut
563 531 710 575 eum,
771 516 928 586 cujus
978 522 1243 585 martyres
1294 522 1436 576 sunt,
1483 514 1792 571 adoremus.

226 610 553 666 llonoramus
606 620 826 668 servos,
885 614 946 658 ut
985 606 1160 660 honor
1199 620 1479 660 servorum
1538 606 1797 661 redundet

223 704 282 754 ad
308 700 614 763 Dominum,
640 699 734 767 qui
756 699 869 752 ait:
900 697 1003 763 Qui
1036 714 1122 752 vos
1151 698 1387 768 suscipit,
1422 706 1530 751 etc.
1575 697 1791 767 (Matth.

224 791 288 843 xl.
313 789 608 842 Tantorum
640 796 823 842 autem
852 788 1131 842 doctorum
1161 787 1454 845 salutiferis
1488 792 1797 847 declaratur

222 878 570 941 documentis,
611 878 756 945 quod
786 887 1096 934 sanctorum
1140 894 1365 950 corpora
1398 895 1503 934 non
1526 880 1637 934 sint
1682 881 1792 949 (se-

222 972 437 1023 cundant
467 969 677 1023 menius
700 976 757 1023 et
776 968 1003 1039 ineptias
1031 969 1172 1041 tuas)
1213 972 1516 1040 pecoribus,
1547 971 1630 1026 vel
1661 971 1795 1040 lapi-

222 1060 361 1114 dibus
403 1068 463 1114 et
502 1060 668 1130 lignis
720 1063 1068 1131 cozequanda,
1095 1062 1190 1118 sed
1235 1064 1407 1139 magis
1430 1080 1460 1118 a
1488 1064 1700 1119 cunctis
1730 1064 1795 1118 ti-

222 1153 412 1207 dclibus
452 1152 550 1221 pio
579 1167 770 1207 amore
800 1153 1171 1222 amplectenda
1198 1164 1253 1209 et
1290 1156 1627 1210 honoranda.
1654 1155 1791 1224 Quia

220 1257 329 1311 ergo
348 1242 526 1311 liquet
550 1251 605 1296 te
631 1258 829 1314 negare
855 1259 959 1297 non
982 1259 1145 1313 posse
1167 1246 1311 1314 quod
1335 1254 1647 1302 sanctorum
1675 1261 1795 1302 eor-

220 1352 329 1405 pura
356 1353 467 1391 non
497 1336 613 1390 sint
639 1338 723 1391 his
754 1339 915 1393 rebus
954 1354 1092 1408 quas
1114 1340 1374 1410 scripsisti
1405 1345 1788 1412 comparanda,

218 1431 292 1485 sed
320 1432 499 1502 magis
527 1432 600 1485 ab
627 1431 879 1488 Ecc'esiae
905 1434 1183 1489 catholicae
1210 1434 1334 1490 ﬁliis
1371 1436 1703 1502 honoranda,
1737 1448 1789 1493 et

215 1525 337 1595 quod
373 1523 448 1579 ob
474 1525 799 1579 meritorum
832 1526 1242 1596 praerogativam
1276 1536 1354 1581 tot
1385 1529 1655 1599 tantisque
1699 1546 1790 1583 ru-

216 1618 345 1671 tilent
387 1617 698 1682 miraculis,
731 1632 952 1672 necesse
975 1626 1057 1671 est
1107 1628 1180 1680 ut,
1225 1621 1373 1675 omni
1425 1620 1788 1676 obstinatione

215 1717 422 1773 remota,
455 1705 740 1763 humiliter
783 1708 1093 1764 conﬁtearis
1118 1718 1170 1764 te
1196 1725 1409 1766 errasse
1455 1715 1670 1781 quando
1722 1728 1791 1768 ea

1898 525 1997 579 pro
2046 510 2154 565 Deo
2189 510 2339 576 colit,
2370 521 2633 567 creaturae
2670 529 2778 570 non
2820 516 3063 573 Creatori
3111 522 3318 581 servire
3354 524 3477 581 eun?

1898 601 2150 656 vincitur.
2183 602 2424 659 Salutem
2447 620 2578 660 sane
2623 608 2817 663 animae
2866 620 3066 668 nostne
3116 629 3147 668 a
3200 616 3315 672 solo
3366 617 3476 677 Deo

1898 692 2013 745 dari
2066 693 2295 748 tideliter
2345 696 2650 759 credimus;
2696 700 2789 753 sed
2823 696 2989 769 quia,
3021 706 3227 762 meritis
3275 712 3476 766 nostris

1897 782 2384 851 prmpedientibus,
2417 800 2537 841 eam
2583 788 2650 842 ab
2677 803 2742 843 eo
2781 794 3018 849 nancisci
3047 812 3150 850 non
3181 814 3472 867 meremur,

1897 873 1940 926 si
1980 873 2249 943 suil'ragiis
2282 876 2585 932 cmlestium
2605 918 2620 945 ,
2667 880 2781 935 sive
2808 883 3167 950 spiritualium
3198 900 3476 946 creatura-

1897 981 2017 1019 rum
2051 966 2195 1023 illius
2220 985 2319 1024 nos
2345 980 2621 1040 compotes
2666 972 2781 1027 fore
2827 978 3091 1032 veraciter
3132 982 3470 1051 confidimus,

1901 1073 2242 1128 nequaquam
2267 1072 2548 1133 creatur-te,
2580 1072 2638 1117 ut
2659 1065 2944 1136 scripsisti,
2975 1071 3069 1124 sed
3108 1073 3286 1140 potius
3307 1073 3445 1132 Crea

1898 1148 2000 1202 tori
2050 1150 2257 1207 servire
2311 1153 2746 1224 comprobamur.
2814 1157 2885 1211 At
2933 1158 2975 1213 si
3028 1174 3126 1229 per
3163 1173 3470 1225 sanctorum

1895 1238 2149 1311 sull‘raga
2204 1242 2349 1299 salus
2390 1245 2689 1301 animarum
2746 1264 2851 1303 non
2909 1253 3227 1321 acquiritur,
3283 1259 3473 1327 utquid

1893 1344 2080 1384 eorum
2114 1332 2433 1390 intercessio
2485 1337 2538 1390 in
2591 1337 2876 1421 missarum
2917 1342 3374 1417 celebrationibus
3417 1359 3474 1405 et

1893 1423 2106 1477 caeteris
2148 1424 2467 1482 humillimis
2517 1430 2995 1500 supplicationibus
3051 1438 3192 1506 apud
3236 1440 3470 1497 divinam

1892 1512 2228 1582 maiestatem
2256 1516 2568 1589 ﬂagitetur?
2601 1520 2759 1579 Salus
2805 1524 2965 1595 igitur
3006 1528 3232 1594 animm,
3271 1531 3472 1588 scimus

1891 1606 2020 1676 quia
2060 1623 2165 1662 non
2201 1610 2302 1665 nisi
2348 1628 2379 1665 a
2421 1612 2531 1667 Duo
2561 1614 2740 1679 datur,
2787 1617 2881 1670 sed
2934 1618 3162 1674 ﬁdeliter
3198 1623 3470 1679 credimus

1891 1699 2033 1766 quod
2076 1714 2173 1769 per
2222 1716 2408 1755 eorum
2462 1704 2820 1760 interventum
2872 1709 3028 1762 nobis
3075 1711 3361 1768 immeritis
3399 1715 3470 1775 ab

213 1816 447 1868 perormn
505 1810 565 1852 et
607 1800 843 1871 lapidum
875 1841 887 1863 ,
940 1810 993 1853 et
1047 1801 1311 1872 lignorum
1370 1803 1776 1859 similitudinem
1809 1788 1855 1848 Β
1882 1806 1946 1845 θο
1974 1793 2253 1864 largiatur.
2283 1806 2338 1850 el
2364 1813 2462 1867 ριό
2499 1812 2567 1852 εο
2601 1801 2745 1868 quod
2783 1801 2836 1855 id
2875 1803 3147 1887 credimus
3193 1812 3250 1858 et
3284 1819 3469 1874 spera-

212 1890 391 1946 habere
446 1891 638 1946 dixisti
673 1909 686 1944 :
728 1900 784 1944 et
809 1890 935 1946 licet
960 1892 1271 1960 pertinacia:
1302 1893 1516 1948 deditus
1561 1895 1664 1949 hoc
1712 1894 1789 1949 fa-

208 1999 312 2040 cere
350 1984 789 2053 contempseris,
844 1984 1067 2038 veritate
1106 1993 1284 2039 tamen
1333 1993 1389 2037 et
1423 1985 1630 2041 ratione
1675 1988 1786 2041 cvi.

206 2076 379 2130 denter
411 2089 632 2141 errasse
669 2075 1027 2129 convinceris.
1076 2074 1265 2130 Utrum
1292 2085 1474 2129 autem
1516 2077 1616 2145 ipsi
1652 2093 1782 2132 exu-

206 2168 348 2223 nimis
378 2167 711 2238 corporibus
767 2167 881 2222 suis
933 2172 1139 2237 praesto
1184 2168 1313 2232 sint,
1356 2168 1781 2223 cumbeneﬁria

203 2266 520 2326 prmtantur
542 2257 882 2320 mortalibus,
908 2272 1097 2319 necne,
1129 2258 1272 2311 beati
1307 2256 1591 2329 Augustini
1640 2259 1782 2313 salu-

206 2348 357 2406 tiieris
406 2351 775 2413 documentis,
826 2349 1114 2404 scribentis
1164 2351 1215 2404 in
1262 2348 1414 2404 libris
1442 2351 1509 2405 de
1551 2349 1783 2406 Civitate

206 2442 282 2496 Dei
309 2451 365 2505 et
416 2442 468 2495 in
512 2440 654 2494 libro
697 2441 762 2494 de
790 2439 931 2495 Cura
976 2440 1181 2510 agenda
1237 2455 1336 2509 pro
1389 2441 1647 2504 mortuis,
1683 2455 1782 2495 nec

204 2550 292 2587 non
336 2534 491 2588 beati
547 2530 794 2602 Gregorii
856 2529 994 2583 libro
1062 2519 1434 2601 Dialogorum,
1472 2530 1782 2601 plenissime

204 2622 539 2687 instruimur,
592 2623 659 2675 ad
714 2636 944 2689 quorum
992 2619 1278 2697 lectionem
1330 2621 1642 2692 diligentem
1686 2638 1782 2678 cu-

201 2714 508 2784 riosumque
560 2712 828 2766 mittimus
874 2711 1147 2767 lectorem.
1199 2711 1454 2781 Sequitur
1483 2714 1537 2768 in
1591 2715 1779 2770 eodem

201 2820 345 2873 opere
389 2814 485 2859 tuo
519 2823 532 2857 :
889 2842 907 2874 ,ς
1101 2802 1114 2807 ’

264 2918 279 2945 ι
314 2897 399 2950 Ex
434 2912 543 2966 qua
576 2912 658 2960 re,
692 2897 884 2966 inquit,
914 2910 1253 2967 summopere
1276 2899 1622 2967 ‘pens‘audum
1672 2908 1777 2961 est,

204 3006 219 3036 ι
251 2989 372 3058 quia
402 2988 446 3059 si
468 3002 635 3057 opera
668 3003 922 3041 manuum
966 2987 1059 3042 Dei
1085 3002 1191 3041 non
1241 2996 1367 3041 sunt
1406 2989 1678 3067 aloranla
1722 3000 1779 3046 et

203 3098 217 3127 ι
254 3079 516 3143 colenda,
545 3086 750 3150 quanto
790 3080 960 3149 magis
1006 3093 1170 3149 opera
1206 3081 1774 3136 manuum-hominum

1892 1901 2036 1951 mus,
2069 1903 2173 1942 non
2217 1904 2499 1956 creatum,
2547 1892 2641 1946 sed
2671 1893 2911 1949 Creatori
2955 1903 3140 1950 nostro
3181 1896 3464 1954 servimus.

1886 1977 2021 2034 Item
2046 1982 2128 2035 ais
2153 1998 2166 2034 :

1961 2091 1980 2122 ς
2024 2071 2162 2139 Quid
2192 2082 2242 2129 te
2271 2074 2337 2129 ad
2365 2072 2529 2129 falsas
2560 2075 2820 2148 imagines
2842 2076 3093 2132 humilius
3119 2088 3173 2134 et
3201 2077 3468 2135 inclinasti

1892 2179 1911 2210 ‹
1956 2160 2095 2228 Quid
2118 2172 2243 2220 ante
2282 2165 2460 2236 inepta
2488 2166 2800 2232 simulacra,
2831 2176 2886 2222 et
2920 2170 3171 2239 ﬁgmenta
3224 2179 3464 2239 terrena,

1890 2271 1908 2304 ι
1949 2256 2189 2324 captiva,
2214 2272 2442 2329 corpore
2470 2258 2763 2314 incurvus?
2800 2259 3026 2316 Rectum
3059 2271 3111 2316 te
3137 2254 3278 2317 Deus
3312 2262 3463 2326 fecit,

1890 2363 1909 2398 ‹
1953 2356 2009 2402 et
2039 2365 2163 2404 tum
2192 2359 2387 2406 caetera
2416 2352 2671 2407 animalia
2712 2368 2882 2424 prona
2926 2365 2981 2408 et
3014 2355 3080 2409 ad
3107 2364 3326 2420 terram,
3357 2357 3465 2411 situ

1891 2449 2199 2511 evergente,
2224 2444 2477 2514 depressa
2522 2445 2653 2513 sint,
2687 2447 2783 2503 tibi
2817 2448 3063 2503 sublimis
3089 2457 3264 2505 status
3292 2459 3346 2505 et
3397 2458 3464 2506 ad
3546 2451 3552 2459 ’

1890 2548 1909 2582 ι
1953 2534 2151 2590 caelum
2181 2544 2344 2606 atque
2370 2538 2436 2592 ad
2461 2540 2746 2595 Dominum
2775 2542 2953 2597 vultus
2990 2553 3168 2599 rectus
3196 2553 3296 2600 est.
3333 2545 3465 2603 Illuc

1891 2642 1910 2675 ι
1950 2624 2341 2696 ἰηιιιθτθλίιιιιο
2370 2629 2554 2685 oculos
2584 2639 2704 2687 tuos
2732 2633 2897 2704 erige,
2932 2633 2984 2687 in
3011 2636 3256 2705 supernis
3296 2636 3461 2692 Deum

1891 2736 1910 2768 ι
1952 2732 2132 2787 quaere
2162 2736 2173 2770 :
2206 2727 2268 2773 ut
2293 2712 2695 2778 carereinl'eris
2725 2725 2920 2795 possis,
2960 2728 3026 2781 ad
3055 2727 3159 2781 alta
3195 2737 3251 2783 et
3300 2731 3463 2786 caele-

1891 2830 1909 2860 ι
1950 2809 2052 2864 stia
2083 2825 2403 2880 suspensum
2459 2823 2647 2882 pectus
2689 2816 2891 2871 attolle.
2919 2815 3056 2885 Quid
3087 2819 3217 2874 tein
3249 2819 3459 2890 lapsum

1890 2920 1907 2952 α
1951 2901 2141 2956 mortis
2171 2918 2292 2957 cum
2324 2903 2596 2975 insensata
2624 2906 2878 2978 imagine,
2924 2924 3083 2978 quam
3122 2910 3275 2975 colis,
3322 2920 3457 2967 ster«

1887 3012 1904 3042 ι
1947 2993 2078 3048 nis?‘
2103 2992 2242 3060 Quid
2285 2993 2338 3048 in
2378 2996 2588 3050 ruinam
2625 2995 2822 3052 diaboli
2853 3013 2953 3069 per
2978 2999 3090 3070 ipsa
3115 3008 3168 3055 et
3197 3016 3321 3056 cum
3347 3003 3459 3074 ipsa

1885 3103 1903 3133 ε
1944 3084 2125 3139 cadis?
2150 3085 2540 3142 sublimitatem
2589 3103 2744 3143 serva
2778 3105 2885 3160 qua
2933 3100 3092 3149 natus
3140 3108 3239 3159 es;
3278 3110 3461 3167 peree-

202 3189 217 3220 ι
248 3170 528 3251 adoranda
560 3178 618 3225 et
636 3170 860 3226 colenda
889 3185 994 3224 non
1015 3170 1182 3225 sunt?
1208 3169 1441 3225 Prorsus
1466 3186 1565 3226 nec
1593 3171 1645 3225 in
1678 3172 1770 3226 bo-
1804 3145 1847 3207 (ί
1889 3196 1907 3224 ς
1954 3190 2081 3230 vera
2111 3176 2231 3232 talis
2252 3179 2428 3248 qualis
2452 3194 2484 3233 a
2513 3179 2624 3235 Deo
2672 3145 2852 3238 factus
2871 3197 2949 3239 es.
2995 3204 3014 3236 ι
3052 3183 3179 3242 Illuc
3212 3145 3317 3243 non
3345 3195 3460 3251 tua,

201 3283 218 3314 ι
250 3279 383 3319 nore
409 3278 601 3319 eorum
622 3278 853 3335 quorum
882 3263 1268 3319 similitudines
1290 3277 1411 3318 esse
1439 3263 1715 3318 dicuntur.
1755 3285 1773 3316 ›

197 3354 243 3408 In
267 3355 434 3424 hujus
460 3356 747 3410 sententia:
775 3370 935 3410 sensu
969 3355 1248 3410 nobiscum
1281 3354 1461 3411 sobrie
1485 3355 1650 3426 sapis.
1682 3357 1781 3412 Vc-

197 3465 301 3504 rum
331 3459 436 3513 est,
477 3451 721 3520 inquam,
748 3451 875 3520 quia
928 3467 1101 3520 neque
1152 3467 1317 3527 opera
1366 3467 1623 3506 manuum
1683 3454 1779 3507 ho—

197 3545 385 3599 minum
443 3553 578 3598 sunt
633 3542 903 3599 adoranda
954 3552 1011 3597 et
1057 3543 1324 3608 colenda,
1378 3544 1471 3599 illo
1526 3544 1779 3602 videlicet

198 3636 325 3689 cultu
372 3646 432 3690 et
488 3634 808 3689 adoratione
834 3635 924 3706 qui
952 3635 1120 3690 solius
1149 3633 1457 3690 Divinitatis
1485 3645 1587 3691 est.
1633 3636 1778 3707 Opus

198 3742 416 3797 namque
469 3742 729 3780 manuum
785 3725 878 3780 Dei
933 3742 1161 3796 corpora
1209 3734 1525 3782 sanctorum
1578 3744 1778 3799 praece—

196 3816 360 3872 dentia
420 3810 674 3891 opusculi
728 3817 801 3872 tui
858 3826 908 3872 te
945 3819 1145 3873 dixisse
1205 3818 1458 3888 produnt,
1508 3833 1628 3889 qua:
1670 3838 1776 3875 non

197 3908 456 3964 adoranda
532 3909 855 3964 adoratione
917 3909 1197 3965 Divinitati
1257 3909 1436 3965 debita
1468 3952 1482 3975 ,
1539 3912 1631 3967 sed
1689 3914 1777 3982 pio

202 4013 313 4056 sunt
354 4019 551 4058 amore
610 4002 983 4074 amplectenda
1035 4012 1091 4058 et.
1141 4003 1492 4069 honoranda,
1544 4014 1604 4059 ut
1651 4013 1778 4074 pote

200 4095 353 4149 sancti
377 4095 625 4165 Spiritus
649 4093 849 4164 templa
870 4106 1099 4150 saerata.
1129 4092 1234 4148 Sed
1256 4102 1311 4148 et
1332 4094 1460 4148 illud
1489 4097 1632 4164 quod
1656 4098 1779 4151 sub-

195 4184 362 4259 iungis
393 4202 408 4240 :

269 4299 285 4328 ι
322 4279 463 4346 Quia
497 4281 543 4334 si
577 4279 778 4350 imago,
803 4293 965 4345 quam
995 4277 1211 4339 adoras,
1245 4277 1387 4331 Deus
1409 4292 1517 4333 non
1549 4287 1654 4343 est,
1685 4294 1778 4331 ne-

206 4388 221 4418 ι
260 4386 532 4441 quaquam
566 4370 877 4424 veneranda
933 4376 1019 4424 est
1065 4368 1273 4422 honore
1314 4375 1647 4432 sanctorum,
1684 4369 1777 4438 qui

206 4480 221 4507 ι
263 4477 607 4533 nequaquam
635 4460 852 4514 divinos
884 4459 985 4514 sibi
1018 4468 1277 4529 arrogant
1310 4459 1573 4524 honores;
1614 4480 1631 4511 ι
1662 4476 1778 4514 om-

198 4549 315 4605 nino
334 4553 712 4621 approlanius
749 4535 1157 4619 congruumque
1186 4548 1309 4604 ﬁdei
1347 4550 1629 4606 catholicae
1652 4565 1775 4605 esse

190 4640 504 4706 judicantus.
540 4643 673 4696 Item
699 4640 862 4711 paulo
884 4648 1005 4710 post
1029 4659 1041 4693 :

263 4758 277 4783 ι
301 4736 361 4788 Et
380 4737 526 4799 ideo,
545 4736 745 4805 inquit,
762 4735 1038 4793 sciendum
1063 4750 1404 4805 summopere
1423 4745 1507 4790 est
1526 4738 1651 4806 quia
1667 4752 1775 4791 non

200 4842 216 4872 ι
259 4826 428 4881 solum
443 4828 535 4896 qui
553 4826 788 4905 visibilia
806 4826 1056 4896 figmenta
1072 4837 1233 4900 atque
1248 4828 1508 4898 imagines
1520 4826 1775 4893 colit,’sed

200 4933 217 4965 ε
255 4920 416 4973 etiam
440 4920 763 4989 quamlibet,
780 4920 894 4975 sive
906 4921 1200 4986 caelestem,
1218 4921 1331 4976 sive
1357 4928 1645 4986 terrenam,
1663 4922 1777 4977 sive

201 5028 216 5058 I
254 5013 577 5082 spiritalem,
605 5013 723 5067 sive
749 5028 1062 5083 corpoream
1088 5023 1413 5077 creaturam,
1444 5019 1563 5068 vice
1599 5016 1771 5069 nomi-

201 5119 216 5151 ι
254 5105 335 5159 nis
371 5106 467 5160 Dei
496 5105 649 5168 colit,
685 5111 744 5158 et
772 5104 998 5159 salutem
1035 5107 1228 5161 anima:
1267 5122 1378 5161 suue
1421 5123 1541 5178 quae
1583 5123 1614 5161 a
1662 5108 1772 5162 Deo

203 5214 215 5241 ι
253 5196 364 5250 solo
401 5205 509 5258 est,
556 5198 629 5251 at)
678 5194 785 5250 illis
837 5208 1037 5266 sperat,
1081 5199 1145 5251 de
1187 5198 1292 5252 illis
1330 5209 1433 5262 est,
1471 5200 1539 5253 de
1577 5199 1775 5268 quibus

202 5306 215 5335 ι
255 5288 388 5342 dicit
435 5286 769 5356 Apostolus:
810 5285 877 5340 Et
903 5286 1194 5361 coluerunt,
1218 5298 1264 5342 et
1300 5290 1581 5344 servierunt
1621 5306 1775 5344 crea-

204 5400 217 5425 σ
255 5392 392 5434 tam:
430 5382 603 5450 potius
640 5398 797 5451 quam
855 5381 1089 5434 Creatori
1127 5380 1298 5453 (Rom.
1339 5384 1400 5455 ι).
1449 5403 1466 5436 ι
1522 5383 1619 5439 His
1667 5385 1774 5439 tuis

199 5472 366 5526 verbis
394 5471 636 5528 breviter
663 5474 1055 5542 respondemus
1088 5491 1101 5527 :
1138 5466 1531 5546 Nos'tigmenta
1557 5484 1611 5530 et
1639 5476 1775 5531 ima-

199 5567 337 5632 giaes
368 5584 478 5621 non
512 5567 761 5622 colimus.
799 5567 1064 5638 Imagines
1095 5575 1275 5622 tamen
1315 5579 1370 5623 et
1393 5569 1672 5635 habemus,
1718 5580 1775 5625 et

197 5654 513 5713 habentibus
539 5675 648 5714 non
680 5656 1113 5728 praeiudicamus.
1143 5659 1401 5731 Quisquis
1424 5675 1553 5715 vero
1584 5662 1770 5717 visibi-

199 5744 259 5798 lia
285 5748 540 5817 ﬁgmenta
567 5760 731 5817 atque
758 5748 1042 5819 imagines,
1071 5759 1125 5805 et
1170 5752 1282 5806 sive
1329 5750 1624 5819 ccclestem,
1656 5754 1769 5810 sive

594 5848 863 5903 l’srunc.
902 5843 1058 5903 (ΣΗ.

1805 4529 1854 4587 D

1882 3267 2094 3333 Claudi,
2136 3270 2229 3324 sed
2265 3271 2409 3325 beati
2437 3270 2696 3343 Cypriani
2748 3286 2877 3329 sunt
2913 3276 3171 3349 martyris
3218 3279 3400 3341 verba,
3430 3295 3462 3335 e

1881 3362 2077 3432 quibus
2106 3364 2352 3434 qutedam
2395 3364 2737 3430 subtraxisti,
2764 3367 3010 3435 quaedam
3056 3367 3378 3436 immutasti,
3407 3382 3465 3427 et

1883 3466 1942 3522 ut
1966 3464 2056 3510 tua
2092 3456 2308 3527 propria
2341 3456 2584 3528 posuisti.
2618 3456 2825 3513 Scribit
2849 3458 3030 3528 itaque
3051 3459 3190 3515 idem
3231 3462 3464 3517 eximius

1881 3545 2073 3601 doctor
2107 3547 2176 3601 ad
2217 3547 2640 3614 Demctrianum,
2691 3548 3006 3603 idololatria:
3033 3551 3198 3605 cultui
3222 3552 3458 3607 deditum
3527 3590 3536 3601 ς

1882 3639 1997 3694 haec
2035 3639 2218 3701 verba,
2272 3639 2344 3694 ita
2394 3640 2689 3709 inquiens:
2729 3639 2871 3707 Quid
2915 3648 2966 3695 te
3003 3642 3069 3695 ad
3122 3641 3284 3696 falsos
3329 3643 3461 3698 deos

1883 3732 2136 3787 humilius
2160 3741 2214 3787 et
2241 3733 2507 3788 inclinas?
2535 3731 2675 3799 Quid
2699 3741 2823 3787 ante
2859 3733 3036 3803 inepta
3072 3733 3359 3788 simulacra
3409 3746 3463 3790 et

1881 3824 2134 3893 ﬁgmenta
2179 3831 2393 3879 terrena
2443 3825 2713 3894 captivum
2768 3839 2962 3895 corpus
3014 3827 3300 3881 incurvus?
3353 3827 3459 3882 Re—

1880 3924 2027 3970 ctum
2061 3923 2114 3970 te
2138 3914 2267 3971 fecit
2294 3916 2435 3971 Deus
2466 3934 2478 3968 :
2509 3925 2563 3971 et
2601 3930 2725 3970 cum
2763 3924 2955 3970 caetera
2999 3916 3253 3970 animalia
3291 3932 3459 3987 prona

1879 4016 1933 4063 et
1953 4009 2021 4062 ad
2047 4017 2246 4063 terram
2273 4009 2378 4063 situ
2409 4016 2663 4076 vergente
2704 4009 2956 4076 depressa
3002 4008 3130 4071 sint,
3156 4008 3253 4063 tibi
3296 4008 3460 4064 subli-

1880 4102 1983 4157 mis
2005 4109 2184 4156 status
2218 4111 2273 4155 et
2307 4100 2375 4155 ad
2404 4100 2599 4155 cmlum
2644 4095 2806 4169 atque
2852 4098 3021 4153 Deum
3082 4108 3231 4153 tuum
3282 4099 3460 4155 vultus

1881 4203 2092 4250 erectus
2144 4203 2228 4247 est
2268 4207 2283 4245 :
2337 4192 2463 4246 illuc
2510 4179 2739 4258 intuere,
2768 4190 2878 4247 illic
2901 4191 3086 4246 oculos
3131 4200 3251 4246 tuos
3288 4194 3454 4266 erige,

1882 4284 1935 4337 in
1962 4284 2210 4353 supernis
2262 4281 2428 4337 Deum
2477 4296 2677 4351 qumre,
2727 4287 2788 4335 ut
2813 4295 3002 4337 carere
3033 4279 3220 4336 inferis
3261 4286 3457 4353 possis.

1881 4362 1961 4430 Ad
1993 4374 2101 4430 alta
2144 4384 2199 4431 et
2234 4374 2472 4429 ecelestia
2504 4389 2827 4445 suspensum
2870 4381 3059 4444 peetus
3088 4375 3292 4430 attolle.
3320 4376 3460 4443 Quid

1884 4479 1936 4522 te
1970 4467 2024 4522 in
2048 4467 2256 4538 lapsum
2285 4468 2477 4522 mortis
2506 4482 2626 4522 cum
2657 4475 2906 4536 serpente
2932 4464 3111 4539 (quem
3140 4467 3294 4540 colis)
3323 4478 3461 4525 ster-

1882 4558 1999 4613 nis?
2020 4550 2158 4625 Qnid
2190 4559 2240 4612 in
2286 4559 2496 4613 ruinam
2539 4556 2738 4612 diaboli
2764 4572 2860 4627 per
2885 4558 3056 4627 ipsum
3100 4566 3304 4614 etcum
3342 4560 3459 4630 ipso

1883 4655 2067 4710 cadis?
2110 4653 2497 4709 sublimitatem
2542 4666 2695 4708 serva
2724 4666 2829 4720 qua
2859 4660 3016 4706 natus
3042 4667 3100 4707 cs
3126 4668 3140 4717 ;
3171 4668 3456 4722 persevera

1886 4750 2005 4804 talis
2025 4748 2200 4819 qualis
2229 4764 2259 4801 a
2303 4747 2412 4803 Deo
2441 4747 2618 4803 factus
2642 4762 2702 4802 es
2734 4766 2747 4800 :
2781 4761 2902 4801 cum
2933 4755 3072 4802 statu
3097 4748 3210 4802 uris
3238 4756 3293 4802 et
3338 4762 3460 4803 cor-

1882 4841 2031 4911 poris
2076 4841 2314 4895 animum
2350 4847 2501 4893 tuum
2550 4848 2759 4905 statue;
2798 4837 2865 4892 lit
2912 4853 3240 4909 cognoscere
3289 4838 3455 4894 Deum

1882 4934 2080 5004 possis,
2109 4941 2159 4987 te
2187 4942 2312 4987 ante
2339 4946 2625 5001 cognosce.
2654 4929 2833 4983 Mirari
2877 4944 3085 4999 nequeo
3129 4930 3261 4983 satis
3311 4930 3453 4999 quod

1876 5036 1982 5081 tam
2028 5025 2273 5081 clanculo
2303 5025 2524 5078 alterius
2546 5020 2708 5076 verba
2736 5020 2906 5075 furari
2932 5021 3187 5087 volueris,
3214 5029 3269 5074 ct
3311 5020 3455 5089 quod

1874 5117 2015 5173 idem
2073 5117 2272 5172 furtum
2316 5115 2450 5168 alios
2478 5114 2645 5166 latere
2684 5127 2842 5182 posse
2873 5119 3021 5166 ratus
3067 5112 3161 5166 sis.
3190 5109 3451 5164 Noscisne

1873 5209 2003 5279 quid
2031 5208 2289 5262 Dominus
2310 5206 2375 5259 de
2403 5202 2703 5258 tranantibus
2720 5199 2878 5255 verba
2900 5215 2994 5255 sua
3020 5215 3118 5270 per
3139 5198 3457 5268 prophetam

1876 5302 2055 5357 dicat?
2085 5298 2220 5371 (Jer.
2252 5295 2431 5368 xxm.)
2458 5295 2631 5351 Credo
2665 5294 2827 5351 etiam
2859 5302 2912 5347 te
2949 5292 3145 5362 legisse
3172 5288 3458 5346 Cassiodon

1882 5408 2024 5458 rum,
2050 5391 2141 5461 qui
2173 5387 2331 5458 quale
2373 5380 2608 5441 olliciuni
2645 5385 2716 5440 sit
2740 5381 3152 5454 compilatorum
3182 5380 3236 5435 in
3270 5378 3457 5450 expla-

1878 5483 2098 5537 natione
2121 5478 2434 5550 plenissime
2482 5477 2794 5548 exsequitur
2820 5474 3180 5530 Psalmorum.
3231 5470 3460 5528 Constat

1878 5575 2043 5645 igitur
2069 5581 2124 5627 te
2169 5572 2222 5625 in
2247 5572 2353 5625 hoc
2382 5571 2522 5626 facto
2549 5571 2794 5641 imperite
2849 5579 2903 5625 et
2955 5566 3454 5637 reprehensibiliter

1878 5667 2069 5737 egisse,
2105 5672 2158 5718 ct
2199 5662 2397 5718 ideirco
2430 5677 2653 5724 necesse
2680 5670 2851 5715 estut
2878 5656 3104 5728 ingenue
3132 5658 3354 5714 fatearis
3396 5669 3453 5714 te

1876 5758 1932 5811 in
1957 5756 2144 5813 eodem
2176 5754 2318 5810 facto
2342 5768 2572 5810 errasse.
2592 5754 2787 5810 Verum
2819 5752 3127 5824 quicunque
3155 5766 3250 5805 sua
3274 5754 3457 5806 errata
