4030 6190
506 289 602 343 351

1556 284 1756 345 ,ΙΟΝᾹΞ
1798 286 2341 345 AURELIANENSIS
2382 286 2685 343 EPISCOPI

3645 290 3751 349 5.33

503 403 747 460 conﬁteri
805 403 1106 467 detrectat,
1164 399 1391 455 aliorum
1442 402 1626 471 procul
1687 402 1849 456 dubio
1900 400 2069 454 lbera
2100 411 2145 464 Α
2176 417 2333 456 nemo
2375 403 2475 468 nisi
2513 402 2603 470 qui
2630 403 2698 456 ab
2733 401 3098 458 ecclesiastica
3147 398 3436 459 traditione
3477 403 3753 468 dissentit,

505 499 679 551 fronte
710 510 808 549 nec
832 492 1223 563 reprehendere
1240 509 1337 547 nec
1362 497 1635 562 corrigere
1658 493 1821 559 valet,
1848 494 2073 547 addictis

504 602 532 639 a
560 585 784 655 Domino
812 600 824 635 :
858 583 1032 646 Quare
1069 591 1123 635 tu
1152 598 1369 635 enurras
1390 582 1631 650 justitias
1658 597 1821 645 meas,
1850 591 1895 634 et
1925 598 2074 635 assu-

503 678 600 729 mis
628 675 1011 731 Testamentum
1047 689 1215 726 meum
1249 689 1339 742 per
1359 689 1416 726 es
1459 672 1648 725 tuum?
1675 671 1752 725 Tu
1778 688 1894 725 vero
1917 671 2073 725 odisti

501 754 852 839 disciplinain,
898 777 946 822 et
974 766 1234 837 projecisti
1295 782 1556 820 sermones
1614 781 1755 819 meos
1791 774 2072 818 retrorsum

500 861 671 931 (Paul.
702 861 869 930 κως).
896 859 963 913 Ει
984 861 1036 912 in
1069 858 1359 929 Evangelio
1385 876 1399 912 :
1433 857 1571 923 Quid
1594 873 1717 927 ergo
1740 855 1877 909 vides
1909 855 2073 924 festu-

498 971 611 1008 cam
634 955 688 1008 in
713 952 863 1007 oculo
882 952 1059 1020 fratris
1080 952 1174 1013 tui,
1193 950 1388 1005 trabem
1410 960 1581 1003 autem
1603 964 1720 1019 qua:
1742 957 1815 1001 est
1842 948 1897 1001 in
1921 946 2072 1000 oculo

498 1054 587 1098 tuo
613 1061 717 1098 non
743 1042 1040 1096 consideras
1057 1043 1081 1095 ?
1100 1052 1156 1097 et
1179 1042 1407 1112 reliqua.
1437 1041 1652 1113 (Matth.
1685 1056 1785 1104 vn,
1812 1038 1942 1092 Luc.
1970 1038 2070 1111 vx.)

495 1134 630 1202 Quia
656 1150 785 1203 ergo
812 1141 1019 1188 certum
1046 1141 1128 1188 est
1150 1132 1373 1187 alterius
1399 1133 1559 1186 verba
1601 1138 1693 1184 tua
1739 1129 1956 1199 propria
1990 1125 2071 1181 fe-

495 1227 635 1282 cisse
664 1226 943 1289 violenter,
974 1241 1155 1294 quaaro
1182 1225 1250 1280 ab
1291 1234 1345 1289 te
1371 1240 1468 1292 cur
1498 1223 1551 1278 in
1596 1223 1716 1278 loco
1756 1222 1847 1276 ubi
1879 1223 2071 1276 beatus

493 1318 795 1389 Cyprianus
824 1318 1002 1388 posuit
1033 1338 1046 1372 :
1080 1336 1098 1370 ι
1137 1317 1274 1385 Quid
1308 1327 1363 1373 te
1390 1317 1458 1371 ad
1472 1316 1638 1371 falsos
1661 1315 1791 1370 deos
1822 1314 2072 1369 humilias

493 1420 548 1463 et
573 1410 829 1465 inclinas?
864 1431 882 1461 ι
928 1408 1005 1463 Tu
1042 1427 1061 1459 ι
1106 1408 1267 1465 falsas
1290 1409 1553 1480 imagines
1582 1428 1600 1460 ι
1629 1406 1956 1476 scripseris?
1978 1406 2071 1461 ille

494 1502 657 1558 (alios
707 1503 835 1576 deos
886 1502 1044 1569 dixit,
1097 1503 1223 1572 quia
1276 1502 1388 1557 veri
1439 1517 1547 1556 non
1585 1509 1710 1556 sunt
1749 1519 1761 1553 :
1807 1500 2072 1569 imagines

492 1608 677 1661 porro,
704 1593 748 1646 si
776 1592 1037 1662 imagines
1066 1602 1194 1647 sunt
1222 1601 1317 1667 aut
1348 1591 1648 1657 hominum,
1679 1599 1772 1644 aut
1813 1605 2071 1660 quarum—

491 1683 622 1753 libet
649 1684 876 1738 aliarum
906 1698 1106 1745 rerum,
1141 1684 1411 1752 quomodo
1437 1681 1633 1737 falsum
1677 1683 1750 1737 sit
1782 1697 1887 1757 .eas
1937 1682 2071 1736 ima-

2174 494 2410 564 ignorat.
2447 493 2596 550 Unde
2624 493 2694 548 ob
2721 494 3148 549 recordationem
3198 492 3492 550 salutifera:
3539 500 3751 567 passio-

2174 583 2259 637 nis
2296 582 2588 638 l‘ominicaa
2610 585 2887 639 annuatim
2917 584 2970 638 in
2996 584 3340 641 sanctissimo
3367 585 3455 641 die
3493 584 3754 641 Parasce-

2177 689 2290 739 ves,
2319 675 2615 729 secundum
2670 675 3011 731 traditionem
3051 676 3498 741 ecclesiasticam,
3535 668 3753 732 crucem

2167 764 2374 820 Christi
2436 766 2645 831 adorat,
2703 766 2756 820 id
2805 776 2908 830 est,
2964 766 3314 837 supplicando
3363 767 3584 831 salutat,
3631 784 3754 837 qua:
3827 753 3833 769 ’

2168 858 2338 910 etiam
2370 865 2541 913 totum
2570 855 2761 912 diffusa
2811 873 2909 928 per
2959 859 3145 913 orbem
3184 859 3236 912 in
3283 858 3487 914 Christi
3536 860 3753 914 laudem

2168 963 2528 1017 prorumpens
2548 948 2942 1019 gratulabunda
2973 949 3120 1003 canit
3147 967 3158 1002 :
3189 947 3409 1003 Crucem
3444 960 3591 1003 tuam
3617 950 3757 1002 ado—

2170 1056 2370 1106 ramus,
2409 1040 2649 1106 Domine,
2675 1053 2721 1094 et
2747 1051 2981 1095 sanctam
3010 1044 3440 1096 resurrectionem
3465 1054 3609 1096 tuam
3632 1042 3756 1096 lau-

2169 1132 2355 1189 damus
2377 1143 2426 1187 et
2442 1134 2817 1203 gloriﬁcamus.
2842 1135 2909 1188 Et
2935 1135 3159 1189 iterum:
3182 1134 3315 1188 Ecce
3337 1134 3536 1204 lignum
3556 1136 3749 1195 crucis,

2169 1226 2223 1278 in
2249 1241 2351 1294 quo
2373 1225 2518 1280 salus
2572 1226 2754 1279 mundi
2801 1226 3084 1296 pependit;
3121 1228 3311 1291 venite,
3341 1227 3640 1282 adoremus.
3683 1227 3755 1282 Et

2170 1317 2359 1372 beatus
2395 1316 2709 1387 Gregorius,
2740 1318 2807 1373 de
2834 1317 2989 1385 cujus
3030 1318 3188 1373 dictis
3239 1333 3399 1373 nemo
3424 1319 3527 1374 nisi
3558 1319 3755 1375 imme-

2171 1423 2290 1462 mor
2343 1408 2692 1481 salutis‘suaz
2737 1409 2983 1479 ambigit,
3016 1408 3069 1464 in
3097 1408 3236 1464 libro
3262 1409 3753 1477 Sacramentorum

2170 1501 2244 1556 ita
2276 1502 2561 1557 meminit:
2598 1501 2761 1566 Deus,
2788 1504 2878 1573 qui
2917 1504 3170 1572 unigeniti
3213 1506 3289 1557 tui
3320 1503 3530 1558 Domini
3584 1508 3751 1560 nostri

2168 1592 2296 1649 Iesu
2343 1594 2537 1648 Christi
2566 1594 2790 1664 pretioso
2819 1595 3074 1665 sanguine
3105 1595 3394 1650 humanum
3427 1612 3588 1667 genus
3610 1598 3750 1650 redi-

2167 1702 2307 1740 mere
2327 1686 2573 1756 dignatus
2599 1703 2674 1750 es,
2703 1686 2922 1740 concede
2941 1687 3196 1756 propitius
3220 1697 3278 1741 ut
3296 1688 3387 1757 qui
3423 1687 3493 1741 ad
3515 1687 3750 1742 adoran-

489 1775 641 1843 gincs
666 1790 771 1829 non
802 1789 944 1838 esse,
980 1790 1087 1829 non
1131 1774 1264 1831 satis
1298 1774 1475 1829 video.
1509 1773 1663 1841 Quod
1695 1773 1740 1831 si
1772 1773 2062 1841 responde-
2087 1769 2136 1829 Β
2162 1778 2285 1832 dam
2329 1777 2584 1846 viviﬁcam
2632 1793 2837 1831 crucem
2881 1777 3180 1843 adveniunt,
3210 1796 3242 1831 a
3267 1789 3597 1848 peccatorum
3621 1796 3751 1832 suo-

490 1867 568 1925 ris
598 1880 692 1920 eas
715 1863 878 1921 falsas
907 1880 1028 1920 esse
1053 1864 1257 1920 idcirco
1279 1863 1407 1933 quia
1436 1863 1570 1919 nihil
1619 1862 1870 1919 veritatis
1906 1862 1961 1916 in
2005 1876 2065 1917 se

488 1956 710 2022 habent,
751 1955 1007 2025 quoniam
1053 1970 1178 2011 cum
1202 1954 1438 2011 habeant
1465 1954 1848 2010 similitudines
1876 1954 2066 2010 huma-

488 2062 679 2117 uorum
718 2062 1026 2117 corporum,
1077 2062 1185 2103 non
1236 2056 1419 2117 tamen
1464 2062 1592 2103 vera
1639 2055 1764 2102 sunt
1815 2062 2059 2117 corpora,

489 2114 691 2193 idcich
717 2154 812 2194 eas
839 2138 1036 2194 merito
1060 2136 1223 2193 falsas
1254 2137 1511 2209 appellari
1540 2156 1555 2191 :
1585 2138 1844 2208 imagines
1883 2148 2063 2193 tamen

489 2229 543 2284 iu
574 2230 801 2286 veritate
821 2245 914 2285 eas
939 2244 1061 2285 esse
1090 2230 1393 2286 nullatenus
1421 2245 1619 2300 negare
1652 2231 1877 2300 poteris.
1910 2230 2062 2297 Quod

488 2335 610 2374 cum
669 2335 774 2374 non
825 2312 1021 2389 possis,
1068 2317 1216 2387 justa
1270 2319 1690 2388 reprehensione
1730 2333 2063 2388 supervacue

485 2411 652 2465 falsas
672 2425 766 2464 eas
793 2410 1037 2480 posuisse
1080 2392 1376 2463 denotatis.
1416 2408 1552 2463 Nam
1598 2416 1654 2461 et
1703 2407 1757 2461 in
1804 2422 1869 2461 eo
1921 2406 2062 2476 quod

485 2500 641 2572 paulo
669 2509 791 2570 post
810 2498 1033 2569 posuisti
1066 2516 1079 2551 :
1115 2518 1134 2549 ι
1170 2498 1312 2566 Quid
1337 2506 1537 2554 teante
1566 2497 1747 2568 inepta
1775 2496 2061 2552 simulacra

484 2602 538 2651 et
568 2593 819 2663 ﬁgmenta
868 2599 1084 2648 terrena
1133 2592 1367 2661 captiva,
1413 2605 1643 2661 corpore
1705 2591 1991 2646 incurvas?
2036 2611 2055 2641 ι

483 2686 673 2756 utquid
696 2684 948 2757 ﬁgmenta
977 2694 1192 2740 terrena
1217 2684 1430 2754 captiva
1452 2683 1650 2739 ducere
1670 2683 1927 2748 volueris,
1965 2699 2060 2737 ne-

484 2791 640 2833 cesse
671 2787 756 2832 est
801 2784 861 2830 ut
905 2790 1164 2846 exponas.
1208 2773 1349 2843 Quid
1379 2773 1635 2846 ﬁgmenta
1669 2783 1887 2830 terrena
1922 2774 2055 2839 sint,

481 2885 588 2929 non
629 2868 976 2940 ignoramus;
1005 2868 1217 2938 captiva
1248 2881 1379 2931 vero
1397 2866 1679 2937 quomodo.
1698 2866 1802 2921 dici
1830 2867 2058 2936 possint,

481 2962 674 3017 merito
700 2959 977 3031 quaaritur.
1002 2958 1060 3014 Si
1086 2959 1299 3029 captiva
1328 2968 1474 3024 sunt,
1496 2973 1527 3013 a
1548 2971 1659 3028 quo
1679 2957 1733 3012 in
1754 2955 2060 3026 hujusmodi

480 3052 845 3121 Captivitatem
869 3050 1233 3106 devenerunt?
1262 3049 1415 3119 Quod
1446 3065 1571 3105 cum
1595 3058 1684 3103 tua
1716 3047 2056 3118 expositione

2164 1883 2280 1920 rum
2320 1865 2535 1920 nexibus
2570 1866 2873 1919 liberentur.
2913 1865 3108 1933 Qumro
3161 1865 3257 1920 abs
3312 1875 3383 1930 te,
3425 1864 3638 1932 Claudi,
3695 1867 3746 1921 si

2163 1957 2449 2028 aliquando
2479 1959 2618 2013 hanc
2663 1958 2962 2013 orationem
3011 1948 3235 2012 Domino
3263 1958 3584 2024 decantasti,
3615 1975 3744 2014 cum
3780 1988 3787 1993 ι

2163 2065 2192 2102 a
2224 2058 2275 2103 te
2310 2058 2529 2104 ventum
2558 2048 2662 2103 fuit
2711 2049 2776 2103 ad
2810 2048 3003 2109 locum,
3034 2047 3323 2104 adoranda:
3364 2050 3563 2113 crucis,
3608 2050 3744 2118 quid

2163 2139 2236 2194 ibi
2265 2139 2468 2194 dixeris
2495 2157 2506 2191 :
2539 2139 2633 2193 sed
2662 2153 2787 2193 reor
2812 2146 2862 2192 te
2890 2138 3158 2199 imitatum
3184 2137 3419 2206 Iudaeos,
3443 2154 3578 2208 quos
3600 2141 3748 2210 Apo-

2163 2234 2333 2287 stolus
2358 2232 2531 2287 ﬂendo
2569 2233 2807 2286 inimicos
2852 2233 3021 2286 crucis
3048 2232 3243 2287 Christi
3270 2232 3436 2302 (Phil.
3472 2235 3556 2306 III)
3587 2236 3743 2301 dicit,

2164 2326 2298 2379 adeo
2331 2324 2569 2395 ejusdem
2602 2325 2778 2379 crucis
2827 2324 3102 2378 inimicum
3147 2323 3373 2388 factum,
3409 2334 3468 2379 ut
3514 2327 3749 2380 verbum

2163 2414 2449 2471 adorandae
2493 2414 2670 2469 crucis
2704 2423 2796 2468 aut
2829 2415 3041 2484 penitus
3069 2416 3414 2484 pneterieris,
3450 2426 3543 2470 aut
3590 2428 3744 2473 certe

2164 2503 2497 2558 immutaudo
2512 2501 2669 2571 juxta
2698 2501 3181 2558 familiarissimum
3223 2504 3317 2558 tibi
3346 2505 3562 2561 modum
3597 2506 3745 2562 aliud

2161 2608 2260 2663 pro
2280 2592 2388 2647 alio
2419 2592 2641 2657 dixeris,
2671 2591 2810 2646 sicut
2842 2592 2901 2651 in
2924 2593 3107 2648 verbis
3133 2594 3274 2647 beati
3315 2592 3567 2665 Cypriani
3596 2613 3745 2651 mar-

2164 2681 2296 2752 tyris
2323 2681 2661 2737 convinceris
2685 2679 2895 2745 iecisse.
2918 2679 3279 2751 Quapropter,
3311 2684 3450 2738 sicut
3481 2686 3537 2738 in
3582 2701 3745 2740 ever-

2161 2773 2336 2828 tendis
2371 2773 2696 2844 imaginibus
2730 2783 3040 2828 sanctorum
3061 2773 3210 2828 etab
3233 2775 3479 2830 ecclesiis
3524 2777 3745 2846 penitus

2158 2860 2440 2932 pellendis.
2468 2862 2608 2916 beati
2646 2870 2701 2915 et
2733 2861 3169 2917 excellentissimi
3211 2863 3448 2919 doctoris
3493 2864 3741 2936 Gregorii

2160 2952 2447 3008 scribentis
2493 2956 2559 3007 ad
2620 2951 2886 3008 Serenum
2941 2953 3330 3011 Massiliensem
3383 2956 3694 3026 episcopum
3722 2997 3739 3021 ,

2160 3043 2533 3099 saluberrimis
2573 3044 2733 3099 dictis
2758 3045 3155 3100 contumaciter
3180 3046 3457 3101 contraisti
3485 3037 3599 3102 {ita
3652 3048 3740 3100 ni-

481 3118 588 3199 no‘n
621 3152 797 3214 egeat,
827 3142 954 3211 quia
978 3142 1095 3212 ipso
1124 3143 1270 3196 dictu
1296 3142 1587 3197 absurdum
1611 3151 1716 3203 est,
1758 3147 1971 3194 constat
2002 3146 2054 3192 te
2081 3127 2125 3189 C
2156 3135 2447 3190 hilominus
2474 3136 2525 3189 in
2555 3136 2868 3190 abdicandis
2894 3135 2962 3190 ab
2994 3118 3223 3192 ecclesia
3248 3136 3449 3193 Christi
3484 3139 3739 3193 crucibus

482 3248 593 3290 tam
623 3249 826 3289 vesano
867 3231 1050 3288 furore
1091 3241 1425 3302 correptum,
1474 3239 1535 3285 ut
1578 3246 1803 3301 prorsus
1847 3230 2061 3286 nescias

479 3327 605 3394 quid
649 3324 805 3379 dicis.
840 3322 1068 3378 Exstant
1095 3331 1151 3376 et
1175 3322 1280 3375 alia
1309 3337 1427 3392 qua:
1475 3322 1544 3376 de
1591 3321 1772 3377 verbis
1816 3319 2056 3390 ejusdem

480 3416 807 3475 sanctissimi
860 3415 960 3469 viri
1008 3414 1192 3469 furtim
1221 3413 1492 3482 usurpasti
1514 3453 1529 3477 ,
1557 3423 1612 3468 et
1638 3428 1743 3466 non
1773 3426 1839 3467 eo
1864 3411 2056 3465 ordine

479 3510 765 3573 verborum
792 3523 900 3576 quo
927 3507 993 3560 ah
1024 3506 1141 3576 ipso
1168 3505 1363 3579 posita,
1398 3504 1478 3558 vel
1503 3520 1568 3560 eo
1597 3520 1758 3560 sensu
1784 3520 1891 3573 quo
1915 3503 2054 3558 dicta

478 3611 625 3662 sunt.
654 3603 746 3657 sed
774 3603 842 3656 ad
878 3601 1223 3671 peregrinum
1253 3600 1540 3669 quemdam
1571 3598 1902 3654 intellectum
1943 3598 2058 3659 vio-

478 3692 653 3759 lenter
702 3707 800 3761 pro
851 3690 1006 3745 lihitu
1064 3700 1154 3744 tuo
1207 3689 1475 3744 retorsisti
1509 3701 1558 3742 ι.
1609 3689 1739 3755 Qum
1766 3688 1834 3753 si,
1863 3697 1976 3742 uta
2006 3697 2058 3742 te

478 3783 760 3837 immutata
798 3790 853 3836 et
896 3781 1067 3849 posita
1108 3789 1255 3842 sunt,
1285 3778 1502 3833 lectoris
1527 3778 1811 3849 prudentia
1861 3779 2056 3833 discuti

474 3881 530 3929 et
543 3871 838 3927 examinari
864 3870 1366 3939 cmpcrint,quantaz
1385 3868 1754 3935 absurditatis,
1778 3876 2057 3938 quantmve

477 3961 912 4033 reprehensionis
951 3959 1085 4024 sint;
1144 3968 1199 4012 et
1253 3973 1416 4027 quam
1461 3971 1645 4012 coacte
1670 3960 1905 4020 ﬂuenta,
1936 3972 2055 4026 quae

477 4054 695 4123 limpida
724 4052 987 4115 hausisti,
1013 4050 1146 4121 pede
1179 4048 1683 4121 pravirintellcctus
1727 4048 2052 4110 turbaveris,

477 4130 689 4214 liquido
716 4143 940 4214 patebit.
988 4141 1120 4196 item
1150 4142 1231 4194 ais
1260 4159 1271 4193 :

553 4256 572 4286 ι
616 4234 723 4290 Sed
751 4234 935 4288 dicunt
957 4232 1046 4286 isti
1085 4229 1231 4285 falsa:
1281 4229 1556 4300 religionis
1602 4241 1765 4298 atque
1794 4228 2058 4298 supersti-

478 4347 497 4380 ς
545 4326 705 4381 tionis
736 4326 973 4379 cultores
999 4341 1011 4377 :
1042 4321 1148 4375 Nos
1188 4323 1257 4376 ob
1293 4321 1724 4375 recordationem
1755 4319 2053 4375 Salvatoris

479 4437 497 4468 ‹
546 4415 717 4470 nostri
766 4427 980 4469 crucem
1040 4412 1239 4481 pictam
1297 4420 1459 4479 atque
1512 4411 1565 4464 in
1628 4408 1746 4477 ejus
1791 4410 2050 4465 honorem

479 4527 495 4557 ι
540 4506 881 4576 imaginatam
899 4502 1146 4565 colimus,
1165 4517 1485 4555 veneramur
1505 4510 1668 4571 atque
1682 4502 1992 4556 adoramus.
2024 4522 2042 4553 ι
2074 4481 2128 4540 Ῑ)

473 4600 618 4665 Quos
646 4612 806 4666 supra
832 4596 1071 4650 membra
1098 4594 1321 4658 diaboli,
1347 4594 1445 4650 hos
1473 4595 1562 4650 hic
1598 4593 1836 4651 infausto
1857 4604 1913 4671 et
1942 4595 2047 4649 im-

470 4690 693 4761 pudenti
742 4678 838 4743 ore
900 4686 1045 4743 falsa:
1101 4686 1376 4757 religionis
1436 4695 1599 4757 atque
1651 4688 2050 4756 superstitionis

471 4785 707 4840 cultores
756 4781 1014 4853 appellas,
1044 4796 1368 4851 causamque
1411 4782 1657 4851 protinus
1697 4781 1922 4840 reddere
1972 4784 2051 4837 vi-

471 4876 584 4931 deri
617 4876 717 4938 vis,
744 4890 841 4927 cur
870 4871 1015 4927 falsae
1039 4872 1309 4943 religionis
1337 4883 1499 4943 atque
1512 4875 1914 4953 superstitionis
1939 4875 2050 4930 cul-

473 4976 617 5020 tores
658 4964 1019 5034 appellantur,
1073 4978 1139 5019 eo
1185 4965 1325 5033 quod
1369 4964 1578 5020 scilicet
1619 4967 1688 5020 ob
1730 4969 2045 5021 memoriam

472 5054 739 5125 passionis
771 5053 969 5107 Christi
994 5069 1209 5107 crucem
1242 5054 1439 5123 pictam
1469 5064 1633 5124 atque
1658 5054 1709 5108 in
1739 5055 1856 5125 ejus
1880 5056 2048 5110 hono-

472 5162 585 5201 rem
630 5144 971 5213 imaginatam
998 5142 1195 5209 colant,
1238 5134 1565 5199 venerentur
1594 5154 1753 5214 atque
1798 5146 2043 5201 adorent.

469 5237 621 5305 Quod
649 5253 777 5309 ergo
801 5237 873 5291 ob
897 5236 1325 5292 recordationem
1356 5237 1745 5306 redemptionis
1773 5253 1883 5292 sua:
1923 5252 2047 5291 san-

469 5336 555 5380 cta
585 5326 820 5381 Ecclesia
857 5340 923 5382 ex
970 5334 1282 5381 sanctorum
1331 5324 1550 5380 Patrum
1599 5327 1886 5381 traditione
1921 5343 2042 5380 cru-

468 5431 585 5470 cem
612 5414 810 5475 Christi
838 5426 1143 5481 veneretur,
1198 5416 1404 5480 adoret,
1454 5416 1615 5482 colat,
1650 5432 1754 5471 non
1787 5418 1934 5472 cultu
1986 5428 2042 5472 et

470 5508 781 5562 adoratione
808 5524 927 5577 qua:
957 5506 1124 5562 solius
1157 5506 1464 5561 Divinitatis
1494 5515 1595 5573 est,
1634 5506 1728 5562 sed
1763 5522 1828 5562 eo
1862 5508 2041 5577 potius

472 5599 609 5653 unde
656 5598 746 5671 [de
782 5598 910 5671 quo]
951 5601 1085 5654 satis
1124 5599 1443 5669 abundeque
1483 5614 1645 5671 supra
1692 5600 1895 5655 dictum
1935 5609 2039 5666 est,

542 5721 571 5752 ι
592 5710 682 5767 Sic
706 5711 881 5767 solent
901 5686 1159 5769 hmi'ctici.

2127 3235 2216 3282 .et
2266 3227 2541 3296 despectui
2585 3227 2863 3290 habendis,
2918 3230 3160 3299 ejusdem
3206 3230 3442 3285 doctoris
3493 3231 3649 3286 factis
3678 3241 3737 3287 et

2160 3318 2318 3375 dictis
2342 3319 2698 3374 irreverenter
2743 3320 3217 3391 imprudenterque
3245 3324 3615 3393 comprobaris
3642 3326 3739 3379 ob-

2159 3410 2352 3464 viasse.
2412 3409 2611 3465 Scribit
2657 3412 2836 3480 itaque
2888 3412 3028 3467 idem
3079 3414 3268 3468 doctor
3308 3417 3374 3469 ad
3417 3415 3738 3471 Januarium

2158 3499 2494 3569 episcopum,
2525 3500 2594 3554 ita
2628 3501 2876 3570 inquiens
2904 3520 2918 3557 :
2956 3501 3146 3569 Judaei,
3180 3505 3246 3560 de
3284 3506 3502 3562 civitate
3552 3517 3736 3563 vestra

2160 3591 2264 3651 huc
2316 3596 2615 3658 venientes,
2643 3595 2815 3663 questi
2861 3596 3014 3651 nobis
3041 3608 3164 3651 sunt
3214 3598 3355 3667 quod
3407 3614 3735 3671 synagogum

2158 3699 2343 3747 eorum
2390 3701 2507 3754 qua:
2555 3686 2764 3743 Caralis
2792 3690 2919 3763 .sita
2950 3700 3052 3753 est,
3085 3691 3277 3747 Petrus
3315 3694 3407 3763 qui
3448 3711 3512 3749 ex
3546 3711 3735 3750 eorum

2158 3778 2538 3846 superstitione
2557 3780 2622 3832 ad
2649 3778 2973 3835 Christianze
3007 3782 3126 3837 ﬁdei
3159 3783 3383 3847 cultum,
3410 3784 3518 3840 Deo
3554 3785 3737 3839 volen.

2157 3880 2234 3933 te,
2262 3871 2551 3940 perductus
2574 3881 2677 3936 cst,
2707 3872 2964 3937 adhibitis
2990 3873 3089 3928 sibi
3135 3875 3453 3957 quihusdam
3506 3876 3730 3931 indisci-

2155 3962 2400 4031 plinatis,
2432 3963 2678 4030 sequenti
2706 3963 2792 4017 die
2831 3963 3169 4032 baptismatis
3196 3965 3277 4020 sui
3300 4006 3313 4029 ,
3345 3966 3446 4021 hoc
3474 3976 3556 4020 est
3580 4008 3593 4031 ,
3632 3968 3734 4020 Do-

2122 4053 2353 4127 lminica
2408 4050 2507 4123 [in]
2566 4052 2680 4122 ipsa
2727 4051 3021 4109 festivitate
3079 4054 3345 4120 Paschali,
3399 4072 3520 4110 cum
3578 4059 3732 4126 gravi

2156 4144 2411 4199 seandalo
2461 4144 2578 4199 sine
2618 4153 2799 4199 vestra
2848 4146 3193 4215 occupaverit
3241 4148 3533 4214 voluntate,
3569 4159 3735 4221 atque

2156 4235 2444 4305 imaginem
2493 4235 2600 4291 illic
2642 4237 2919 4307 genitricis
2949 4238 3068 4303 Dei,
3099 4238 3423 4310 Dominique
3453 4245 3643 4307 nostri,
3678 4255 3734 4299 et
3790 4252 3793 4253 ⁷

2155 4327 2517 4380 venerandam
2564 4342 2802 4393 crucem,
2855 4329 2938 4382 vel
2989 4331 3246 4400 pyrrhum
3308 4332 3489 4387 albam
3532 4350 3634 4403 qua
3665 4337 3735 4390 de

2155 4414 2334 4472 fronte
2365 4432 2593 4487 surgens
2613 4418 2833 4472 indutus
2861 4417 3069 4483 fuerat,
3091 4423 3446 4492 apposuisset.
3476 4423 3541 4479 Et
3566 4425 3735 4495 paulo

2152 4515 2273 4578 post
2299 4526 2310 4559 :
2342 4507 2775 4574 Considerantes,
2804 4512 2995 4581 inquit,
3023 4514 3122 4567 hac
3152 4514 3217 4568 de
3241 4530 3298 4570 re
3329 4525 3522 4571 vestra:
3546 4517 3736 4572 volun-

2151 4600 2280 4653 tatis
2327 4599 2593 4654 intenlum
2638 4616 2715 4669 ac,
2756 4604 2925 4671 magis
2966 4603 3262 4672 judicium.
3320 4608 3403 4662 his
3451 4609 3735 4665 hortamur

2153 4695 2422 4757 affatibus,
2453 4707 2531 4761 ut,
2560 4697 2765 4753 sublata
2803 4700 3152 4765 exinde,cum
3180 4720 3240 4757 ea
3276 4720 3379 4773 qua
3407 4704 3625 4774 dignum
3648 4717 3737 4761 est

2153 4788 2519 4851 veneratione,
2572 4789 2802 4861 imagine
2866 4800 3024 4861 atque
3083 4809 3262 4859 cruce,
3296 4797 3534 4850 debeatis
3586 4798 3735 4865 quod

2154 4876 2417 4931 violenter
2442 4878 2676 4931 ablatum
2705 4888 2805 4941 est,
2843 4882 3160 4936 reformare.
3188 4883 3319 4937 Item
3345 4885 3485 4938 idem
3515 4887 3582 4939 ad
3628 4886 3738 4941 lie—

2148 4966 2435 5020 charcdum
2469 4982 2647 5037 regem
2693 4969 3117 5040 Wisigothorum
3144 4975 3331 5028 scribit
3360 4975 3504 5029 inter
3532 4986 3737 5032 cretera’

2147 5060 2221 5114 ita
2269 5078 2282 5113 :
2326 5059 2553 5117 Crucem
2604 5078 2818 5132 quoque
2874 5064 3028 5119 latori
3081 5068 3425 5136 pnesentium
3483 5070 3733 5126 dedimus

2146 5153 2298 5207 vobis
2346 5152 2706 5226 offerendam,
2738 5156 2791 5209 in
2821 5170 2929 5225 qua
2957 5157 3158 5228 lignum
3210 5157 3501 5213 Dominicm
3550 5163 3730 5215 crucis

2149 5244 2309 5309 inest,
2335 5253 2388 5298 et
2418 5245 2595 5315 capilli
2622 5246 2762 5300 beati
2791 5246 3015 5304 Joannis
3045 5249 3318 5320 Baptistae,
3342 5266 3407 5306 ex
3435 5269 3541 5323 qua
3582 5270 3729 5308 sem-

2149 5351 2247 5404 per
2292 5335 2538 5390 solatium
2592 5339 2763 5392 nostri
2815 5339 3111 5395 Salvatoris
3148 5356 3247 5411 per
3282 5343 3724 5400 intercessionem

2148 5426 2497 5493 pnecursoris
2551 5425 2761 5483 Domini
2809 5430 3072 5485 habeatis.
3124 5430 3323 5487 Scribit
3364 5436 3527 5489 etiam
3580 5434 3724 5490 Beda

2147 5514 2470 5567 venerabilis
2519 5508 2827 5587 presbyter,
2862 5520 3210 5589 modernique
3259 5524 3514 5593 temporis
3566 5524 3723 5593 hujus

2147 5604 2504 5675 peritissimus
2551 5623 2614 5662 ac
2655 5610 3100 5679 prmcla'issimus
3128 5612 3336 5678 doctor,
3391 5617 3440 5669 in
3486 5616 3722 5672 Historia
