4030 6190
277 315 388 371 335

1362 306 1442 360 DE
1482 305 1706 361 CULTU
1747 300 2103 356 lMAGlNU‘J.
2143 332 2210 340 ——
2247 300 2371 355 LIB.
2414 301 2449 354 l;

3391 300 3513 357 ’ῧῦι

276 424 600 493 Anglorum,
632 419 862 490 qualiter
883 420 1067 475 eodem
1099 422 1252 475 beato
1282 420 1542 487 Gregorio
1583 419 1845 487 dirigente
1875 431 1919 485 Α
1949 414 2090 466 tione
2113 412 2382 482 Evangelii
2412 413 2651 477 Joannis,
2693 400 2909 467 liomilia
2940 415 3267 484 sexagesima
3296 431 3511 487 quarta.

278 512 678 579 salubriterque
715 504 971 579 docente,
1026 511 1352 580 Augustinus
1398 512 1683 579 episCOpus
1729 525 1850 562 cum

278 601 453 658 sociis
481 598 946 654 suis'Britanniam
976 599 1205 662 venerit,
1236 614 1520 669 regemque
1562 598 1852 668 Anglorum

284 694 502 756 adierit,
550 692 622 744 ita
653 691 840 745 dicens
872 708 885 743 :
914 690 1046 745 Post
1075 691 1190 745 dies
1212 706 1339 761 ergo
1383 690 1587 757 aliquot
1617 691 1762 743 venit
1786 691 1853 743 ad

285 784 516 837 insulam
542 797 654 845 rex,
684 789 740 835 et
759 780 999 835 residens
1038 782 1136 835 sub
1178 781 1284 845 (lio,
1306 782 1463 851 jussit
1501 782 1853 849 Augustinum

284 888 410 925 cum
456 872 617 925 sociis
665 869 732 923 ad
779 886 933 941 suum
983 870 1181 925 ibidem
1221 871 1473 924 advenire
1511 870 1850 939 colloquium.

283 961 519 1016 Caverat
545 961 686 1014 enim
711 976 777 1014 ne
800 960 853 1013 in
877 960 1107 1029 aliquam
1132 960 1344 1015 domum
1368 962 1433 1014 ad
1464 978 1520 1014 se
1551 961 1851 1024 introirent,

284 1062 469 1105 vetere
490 1067 620 1105 usus
648 1050 893 1120 augurio,
925 1065 990 1104 ne
1015 1060 1333 1120 superventu
1364 1066 1462 1105 suo
1490 1051 1535 1104 si
1577 1052 1702 1119 quid
1742 1067 1857 1128 nia-

284 1142 457 1196 leﬁca:
492 1143 624 1196 artis
651 1142 984 1203 habuissent,
1035 1157 1155 1196 eum
1185 1142 1487 1221 superando
1526 1142 1851 1209 deciperent.

283 1236 358 1288 At
402 1234 481 1287 illi
519 1249 623 1286 non
665 1233 1014 1298 daemoniaca,
1057 1232 1149 1286 sed
1192 1233 1369 1287 divina
1414 1234 1620 1302 przediti
1661 1235 1858 1287 virtute

285 1321 598 1381 veniebant,
621 1334 834 1375 crucem
860 1334 960 1388 pro
997 1320 1192 1375 vexillo
1246 1319 1475 1375 ferentes
1523 1331 1853 1391 argenteam,

284 1421 343 1466 et
373 1411 662 1480 imaginem
692 1410 902 1464 Domini
943 1409 1238 1466 Salvatoris
1275 1412 1326 1465 in
1362 1410 1538 1465 tabula
1569 1411 1856 1478 depictam,

286 1502 612 1570 litaniasque
644 1510 925 1566 canentes,
951 1510 1047 1571 pro
1086 1517 1182 1556 sua
1228 1501 1386 1556 simul
1431 1510 1695 1556 eteorum
1743 1516 1861 1570 pro-

284 1602 411 1663 pter
450 1607 585 1660 quos
606 1598 860 1645 venerant
889 1591 1059 1644 salute
1087 1599 1287 1645 arterna
1330 1591 1553 1646 Domino
1597 1591 1860 1660 supplica~

286 1688 445 1739 bant.
490 1683 558 1736 Et
584 1692 703 1752 post
723 1697 894 1752 pauca
922 1701 934 1734 :
968 1682 1163 1736 Fertur
1198 1691 1401 1753 autem.
1422 1683 1546 1752 quia
1575 1683 1861 1753 appropin-

1951 508 2087 573 Quid
2127 517 2245 565 est.
2304 507 2504 575 inquit,
2555 507 2694 575 quod
2744 513 2930 561 Omnes
2988 518 3249 562 noverunt
3299 511 3512 578 signum

1951 597 2190 652 Christi?
2215 598 2356 666 quod
2382 597 2590 666 signum
2622 596 2720 650 nisi
2750 596 3072 651 adhibeatur
3104 597 3215 654 sive
3244 599 3294 654 in
3325 600 3513 657 fronti-

1934 688 2050 739 bus
2078 685 2329 748 ﬁdelium,
2346 686 2458 739 sive
2480 686 2578 754 lpSl
2603 700 2754 755 aqua:
2774 699 2838 739 ex
2859 700 2963 755 qua
2984 698 3382 758 regenerantur,
3398 690 3512 746 sive

1951 777 2068 830 ulcn
2121 791 2226 843 quo
2267 776 2556 831 chrismate
2600 784 2888 846 unguntur,
2923 776 3035 831 sive
3086 780 3352 836 sacriﬁcio
3403 798 3509 851 quo

1954 868 2185 931 aluntur,
2212 867 2340 921 nihil
2372 867 2561 920 borum
2589 867 2689 921 rite
2711 866 3005 936 perﬁcitur.
3049 869 3152 923 Sed
3178 872 3326 926 hunc
3381 873 3516 926 inte-

1954 958 2053 1011 rim
2096 958 2161 1011 de
2211 958 2465 1027 mysterio
2510 957 2715 1021 crucis,
2772 957 2913 1026 quod
2961 959 3284 1027 apostolicus
3338 976 3517 1017 sermo

1954 1047 2285 1115 exsequitur,
2311 1055 2366 1099 et
2388 1046 2528 1099 beati
2554 1044 2836 1123 Augustini
2879 1048 3269 1116 copiosissima,
3298 1050 3406 1106 imo
3431 1067 3517 1105 sa-

1956 1135 2167 1203 lutilera
2216 1137 2564 1206 expositione,
2593 1138 2879 1193 scribentis
2908 1140 2960 1192 in
2988 1138 3124 1194 libro
3152 1140 3217 1195 de
3262 1142 3514 1198 Doctrina

1956 1225 2282 1291 Christiana,
2309 1242 2405 1280 nec
2427 1242 2529 1281 non
2554 1236 2610 1282 et
2637 1227 2689 1280 in
2713 1227 2868 1297 paulo
2888 1237 3012 1284 ante
3040 1232 3519 1287 memoratahomi-

1956 1315 2025 1369 lia
2052 1316 2318 1387 Evangelii
2343 1315 2584 1381 Joannis,
2633 1316 2942 1388 plenissime
2991 1320 3304 1376 instruimur
3338 1326 3357 1377 ἐ
3399 1322 3518 1380 Non

1956 1419 2033 1460 est
2061 1408 2227 1461 nostri
2256 1409 2511 1476 propositi
2534 1418 2591 1463 ut
2622 1410 2821 1481 aliquid
2842 1411 2930 1465 hic
2949 1411 3264 1481 disputetur.
3295 1413 3519 1482 Quantae

1959 1499 2211 1553 vexillum
2243 1502 2420 1556 crucis
2446 1502 2681 1564 virtutis,
2722 1512 3001 1572 quaut'aeve
3054 1505 3229 1563 laudis
3276 1510 3368 1573 sit,
3393 1511 3521 1579 quia

1963 1605 2046 1644 me
2071 1591 2330 1660 imparem
2357 1593 2598 1681 materia:
2626 1602 2785 1647 tanta:
2810 1595 3094 1664 prmsentio
3122 1596 3187 1650 ad
3230 1598 3526 1668 intelligen-

1961 1679 2111 1743 dum,
2138 1688 2192 1734 et
2223 1679 2489 1750 elinguem
2520 1680 2585 1735 ad
2610 1680 3009 1752 proferendum,
3032 1686 3200 1740 satius
3228 1695 3375 1744 ratus
3402 1705 3520 1743 sum

287 1788 524 1846 quantes
575 1775 800 1839 civitati,
854 1790 1004 1829 more
1050 1790 1148 1829 suo
1201 1790 1324 1829 cum
1370 1788 1530 1829 cruce
1588 1783 1770 1828 sancta
1806 1782 1861 1827 et
1890 1773 1935 1831 Β
1963 1770 2353 1826 interim‘meis
2407 1783 2704 1843 temperare
2743 1776 2940 1830 verbis.
2987 1775 3238 1831 Attamen
3290 1794 3409 1833 cum
3454 1780 3582 1842 ad.

285 1870 527 1940 imagine
571 1869 747 1937 magni
812 1868 953 1937 regis
1003 1866 1214 1921 Domini
1270 1868 1439 1921 nostri
1484 1865 1609 1921 Jesu
1660 1866 1862 1921 Christi

285 1964 430 2016 hanc
462 1961 701 2014 litaniam
739 1974 972 2014 consona
1011 1973 1141 2013 voce
1186 1959 1588 2012 modularentur
1621 1976 1632 2009 :
1664 1958 1861 2028 Depre-

283 2068 474 2104 camur
507 2062 575 2113 te,
604 2049 840 2110 Domine,
886 2048 940 2100 in
966 2050 1106 2101 omni
1136 2047 1491 2102 misericordia
1535 2057 1645 2108 tua,
1679 2058 1732 2099 ut
1772 2063 1860 2099 au-

280 2144 491 2211 [eratur
518 2141 665 2210 furor
691 2150 844 2203 tuus,
887 2151 933 2193 et
976 2142 1057 2193 ira
1092 2151 1181 2193 tua
1221 2158 1251 2192 a
1289 2141 1493 2193 civitate
1543 2142 1665 2203 ista,
1696 2150 1742 2192 el
1799 2140 1863 2193 de

279 2232 443 2284 domo
469 2242 651 2285 sancta
680 2241 792 2294 tua,
829 2212 1073 2301 quoniam
1108 2232 1453 2301 peccavimus,
1485 2230 1718 2284 alleluia.
1768 2231 1863 2284 At-

278 2321 465 2385 tende,
492 2321 679 2374 hortor
709 2329 779 2383 te,
810 2320 1019 2383 Claudi,
1061 2321 1349 2391 patienter,
1400 2328 1635 2390 quantus
1662 2320 1861 2389 qualis-

280 2428 391 2481 que
421 2412 629 2474 doctor,
666 2420 722 2466 et
767 2413 1013 2482 superius
1064 2428 1279 2467 crucem
1324 2410 1478 2479 juxta
1527 2412 1860 2481 praemissum

282 2504 509 2557 modum
524 2502 873 2567 adorandam,
890 2513 944 2557 et
965 2503 1016 2557 in
1039 2504 1255 2572 scriptis
1275 2518 1490 2557 crucem
1506 2504 1859 2557 venerandam

283 2604 535 2663 astruat.
580 2595 1048 2664 venerationisque
1101 2609 1261 2648 causa
1321 2608 1384 2647 ac
1439 2593 1858 2657 benedictionis,

281 2685 607 2740 Recharedo
632 2687 738 2757 regi
766 2702 985 2741 erucem
1021 2686 1247 2750 miserit,
1275 2695 1586 2754 quantaque
1616 2685 1859 2740 doctrina

283 2776 609 2845 discipulum
637 2793 791 2831 suum
813 2777 1173 2846 Augustinum
1206 2778 1485 2847 sociosque
1508 2776 1623 2845 ejus
1657 2778 1861 2830 imbue-

283 2867 375 2925 rit,
404 2875 465 2919 ut
500 2881 716 2920 crucem
754 2876 809 2921 et
832 2868 1121 2939 imaginem
1152 2868 1247 2931 Dei
1273 2868 1441 2922 nostri
1486 2866 1613 2923 Jesu
1660 2868 1861 2923 Christi

283 2959 354 3011 ad
380 2956 497 3011 fera
536 2958 698 3011 corda
727 2958 1001 3026 gentilium
1032 2957 1296 3012 domanda
1327 2968 1380 3012 et
1416 2958 1769 3027 praedicanda,
1807 2968 1864 3013 ct

283 3049 352 3101 ad
385 3047 545 3102 ﬁdem
571 3047 783 3102 Christi
808 3048 1186 3112 convertenda,
1211 3063 1393 3103 secum
1417 3047 1581 3103 ferret
1612 3066 1623 3100 :
1656 3054 1709 3101 et
1734 3063 1857 3118 per-

1964 1876 2086 1916 eum
2122 1861 2298 1917 locum
2344 1872 2559 1918 ventum
2605 1862 2768 1920 fuerit
2814 1865 2927 1931 ubi,
2956 1866 3008 1918 in
3051 1867 3521 1924 dehonorationem

1963 1955 2160 2018 crucis,
2201 1956 2410 2010 asinum
2459 1956 2790 2010 adorandum
2840 1957 3092 2023 docuisti,
3138 1969 3191 2014 et
3243 1961 3430 2025 multa,
3467 1971 3525 2015 ut

1962 2046 2160 2101 mentis
2214 2046 2398 2116 inops,
2448 2046 2796 2103 deliramenta
2848 2049 3168 2114 subtexisti,
3220 2050 3345 2118 qu.d
3402 2053 3526 2106 inde

1961 2137 2132 2191 sancti
2155 2144 2207 2190 et
2228 2136 2409 2192 eximii
2441 2137 2686 2192 doctores
2713 2139 3028 2208 exponendo
3055 2139 3308 2204 dixerint,
3336 2141 3403 2194 ad
3435 2150 3527 2195 tua

1960 2227 2276 2281 inconcinna
2304 2228 2445 2282 dicta
2470 2226 2764 2290 refutanda,
2782 2239 2939 2298 prout
2961 2228 3100 2284 Deus
3123 2230 3389 2293 annuerit,
3411 2231 3527 2286 bre-

1960 2319 2099 2371 viter
2123 2319 2455 2373 subdendum
2503 2327 2602 2373 est.
2633 2318 2857 2373 Constat
2886 2319 3050 2392 igitur
3088 2329 3141 2374 ct
3171 2320 3400 2374 evidenti
3441 2336 3549 2374 ιιι-α

1960 2410 2107 2465 tione
2136 2408 2458 2474 declaratur,
2492 2425 2596 2463 non
2628 2409 2748 2464 illos
2779 2409 2870 2479 qui
2901 2424 3116 2464 crucem
3150 2409 3345 2464 Christi
3371 2411 3525 2480 juxta

1962 2501 2209 2571 superius
2230 2500 2564 2570 ιιιιυιιιίεειιιιι
2593 2500 2809 2555 modum
2838 2507 3166 2555 venerantur
3198 2508 3252 2554 et
3277 2501 3523 2564 adorant,

1960 2598 2056 2650 sed
2115 2605 2166 2649 te
2207 2596 2388 2665 potius
2430 2594 2545 2663 ejus
2591 2603 3014 2659 exsecratorem,
3059 2593 3209 2649 falsa:
3256 2593 3528 2664 religionis

1960 2695 2016 2739 et
2035 2686 2437 2754 superstitionis
2465 2685 2724 2740 cultorem
2747 2686 2999 2740 existere.
3029 2684 3163 2752 Quia
3199 2700 3329 2757 ergo
3355 2700 3523 2754 pauca

1959 2794 2058 2847 per
2089 2794 2369 2833 excessum
2420 2778 2672 2842 diximus,
2703 2777 3010 2833 necessario
3038 2777 3109 2831 ad
3156 2776 3333 2832 locum
3376 2775 3525 2831 litte-

1964 2887 2146 2925 rarum
2182 2879 2394 2925 tuarum
2437 2871 2575 2924 unde
2606 2870 2828 2942 digressi
2852 2884 3038 2925 sumus
3061 2870 3234 2924 redire
3263 2869 3524 2940 cogimur.

1964 2961 2063 3017 Ubi
2092 2961 2267 3030 inquis
2297 2980 2308 3013 :

2038 3070 2071 3127 ι.
2101 3051 2304 3117 Quibus
2330 3051 2459 3105 nihil
2504 3051 2647 3106 aliud
2689 3050 2864 3121 placet
2900 3052 2953 3105 in
2992 3049 3268 3106 Salvatore
3316 3059 3522 3114 nostro,

281 3137 460 3206 pende
486 3138 611 3207 quia
639 3154 783 3193 sanae
811 3139 1111 3207 sobrizeque
1133 3138 1247 3207 ejus
1271 3139 1530 3194 doctrinae
1561 3149 1647 3193 tua
1671 3140 1858 3193 insana
1887 3123 1930 3183 (ἶ
1958 3162 1991 3215 ,ς
2034 3123 2136 3198 nisi
2162 3142 2304 3212 quod
2342 3152 2396 3197 et
2420 3143 2597 3211 impiis
2627 3142 2842 3213 placuit.
2877 3142 3220 3213 opprobrium
3257 3143 3523 3213 passionis

282 3239 338 3283 et
365 3229 546 3296 inepta
579 3229 804 3283 resultat
830 3229 1095 3283 doctrina.
1143 3229 1405 3296 Quoniam
1457 3230 1598 3299 quod
1646 3229 1734 3284 ille
1797 3231 1862 3285 de

283 3334 450 3373 cruce
486 3328 542 3373 et
591 3320 916 3391 imaginibus
951 3329 1260 3374 sanctorum
1288 3322 1638 3395 disertissima
1687 3338 1862 3377 asser-

284 3409 437 3461 tione
479 3417 535 3461 et
572 3409 887 3464 cautissima
943 3410 1279 3465 institutione
1329 3402 1611 3467 tenendum
1661 3413 1859 3475 docuit,

281 3500 452 3553 homo
481 3508 536 3552 tu
567 3502 931 3570 portentuosis
958 3503 1410 3573 disputationibus
1434 3503 1858 3560 lahcfactandum

284 3590 552 3645 oblatras.
590 3590 739 3647 Scito
772 3607 900 3661 ergo
934 3580 1061 3664 quia
1090 3595 1193 3649 nisi
1238 3604 1326 3649 tua
1365 3604 1544 3676 errata
1590 3595 1862 3650 humiliter

279 3680 536 3734 conﬁteri
578 3691 635 3735 et
682 3683 955 3751 corrigere
992 3699 1330 3754 pnepropere
1357 3685 1645 3749 studueris,
1675 3684 1860 3754 procul

277 3771 451 3825 dubio
481 3772 545 3824 ad
574 3771 874 3841 periculum
906 3773 1095 3829 salutis
1122 3784 1225 3829 tute
1248 3786 1303 3829 et
1324 3777 1390 3830 ad
1418 3776 1628 3829 ruinam
1665 3776 1862 3846 gradus

236 3870 249 3877 '
280 3864 390 3923 tui,
410 3863 543 3917 tanti
565 3863 803 3918 doctoris
827 3864 1289 3921 excellentissimis
1315 3867 1471 3921 dictis
1502 3876 1556 3922 et
1585 3866 1860 3921 discretis-

278 3955 1176 4011 simisinstitutionibuscontraria
1201 3958 1572 4025 dogmatizasti
1600 3977 1611 4011 :
1645 3959 1855 4027 L'tquid,

280 4057 422 4111 rogo
444 4051 516 4106 te,
542 4052 650 4096 tam
673 4059 869 4100 vesano
897 4043 1077 4100 furore
1107 4049 1329 4115 raperis,
1364 4058 1419 4099 ut
1438 4047 1860 4116 JulianumApo-

277 4141 486 4187 statam
522 4133 787 4198 imitatus,
815 4150 1030 4190 crucem
1080 4136 1366 4204 imaginem
1402 4137 1603 4191 Christi
1649 4148 1860 4208 gestan-

279 4232 403 4276 tem
436 4224 504 4277 ab
533 4223 758 4280 ecclesia
809 4227 1115 4289 abstuleris,
1154 4242 1218 4281 ac
1243 4243 1310 4282 ne
1338 4244 1368 4281 a
1399 4228 1661 4291 ﬁdelibus,
1703 4229 1858 4295 juxta
1885 4297 1889 4300 ν

279 4313 637 4367 traditionem
683 4316 1125 4383 ecclesiasticam,
1155 4319 1209 4372 in
1254 4318 1489 4374 basilicis
1530 4320 1730 4373 Christi
1762 4321 1857 4373 ba-

280 4403 506 4456 beretur
561 4404 863 4459 inhiberis?
921 4406 1119 4476 thuid
1168 4408 1332 4462 etiam
1374 4408 1625 4463 vexillum
1678 4411 1856 4464 crucis

1971 3253 1988 3285 ι
2032 3243 2087 3289 et
2121 3234 2299 3289 irrisio
2349 3235 2581 3288 mortis:
2615 3236 2716 3290 hoc
2762 3235 2827 3289 de
2871 3234 2962 3289 illo
3013 3234 3242 3289 credunt
3291 3233 3433 3304 quod
3472 3243 3527 3289 et

1969 3342 1989 3374 α
2035 3324 2180 3393 impii
2206 3325 2473 3387 homines,
2522 3325 2635 3379 sive
2657 3324 2847 3389 Judaﬁ,
2880 3324 2994 3379 sive
3021 3324 3231 3396 pagani,
3265 3324 3357 3393 qui
3397 3339 3522 3379 eum

1969 3430 1985 3460 ι
2029 3413 2389 3467 resurrexisse
2410 3412 2672 3476 difﬁdunt,
2701 3422 2755 3466 et
2774 3427 2879 3468 non
2903 3421 3166 3467 noverunt
3184 3413 3249 3469 de
3271 3413 3361 3469 illo
3380 3412 3525 3468 aliud

1969 3522 1986 3552 ι
2030 3504 2285 3574 cogitare,
2315 3504 2418 3558 nisi
2459 3520 2581 3558 eum
2612 3513 2783 3558 totum
2820 3512 2873 3559 et
2900 3515 3188 3570 mortuum,
3219 3514 3274 3558 et
3308 3518 3523 3575 semper

1968 3613 1985 3643 ι
2034 3595 2085 3648 in
2119 3596 2366 3664 passione
2403 3596 2637 3664 positum
2672 3596 2726 3650 in
2764 3598 2926 3651 corde
2955 3611 3053 3651 suo
3077 3598 3301 3651 credunt
3320 3606 3377 3653 et
3398 3599 3527 3653 reti-

1968 3704 1985 3734 ι
2030 3696 2175 3751 nent,
2212 3695 2264 3740 et
2287 3702 2389 3740 non
2418 3686 2722 3752 attendunt,
2754 3703 2928 3757 neque
2957 3688 3259 3757 intelligunt
3281 3690 3421 3759 quod
3447 3690 3524 3745 ait
3560 3680 3565 3687 ’

1968 3794 1984 3825 ι
2025 3776 2349 3846 Apostolus:
2390 3775 2454 3829 Et
2502 3793 2807 3829 noveramus
2835 3777 3116 3830 secundum
3141 3792 3347 3831 carnem
3372 3775 3524 3832 Clari-

1967 3886 1984 3916 ι
2029 3878 2186 3931 stum,
2212 3867 2301 3920 sed
2331 3867 2595 3936 nnncjnm
2624 3869 2973 3921 nonnovimus
3000 3867 3085 3937 (II
3116 3866 3328 3939 Conv).
3368 3889 3386 3920 ι
3421 3868 3522 3923 Ρο-

1961 3969 2118 4022 terat,
2138 3976 2170 4011 0
2195 3958 2401 4023 Claudi,
2434 3959 2476 4013 si
2508 3959 2601 4013 tibi
2639 3959 2787 4013 cordi
2819 3959 3007 4014 fuisset
3031 4000 3044 4020 ,
3064 3960 3176 4029 jam
3203 3961 3371 4033 stylus
3399 3970 3522 4017 tuus

1963 4049 2242 4117 imperitus
2265 4057 2320 4101 et
2350 4048 2585 4103 incultus
2608 4047 2814 4114 fcriari,
2845 4066 3060 4119 sumque
3086 4050 3451 4106 immoderata:
3471 4062 3527 4106 et

1962 4140 2326 4208 intemperata
2341 4138 2561 4193 dictioni
2593 4139 2814 4193 limitem
2832 4142 3222 4209 quodammodo
3238 4142 3421 4214 ﬁgere,
3435 4145 3527 4214 qui

1958 4246 2134 4300 neque
2156 4231 2424 4286 submisso
2440 4245 2613 4300 neque
2636 4240 2931 4302 temperato
2947 4234 3153 4289 dicendi
3177 4249 3375 4304 genere
3396 4251 3526 4291 con-

1961 4332 2140 4377 tentus
2169 4364 2185 4389 ,
2217 4324 2311 4378 sed
2355 4338 2569 4394 semper
2600 4324 2878 4394 granditer
2907 4326 3131 4394 loquens
3160 4334 3215 4380 et
3240 4327 3359 4381 sine
3408 4328 3525 4397 lege

1964 4414 2146 4467 furens
2171 4454 2186 4477 ,
2236 4413 2552 4482 nullumque
2597 4412 2785 4467 Italum
2814 4454 2828 4478 ,
2862 4429 3034 4484 neque
3083 4413 3313 4481 Gallum,
3351 4432 3525 4487 neque

278 4496 664 4552 exborrescis?
693 4498 947 4555 Nescisne
983 4501 1108 4569 quia
1135 4502 1437 4555 daemonum
1485 4512 1569 4556 est
1618 4501 1855 4568 ejusdem
1886 4470 1935 4528 Β
1960 4502 2285 4558 Germanum
2311 4504 2636 4559 catholicum
2659 4504 2876 4573 excipit,
2903 4506 3034 4574 quin
3061 4505 3115 4559 in
3140 4521 3348 4572 omnes,
3367 4510 3526 4563 amis—
3604 4574 3609 4579 ι

277 4597 471 4651 crucis
501 4597 754 4651 vexillum
805 4600 1223 4655 exhorrescere?
1260 4601 1421 4667 Quid,
1449 4616 1599 4670 rogo,
1652 4602 1859 4656 sorduit

278 4687 387 4741 tibi
412 4695 616 4741 tantum
658 4703 787 4742 crux
811 4688 1045 4743 Christi?
1089 4691 1224 4745 Puto
1249 4707 1378 4746 sane
1397 4692 1522 4761 quia
1542 4692 1584 4745 si
1619 4701 1668 4746 te
1695 4707 1859 4747 cruce

277 4779 494 4833 Christi
519 4780 849 4847 redemptum
879 4780 1109 4835 ﬁdeliter
1131 4783 1481 4853 credidisses,
1499 4798 1767 4852 nunquam
1809 4793 1859 4838 te

279 4868 548 4923 infestum
577 4868 692 4938 ejus
716 4870 991 4924 inimicum
1028 4881 1083 4925 et
1104 4882 1494 4929 cxseeratorem
1519 4883 1679 4943 atque
1705 4874 1857 4928 abdi-

279 4971 529 5014 caturem
579 4961 970 5015 constituisses.
1015 4963 1118 5017 Per
1150 4980 1365 5018 crucem
1394 4980 1628 5034 namque
1671 4967 1859 5020 inertis

282 5060 478 5105 auctor
504 5062 789 5120 superatus
812 5061 914 5114 est,
938 5061 993 5105 et
1025 5053 1339 5108 mortalibus
1382 5055 1490 5107 vita
1524 5055 1730 5107 reddita
1755 5064 1854 5107 est.

284 5144 353 5196 Et
382 5158 544 5197 nemo
573 5142 809 5196 ﬁdelium
854 5144 953 5196 nisi
1007 5143 1321 5211 spiritaliter
1341 5159 1499 5199 cruce
1525 5144 1727 5197 Christi
1770 5159 1858 5195 ve-

283 5246 427 5300 ctus,
468 5250 620 5288 mare
647 5235 802 5289 linus
825 5235 1002 5290 szeculi
1040 5236 1269 5289 transire
1298 5244 1349 5290 et
1380 5237 1446 5288 ad
1468 5243 1679 5305 portum
1713 5235 1859 5288 salu-

290 5328 354 5381 tis
376 5337 601 5380 :eternzr
646 5328 787 5381 valet
821 5327 1121 5396 pervenire.
1176 5327 1256 5379 An
1290 5328 1503 5397 ignoras
1547 5327 1669 5394 quia
1709 5343 1858 5379 arma

290 5416 528 5484 ﬁdeliqu
574 5424 659 5471 est
682 5433 813 5471 crux
844 5417 1080 5473 Christi?
1124 5417 1235 5472 Hoc
1260 5417 1455 5469 vexillo
1483 5417 1687 5470 frontes
1734 5419 1863 5471 lide-

290 5504 413 5561 lium
467 5507 804 5560 muniuntur.
833 5505 943 5560 Hoc
965 5507 1160 5577 quippe
1190 5506 1384 5560 vexillo
1419 5505 1600 5558 hostes
1621 5505 1861 5578 invisibi-

287 5592 362 5651 les
383 5596 685 5667 pelluntur.
718 5596 819 5650 Per
854 5599 955 5651 hoc
980 5597 1189 5666 signum
1220 5604 1413 5651 cuncta
1465 5594 1617 5649 nobis
1661 5594 1863 5649 sancti-

286 5684 541 5741 ﬁcantur.
579 5685 732 5742 Unde
758 5686 946 5742 scribit
966 5688 1152 5743 beatus
1182 5688 1513 5755 Augustinus
1554 5686 1605 5740 in
1644 5687 1866 5755 Exposi-

1960 4595 2036 4647 sis
2073 4594 2293 4649 rationis
2328 4602 2385 4648 et
2419 4593 2759 4649 discretionis
2818 4597 3061 4659 habenis,
3111 4611 3169 4651 se
3198 4598 3524 4667 prmcipitcm

1959 4685 2193 4749 invehat,
2211 4684 2649 4754 diversarumque
2674 4687 3110 4756 superstitionum
3134 4697 3291 4756 atque
3318 4690 3523 4743 abomi-

1960 4777 2237 4830 mtionum
2253 4776 2358 4831 tale
2373 4778 2732 4847 nequidquam
2749 4778 3073 4846 intorqueat.
3091 4779 3344 4832 Poterant
3359 4780 3521 4833 etiam

1959 4869 2053 4922 tibi
2078 4868 2278 4923 affatim
2302 4869 2367 4922 ad
2398 4869 2598 4931 rabiem
2642 4868 2840 4923 furoris
2870 4870 2943 4922 tui
2970 4871 3270 4923 satiandum
3297 4880 3375 4925 tot
3402 4883 3523 4925 tau-

1964 4972 2121 5028 taque
2142 4961 2551 5030 opprobriorum
2568 4968 2623 5041 et
2636 4960 2941 5013 irrisionum
2957 4961 3310 5028 prmcedcntia
3340 4961 3522 5023 verba,

1961 5067 2080 5118 qua:
2118 5051 2170 5103 in
2221 5065 2319 5105 nos
2349 5049 2541 5119 injuste
2575 5049 2846 5118 jaculatus
2879 5064 2961 5112 es,
2990 5050 3252 5106 sufﬁcere.
3303 5049 3527 5117 Quanta:

1963 5152 2139 5195 autem
2167 5142 2237 5196 sit
2282 5142 2574 5210 impietatis
2622 5151 2942 5210 quantteque
2975 5139 3221 5197 falsitatis
3246 5156 3523 5197 commeo-

1965 5239 2075 5284 tum
2128 5229 2271 5298 quod
2329 5229 2608 5298 imperitis,
2668 5229 2778 5285 imo
2829 5228 3106 5283 virulentis
3151 5229 3522 5293 sermonibus,

1961 5332 2195 5383 eructas,
2248 5331 2616 5391 quantumque
2665 5338 2695 5374 a
2724 5320 3030 5376 Christiana
3072 5320 3362 5375 abhorreat
3402 5320 3527 5375 reli-

1961 5414 2117 5482 gione
2139 5413 2280 5482 quod
2313 5412 2567 5480 loqueris,
2594 5413 2769 5468 omnis
2788 5415 2877 5484 qui
2907 5424 3050 5468 recte
3075 5414 3247 5468 credit
3273 5423 3525 5484 recteque

1965 5503 2210 5572 intelligit
2248 5501 2405 5557 facile
2459 5503 2858 5559 animadvertit.
2891 5504 2947 5558 Si
2994 5502 3126 5557 nihil
3173 5501 3315 5557 aliud
3369 5502 3526 5557 nobis

1962 5595 2139 5663 placet
2172 5593 2225 5646 in
2272 5591 2555 5647 Salvatore
2592 5602 2778 5648 nostro
2806 5594 2904 5665 (ut
2929 5593 3193 5649 fallaciter
3242 5606 3525 5662 argumen—

1968 5686 2130 5755 taris)
2170 5686 2271 5738 nisi
2303 5685 2441 5755 quod
2470 5694 2525 5740 et
2551 5686 2728 5755 impiis
2755 5686 2975 5755 placuit,
3012 5685 3354 5755 opprobrium
3379 5684 3525 5739 scili-
