4030 6190
455 350 563 407 55‘;

1541 329 1746 397 ΙΟΝᾸζ
1773 338 1812 393 Λ
1825 337 2321 395 ΠΒΕῙᾸᾹΝΕΝΞῙΞ
2359 337 2658 407 EPISCOPI

3607 333 3712 390 358

458 473 544 519 cet
572 459 838 532 passionis
864 467 919 514 et
950 456 1131 512 irrisio
1172 455 1383 519 mortis,
1412 463 1466 508 et
1503 439 1698 508 caatera
1729 468 1846 521 qua:
1869 465 2028 505 exse-
2061 461 2104 515 Α
2133 453 2364 506 cunilam
2396 467 2615 505 carnem
2653 449 2950 513 Christum,
2973 449 3064 504 sed
3093 465 3233 505 ntzne
3275 447 3389 518 jam
3420 465 3527 505 non
3559 453 3712 506 κοτε.

459 555 667 625 q-ieris,
722 551 786 606 azl
835 549 1084 605 eumdem
1128 545 1480 617 blasphemia:
1508 554 1611 600 tuas
1641 542 2034 599 exsecrabilem

456 649 782 720 pertinentia
807 661 1044 710 sensum,
1063 659 1192 713 ergo
1217 644 1334 698 sine
1352 657 1513 698 causa
1537 656 1636 712 pro
1659 640 1833 698 salute
1855 649 2034 693 nostra

462 739 736 796 Christum
769 738 820 791 in
853 752 914 790 et:
940 735 1256 807 mysterium
1283 733 1668 802 redemptionis
1697 741 1896 785 nostrm
1920 747 2038 800 per-

466 830 653 882 tulissc
693 826 1023 898 profitemur.
1067 824 1342 877 Veraciter
1377 832 1554 876 autem
1594 821 1926 890 ﬁdeliterque
1975 835 2036 874 ea

391 919 401 936 ’
453 919 740 976 Christum
767 932 866 988 pro
885 918 1160 986 ereptione
1187 924 1367 967 nostra
1397 911 1680 982 pertulisse
1696 912 1968 966 credimus
1985 921 2038 965 ct

461 997 712 1063 fatemur.
754 1007 866 1062 Non
909 1004 1245 1076 igitur'nobis
1273 1019 1395 1058 cum
1428 1001 1606 1072 impiis
1637 1000 1754 1072 ejus
1807 999 2038 1053 ludibria

463 1119 583 1172 qua:
623 1103 692 1156 ab
718 1103 798 1156 eis
831 1118 882 1156 tn
913 1101 1160 1170 passione
1200 1113 1307 1153 sua.
1329 1095 1684 1168 ignominioso
1713 1136 1728 1158 ,
1752 1098 1860 1148 imo
1886 1094 2041 1146 inno-

465 1203 673 1258 center,
708 1206 999 1264 perpessus
1025 1200 1128 1249 est,
1161 1187 1250 1253 vel,
1279 1187 1564 1257 diSpIieent
1591 1185 1675 1240 vel
1716 1185 1814 1239 abs
1844 1197 1900 1236 re
1929 1182 2040 1251 pla—

465 1292 607 1348 cent,
643 1300 738 1338 nec
766 1285 830 1340 de
861 1282 950 1336 illo
976 1283 1075 1336 hoc
1104 1281 1276 1336 solum
1305 1277 1576 1334 credimus
1619 1276 1760 1346 quod
1785 1287 1838 1329 et
1867 1274 2037 1345 impii,

465 1379 578 1436 sive
613 1377 802 1441 Judrei,
843 1377 956 1432 sive
984 1373 1177 1446 pagani
1210 1373 1456 1436 credunt,
1514 1371 1604 1442 qui
1646 1384 1768 1424 eum
1797 1385 2038 1424 resurre-

466 1473 611 1527 xisse
671 1469 931 1526 dilliduut.
983 1465 1272 1522 Evidenter
1324 1465 1505 1534 itaque
1561 1462 2038 1532 itnpudentcrque,

466 1561 761 1631 postposito
773 1559 953 1629 aliquo
981 1557 1294 1612 reverentiae
1317 1551 1612 1614 obstaculo,
1632 1567 1729 1606 nos
1753 1550 2044 1620 impietatis

468 1661 632 1722 atque
671 1649 1002 1704 inﬁdelitatis
1047 1647 1252 1718 arguis,
1283 1653 1336 1699 et
1363 1660 1484 1698 eum
1513 1642 1712 1697 ludatis
1737 1649 1792 1696 et
1820 1640 2042 1712 paganis

468 1741 742 1795 Christum
792 1736 1153 1792 resurrexisse
1195 1750 1223 1788 a
1259 1733 1487 1788 mortuis
1534 1729 1774 1786 dilii'iere
1827 1729 2038 1784 scribis.

447 1829 594 1885 Scio
609 1837 774 1893 certe,
805 1817 1177 1883 etei-nissime
1205 1823 1387 1889 credo,
1415 1822 1540 1892 quia
1564 1820 1610 1876 si
1633 1819 1826 1875 vexillo
1845 1819 2042 1882 crucis,
2075 1815 2143 1876 Β

471 1923 637 1991 quod,
669 1928 730 1974 ut
750 1919 922 1974 series
944 1917 1245 1972 litterarum
1274 1924 1487 1970 tuarum
1510 1915 1864 1978 demonstrat,
1893 1927 2049 1964 exse-

468 2013 659 2074 craris,
691 2012 916 2066 interius
965 1998 1312 2078 exteriusque
1363 2007 1604 2062 munitus
1642 2005 1858 2088 fuisses,
1912 2022 2051 2060 nun-

469 2119 628 2174 quam
658 2103 748 2159 ille
775 2103 997 2172 spiritus
1017 2103 1105 2172 qui
1143 2102 1371 2156 mendax
1397 2108 1483 2156 est
1510 2099 1562 2153 in
1588 2113 1684 2154 ore
1710 2098 2048 2169 pseudopro-

470 2198 754 2267 phetarum
781 2194 1074 2251 idololatrae
1095 2194 1236 2264 regis
1256 2193 1441 2248 Achab
1462 2190 1581 2264 (ΙΙΙ
1601 2190 1728 2262 Reg.
1745 2188 1900 2261 nu),
1921 2189 2050 2244 tanti

467 2289 610 2358 juris
641 2289 694 2343 in
728 2297 820 2342 tuo
848 2301 944 2341 ore
991 2301 1112 2341 esse
1142 2285 1426 2356 potuisset,
1467 2291 1600 2338 utte
1639 2291 1749 2336 tam
1789 2282 2051 2351 sacrilega

471 2389 528 2434 et
571 2384 795 2448 prolana
843 2377 1024 2432 dicere
1069 2373 1446 2446 persuasisset.
1505 2371 1656 2440 Quod
1701 2386 1830 2426 vero
1870 2371 1950 2424 ais
1975 2371 2052 2424 d1-

473 2485 632 2526 versa
658 2469 888 2525 ludibria
906 2466 1280 2536 Redemptoris
1308 2464 1478 2520 nostri
1509 2461 1966 2530 contumeliasque
2000 2469 2055 2515 et

475 2560 776 2624 irrisiones,
817 2574 952 2628 quas
978 2558 1031 2611 in
1055 2556 1310 2626 passione
1342 2553 1625 2619 sustinuit,
1663 2567 1787 2608 eum
1827 2551 2052 2623 paganis

429 2698 443 2704 -
477 2661 534 2710 et
567 2651 768 2708 ludatis
796 2649 952 2707 nobis
972 2647 1208 2718 placere,
1236 2661 1361 2701 vere
1385 2644 1576 2708 fateor,
1609 2643 1734 2714 quia
1765 2641 1958 2697 falsum
1980 2640 2055 2694 lo-

473 2743 678 2815 queris.
711 2739 895 2813 Neque
930 2739 1074 2794 enim
1103 2753 1227 2792 eum
1251 2737 1334 2793 eis
1358 2735 1516 2792 nobis
1545 2735 1777 2804 placent,
1803 2733 1926 2802 quia
1951 2747 2052 2786 nec

473 2847 770 2892 noseorum
784 2828 1302 2888 communicavimus
1319 2824 1642 2890 inﬁdelitati,
1657 2839 1758 2878 nec
1771 2822 1841 2877 illi
1859 2830 2055 2876 nostra:

479 2924 861 2998 redemptioni.
903 2923 1028 2978 litee
1055 2937 1218 2993 porro
1241 2919 1472 2975 ludibria
1513 2928 1569 2974 et
1603 2927 1797 2974 caetera
1825 2931 1944 2987 quae
1965 2917 2055 2973 (le-

474 3017 686 3073 lirando
709 3015 938 3072 alienata
975 3022 1155 3068 mente
1185 3022 1476 3074 cxzestuas,
1509 3009 1690 3080 impiis
1721 3007 2051 3078 spectacula,

473 3111 579 3182 piis
613 3119 794 3166 autem
839 3106 1076 3178 ingenita
1128 3103 1408 3174 mysteria,
1457 3109 1512 3157 et
1562 3100 1684 3160 tidei
1732 3099 2054 3154 exstiterunt

476 3167 699 3273 grandia
731 3199 1082 3252 munimenta.
1123 3192 1350 3250 Constat
1383 3200 1562 3246 autem
1594 3205 1694 3244 nos
1735 3204 1917 3242 veram
1944 3189 2052 3242 sin-
2079 3167 2124 3228 C-

479 3301 768 3357 ceramque
811 3285 1067 3356 pietatem
1113 3297 1242 3354 erga
1272 3281 1432 3336 tidem
1480 3277 1862 3349 Redemptoris
1885 3277 2054 3330 nostri

479 3379 608 3436 Jesu
633 3376 836 3434 Christi
885 3357 1272 3430 inviolabiliter
1293 3381 1495 3436 tenere,
1525 3377 1580 3425 et
1605 3370 1934 3442 impietatem
1961 3367 2054 3422 Ju-

480 3471 718 3526 dazorum
747 3469 859 3526 sive
881 3481 1208 3539 paganorum
1233 3463 1526 3520 exsecrari.
1560 3461 1712 3518 Unde
1736 3463 1932 3516 merito
1956 3470 2058 3516 tua:

480 3560 824 3632 nequissima:
847 3556 1165 3614 assertionis
1200 3555 1305 3611 tela
1353 3564 1508 3610 scuto
1565 3551 1687 3608 ﬁdei
1727 3551 2056 3622 repellimus,

481 3651 764 3724 gladioque
813 3647 984 3704 sancti
1042 3646 1280 3718 Spiritus
1355 3640 1712 3700 confodienda
1775 3641 2058 3707 tradimus,

487 3746 596 3797 imo
619 3749 878 3812 perpetuo
931 3737 1259 3792 anathemati
1304 3735 1692 3806 mancipamus.
1723 3734 1792 3788 At
1840 3733 1884 3787 si
1935 3749 2057 3788 cum

482 3829 681 3886 Judtris
699 3838 756 3886 et
783 3827 1008 3900 paganis
1027 3813 1300 3882 Christum
1347 3824 1714 3880 resnrrexisse
1749 3820 2060 3886 diilidimus,

482 3933 538 3980 et
570 3938 679 3978 non
695 3923 941 3978 novimus
965 3921 1032 3976 de
1057 3919 1144 3974 illo
1159 3919 1300 3973 aliud
1323 3919 1582 3990 cogitare,
1609 3919 1711 3973 nisi
1726 3918 1847 3974 eum
1865 3926 2061 3972 tortum

483 4023 538 4070 et
563 4022 860 4075 mortuum,
891 4020 945 4067 et
963 4025 1177 4080 semper
1197 4009 1248 4064 in
1280 4009 1528 4080 passione
1549 4009 1781 4078 positum
1809 4008 1866 4062 in
1901 3997 2064 4063 corde

485 4115 683 4162 nostro
715 4105 986 4160 credimus
1032 4113 1087 4158 et
1115 4103 1430 4166 retinemus,
1487 4110 1542 4156 et
1594 4116 1699 4156 non
1739 4101 2067 4155 attendimus

485 4211 668 4267 neque
708 4193 1052 4267 intelligimus
1093 4193 1236 4264 quod
1275 4192 1352 4247 ait
1379 4192 1706 4262 Apostolus:
1744 4189 1811 4244 Et
1834 4192 1879 4245 si
1907 4207 2064 4245 nare.

486 4305 665 4343 ramus
719 4293 999 4342 secundum
1055 4302 1262 4338 carnem
1311 4283 1596 4348 Christum,
1645 4283 1733 4338 sed
1772 4299 1908 4336 nunc
1948 4283 2065 4352 jam

489 4393 591 4432 non
643 4377 875 4431 norimus
925 4374 1011 4441 (ΙΙ
1069 4372 1191 4428 Cor.
1239 4373 1326 4445 v);
1376 4389 1544 4445 ergo,
1594 4383 1653 4427 ut
1689 4373 1868 4428 verbis
1924 4373 2066 4428 beati

491 4473 636 4528 Pauli
663 4482 798 4534 utar,
817 4469 1232 4526 miserabiliores
1257 4469 1506 4524 omnibus
1530 4469 1833 4523 hominibus
1861 4483 2066 4548 sumus.

2140 559 2260 598 nius
2299 541 2381 614 (11
2407 541 2528 596 Cor.
2568 543 2634 612 ν’),
2673 562 2689 593 ι
2732 557 2853 597 cum
2889 543 3098 596 caneris
3147 542 3338 597 nuntiis
3380 542 3488 598 tuis
3535 543 3708 612 rejici-

2142 650 2293 696 mus,
2347 619 2652 702 ialsumque
2710 649 2830 688 esse
2893 633 3173 688 verissima
3229 635 3530 690 assertione
3587 634 3714 690 lidei

2139 725 2442 788 catholieaa,
2457 741 2614 794 quam
2637 735 2899 788 tenemus,
2915 724 3350 792 comprobemus.
3371 723 3715 781 Attendimus

2141 818 2277 886 siqui
2301 818 2404 871 lem
2435 827 2484 870 et
2513 816 2859 886 intelligimus
2890 817 3029 884 quod
3058 815 3346 886 Apostolus
3373 817 3542 870 dicit:
3577 815 3644 870 Et
3667 817 3715 870 si

2141 925 2448 964 noveramus
2479 905 2739 962 Christum
2761 908 3042 962 secundant
3071 924 3295 968 carnem,
3329 908 3419 962 sed
3443 925 3579 961 nunc
3595 908 3714 979 jam

2141 1018 2243 1055 non
2295 1003 2552 1055 nerinzus.
2600 999 2857 1054 Novimus
2903 999 3099 1071 quippe
3145 991 3441 1054 secundum
3490 1015 3714 1054 carnem

2140 1091 2434 1154 Christum,
2467 1091 2721 1160 quoniam
2765 1092 2810 1146 is
2844 1091 2936 1160 qui
2976 1091 3028 1144 in
3081 1090 3384 1146 substantia
3429 1106 3524 1145 sua
3575 1090 3718 1160 apud

2143 1184 2356 1237 Patrem
2388 1184 2716 1237 :eternaliter
2760 1182 3046 1237 invisibilis
3076 1191 3131 1238 et
3172 1183 3521 1253 impassihilis
3551 1192 3718 1252 atque

2143 1275 2466 1329 immortalis
2477 1274 2703 1340 exstitit,
2729 1274 2783 1327 in
2803 1285 2984 1329 nostra
3005 1274 3370 1344 temporaliter
3391 1274 3508 1328 ﬁeri
3529 1274 3720 1343 digna-

2145 1377 2230 1422 tus
2251 1377 2335 1422 est
2385 1365 2620 1422 visibilis
2654 1375 2708 1420 et
2753 1365 3028 1436 passibilis
3055 1376 3214 1436 atque
3249 1366 3607 1422 immortalis:
3643 1379 3722 1420 se-

2143 1459 2376 1513 cundum
2399 1473 2620 1513 carnem
2651 1467 2830 1511 autem
2857 1456 3004 1511 illum
3017 1457 3130 1528 jam
3155 1474 3296 1514 nunc
3319 1473 3422 1513 non
3447 1457 3718 1516 novimus.

2145 1548 2269 1618 quia
2299 1548 2439 1603 sicut
2465 1547 2606 1602 idem
2647 1546 2939 1616 Apostolus
2967 1547 3082 1602 ait:
3117 1545 3356 1602 Christus
3384 1564 3657 1618 resurgens
3688 1564 3721 1600 α

2145 1641 2364 1694 mortuis
2381 1639 2497 1709 jam
2525 1653 2628 1694 non
2652 1638 2894 1705 moritur,
2923 1657 3063 1694 mors
3086 1639 3166 1694 illi
3191 1639 3328 1696 ultra
3355 1657 3460 1696 non
3481 1641 3724 1694 domina-

2147 1731 2284 1784 bitur
2305 1728 2476 1803 (Rom.
2515 1729 2611 1802 γι).
2649 1730 2870 1800 Reliqua
2901 1731 3080 1800 operis
3111 1731 3186 1787 tui
3220 1732 3536 1786 videamus:

2225 1841 2241 1872 ι
2287 1819 2486 1876 Contra
2517 1836 2672 1890 quos,
2706 1821 2904 1890 inquis,
2938 1820 3370 1890 respondendum
3395 1830 3478 1876 est
3520 1823 3644 1890 quia
3678 1823 3726 1875 si

2157 1929 2174 1961 ε
2219 1925 2380 1965 omne
2400 1909 2602 1980 lignum
2644 1911 2920 1964 schemate
2948 1909 3127 1966 crucis
3158 1907 3359 1965 factum
3389 1909 3574 1964 volunt
3601 1912 3730 1965 odo-

2157 2020 2175 2052 ι
2222 2017 2368 2066 rare,
2399 2017 2496 2072 pro
2521 2017 2587 2056 eo
2633 2002 2774 2072 quod
2803 2001 3050 2058 Christus
3089 2003 3142 2056 in
3184 2019 3344 2058 cruce
3371 2004 3646 2074 pependit,
3672 2015 3730 2059 et

2156 2112 2173 2142 ε
2221 2091 2323 2146 alia
2357 2092 2464 2146 mul
2491 2108 2521 2146 a
2569 2090 2673 2148 illis
2710 2093 2964 2148 convenit
3009 2092 3280 2167 [adorare]
3325 2110 3444 2165 qua:
3478 2094 3733 2150 Christus

2156 2204 2174 2234 «
2220 2184 2326 2253 egit
2352 2198 2447 2254 per
2467 2199 2706 2238 carnem.
2733 2183 2832 2240 Vix
2857 2184 3002 2238 enim
3029 2199 3125 2239 ses
3168 2184 3320 2239 horis
3348 2185 3402 2238 in
3430 2199 3589 2239 cruce
3629 2200 3729 2254 pe-

2156 2293 2174 2324 ι
2219 2275 2424 2343 pendit,
2471 2284 2526 2328 et
2553 2283 2732 2328 tamen
2764 2289 2953 2330 novem
3001 2275 3278 2330 mensibus
3323 2274 3621 2338 lunaribus,
3675 2285 3734 2331 et

2157 2383 2175 2414 ε
2224 2379 2388 2433 super
2413 2365 2659 2419 undecim
2691 2364 2880 2420 diebus
2927 2366 2979 2419 in
3013 2374 3166 2421 utero
3199 2366 3432 2438 Virginis
3478 2367 3599 2432 fuit,
3636 2369 3732 2437 qui

2158 2474 2174 2505 ε
2225 2455 2384 2509 simul
2415 2455 2530 2510 dies
2571 2455 2776 2512 solares
2805 2457 3020 2512 ducenti
3048 2468 3218 2528 septo.
3241 2459 3385 2529 ginta
3411 2474 3529 2522 sev,
3563 2459 3614 2512 id
3646 2471 3735 2512 est

2159 2565 2176 2595 ε
2224 2559 2412 2618 novem
2450 2562 2681 2614 menses,
2703 2557 2757 2603 et
2787 2564 2947 2620 supra
2971 2549 3088 2606 dies
3110 2566 3204 2606 sex
3237 2569 3252 2604 :
3277 2552 3574 2606 adorentur
3601 2566 3736 2622 ergo

2159 2657 2177 2688 ‹
2219 2638 2408 2710 puella:
2425 2639 2684 2710 virgines,
2715 2640 2838 2710 quia
2862 2641 3014 2711 virgo
3037 2642 3245 2714 peperit
3274 2641 3570 2698 Christum.
3595 2643 3739 2698 Ado-

2160 2751 2176 2780 ι
2226 2739 2413 2785 rentur
2430 2740 2484 2785 et
2507 2732 2785 2802 praisepia,
2811 2733 2934 2802 quia
2959 2748 3080 2787 mox
3105 2742 3265 2789 natus
3286 2734 3340 2789 in
3361 2735 3625 2806 przesepio
3648 2745 3738 2788 est

2161 2841 2180 2872 ‹
2229 2820 2534 2875 reclinatus.
2562 2821 2866 2875 Adorentur
2893 2828 2948 2875 et
2978 2830 3190 2878 veteres
3217 2824 3401 2893 panni,
3433 2825 3558 2895 quia
3601 2839 3737 2880 con-

2159 2931 2179 2963 c
2227 2911 2374 2966 tinno
2401 2927 2522 2966 cum
2559 2921 2716 2967 natus
2741 2921 2904 2976 esset,
2932 2914 3124 2984 pannis
3165 2914 3436 2969 veteribus
3462 2925 3544 2970 est
3581 2916 3736 2970 invo-

2161 3023 2178 3056 ι
2227 3004 2391 3058 intus.
2444 3003 2750 3060 Adon-eatur
2800 3015 2852 3059 et
2920 3021 3107 3070 naves,
3157 3006 3284 3076 quia
3335 3003 3650 3078 frequenter
3676 3007 3736 3062 in

2161 3113 2180 3146 ι
2224 3095 2452 3150 navibus
2481 3095 2772 3166 navigavit,
2813 3105 2867 3150 et
2912 3097 2976 3150 de
3005 3098 3250 3152 navicula
3301 3099 3489 3153 turbas
3527 3099 3734 3162 docuit,

2161 3204 2179 3236 ι
2223 3194 2278 3239 ct
2311 3185 2364 3239 in
2389 3185 2507 3238 navi
2535 3185 2810 3250 dormivit,
2837 3193 2892 3240 et
2913 3186 2966 3239 in
2989 3187 3209 3242 dextera
3239 3173 3434 3256 navigii
3459 3196 3574 3242 rete
3609 3188 3736 3240 mit-

2163 3297 2180 3326 ι
2228 3287 2343 3332 tere
2377 3274 2562 3344 jussit,
2599 3277 2814 3346 quando
2853 3275 3128 3348 perpcdita
3169 3277 3257 3333 illa
3287 3293 3480 3348 magna
3509 3287 3737 3348 captura

2163 3388 2180 3419 ε
2229 3363 2372 3421 facta
2399 3376 2484 3422 est
2508 3367 2756 3436 piscium.
2784 3367 3090 3423 Adorentur
3144 3369 3305 3436 asini,
3353 3369 3478 3439 quia
3509 3370 3739 3425 asetlum

2164 3476 2181 3508 ι
2226 3457 2465 3513 sedendo
2493 3459 2560 3511 ad
2604 3455 2904 3514 Jerusalem
2937 3475 3106 3529 usque
3133 3445 3402 3530 pervenit.
3426 3461 3742 3516 Adet-cntut-

2165 3568 2182 3598 (
2230 3549 2377 3617 agni,
2407 3548 2532 3618 quia
2563 3547 2630 3603 de
2665 3548 2756 3602 illo
2784 3549 3048 3619 scriptum
3075 3559 3160 3606 est
3190 3567 3204 3604 :
3247 3549 3384 3604 Ecce
3411 3551 3590 3622 Agnus
3611 3551 3737 3618 Dei,

2165 3662 2182 3691 ι
2227 3643 2315 3713 qui
2339 3640 2472 3695 tollit
2494 3651 2706 3712 peccata
2735 3642 2916 3695 mundi
2943 3641 3124 3713 (Joan.
3161 3641 3233 3714 t);
3263 3643 3357 3699 sed
3385 3643 3470 3699 isti
3517 3659 3744 3713 perver-

2167 3753 2184 3784 ι
2230 3747 2412 3788 serum
2448 3733 2760 3803 dogmatum
2792 3733 3026 3812 cultores
3049 3748 3218 3804 agnos
3260 3735 3410 3789 vivos
3439 3733 3629 3800 volunt
3650 3749 3741 3788 vo-

2167 3843 2184 3874 ι
2235 3833 2462 3887 τευ-ενοι
2492 3823 2543 3877 in
2595 3824 2804 3894 pariete
2827 3825 3001 3893 pictos
3043 3826 3292 3882 adorare.
3341 3825 3654 3882 Adorentur
3679 3838 3736 3882 et

2169 3933 2186 3964 ι
2232 3912 2436 3978 leones,
2463 3913 2586 3984 quia
2613 3914 2680 3969 de
2703 3913 2790 3967 illo
2816 3915 3078 3984 scriptum
3097 3923 3216 3971 est:
3259 3913 3387 3970 Vicit
3405 3915 3484 3971 lca
3505 3917 3570 3980 dc
3597 3919 3736 3972 tribu

2170 4023 2188 4053 ι
2223 4002 2368 4058 Juda
2415 4005 2570 4058 radix
2597 4003 2767 4058 David
2799 4005 2982 4076 (Apoc.
3006 4009 3086 4076 v).
3114 4005 3422 4062 Adorentur
3451 4015 3506 4062 et
3548 4018 3738 4080 petrae,

2171 4115 2188 4146 ι
2236 4095 2360 4164 quia
2399 4096 2616 4166 quando
2647 4097 2712 4151 de
2742 4111 2903 4152 cruce
2943 4107 3027 4153 est
3054 4098 3346 4169 depositus.
3376 4087 3436 4154 in.
3459 4111 3624 4156 saxeo
3649 4118 3740 4158 se-

2172 4204 2189 4234 ‹
2232 4185 2420 4274 pulcro
2441 4196 2525 4242 est
2551 4186 2775 4257 positus.
2797 4187 2862 4242 Et
2885 4189 2950 4274 de
2979 4187 3070 4242 illo
3093 4190 3524 4261 dicitApostolus
3544 4191 3742 4274 (I\Cor.

2174 4293 2191 4324 ‹
2239 4275 2328 4348 v):
2373 4273 2529 4331 Petra
2583 4288 2757 4331 autem
2803 4272 2918 4332 erat
2978 4277 3236 4335 Christus.
3297 4281 3403 4336 Sed
3466 4272 3742 4350 Christus,

2175 4385 2192 4415 ι
2239 4377 2415 4436 petra,
2443 4385 2632 4440 agnus,
2655 4369 2760 4436 leo,
2781 4371 3008 4440 trepice,
3030 4387 3137 4426 non
3159 4374 3401 4443 preprie,
3427 4385 3512 4430 est
3537 4375 3746 4440 dictus,

2177 4483 2194 4513 ι
2241 4477 2336 4532 per
2363 4459 2798 4529 signiﬁcantiam,
2823 4477 2926 4515 non
2955 4477 3054 4532 per
3091 4463 3469 4520 substantiam.
3500 4465 3750 4523 Adoreu-

493 4561 604 4616 Non
662 4560 862 4614 nostris
911 4559 1106 4629 igitur.
1157 4558 1261 4636 sed.
1305 4557 1543 4628 ejusdem
1591 4556 1832 4627 Apos'oli
1861 4537 2068 4612 .verbis
2099 4536 2145 4594 ἶ)
2177 4573 2194 4602 ί
2238 4559 2326 4605 tur
2353 4559 2407 4604 et
2435 4550 2600 4620 spina:
2632 4550 2905 4616 ruborum,
2943 4554 3066 4622 quia
3093 4554 3286 4610 eximie
3319 4557 3500 4625 spinea
3540 4564 3748 4614 corona

489 4649 842 4720 objectionetn
898 4657 1042 4702 tuam
1079 4646 1420 4702 falsissim-zm
1451 4657 1508 4702 et
1553 4647 1841 4718 impietatis
1870 4647 2066 4718 plenis-

491 4743 681 4797 simam
719 4739 1090 4795 convincimus
1127 4747 1289 4808 atque
1320 4737 1630 4792 refellimus.
1673 4737 1809 4792 Vere
1848 4738 1892 4792 si
1915 4737 2070 4793 Chri-

487 4841 631 4888 stum
666 4831 1022 4886 resurrexisse
1050 4829 1358 4892 diilidimus,
1393 4830 1697 4885 nullatenus
1728 4828 2102 4884 resurrectio--

490 4937 611 4978 nem
638 4920 927 4978 credimus.
957 4920 1089 4988 Quia
1112 4922 1158 4974 si
1186 4918 1421 4975 Christus
1446 4937 1546 4974 non
1581 4917 1880 4984 resurrexit,
1911 4935 2072 4989 neque

491 5013 679 5069 mortui
705 5020 990 5082 resurgant,
1016 5020 1062 5065 et
1093 5011 1264 5065 inanis
1292 5017 1366 5064 est
1388 5007 1517 5080 ﬁdes
1541 5019 1716 5064 nostra
1739 5007 1790 5080 (Ι
1813 5007 1936 5062 Cor.
1957 5006 2066 5079 xv),

492 5108 668 5162 inanis
703 5116 786 5162 est
829 5106 1066 5176 ejusdem
1097 5105 1294 5176 egregii
1342 5105 1578 5160 doctoris
1617 5103 1945 5174 Prcedieatio.
1982 5103 2068 5156 1τὶ-

393 5255 408 5262 ,
492 5200 683 5254 deliter
721 5198 902 5267 itaque
929 5197 1377 5252 resurrectionem
1404 5204 1738 5250 mortuorum
1763 5194 2032 5248 credimus
2049 5235 2064 5257 ,

493 5291 616 5358 quia
669 5289 974 5342 nullatenus
1009 5287 1282 5342 Christum
1323 5286 1682 5341 resurrexisse
1719 5283 2010 5339 diﬂidimus
2047 5303 2060 5339 :

492 5386 546 5430 et
559 5377 684 5448 quia
714 5379 956 5431 membra
984 5375 1100 5444 ejus
1119 5391 1452 5445 sumus,quo
1473 5384 1633 5446 caput
1658 5385 1900 5430 nostrum
1929 5389 2062 5443 pne-

495 5466 678 5530 cessit,
701 5480 766 5520 eo
789 5483 886 5520 nos
901 5466 1086 5536 utique
1112 5475 1464 5535 perventuros
1483 5465 1704 5544 minime
1719 5463 2060 5533 ambigimus.

494 5553 628 5610 illud
653 5570 781 5611 vero
809 5557 949 5627 quod
982 5559 1033 5612 in
1080 5557 1424 5613 conclusione
1466 5558 1706 5626 ejusdem
1737 5556 1957 5626 capituli
1991 5555 2063 5609 tui

497 5645 742 5714 posuisti,
761 5647 831 5699 ita
873 5647 1117 5717 inquiens
1146 5666 1160 5702 :
1189 5665 1208 5698 ‹
1243 5645 1424 5716 Neque
1457 5648 1759 5710 attendunt,
1789 5663 1960 5716 neque
1990 5648 2067 5699 in-

501 5729 744 5800 t'clligunt
769 5737 909 5804 quod
957 5739 1032 5791 ait
1061 5737 1346 5808 Apostolus
1377 5753 1390 5791 :
1424 5737 1489 5792 lit
1537 5740 1579 5792 si
1612 5753 1933 5793 noveramus
1981 5751 2063 5792 sc-

2179 4664 2196 4694 ι
2245 4651 2482 4712 tempore
2511 4642 2778 4712 passionis
2801 4643 2957 4711 capiti
3003 4643 3120 4715 ejus
3165 4645 3415 4716 imposita
3445 4655 3548 4702 est.
3597 4647 3750 4704 Ado—

2179 4755 2197 4784 ‹
2242 4742 2430 4788 rentur
2449 4743 2504 4788 et
2530 4733 2840 4797 arundines,
2894 4733 3019 4803 quia
3047 4736 3116 4790 ab
3143 4737 3224 4794 eis
3263 4737 3504 4807 colaphis
3537 4749 3568 4792 a
3600 4741 3752 4796 mili-

2181 4845 2198 4878 (
2246 4823 2390 4880 tibus
2428 4831 2586 4894 caput
2618 4824 2733 4894 ejus
2763 4839 2959 4880 caesum
2990 4836 3090 4882 est.
3135 4827 3412 4885 Postremo
3445 4832 3753 4888 adorentur

2181 4937 2198 4967 σ
2234 4926 2289 4972 et
2319 4916 2537 4976 lancem,
2584 4915 2710 4984 quia
2756 4930 2894 4970 unus
2945 4917 3175 4973 militaui
3222 4917 3408 4976 lancea
3456 4920 3598 4976 latus
3623 4921 3753 4992 ejus

2181 5026 2199 5058 ι
2244 5006 2476 5077 aperuit,
2501 5005 2640 5061 unde
2667 5005 2822 5060 [luxit
2842 5007 3062 5078 sanguis
3082 5017 3137 5062 et
3173 5024 3336 5080 aqua,
3361 5009 3746 5079 Sacramenta,

2175 5117 2193 5149 ι
2241 5097 2380 5150 unde
2406 5094 2668 5150 formatur
2697 5095 2958 5150 Ecclesia.
2999 5115 3017 5148 ι
3047 5096 3182 5153 Cum
3207 5097 3458 5154 debueris
3482 5139 3498 5163 ,
3528 5099 3747 5166 Claudi,

2171 5204 2377 5246 memor
2433 5187 2622 5243 salutis
2675 5197 2778 5243 tua:
2841 5202 2981 5254 esse,
3054 5190 3378 5262 tandemque
3437 5191 3748 5248 vanissima:

2171 5279 2472 5350 garrulitati
2503 5287 2604 5333 tua:
2649 5279 2864 5334 modum
2915 5279 3228 5350 imponere,
3284 5296 3315 5336 e
3363 5283 3640 5338 contrario
3687 5284 3746 5338 in

2172 5371 2484 5424 barathrum
2526 5369 2874 5441 blasphemia:
2899 5388 2964 5429 eo
3003 5386 3170 5442 usque
3215 5373 3598 5430 miserabiliter
3650 5375 3748 5430 de-

2173 5459 2454 5531 mergeris,
2480 5466 2538 5512 ut
2563 5459 2816 5514 virtutem
2863 5460 3372 5532 venerationemque
3410 5465 3592 5520 crucis
3617 5465 3743 5533 qui-

2171 5549 2396 5604 busdam
2439 5549 2655 5603 absonis
2701 5548 3191 5618 comparationibus
3230 5559 3284 5604 et
3320 5551 3529 5622 frivolis
3565 5553 3747 5608 decla-

2172 5643 2468 5697 rationibus
2521 5651 2682 5712 atque
2731 5641 3284 5712 argumentationibus
3343 5645 3744 5714 quodammodo

2170 5732 2449 5789 annullare
2499 5734 2708 5788 nitaris.
2765 5733 2898 5800 Quia
2963 5733 3124 5803 igitur
3179 5737 3570 5806 persecutionis
3635 5745 3742 5791 tua:

2199 5859 2226 5876 κ
