4030 6190
296 311 399 368 537
828 323 843 347 ⁵

1353 315 1441 372 DE
1475 318 1704 377 CULTU
1743 322 2103 383 IMAGlNUM.
2144 358 2214 369 --
2251 331 2376 385 LIB.
2417 332 2457 385 1.

298 426 552 521 assertio,
603 435 661 481 et
715 428 1012 521 secundum
1062 429 1364 521 litterarum
1420 433 1775 514 disciplinam,
1811 446 1862 491 et
1892 440 1947 500 Α
1971 451 2126 506 teret,
2152 444 2285 498 duos
2326 445 2520 500 vitulos
2570 462 2762 503 aureos
2788 448 3079 521 fabricans,
3105 469 3268 507 unum
3303 456 3353 509 in
3391 455 3524 519 Dan,

296 518 593 571 secundum
642 517 959 573 catholicum
984 520 1328 576 intellectum
1384 522 1554 594 fragili
1592 534 1859 582 structura

296 607 642 663 constaiilita
683 616 784 671 est,
833 625 937 663 non
987 610 1190 665 habens
1239 611 1642 669 fundamentum
1698 632 1860 686 supra

294 710 526 771 petram,
580 701 775 757 merito
826 702 878 754 in
934 711 1159 771 utroque
1221 703 1594 759 labefactatur.
1654 706 1856 777 Repre-

296 790 586 845 hensiones
634 806 820 860 porro,
866 806 1023 860 qme,
1077 793 1370 847 secundum
1419 795 1551 849 artis
1592 811 1860 865 gramma-

296 883 411 935 tica:
440 880 798 950 peritissimos
839 881 1147 951 scriptores,
1197 884 1324 939 huic
1350 884 1533 940 insunt
1569 887 1854 956 pericopa',

293 972 586 1026 commenti
620 972 696 1026 tui
727 972 974 1026 brevitati
1005 975 1281 1030 studentes
1304 978 1623 1042 omittimus,
1649 989 1704 1033 et
1728 982 1857 1049 quid

292 1062 342 1116 iu
371 1063 565 1116 eadem
592 1064 969 1133 prosecutione
1014 1072 1102 1117 tua
1129 1066 1474 1121 stolidissima
1508 1069 1731 1124 innuero
1760 1086 1855 1125 vo-

292 1152 477 1218 lueris,
501 1169 603 1222 pro
637 1154 852 1209 modulo
895 1150 1209 1225 capacitatis
1238 1166 1436 1212 nostra:
1474 1158 1739 1214 discutere
1769 1161 1855 1215 ni-

293 1255 471 1296 tamur
495 1260 510 1307 ;
542 1244 626 1297 ais
646 1259 917 1313 namque:
1638 1262 1641 1269 ‘

357 1352 375 1383 ‹
415 1332 473 1386 Si
503 1333 761 1387 adorator
790 1350 944 1397 crux,
987 1326 1273 1390 adorentur
1296 1344 1350 1390 et
1377 1336 1563 1406 puella:
1592 1338 1851 1408 virgines,

290 1445 307 1475 ‹
349 1427 479 1495 quia
504 1426 667 1497 Virgo
692 1428 1207 1497 peperitChristum.
1245 1449 1263 1480 ι
1282 1431 1577 1495 Attendite,
1604 1435 1848 1499 obsecro,

283 1517 501 1586 pietatis
552 1524 610 1573 et
666 1519 1002 1573 auctoritatis
1061 1518 1435 1576 ecclesiasticae
1501 1522 1851 1578 sincerissimi

283 1609 522 1663 cultores
566 1616 623 1661 et
665 1617 956 1673 amatores,
1009 1609 1377 1679 metaphorice
1422 1620 1477 1665 et
1523 1612 1850 1682 syllogistice

284 1699 523 1768 loquitur
539 1699 728 1753 doctor
746 1699 868 1763 iste,
891 1700 959 1754 ab
984 1699 1260 1754 inanimali
1286 1700 1431 1754 enim
1453 1700 1657 1756 faciens
1680 1710 1852 1756 trans.

1962 531 2188 587 alterum
2210 535 2489 590 constituit
2513 538 2564 591 in
2600 538 2780 594 Bethel
2813 541 2931 612 (111
2950 542 3078 613 Reg.
3135 544 3265 616 xu):
3296 547 3367 600 ita
3395 563 3529 616 quo-

1960 637 2063 689 que
2118 633 2171 677 tu
2212 624 2350 680 illius
2400 629 2643 697 exemplo
2684 631 2892 698 plebem
2953 632 3151 689 Christi
3208 652 3236 688 a
3286 639 3529 692 traditio-

1958 713 2115 768 nibus
2139 716 2519 773 ecclesiasticis
2563 730 2831 784 avertens,
2885 721 3039 786 duos,
3095 726 3377 780 utdictum
3415 736 3522 792 est,

1958 806 2142 889 asinos
2190 808 2490 866 adorandos
2540 813 2620 866 eis
2673 813 2861 882 eligas,
2917 831 3141 884 quorum
3192 818 3418 874 alterum
3469 822 3523 875 in

1956 897 2089 951 urbe
2107 896 2450 962 Taurinensi,
2481 917 2638 971 quem
2664 902 2840 964 italia;
2867 903 3091 959 alterum
3115 921 3242 961 vero
3268 908 3320 961 iu
3342 909 3521 978 aliqua

1956 986 2230 1041 civitatum
2248 987 2454 1054 Gallice,
2484 1006 2642 1059 quem
2672 1007 2777 1046 non
2800 992 2969 1047 solum
2997 997 3181 1049 eadem
3203 996 3391 1061 Callia,
3425 1000 3520 1054 sed

1955 1085 2011 1129 et
2036 1074 2321 1132 Germania
2346 1080 2567 1149 supplex
2590 1082 2796 1147 adoret,
2828 1072 3142 1139 constituas.
3168 1086 3211 1141 Ο
3249 1088 3520 1143 detestan-

1954 1167 2020 1220 da
2052 1175 2105 1221 et
2129 1168 2486 1223 abominanda
2512 1172 2904 1240 praedicatiolo
2928 1175 3243 1231 inconcinna
3286 1190 3340 1233 et
3360 1180 3519 1233 abso-

1955 1275 2023 1313 na
2044 1262 2221 1316 crucis
2247 1270 2301 1316 et
2322 1264 2455 1317 asini
2489 1267 2858 1334 comparatio!
2889 1266 3020 1334 Qua:
3048 1278 3117 1333 te,
3144 1269 3398 1333 oClaudi,
3428 1271 3521 1326 de-

1954 1353 2153 1405 mentia
2191 1356 2354 1423 cepit,
2382 1364 2440 1409 nt
2468 1357 2534 1409 ad
2559 1365 2664 1410 tam
2691 1373 2887 1413 vesana
2925 1368 3139 1430 tamque
3187 1364 3394 1418 cunctis
3419 1380 3516 1419 ca-

1953 1440 2166 1496 tholicis
2190 1447 2519 1498 exsecranda
2547 1446 2829 1501 scribendo
2855 1455 2909 1503 et
2956 1451 3294 1519 praedicando
3320 1469 3513 1523 prorn-

1950 1532 2128 1600 peris?
2154 1534 2438 1603 Apostolus
2464 1537 2656 1606 quippe
2702 1553 2807 1591 non
2842 1538 2897 1592 iu
2932 1541 3106 1604 asino,
3138 1542 3230 1595 sed
3270 1543 3322 1595 in
3348 1558 3510 1597 cruce

1950 1622 2228 1691 gloriatur,
2279 1624 2461 1679 dicens
2486 1644 2499 1679 :
2533 1624 2662 1679 Mihi
2688 1637 2860 1680 autem
2888 1627 3019 1681 absit
3048 1628 3285 1699 gloriari,
3335 1632 3435 1685 nisi
3463 1634 3516 1686 in

1950 1730 2101 1768 cruce
2140 1714 2349 1769 Domini
2393 1719 2558 1769 nostri
2599 1716 2728 1771 Jesu
2774 1717 2985 1782 Christi,
3039 1738 3131 1790 per
3172 1738 3321 1792 quem
3377 1724 3506 1777 mihi

282 1787 660 1843 formationem
690 1789 756 1843 ad
777 1788 1006 1843 animale
1024 1796 1434 1881 argumentatur
1457 1799 1513 1845 et
1533 1791 1662 1846 dicit
1691 1806 1705 1844 :
1733 1810 1751 1842 ‹
1789 1790 1845 1846 Si
1876 1792 1920 1850 B
1949 1804 2171 1858 mundus
2190 1805 2471 1874 cruciﬁxus
2491 1816 2581 1865 est.
2608 1823 2700 1876 ego
2727 1807 2919 1861 mutulo
2949 1787 3086 1879 (Gal.
3108 1787 3200 1881 vr),
3224 1819 3279 1865 et
3314 1821 3508 1867 cietera

278 1879 707 1943 adoraturcrux,
727 1879 1018 1933 adorentur
1043 1888 1098 1933 et
1126 1879 1313 1949 puella:
1333 1882 1588 1952 virgines,
1618 1898 1682 1937 eo
1704 1883 1850 1951 quod

280 1970 443 2041 Virgo
461 1971 672 2040 peperit
690 1969 983 2025 Christum.
1019 1971 1092 2025 De
1125 1972 1438 2026 adoratione
1461 1973 1658 2043 quippe
1679 1982 1735 2028 et
1762 1985 1850 2028 ve-

276 2061 560 2116 neratione
589 2060 789 2125 crucis,
816 2076 975 2129 quam
1013 2044 1244 2115 discrete
1289 2063 1357 2116 ob
1383 2063 1697 2116 memoriam
1725 2078 1847 2131 pas-

275 2150 447 2205 sionis
474 2150 763 2205 Dominiae
804 2152 1090 2206 tenendum
1116 2151 1485 2222 agendnmque
1530 2153 1622 2216 sit,
1659 2153 1847 2207 beatus

275 2239 570 2310 Gregorius
594 2242 826 2296 eximius
845 2243 1048 2305 doctor,
1093 2244 1231 2298 sicut
1253 2243 1307 2297 in
1331 2245 1699 2314 superioribus
1732 2246 1844 2315 jam

276 2332 481 2387 dictum
511 2342 612 2397 est,
645 2333 951 2403 plenissime
979 2336 1164 2399 docet;
1191 2343 1449 2390 utautem
1482 2336 1669 2406 puella:
1691 2336 1849 2405 virgi-

278 2440 374 2479 nes
400 2434 453 2478 et
483 2427 840 2500 prtesepia,‘et
871 2435 1081 2482 veteres
1100 2429 1278 2497 panni,
1309 2437 1364 2483 et
1400 2444 1582 2494 naves,
1610 2438 1665 2483 et
1692 2430 1842 2499 agni,

276 2524 332 2569 ct
362 2515 563 2579 leones,
591 2526 643 2571 et
668 2526 858 2587 petrte,
884 2525 938 2571 et
958 2518 1125 2588 spina:
1154 2521 1427 2583 ruborum,
1454 2529 1507 2575 et
1529 2521 1839 2587 arundines,

278 2617 329 2662 et
358 2608 561 2664 lancea:
600 2610 912 2674 adorentur,
952 2626 1110 2665 nemo
1140 2610 1440 2677 doctorum,
1475 2614 1575 2668 nisi
1608 2614 1842 2673 furiosus

276 2707 519 2754 et'mente
538 2696 1015 2771 captus,.Claudius
1036 2701 1181 2756 solus
1200 2702 1371 2757 docet.
1396 2701 1729 2774 Quapropter
1751 2707 1841 2761 ubi

277 2804 428 2844 secus
462 2805 624 2859 quam
650 2790 839 2845 beatus
869 2790 1160 2863 Gregorius
1184 2793 1439 2849 Claudius
1461 2795 1563 2849 iste
1588 2797 1653 2851 de
1680 2812 1841 2853 cruce

271 2878 421 2943 dicit,
457 2880 525 2934 ab
553 2880 805 2937 omnibus
848 2882 1129 2938 catholica:
1157 2892 1211 2939 et
1252 2885 1557 2955 apostolica:
1586 2887 1840 2943 Ecclesia:

264 2972 394 3027 ﬁliis
422 2974 641 3027 omnino
665 2972 854 3029 beatus
882 2974 1192 3044 Gregorius,
1214 2992 1320 3031 non
1344 2976 1597 3032 Claudius
1615 2993 1840 3047 sequen-

259 3064 369 3119 dus
397 3073 503 3119 est.
530 3064 677 3120 Nova
699 3082 826 3122 vero
852 3076 907 3122 et
954 3068 1129 3137 inepta
1175 3084 1293 3137 qua:
1326 3069 1470 3125 solus
1495 3071 1837 3139 persequitur

261 3158 560 3221 adoranda,
592 3175 713 3214 cum
753 3174 819 3215 eo
870 3161 1041 3230 modis
1076 3160 1325 3215 omnibus
1353 3176 1456 3215 non
1505 3162 1676 3216 solum
1711 3170 1837 3217 sunt
1864 3142 1908 3202 (ἶ

262 3247 558 3318 rejicienda
585 3290 598 3311 ,
654 3266 841 3304 verum
900 3250 1060 3305 etiam
1111 3251 1440 3305 detestanda.
1469 3251 1525 3305 la
1574 3252 1674 3307 hoc
1702 3267 1834 3307 sane

260 3338 448 3394 libello
476 3339 726 3395 brevitati
753 3343 1233 3407 studentes,tuam,
1258 3358 1291 3396 ο
1319 3342 1831 3407 Οιειιιιιὶ,,ιιιιειιιί1ἰε-

259 3432 460 3486 simam
483 3432 783 3487 doctrinam
799 3432 864 3487 de
888 3434 1064 3488 crucis
1085 3443 1139 3488 ct
1161 3433 1296 3488 asini
1321 3434 1653 3499 adoratione,
1671 3448 1833 3504 quam

260 3523 596 3596 syllogistica
638 3523 1026 3580 declamatione
1052 3541 1203 3595 teque
1243 3525 1359 3580 fieri
1386 3527 1633 3592 docuisti,
1681 3527 1836 3582 refel-

260 3614 479 3670 lendam
530 3614 837 3670 statuimus.
884 3615 1088 3670 Cretera
1137 3631 1265 3670 vero
1296 3606 1413 3687 qua:
1465 3617 1532 3671 ad
1581 3617 1832 3687 injuriam

260 3705 445 3761 crucis
473 3706 767 3760 adorandae
812 3705 1094 3774 scripsisti,
1132 3708 1185 3760 in
1209 3707 1450 3777 sequenti
1481 3706 1658 3761 libello
1688 3722 1834 3762 com-

261 3797 477 3852 modius
528 3795 881 3866 improbanda
911 3798 1267 3853 decernimus.
1309 3799 1403 3853 Est
1432 3809 1693 3868 praeterea
1719 3808 1833 3852 stu-

259 3888 500 3959 pendum
559 3899 614 3944 et
668 3888 1023 3944 admiratione
1084 3890 1474 3960 dignum,,imo
1533 3905 1728 3965 novum
1777 3899 1833 3945 et

258 3981 567 4036 inauditum
595 4020 611 4044 ,
646 3989 703 4036 et
734 3982 815 4053 (ιιι
841 3982 1022 4036 verius
1052 3981 1295 4054 inquam)
1327 3983 1610 4041 cachinn’s
1637 3997 1823 4053 puero-

259 4088 388 4127 rum
433 4072 795 4142 aptissimum,
845 4072 1148 4142 hujusmodi
1184 4073 1513 4127 adorationis
1543 4073 1833 4127 documen-

259 4173 403 4217 tum.
435 4160 598 4217 Forte
629 4163 773 4217 enim
798 4162 970 4217 eidem
1004 4163 1324 4226 adorationi,
1365 4164 1543 4217 crucis
1584 4162 1833 4218 videlicet

257 4260 327 4307 et
351 4252 507 4316 asini,
551 4252 686 4307 alias
734 4252 938 4307 nzeuias
962 4251 1263 4306 adorandus
1305 4252 1649 4316 subtexuisti,
1695 4261 1757 4306 ut
1786 4253 1831 4307 si

258 4346 323 4399 in
356 4352 647 4399 memorata
674 4344 987 4399 adoratione
1002 4344 1331 4413 contemptui
1365 4352 1418 4397 ct
1444 4343 1828 4398 abominationi

258 4433 561 4498 babereris,
589 4435 744 4490 sicuti
771 4443 826 4489 et
844 4435 1061 4491 baberis
1088 4433 1296 4490 facilius
1323 4434 1389 4489 ad
1413 4449 1505 4487 eas
1527 4434 1831 4489 adorandas

257 4525 538 4581 auditores
563 4534 683 4580 tuos
705 4540 996 4595 provocare
1026 4524 1226 4579 valens.
1254 4525 1347 4580 Ais
1386 4524 1591 4593 itaque,
1618 4524 1674 4578 Si
1698 4524 1826 4578 ado—
1858 4497 1906 4555 D

258 4625 421 4673 ratur
451 4633 601 4681 crux,
637 4618 930 4672 adorentur
959 4626 1012 4671 et
1041 4617 1198 4681 asini,
1230 4615 1372 4671 illico
1404 4617 1582 4670 reddis
1602 4631 1821 4672 causam

251 4722 332 4763 eo
381 4708 521 4777 quod
571 4706 734 4761 asello
781 4707 975 4761 sedens
1027 4706 1283 4760 Dominus
1317 4703 1615 4761 Jerusalem
1657 4720 1824 4774 usque

252 4799 590 4869 pervenerit.
645 4797 779 4865 Quia
813 4813 941 4869 ergo
992 4799 1172 4851 asinos
1217 4797 1518 4851 adorandos
1541 4795 1821 4865 proponis,

253 4904 489 4945 necesse
510 4899 593 4944 est
621 4898 679 4943 ut
712 4888 845 4944 tales
870 4890 1022 4944 nobis
1046 4903 1255 4957 (Illme
1283 4888 1468 4957 quales
1490 4888 1706 4942 adorari
1740 4889 1825 4941 de-

253 4989 421 5045 ceat;
449 4981 557 5035 scis
580 4980 723 5035 enim
772 4980 896 5049 quia
940 4978 1108 5033 Italici
1131 4988 1184 5033 et
1203 4977 1507 5034 Germanici
1536 4978 1675 5032 male
1701 4985 1827 5033 sunt

254 5072 422 5126 auriti
463 5080 520 5127 et
574 5070 644 5125 ob
691 5069 1085 5126 deformitatem
1131 5077 1183 5123 et
1226 5070 1574 5141 exiguitatem
1630 5084 1822 5139 corpo-

256 5166 335 5220 ris
378 5180 487 5219 non
539 5171 817 5218 merentur
866 5160 1100 5217 adorari.
1149 5159 1488 5215 Manifestum
1517 5168 1601 5214 est
1643 5169 1823 5213 autem

256 5258 381 5326 quia
424 5255 660 5327 regionis
686 5263 791 5310 tuce
817 5253 953 5310 asini
994 5267 1308 5322 magnorum
1360 5260 1486 5309 sunt
1512 5265 1821 5319 corporum,

258 5360 683 5420 magnarumque
723 5345 955 5410 aurium,
1003 5355 1205 5413 suaque
1238 5341 1663 5411 pulchritudine.
1684 5341 1737 5394 in
1766 5354 1826 5394 se

256 5440 447 5494 oculos
498 5436 817 5491 intuentium
869 5432 1235 5504 spectabiliter
1299 5439 1634 5487 convertunt.
1689 5430 1824 5496 Quia

256 5535 424 5606 igitur
464 5529 780 5587 odorandos
817 5530 1000 5585 asinos
1046 5528 1325 5599 praedicas,
1377 5540 1443 5579 ex
1484 5525 1567 5579 his
1597 5525 1729 5577 duos
1758 5525 1825 5580 ad

257 5628 436 5682 instar
476 5620 760 5678 Jeroboam
809 5623 951 5690 regis
1005 5620 1299 5675 idololatme
1346 5631 1590 5681 assume,
1638 5625 1825 5685 quate-

259 5730 363 5772 nus
394 5716 534 5770 sicut
575 5712 663 5768 ille
716 5721 773 5766 ut
806 5712 1052 5782 populum
1086 5712 1178 5765 Dei
1208 5729 1235 5765 ιι
1265 5709 1406 5765 cultu
1462 5708 1641 5763 divino
1671 5719 1821 5759 aver-

1949 1910 2067 1965 quae
2080 1895 2316 1973 decruce
2344 1897 2395 1950 in
2417 1896 2663 1964 ejusdem‘
2683 1899 2909 1968 apostoli
2948 1902 3284 1969 reperiuntur
3308 1902 3503 1957 verbis.

1946 1984 2010 2039 Et
2037 1994 2091 2038 tu
2122 2001 2188 2040 ex
2214 1984 2431 2055 obliquo
2457 1986 2630 2041 eidem
2678 1989 2917 2058 apostolo
2965 1985 3247 2056 resultans,
3277 1990 3402 2060 quid
3434 1992 3512 2045 vi-

1949 2077 2094 2133 deris
2137 2077 2320 2132 dicere
2346 2078 2398 2131 in
2432 2092 2497 2133 eo
2545 2079 2686 2155 quod
2723 2081 2845 2134 ais:
2885 2100 2902 2131 ι
2944 2080 3003 2135 Si
3053 2082 3306 2137 adorator
3351 2099 3501 2143 erm,

1945 2170 2200 2224 adoretur
2217 2170 2486 2235 etasinus,
2526 2190 2544 2223 ι
2574 2172 2676 2225 nisi
2692 2181 2746 2225 ut
2764 2173 2808 2227 si
2835 2172 2955 2243 quis
2975 2173 3233 2242 glorietur
3253 2174 3305 2229 iu
3327 2191 3510 2242 cruce,

1943 2274 2096 2328 teque
2131 2259 2392 2330 glorietur
2419 2261 2473 2314 iu
2522 2262 2711 2316 asino?
2740 2263 2934 2318 Videre
2968 2264 3149 2334 itaque
3175 2265 3304 2320 mihi
3324 2266 3510 2321 videor

1945 2362 1998 2407 te
2025 2352 2079 2407 in
2112 2367 2272 2407 scena
2299 2360 2513 2423 tergore
2558 2354 2710 2407 aselli
2741 2355 3054 2423 adopertum
3075 2371 3508 2425 quaquaversum

1943 2444 2226 2514 pueriliter
2271 2444 2485 2515 agitari,
2527 2446 2817 2514 multisque
2855 2454 2908 2501 te
2954 2446 3188 2516 undique
3215 2448 3508 2503 circumse-

1942 2535 2233 2604 pientibus,
2264 2533 2373 2589 imo
2401 2535 2801 2600 continentibus,
2839 2551 2958 2591 esse
2990 2537 3268 2601 miraculo,
3297 2552 3508 2592 secnm~

1942 2641 2046 2694 que
2072 2635 2256 2682 mutuo
2270 2626 2334 2681 de
2366 2626 2653 2695 tedigitulo
2675 2635 2925 2697 protento
2948 2627 3300 2682 sermocinari
3326 2646 3338 2681 :
3372 2628 3506 2682 Ecce

1938 2718 2093 2772 homo
2118 2717 2209 2787 qui
2241 2718 2365 2771 cum
2378 2718 2435 2770 in
2460 2717 2654 2771 honore
2678 2720 2877 2787 positus
2903 2728 3032 2772 esset
3061 2719 3368 2787 episcopali,
3401 2736 3502 2772 non

1937 2805 2211 2870 intellexit,
2244 2822 2308 2860 ac
2333 2819 2429 2876 per
2462 2807 2564 2861 hoc
2599 2807 2750 2861 asino
2777 2818 3138 2876 comparatus.
3175 2807 3365 2861 similis
3395 2807 3504 2861 fac-

1938 2903 2025 2950 tus
2047 2903 2129 2950 est
2148 2895 2223 2949 illi
2246 2893 2418 2966 (Peril.
2446 2897 2655 2951 simul.
2684 2893 2798 2949 Non
2819 2895 2983 2959 enim,
3012 2910 3046 2947 o
3072 2894 3276 2960 Claudi,
3306 2896 3511 2965 putaris

1938 2984 2142 3055 absque
2173 2983 2400 3052 alicujus
2423 2993 2572 3037 certa
2607 2985 2813 3039 ratione
2861 2985 3099 3055 mysterii
3132 2986 3339 3040 asinum
3378 2986 3507 3040 ado-

1941 3075 2166 3128 randum
2193 3074 2558 3143 proposuisse,
2585 3082 2640 3128 ct
2666 3073 2718 3127 in
2741 3088 2806 3128 eo
2841 3074 2914 3128 ita
2937 3082 2997 3128 ut
3024 3074 3076 3128 in
3099 3089 3259 3128 cruce
3278 3075 3507 3145 glorian-

1943 3164 2067 3219 dum
2094 3164 2433 3234 praedicasse.
2468 3163 2603 3230 Quia
2652 3163 2891 3234 profecto
2921 3164 2973 3218 in
3027 3165 3339 3220 adoratione
3361 3167 3503 3222 asini

1938 3269 2096 3322 quam
2127 3253 2357 3308 docuisti
2409 3268 2655 3323 magnam
2700 3253 2941 3307 stultitiae
2979 3262 3159 3307 notam
3200 3256 3499 3325 acquisisti.

1935 3342 2132 3397 Asinus
2181 3342 2376 3412 quippe
2428 3342 2650 3396 stultum
2707 3341 2977 3413 signiﬁcat
3033 3342 3501 3411 hominem,juxta

1938 3433 2064 3488 illud
2088 3432 2490 3487 Deuteronomii
2520 3450 2532 3485 ;
2564 3430 2686 3486 Non
2714 3431 2892 3486 orabis
2932 3432 2987 3486 in
3029 3432 3149 3486 bove
3179 3434 3340 3485 simul
3368 3444 3416 3487 et
3449 3434 3506 3487 in

1937 3523 2085 3578 asino
2128 3522 2305 3595 (Deut.
2337 3524 2498 3592 χχιι),
2527 3522 2580 3576 id
2628 3531 2731 3586 est,
2777 3522 3000 3576 stultum
3031 3523 3084 3575 in
3119 3522 3504 3592 praedicatione

1937 3615 2166 3685 sapienti
2220 3629 2289 3675 ne
2311 3623 2315 3627 ‘
2339 3613 2532 3667 socios.
2582 3608 2774 3671 Verum
2821 3625 2943 3666 cum
2979 3611 3045 3664 de
3074 3611 3228 3666 asino
3263 3626 3415 3680 aeque
3444 3619 3504 3664 ut

1936 3719 2151 3759 crucem
2191 3702 2464 3757 adorando
2516 3700 2569 3754 in
2617 3700 2869 3769 praesenti
2914 3699 3094 3755 libello
3135 3700 3241 3754 tuis
3286 3701 3503 3769 ineptiis

1934 3805 2206 3866 utcunque
2240 3797 2311 3850 sit
2341 3794 2615 3849 obviatum
2636 3832 2651 3856 ,
2687 3792 3026 3860 breviterque
3055 3800 3108 3845 et
3146 3790 3202 3844 in
3224 3791 3495 3861 sequenti,

1934 3888 2159 3942 Domino
2187 3887 2242 3941 in
2268 3885 2422 3955 cujus
2444 3899 2604 3937 manu
2633 3897 2816 3937 sumus
2841 3897 2939 3935 nos
2969 3889 3022 3934 et
3041 3895 3319 3935 sermones
3348 3879 3502 3934 nobis

1936 3980 2222 4041 tribuente,
2270 3978 2338 4039 de
2374 3976 2583 4039 eadem,
2610 3972 2788 4028 crucis
2820 3971 3066 4026 videlicet
3096 3978 3150 4025 et
3177 3970 3339 4036 asini,
3370 3969 3497 4024 hinc

1934 4069 2170 4124 venienti
2224 4066 2561 4127 adoratione,
2590 4071 2645 4118 et
2666 4062 2785 4116 aliis
2832 4060 3120 4115 insensatis
3171 4060 3334 4114 rebus
3365 4074 3500 4128 quas

1936 4159 2207 4214 insensata
2233 4166 2411 4211 mente
2451 4162 2509 4208 ut
2533 4168 2747 4207 crucem
2797 4151 3102 4206 adorandas
3144 4150 3497 4221 proposuisti,

1934 4249 2094 4303 latius
2140 4246 2512 4318 prolixiusque
2566 4243 2637 4298 sit
2680 4241 3050 4305 tractandum;
3111 4241 3287 4294 adhuc
3319 4248 3498 4295 tamen

1933 4326 2347 4396 conclusionem'
2362 4346 2508 4390 tuam
2536 4348 2698 4405 quam
2738 4333 2977 4403 ejusdem
3014 4332 3177 4386 rebus
3201 4330 3498 4385 secundum

1935 4439 2081 4483 luant
2108 4428 2406 4482 doctrinam
2434 4419 3083 4501 adorandis’subtexuisti,
3106 4418 3497 4473 discutiendam

1932 4520 2236 4582 statuimus,
2259 4517 2348 4572 ubi
2369 4516 2579 4585 inquis:

2006 4629 2024 4662 ι
2062 4608 2369 4663 ltidicnlosa
2418 4607 2519 4660 ista
2571 4605 2749 4659 omnia
2798 4611 2942 4678 sunt,
2967 4611 3022 4657 et
3063 4602 3287 4673 lugenda
3316 4601 3496 4671 potius

1932 4723 1951 4756 ι
1988 4717 2149 4773 quam
2178 4700 2491 4763 scribenda;
2520 4699 2871 4768 cogimurque
2896 4703 3086 4750 contra
3121 4693 3312 4747 stultos
3333 4695 3496 4748 stulta

1933 4815 1951 4846 ι
1986 4807 2303 4864 preponere,
2331 4800 2385 4844 et
2405 4799 2593 4845 contra
2608 4788 2813 4858 lapidea
2831 4787 3013 4851 corda,
3041 4800 3146 4838 non
3161 4784 3309 4837 verbi
3336 4783 3521 4851 sagiw

1933 4906 1951 4938 ι
1996 4897 2103 4950 tas,
2141 4884 2223 4940 vel
2248 4883 2562 4946 sententias,
2589 4880 2683 4935 sed
2724 4880 2962 4949 lapideos
2989 4876 3250 4950 projicere
3276 4877 3434 4929 ictus.
3470 4893 3487 4925 ι

1935 4979 2131 5033 Verum
2156 4987 2241 5031 est
2269 4975 2410 5045 quod
2442 4980 2639 5029 asseris
2679 4972 2804 5039 quia
2831 4969 3120 5024 ridiculosa
3161 4966 3491 5025 suntonmia

1931 5079 1986 5123 et
2014 5070 2193 5138 potius
2246 5067 2473 5137 lugenda
2520 5056 2681 5132 quam
2716 5059 3036 5123 scribenda,
3076 5074 3196 5128 qua:
3251 5058 3316 5111 de
3355 5054 3493 5109 asini

1931 5159 2262 5223 adoratione,
2311 5163 2365 5210 et
2388 5153 2565 5208 crucis
2597 5148 2992 5211 exsecratione,
3020 5156 3075 5202 et
3112 5145 3328 5202 caeteris
3374 5158 3495 5212 qua:

1929 5247 1983 5301 in
2009 5243 2478 5316 reprehensionem
2503 5238 2884 5296 ecclesiasticae
2931 5235 3237 5290 traditionis
3261 5232 3493 5287 alienata
3534 5284 3541 5293 ,

1932 5347 2115 5392 mente
2161 5334 2476 5404 scriptitastt
2507 5372 2521 5394 ,
2569 5331 2916 5400 cogimurque
2972 5338 3158 5382 contra
3209 5323 3493 5380 stultitiam

1932 5438 2076 5484 tuam
2111 5428 2235 5481 talia
2265 5425 2521 5488 scribere,
2556 5423 2778 5492 tibique,
2809 5427 3020 5474 utentes
3044 5416 3222 5472 verbis
3247 5413 3494 5469 Salomo-

1930 5523 2016 5576 nis
2057 5518 2237 5592 (Pror.
2275 5516 2445 5586 XXVI),
2468 5515 2619 5585 juxta
2664 5514 2945 5603 stultitiam
2984 5519 3149 5573 tuam,
3178 5522 3247 5568 ne
3277 5506 3373 5561 tibi
3414 5518 3503 5561 sa.

1928 5614 2081 5680 piens
2102 5625 2220 5665 esse
2260 5608 2509 5672 videaris,
2545 5596 2891 5675 respondere;
2917 5610 2970 5656 et
3006 5601 3073 5655 ad
3099 5596 3490 5670 penetrandum

1929 5713 2089 5770 atque
2116 5699 2526 5756 conl'odiendmn
2572 5696 2832 5774 lapideum
2857 5708 2951 5747 cor
2981 5701 3151 5756 tuum,
3199 5700 3253 5747 et
3279 5690 3343 5744 ad
3371 5686 3491 5743 sub-
