4030 6190
542 289 646 345 359

1599 288 1791 342 ,ΙΟΝᾹΞ
1830 288 1871 341 Α
1884 286 2374 344 CRELIANENSLS
2410 289 2711 345 EPISCOPI

3656 302 3761 354 5:31)

543 403 802 458 rucudum
841 417 1040 456 erroris
1062 398 1140 454 tui
1176 402 1365 470 dogma
1404 400 1893 468 perversissimam.
1931 397 2096 452 divini
2125 403 2175 459 Α
2202 399 2358 452 modo
2383 408 2560 453 autem
2602 400 2689 456 hic
2717 416 2896 456 sermo
2920 404 3261 479 propheticus
3302 406 3459 461 nobis
3491 407 3646 463 tidem
3671 425 3766 465 ca-

542 497 689 552 verbi
715 496 936 565 sagittas
961 503 1148 549 acutas
1183 493 1401 563 eligere,
1448 500 1863 559 sanctorumque
1885 490 2101 545 Patrum

540 585 835 640 sententias
857 598 1168 654 congerere,
1192 582 1399 650 hisque,
1428 590 1488 635 ut
1512 591 1635 651 pote
1656 581 1855 636 silieeis
1882 581 2099 644 ictibus,

539 690 599 727 us
631 683 777 727 tuum
801 672 1170 741 blasphemum
1199 670 1484 739 oppilando
1507 678 1806 725 conterere.
1850 669 2102 722 Patenter

537 780 667 835 ergo
693 774 781 817 tua
806 764 1024 833 propria
1074 763 1176 816 tela
1216 777 1333 831 qua:
1365 762 1416 815 in
1461 776 1559 816 nos
1577 760 1806 828 iaculari
1849 760 2001 813 nisus
2018 773 2095 823 es,

539 854 765 907 viriliter
802 854 855 906 in
888 860 941 906 te
975 852 1257 915 vibraudo,
1295 866 1447 904 versa
1475 851 1591 905 vice
1618 858 2007 919 retorquemus,
2045 855 2101 900 et

539 945 621 998 his
642 953 698 997 ut
736 944 900 998 David
935 944 1372 1012 superbissimum
1401 941 1610 995 Goliath
1656 951 1708 996 te
1736 951 1825 996 tuo
1853 940 2099 995 lethifero

539 1035 783 1103 dogmate
824 1020 1172 1086 trucidamus.
1223 1031 1454 1084 Rursum
1484 1031 1794 1100 prophetico
1837 1045 1905 1084 ex
1946 1040 2098 1100 parte

539 1124 762 1178 abutens
785 1124 1034 1192 alloquio,
1058 1125 1131 1177 ita
1163 1124 1375 1191 inquis:
1418 1142 1435 1172 ι
1473 1122 1657 1176 Redite
1672 1123 2096 1191 pra'varicatores

542 1235 558 1263 ι
602 1216 671 1268 ad
705 1231 795 1268 cor
841 1213 974 1283 (Isa.
1007 1214 1176 1283 nvi),
1210 1214 1300 1282 qui
1332 1213 1631 1267 recessistis
1678 1228 1709 1267 a
1754 1213 1999 1276 veritate,
2040 1221 2095 1267 et

540 1329 556 1354 ι
605 1307 821 1375 diligitis
853 1307 1160 1369 vanitatem,
1218 1313 1273 1359 et
1294 1306 1425 1359 estis
1465 1305 1583 1358 vani
1616 1303 1759 1358 facti.
1800 1323 1818 1354 ι
1859 1302 1927 1356 Ει
1953 1302 2095 1358 illico

535 1398 760 1467 apostoli
800 1396 947 1451 Pauli
980 1396 1261 1452 scribentis
1300 1396 1367 1451 ad
1403 1394 1658 1449 llebrmos
1687 1394 1959 1449 subnectis
1980 1382 2088 1448 ldo-

533 1498 861 1553 contentum,
892 1489 966 1542 ita
1003 1486 1339 1541 subinierens
1370 1504 1383 1540 :
1415 1506 1433 1537 ι
1465 1486 1564 1553 Qui
1619 1476 1831 1540 rursum
1883 1486 2093 1541 cruciﬁ-

535 1602 551 1629 ι
589 1581 712 1651 gitis
741 1580 932 1634 Filium
975 1581 1091 1644 Dei,
1136 1590 1191 1635 et
1212 1581 1444 1635 ostentui
1495 1580 1707 1634 habetis
1738 1579 1923 1651 (Hebr.
1954 1580 2084 1648 vr)»

532 1667 729 1722 Deinde
752 1669 875 1738 quia
903 1685 1004 1723 non
1024 1669 1231 1734 ahenis,
1261 1670 1353 1724 sed
1386 1670 1490 1724 tuis
1513 1669 1744 1738 propriis
1770 1671 1938 1724 uteris
1967 1685 2087 1724 ver-

2203 491 2454 546 tholicam
2478 501 2533 547 et
2552 493 2893 561 apostolicam
2914 495 3228 551 inconcusse
3248 499 3575 556 tenentibus.
3599 503 3765 556 tradi-

2202 580 2479 649 tionesque
2505 581 2915 649 ecclesiasticas,
2947 600 3081 653 quas
3102 602 3131 639 a
3158 588 3358 642 sanctis
3396 587 3643 645 Patribus
3670 606 3766 646 ac-

2199 673 2458 742 cepimus,
2492 675 2797 744 incorrupte
2820 677 3156 732 servantibus
3178 680 3479 744 conveniat,
3501 696 3623 735 cum
3648 681 3767 735 nul-

2199 758 2264 813 lis
2294 761 2505 817 indiciis
2540 762 2801 832 nullisque
2837 763 3170 821 documentis
3213 769 3510 837 approbare
3549 770 3762 834 valeas,

2200 860 2368 905 restat
2399 852 2641 922 profecto
2683 864 2743 908 ut
2783 870 2888 909 non
2932 871 3059 920 nos,
3094 858 3185 911 sed
3216 866 3269 911 te
3306 860 3480 931 potius
3509 863 3766 931 prmvari-

2198 952 2479 1009 catorem,
2514 947 2603 1014 qui
2648 955 2846 1001 statuta
2886 947 3252 1003 ecclesiastica
3296 966 3428 1006 ausu
3472 956 3765 1008 temerario

2197 1038 2497 1093 convellere
2518 1040 2751 1105 conaris,
2778 1040 3076 1110 intelligas:
3111 1049 3166 1095 et
3207 1043 3272 1096 ad
3316 1059 3440 1108 cor,
3471 1045 3522 1098 id
3550 1054 3654 1110 est,
3692 1049 3766 1102 ad

2196 1144 2408 1183 sensum
2439 1130 2812 1185 ecclesiasticae
2834 1131 3103 1186 traditioni
3131 1143 3513 1203 congruentem
3535 1146 3765 1205 quanto-

2195 1216 2311 1272 cius
2340 1219 2513 1274 redire
2541 1219 2782 1285 festines,
2820 1214 2993 1276 sciens
3018 1224 3268 1290 quoniam
3297 1223 3512 1293 impune
3540 1242 3645 1281 non
3671 1243 3765 1282 ce-

2196 1310 2285 1362 det
2313 1310 2460 1362 omni
2484 1311 2550 1363 ab
2576 1324 2641 1364 eo
2663 1311 2915 1366 aliorsum
2939 1314 3318 1381 peregrinanti,
3345 1323 3398 1368 et
3423 1330 3544 1369 cum
3574 1327 3760 1371 extra-

2196 1411 2295 1450 neo
2322 1397 2628 1453 fornicanti.
2658 1399 2807 1466 Quod
2834 1416 3015 1471 agens,
3045 1403 3298 1470 probabis
3327 1419 3433 1457 non
3471 1420 3588 1467 nos,
3618 1406 3764 1460 sicut

2194 1486 2458 1555 scripsisti
2482 1528 2496 1551 ,
2523 1488 2615 1542 sed
2642 1497 2694 1543 te
2721 1490 2891 1557 magis
2920 1505 2949 1544 a
2977 1490 3197 1545 veritatv
3232 1492 3503 1556 recedere,
3534 1503 3587 1549 et
3610 1496 3761 1549 vani-

2195 1582 2356 1629 tatem
2387 1576 2629 1647 diligere,
2657 1586 2710 1631 et
2737 1593 2930 1632 vanum
2958 1577 3152 1634 factum
3186 1572 3322 1645 esse,
3354 1582 3493 1637 sicut
3518 1593 3606 1638 tua
3644 1586 3763 1639 iue-

2192 1673 2280 1732 pta
2307 1667 2503 1735 scripta
2531 1667 2917 1721 demonstrant.
2960 1668 3281 1738 Repetamus
3314 1673 3475 1726 etiam
3506 1675 3761 1744 apostoli-

530 1758 630 1820 his,
678 1756 905 1810 inertem
934 1765 1094 1833 atque
1128 1757 1552 1828 imcompositam
1588 1757 1878 1813 dictionem
1906 1759 2090 1813 subin-
2122 1749 2163 1807 Β
2192 1768 2312 1808 Cum
2340 1770 2639 1810 sermonem
2662 1797 2675 1821 ,
2710 1772 2866 1825 quem
2898 1767 2956 1812 ut
3000 1768 3147 1813 tuum
3195 1763 3468 1831 proprium
3497 1765 3756 1834 posuisti,

527 1846 659 1911 fers,
696 1848 768 1900 ita
804 1847 1127 1902 subnecrens
1160 1867 1171 1901 :

607 1954 624 1983 ι
667 1936 737 1993 Et
755 1952 850 2004 per
875 1937 975 1990 hoc
1004 1938 1317 1992 catervatim
1340 1939 1545 1992 animas
1568 1939 1886 1994 miserorum
1914 1940 2090 1995 socias

532 2042 551 2076 ι
591 2024 759 2080 factas
788 2027 1085 2081 daemonum
1132 2028 1357 2091 habetis,
1406 2028 1687 2084 alienando
1724 2046 1816 2085 eas
1856 2046 1954 2101 per
1994 2047 2086 2085 ne-

531 2134 551 2167 ι
585 2117 746 2170 fanda
774 2118 1051 2187 sacrilegia
1079 2119 1485 2173 simulacrorum
1518 2136 1546 2172 a
1576 2131 1818 2175 creatore
1847 2138 1965 2184 suo,
1994 2121 2087 2175 ha-

530 2225 549 2257 ‹
580 2208 719 2261 hetis
761 2224 854 2262 eas
895 2208 1128 2276 deiectas
1171 2219 1227 2263 et
1274 2210 1542 2279 pl‘ttjCCtas
1588 2211 1638 2264 in
1687 2212 2082 2267 damnationem

523 2307 858 2370 perpetuam.
898 2319 917 2350 ι
957 2298 1269 2369 Ubicunque
1297 2300 1350 2353 in
1384 2301 1644 2363 onusculo
1675 2311 1764 2356 tuo
1798 2303 1937 2371 quod
1976 2303 2084 2357 dis-

523 2391 757 2444 cutimus
800 2391 987 2445 alienis
1028 2392 1195 2445 uteris
1238 2391 1451 2454 verbis,
1484 2395 1812 2447 constructio
1836 2394 2084 2449 dictionis

524 2482 835 2536 litterariam
858 2484 968 2535 vim
991 2498 1149 2551 quam
1179 2498 1208 2536 a
1247 2483 1523 2551 conditore
1562 2498 1658 2538 suo
1686 2477 1916 2553 accepit,
1948 2486 2082 2539 reti-

524 2583 613 2626 net
637 2589 651 2633 ;
691 2587 905 2627 sensum
929 2580 1107 2626 tamen
1136 2573 1430 2642 proprium,
1457 2583 1518 2627 ut
1535 2584 1657 2643 pote
1682 2559 1938 2644 cauponis
1959 2591 2083 2645 pra-

426 2696 431 2705 ι
521 2665 687 2719 vitate
708 2673 1039 2733 corruptum,
1056 2665 1183 2730 heu,
1206 2666 1339 2735 proh
1361 2666 1543 2719 dolor!
1572 2667 1803 2721 amittit:
1828 2667 2081 2737 quoniam

518 2770 626 2808 non
650 2770 716 2808 eo
750 2754 909 2808 modo
933 2769 1038 2822 quo
1061 2756 1235 2824 posita
1254 2797 1267 2820 ,
1302 2755 1384 2809 vel
1410 2770 1475 2809 eo
1502 2772 1662 2812 sensu
1697 2773 1803 2826 quo
1830 2758 1969 2819 dicta
2000 2757 2080 2812 vel

518 2842 785 2913 intellecta
813 2852 960 2907 sunt,
986 2858 1016 2896 a
1046 2853 1111 2897 te-
1122 2854 1392 2914 ponuntur
1420 2846 1499 2898 vel
1531 2845 1919 2917 intelliguntur.
1952 2846 2082 2903 Ubi-

516 2948 728 3003 cunque
758 2949 886 2988 vero
915 2936 1021 2987 tuis
1039 2935 1271 3005 propriis
1290 2936 1467 2990 verbis
1486 2937 1717 3004 aliquam
1745 2938 1932 2993 niteris
1952 2953 2080 2993 con-

514 3035 727 3081 struere
761 3026 1082 3089 dictionem,
1139 3027 1262 3096 quia
1309 3028 1467 3082 litura
1502 3029 1634 3107 artis
1680 3031 2076 3099 grammaticae,

2190 1858 2297 1911 quo
2330 1844 2447 1897 ais:
2495 1864 2512 1894 ι
2549 1844 2649 1911 Qui
2689 1862 2903 1901 rursum
2928 1848 3238 1918 cruciﬁgitis
3264 1850 3429 1905 tilium
3462 1853 3551 1907 Dei
3576 1861 3630 1907 et
3662 1870 3758 1910 os-

2190 1934 2357 1988 tentui
2389 1936 2598 1990 habetis
2627 1935 2811 2007 (Hebr.
2842 1937 2937 2001 vi).
2975 1959 2994 1990 ι
3029 1938 3233 1994 Idcirco
3253 1942 3394 1994 enim
3416 1958 3513 1997 nos
3535 1953 3755 2014 aposto-

2188 2021 2293 2077 lico
2334 2038 2581 2079 sermone
2621 2026 2909 2095 percellere
2944 2028 3162 2096 putatis,
3203 2045 3521 2101 rursumque
3543 2034 3759 2088 cruciﬁ-

2187 2126 2312 2180 gere
2340 2112 2529 2167 Filium
2562 2113 2677 2179 Dei,
2707 2124 2761 2169 et
2788 2116 3017 2170 ostentui
3046 2118 3243 2172 habere
3283 2119 3650 2186 calumniatis,
3688 2140 3756 2179 eo

2186 2205 2326 2272 quod
2371 2207 2439 2260 ob
2481 2209 2794 2261 memoriam
2833 2209 3096 2278 passionis
3135 2210 3423 2267 Dominica:
3465 2213 3756 2285 imaginem

2184 2296 2424 2350 cruciﬁxi
2455 2296 2652 2352 Christi
2682 2299 2732 2351 in
2761 2315 2892 2353 auro
2924 2310 3210 2371 argentove
3245 2304 3618 2371 exprimimus,
3655 2317 3753 2373 aut

2184 2397 2329 2441 certe
2365 2386 2419 2440 in
2465 2387 2660 2443 tabulis
2701 2389 3033 2447 diversorum
3069 2392 3306 2446 colonum
3353 2392 3487 2448 fucis
3513 2396 3757 2465 depingi-

2184 2492 2321 2531 mus.
2353 2477 2504 2544 Quod
2547 2478 2592 2532 si
2640 2479 2716 2532 ita
2760 2488 2874 2543 est,
2916 2490 3175 2549 quantum
3201 2497 3231 2535 a
3260 2497 3419 2536 sensu
3454 2484 3755 2552 apostolico

2183 2582 2373 2623 sensus
2401 2570 2501 2624 iste
2526 2570 2833 2633 abhorreat,
2860 2572 3100 2641 quisquis
3131 2573 3592 2643 scrupulosissime
3618 2592 3755 2646 pne-

2185 2658 2424 2714 cedentia
2447 2668 2500 2715 et
2524 2662 2800 2730 sequentia
2822 2662 3073 2732 Epistolas
3092 2662 3329 2731 ejusdem
3350 2665 3573 2733 apostoli
3600 2666 3751 2737 lege—

2182 2750 2283 2813 rit,
2324 2751 2603 2820 perspicue
2643 2752 3050 2806 animadvertet.
3094 2752 3381 2823 Apostolus
3429 2756 3623 2823 quippe
3664 2755 3752 2809 his

2181 2844 2269 2913 qui
2295 2857 2392 2914 per
2412 2844 2640 2914 gratiam
2670 2845 2917 2914 baptismi
2945 2845 3108 2899 semel
3127 2843 3343 2899 fuerant
3368 2844 3670 2910 illuminati,
3697 2856 3753 2902 et

2181 2941 2375 2988 caetera
2409 2950 2527 3004 qua:
2565 2943 2846 2988 enumerat
2893 2935 3063 2989 sancti
3112 2933 3344 3005 Spiritus
3381 2936 3519 2991 dona
3559 2951 3752 2992 consc-

2179 3026 2309 3088 cuti,
2342 3027 2457 3081 haec
2478 3026 2729 3096 loquitur.
2774 3025 2838 3079 lli
2871 3042 3101 3095 namque
3123 3029 3209 3096 qui
3233 3039 3448 3097 peccata
3467 3042 3592 3097 quae
3623 3039 3751 3098 post

514 3130 675 3185 quam
699 3118 1025 3187 contemptui
1050 3118 1248 3171 habere
1268 3120 1478 3180 diceris,
1495 3136 1599 3175 non
1619 3120 1899 3191 levigatur,
1913 3138 2076 3193 quam
2104 3106 2148 3167 C
2179 3116 2501 3185 baptismum
2529 3116 2888 3180 admiserant,
2932 3133 3037 3171 non
3078 3118 3179 3170 nisi
3212 3117 3545 3186 baptismatis
3584 3118 3748 3171 itera-

518 3209 720 3280 lragilis
748 3212 819 3265 sit
848 3225 1115 3279 quamque
1158 3211 1326 3264 ruina:
1352 3212 1523 3265 vicina
1564 3211 1705 3267 illico
1743 3214 2071 3283 agnoscitur.

517 3300 705 3355 Merito
743 3302 938 3370 quippe
984 3300 1185 3368 absque
1216 3300 1380 3368 paleis
1408 3301 1593 3356 linitur
1632 3303 1816 3365 ruina,
1850 3311 1903 3357 et
1944 3304 2073 3358 olim

514 3406 544 3444 a
570 3391 829 3460 propheta
866 3391 1174 3459 pmxlicitur
1199 3389 1412 3459 (Ezech.
1450 3390 1589 3462 xui).
1634 3391 2068 3462 Vcrum,-quan-

514 3497 675 3552 quam
710 3481 994 3537 locutionis
1023 3482 1257 3552 ignarus,
1286 3483 1412 3552 quia
1447 3483 1756 3538 assiduitate
1797 3493 1970 3541 tamen
2000 3486 2075 3540 le-

511 3574 706 3628 ctionis
731 3574 1014 3629 admodum
1040 3574 1266 3630 detritus
1288 3591 1377 3638 es,
1408 3575 1705 3630 divinorum
1738 3578 2072 3647 eloquiorum

511 3665 749 3735 paginas,
788 3672 842 3719 et
880 3680 984 3718 non
1020 3664 1190 3719 solum
1236 3675 1540 3720 sanctorum
1583 3666 1798 3721 Patrum
1821 3710 1835 3733 ,
1883 3685 2069 3724 verum

508 3757 670 3811 etiam
706 3757 983 3827 gentilium
1013 3756 1449 3827 philosophorum
1477 3766 1726 3811 accurata
1758 3760 1898 3814 dicta
1933 3777 2069 3815 enu-

508 3845 721 3900 cleatim
757 3855 1021 3910 scrutare,
1052 3854 1107 3900 et
1135 3862 1472 3916 nequaquam
1512 3848 1563 3901 in
1598 3849 1678 3904 eis
1717 3854 2071 3908 constructio—

507 3952 633 3990 num
663 3944 872 3990 tuarum
898 3937 1140 4006 exempla
1166 3937 1367 3992 valebis
1397 3940 1651 4008 reperire.
1679 3939 1832 3995 Unde
1865 3958 2069 4014 magum

505 4026 844 4080 admirationi
868 4027 1104 4091 haberis,
1139 4035 1340 4081 etcum
1383 4037 1529 4083 recte
1564 4028 1706 4098 loqui
1739 4022 1975 4097 nescias,
2017 4041 2068 4088 te

505 4136 719 4193 quoque
743 4122 951 4178 nescire
990 4138 1097 4177 non
1133 4122 1428 4193 intelligas,
1473 4140 1571 4179 nec
1611 4134 1794 4181 tacere
1835 4128 2065 4182 stultitia

502 4210 811 4280 impellente
838 4227 1022 4279 queas,
1051 4214 1341 4268 secundum
1379 4214 1782 4283 prudentissimi
1811 4218 1914 4272 viri
1940 4234 2067 4275 con-

503 4301 680 4355 silium
704 4315 719 4354 :
756 4300 961 4356 Stultus
987 4303 1031 4356 si
1053 4304 1305 4368 tacuerit,
1344 4305 1547 4374 sapiens
1572 4288 1925 4375 reputabitur;
1949 4318 1998 4362 et
2019 4310 2066 4363 si

502 4392 859 4460 compresserit
884 4391 1022 4445 labia
1047 4410 1164 4459 sua,
1190 4394 1478 4464 intelligens
1512 4395 1692 4465 (Prov.
1723 4396 1876 4468 xvu).
1915 4398 2061 4464 Qua-

501 4490 720 4550 propter
742 4495 962 4536 necesse
985 4491 1069 4537 est
1090 4492 1150 4537 ut
1176 4484 1272 4539 tibi
1297 4486 1611 4554 prospicias,
1641 4495 1695 4540 et
1720 4484 1788 4540 ab
1811 4486 2061 4555 hujusce-

503 4572 643 4626 modi
673 4556 1178 4637 constructionibus,
1207 4572 1400 4643 quibus
1417 4576 1843 4631 extraordinario
1870 4580 2057 4644 uteris,

500 4670 554 4715 te
586 4662 872 4727 cohibeas;
914 4663 1121 4718 scilicet
1160 4672 1221 4719 ut
1267 4681 1328 4720 ea
1372 4681 1491 4735 qua:
1537 4682 1642 4722 non
1682 4669 1915 4725 didicisti
1953 4686 2057 4725 non

498 4754 713 4811 doceas.
732 4762 785 4807 et
807 4753 969 4807 libros
989 4755 1221 4810 condere
1239 4770 1576 4826 nequaquam
1596 4771 1909 4827 prtesumas,
1930 4777 2059 4832 quo-

499 4846 640 4898 niam
685 4858 805 4899 cum
843 4845 898 4899 in
930 4860 1125 4901 manus
1148 4846 1440 4917 peritorum
1475 4848 1803 4914 devenerint,
1835 4851 2055 4906 minime

497 4953 679 4991 morsu
732 4937 1165 5006 reprehensionis
1212 4952 1273 4993 ac
1316 4938 1722 5008 vituperationis
1772 4942 2051 4997 carebunt.

496 5031 855 5085 Reeurramus
882 5030 1045 5101 igitur
1067 5030 1134 5083 ad
1161 5029 1211 5084 id
1236 5030 1376 5098 quod
1404 5029 1651 5094 intulisti,
1673 5030 1760 5084 ubi
1787 5046 1908 5086 cum
1932 5033 2058 5086 ιντο-

494 5123 654 5194 pheta
686 5122 799 5175 ais:
833 5120 1012 5174 Redite
1036 5121 1458 5189 pra’varicatores
1486 5120 1552 5172 ad
1582 5136 1688 5174 cor.
1722 5120 1853 5191 (Isa.
1886 5122 2052 5194 XLVI).

494 5210 800 5280 Smpissime
844 5224 1075 5278 namque
1122 5208 1378 5262 Dominus
1422 5209 1564 5262 hunc
1608 5223 1909 5265 sermonem
1957 5227 2055 5280 per

493 5300 813 5372 Pr0phetam
839 5299 1071 5354 inculcat
1095 5307 1149 5353 et
1181 5299 1435 5367 replicat,
1473 5299 1771 5370 meritoque
1800 5302 2050 5371 populum

494 5407 647 5447 suum
674 5390 1137 5462 praevaricatorem
1166 5390 1415 5460 appellat,
1444 5405 1510 5443 co
1533 5391 1674 5459 quod
1701 5406 1730 5442 a
1757 5391 1899 5445 cultu
1921 5393 2052 5462 legis

494 5482 687 5536 divina:
710 5495 950 5545 aversus,
978 5481 1045 5534 ad
1067 5479 1205 5534 idola
1232 5494 1289 5533 se
1316 5480 1601 5546 convertit,
1624 5494 1874 5549 eumque,
1898 5490 1956 5535 ut
1982 5482 2050 5536 ad

466 5586 591 5633 ,cor
620 5573 822 5637 redeat,
852 5572 1133 5635 admonet,
1165 5570 1400 5634 scilicet,
1437 5577 1498 5623 ut
1527 5569 1712 5625 relicta
1741 5569 2051 5628 idololatria:

493 5664 892 5741 sttpct'stitioue,
924 5664 989 5719 ad
1030 5663 1194 5718 Deum
1222 5676 1285 5716 ex
1318 5666 1430 5716 toto
1466 5660 1630 5717 corde
1670 5660 1870 5715 redeat.
1911 5660 2050 5728 Quo-

2180 3211 2323 3263 tione
2354 3208 2482 3263 dilui
2511 3224 2666 3278 posse
2687 3209 2963 3278 putabant,
2988 3210 3176 3263 merito
3201 3213 3268 3263 ab
3289 3211 3473 3265 eodem
3500 3210 3748 3279 apostolo

2181 3307 2497 3371 arguuntur,
2524 3316 2589 3355 eo
2617 3299 2758 3369 quod
2787 3317 2973 3355 rursus
2999 3301 3343 3371 sibimetipsis
3366 3302 3747 3371 cruciﬁgere-nt

2176 3390 2365 3444 Filium
2390 3390 2483 3445 Dei
2506 3401 2562 3445 et
2579 3392 2810 3446 OSIentui
2837 3392 3113 3455 haberent,
3137 3394 3276 3463 quod
3304 3394 3520 3448 omnino
3544 3394 3749 3464 impos-

2174 3482 2327 3536 sibile
2354 3497 2473 3536 esse
2499 3480 2745 3536 allirmat.
2779 3483 2869 3536 llle
2897 3484 3039 3537 enim
3082 3485 3171 3553 qui
3215 3499 3232 3537 ξ
3262 3485 3449 3540 .cu’ndo
3478 3502 3533 3541 se
3558 3489 3733 3557 hapti.

2174 3571 2287 3624 zari
2321 3586 2478 3642 posse
2507 3579 2677 3641 putat,
2724 3588 2908 3627 rursus
2935 3573 3207 3628 Christum
3236 3575 3392 3646 (sicut
3424 3592 3454 3630 a
3484 3576 3742 3653 Patribus

2174 3661 2427 3716 traditum
2452 3662 2777 3735 accepimus)
2800 3663 3113 3734 sibimetipsi
3137 3666 3401 3735 crucifigit
3424 3677 3478 3722 et
3498 3670 3738 3724 ostentui

2172 3751 2349 3806 habet.
2384 3752 2535 3807 Sicut
2574 3754 2738 3824 igitur
2767 3755 3092 3823 impossibile
3138 3764 3219 3810 est
3265 3772 3448 3812 rursus
3491 3759 3735 3831 cruciﬁgi

2170 3843 2462 3908 Christum,
2493 3844 2593 3900 hoc
2618 3854 2723 3911 est,
2751 3847 2980 3900 osmntui
3017 3862 3139 3901 eum
3182 3848 3414 3913 habere,
3456 3851 3728 3919 quoniam,

2169 3944 2229 3989 ut
2260 3936 2547 4006 Apostolus
2574 3937 2650 3991 ait
2675 3956 2686 3990 :
2729 3936 2964 3993 Christus
2992 3956 3257 4009 resurgens
3287 3959 3318 3994 a
3355 3942 3730 4010 mortuis,jam

2170 4047 2271 4083 non
2302 4032 2540 4094 moritur,
2576 4029 2713 4085 mors
2752 4032 2798 4085 ei
2840 4031 2975 4085 ultra
3019 4049 3121 4086 non
3159 4032 3509 4086 dominabitur
3551 4033 3730 4103 (Rom.

2166 4122 2287 4192 vi);
2319 4122 2391 4176 ita
2417 4122 2671 4177 nimirum
2714 4122 3042 4193 impossibile
3081 4133 3162 4176 est
3207 4135 3420 4193 peccata
3465 4140 3583 4193 qua:
3608 4135 3734 4194 post

2166 4210 2485 4281 baptismum
2529 4213 2882 4268 admittuntur
2916 4213 3251 4284 baptismatis
3292 4214 3571 4268 iteratione
3600 4230 3731 4283 pur-

2165 4302 2300 4370 gari.
2329 4302 2463 4368 Quia
2492 4304 2630 4357 sicut
2654 4302 2900 4358 Christus
2928 4304 3092 4357 semel
3114 4312 3356 4358 mortuus
3380 4312 3461 4359 cst
3481 4320 3648 4358 carne
3673 4305 3727 4358 in

2165 4405 2343 4455 cruce,
2372 4392 2452 4481 sie
2479 4402 2528 4446 et
2561 4408 2656 4447 nos
2676 4392 2840 4446 semel
2870 4393 3129 4447 morimur
3157 4393 3210 4446 in
3245 4392 3584 4461 baptismate,
3615 4407 3728 4447 non

2163 4497 2343 4546 carne,
2372 4483 2463 4537 sed
2490 4491 2728 4551 peccato.
2758 4482 2836 4537 Ac
2860 4498 2954 4553 per
2975 4484 3076 4538 hoc
3114 4483 3251 4538 sicut
3281 4483 3367 4538 ille
3395 4500 3582 4539 rursus
3604 4498 3725 4537 cru-

2160 4574 2302 4644 ciligi
2335 4590 2438 4628 non
2462 4582 2668 4643 potest,
2697 4574 2769 4628 ita
2802 4585 2854 4628 et
2883 4589 2980 4628 nos
3026 4591 3209 4630 rursus
3234 4575 3493 4645 baptizari
3536 4576 3729 4645 nequi-

2160 4678 2297 4717 mus.
2324 4661 2547 4717 Peccata
2576 4677 2734 4733 porro
2759 4677 2876 4730 qua:
2894 4671 3015 4731 post
3034 4663 3354 4732 baptismum
3384 4664 3728 4717 committun.

2159 4762 2264 4817 tur,
2294 4753 2618 4821 pcenitentiae
2647 4752 2895 4822 lacrymis
2921 4762 2976 4805 et
2995 4752 3447 4824 elecmosyuarum
3478 4753 3726 4823 largitio-

2157 4846 2313 4900 nibus
2336 4846 2626 4899 diluuntur.
2645 4844 2777 4911 Quia
2800 4845 2962 4914 igitur
2984 4846 3057 4898 ita
3086 4853 3325 4900 tenemus
3347 4855 3401 4900 et
3425 4848 3720 4910 credimus,

2158 4951 2515 5006 nequaquam,
2530 4945 2591 4989 ut
2603 4935 2933 4990 mendaciter
2955 4934 3172 5000 astruis,
3198 4952 3382 4989 rursus
3403 4934 3594 4990 Filium
3624 4938 3720 4992 Dei

2158 5026 2311 5081 nobis
2337 5026 2693 5095 cruciﬁgimus
2717 5034 2770 5079 et
2808 5034 3036 5080 ostentui
3081 5026 3356 5080 habemus.
3390 5026 3466 5079 Ac
3490 5042 3585 5095 per
3614 5026 3719 5080 hoc

2158 5119 2210 5172 in
2241 5118 2341 5173 hac
2364 5118 2735 5186 prosecutione
2760 5126 2875 5181 tua,
2907 5131 3044 5173 SlCtlt.
3071 5130 3126 5173 et
3159 5118 3208 5172 in
3235 5118 3469 5183 cmteris,
3499 5127 3549 5172 te
3576 5118 3713 5171 deli-

2156 5226 2305 5264 rasse
2331 5209 2664 5265 evidentibus
2687 5210 2897 5289 indiciis
2923 5211 3240 5267 declaratur.
3275 5209 3458 5264 Telum
3484 5225 3613 5263 vero
3642 5209 3717 5263 ri-

2155 5300 2407 5372 diculqsze
2427 5301 2841 5355 constructionis
2864 5308 2986 5364 tum,
3009 5300 3147 5370 quod
3171 5316 3232 5353 ex
3262 5310 3353 5354 tuo
3373 5315 3530 5354 sensu
3554 5299 3717 5372 fabri-

2154 5398 2304 5444 catus
2346 5405 2437 5455 es,
2467 5405 2573 5458 quo
2599 5391 2676 5445 ais
2702 5408 2713 5441 :
2758 5408 2776 5440 ι
2813 5390 2878 5443 Et
2912 5406 3007 5458 per
3037 5393 3136 5444 hoc
3164 5391 3477 5444 catervatim
3503 5390 3714 5446 animas

2151 5480 2468 5535 miserorum
2489 5481 2662 5534 socias
2682 5479 2852 5532 factas
2872 5478 3167 5533 dzentouum
3189 5478 3415 5540 habetis,
3429 5477 3714 5533 alienando

2152 5586 2243 5624 eas
2270 5586 2367 5638 per
2398 5570 2621 5623 nefanda
2660 5568 2933 5637 sacrilegia
2969 5568 3377 5643 simulacrorum
3410 5583 3439 5621 a
3463 5576 3716 5623 creatore

2152 5676 2269 5723 suo,
2303 5658 2509 5713 habetis
2536 5674 2629 5712 eas
2653 5658 2887 5728 dt'jCCl'JS
2917 5664 2967 5710 ct
3006 5655 3267 5726 projectas
3307 5657 3359 5711 in
3396 5667 3713 5727 perpetuam
