3956 6186
196 357 283 413 ΞΗ
1248 358 1335 414 DE
1365 355 1594 414 CULTU
1631 354 1748 408 lMA

1851 353 1991 409 iUM.
2022 386 2092 395 —
2131 356 2257 411 ιω.
2294 357 2354 411 ll.

3314 366 3421 423 5i?

197 466 610 530 damnationem,
651 486 671 518 ι
707 468 834 537 quia
868 467 918 522 in
948 483 1046 523 nos
1088 467 1286 525 frustra
1316 469 1611 539 iaculatur,
1641 467 1762 536 jure
1789 472 1834 527 Α
1864 481 1991 534 pora
2016 476 2323 523 sanctorum
2348 474 2674 542 contemptui
2701 473 2905 534 haberi.
2934 485 2987 531 ct
3017 478 3262 534 vexillum
3290 497 3420 537 cru-

197 557 527 621 obtundetur,
558 559 868 626 meritoque
894 559 946 612 in
975 561 1211 615 auctoris
1248 562 1331 615 sui
1372 572 1531 632 caput
1554 577 1754 615 exacu-

199 663 298 706 tum
325 651 748 718 retorquebitur.
782 652 1005 721 Dignum
1053 668 1281 721 namque
1321 664 1403 708 est
1442 663 1499 708 ut
1533 654 1657 722 quia
1699 654 1755 707 in

198 739 336 794 nobis
360 738 492 793 nihil
513 739 662 807 quod
683 738 868 793 feriret
895 740 1114 805 invenit,
1139 744 1206 796 ad
1233 758 1353 796 eum
1378 758 1408 796 a
1430 758 1535 812 quo
1557 743 1753 797 frustm

197 831 439 883 directum
472 838 584 888 est.
627 829 812 884 redeat
838 838 1000 899 atque
1036 830 1323 886 confodiat.
1356 831 1617 898 Quoniam
1647 847 1754 887 non

197 934 280 972 nos
325 919 538 972 animas
568 918 891 973 miserorum
928 921 1099 974 socias
1149 919 1371 975 fecimus
1421 922 1751 988 datmonum,

199 1023 372 1076 easque
402 1023 506 1078 per
540 1007 770 1062 nefanda
802 1009 1079 1082 sacrilegia
1110 1011 1515 1065 simulacrorum
1540 1027 1569 1065 a
1599 1027 1750 1067 crea-

201 1110 293 1152 Iure
321 1117 424 1152 suo
450 1100 779 1162 avertimus,
821 1110 874 1153 et
917 1100 969 1154 in
1016 1101 1410 1156 damnationem
1444 1113 1751 1171 perpetuam

198 1186 473 1255 (tit-cimus
501 1209 514 1241 :
546 1190 641 1244 sed
681 1189 770 1243 ille
799 1191 975 1259 potius
1022 1192 1351 1247 daunonibus
1397 1208 1488 1247 cas
1531 1194 1755 1249 sociavit

196 1292 331 1350 atque
360 1284 418 1335 in
454 1291 774 1352 perpetuam
811 1283 1203 1337 damnationem
1248 1284 1470 1355 dejecit,
1516 1287 1604 1355 qui
1636 1302 1754 1340 cor-

1860 558 1940 611 cis
1964 559 2281 622 abominari,
2309 569 2637 629 caaterasque
2670 564 3066 621 ecclesiasticas
3105 569 3420 629 traditiones

1860 656 2045 701 contra
2077 647 2157 702 fas
2179 650 2380 716 sperni,
2413 661 2463 704 et
2495 652 2703 705 asinum
2730 668 2824 708 eos
2848 656 3027 711 docuit
3046 660 3289 715 adorare.
3317 661 3418 717 Co-

1859 738 2036 808 gimur
2081 739 2218 807 aptis
2263 741 2621 811 congruisque
2672 746 3106 813 responsionibus
3153 765 3320 806 vanas
3363 759 3420 806 et

1860 829 2069 897 ineptas
2099 829 2341 885 refellere
2373 832 2721 901 objectiones,
2765 838 2907 904 quod
2934 840 3059 906 quia
3088 855 3182 909 per
3207 843 3416 913 singula

1858 918 2163 987 prolixitate
2204 920 2419 975 vitanda
2451 923 2500 976 in
2533 924 2632 977 hoc
2662 924 2837 979 libello
2879 925 3053 984 facere
3081 932 3376 988 omittimus
3398 971 3415 999 ,

1862 1010 2072 1065 tandetu
2101 1010 2148 1064 ei
2178 1011 2262 1065 hic
2285 1012 2441 1066 linem
2471 1004 2807 1084 importunus.
2834 1018 2899 1071 Et
2925 1034 2991 1072 ue
3010 1021 3276 1091 quippiam
3304 1033 3419 1077 tan—

1861 1107 2036 1153 tarum
2066 1102 2361 1156 naeniarum
2391 1104 2742 1159 indiscussum
2771 1109 3091 1174 praeteriisse
3119 1112 3414 1177 videamur,

1857 1206 1919 1246 ea
1951 1207 2070 1260 quae
2114 1202 2349 1251 restant.
2384 1195 2435 1248 in
2466 1197 2706 1264 sequenti
2744 1197 2920 1254 libello
2950 1199 3279 1256 discutienda
3304 1203 3417 1258 dis-

1861 1285 2096 1338 tulimus.

1745 1416 2024 1429 “*—

1103 1559 1371 1637 LIBBI
1434 1561 1868 1639 SECUNDI
1952 1562 2501 1641 PR/EFATIO.

248 1760 296 1814 ln
331 1760 674 1831 praecedenti
704 1761 911 1826 libello,
944 1778 977 1817 ο
1000 1762 1220 1827 Claudi,
1262 1769 1627 1836 portentuosis
1662 1782 1759 1822 no-
1789 1770 1833 1829 B
1864 1768 2041 1837 itaque
2070 1777 2210 1831 tuus,
2237 1766 2443 1829 Claudi,
2472 1767 2615 1820 rudit
2641 1764 2797 1830 fame,
2830 1776 2921 1822 aut
2957 1770 3063 1839 lupi
3093 1779 3297 1829 terrore
3324 1778 3418 1832 sti-

193 1862 408 1922 streque
462 1853 714 1923 religioni
760 1844 1128 1909 inducentibus
1160 1854 1563 1923 ,olijectionibus
1609 1859 1753 1922 tuis,

191 1954 437 2011 quantum
464 1944 728 1998 divinitus
756 1944 968 2010 datum,
999 1961 1064 2001 ex
1103 1955 1254 2015 parte
1284 1946 1608 2018 refragatum
1638 1965 1756 2004 esse

189 2043 426 2096 constat;
461 2050 589 2087 nam
619 2044 671 2087 et
704 2036 847 2103 quod
878 2036 1061 2091 asinus
1089 2037 1377 2093 salutifera:
1404 2040 1580 2093 crucis
1603 2056 1758 2094 vene-

190 2125 365 2178 rationi
402 2132 459 2177 et
488 2123 795 2178 adorationi
841 2142 945 2179 non
987 2128 1057 2181 sit
1100 2129 1492 2197 coaequandus,
1525 2130 1756 2185 evidenti

190 2219 387 2272 ratione
430 2216 679 2270 breviter
715 2217 999 2285 probatum
1043 2227 1097 2272 et
1136 2220 1310 2274 adhuc
1347 2220 1603 2288 prolixius
1628 2236 1755 2291 pro-

189 2306 407 2360 bandum
438 2313 547 2359 est.
581 2304 771 2373 Restat
795 2306 958 2375 igitur
977 2316 1038 2361 ut
1055 2322 1118 2363 ea
1144 2322 1263 2376 qua:
1285 2308 1409 2363 licet
1439 2319 1755 2375 memorata,

188 2400 479 2453 indiscusm
509 2408 713 2463 tamen,
744 2399 961 2461 omissa,
990 2406 1046 2454 et
1064 2400 1129 2453 ad
1154 2400 1258 2455 hoc
1282 2416 1417 2470 opus
1444 2417 1613 2472 usque
1633 2414 1759 2458 sunt

187 2488 350 2551 dilata,
389 2504 523 2558 qua:
553 2488 781 2550 scilicet,
811 2489 861 2543 in
888 2490 1363 2546 debonoratiouem
1385 2494 1577 2555 crucis,
1605 2510 1757 2564 teque

188 2588 237 2632 ut
258 2595 478 2635 crucem
511 2579 787 2633 adoranda
818 2578 1074 2645 docuisti,
1106 2580 1425 2636 enucleatim
1465 2584 1759 2638 discutian-

187 2676 276 2723 tur.
302 2669 410 2724 Per
439 2667 658 2739 singula
684 2683 815 2738 ergo
847 2684 965 2739 quae
1005 2684 1165 2724 causa
1213 2670 1552 2726 annullanda:
1580 2673 1759 2730 crucis

186 2761 515 2831 aequiparare
539 2767 770 2814 conatus
792 2774 870 2823 es,
897 2760 1169 2815 ventilatio
1188 2761 1536 2817 discussionis
1560 2773 1756 2819 nostra:

184 2860 471 2919 μέτωπα,
506 2860 566 2905 et
592 2851 720 2919 quid
763 2853 1173 2921 unumquodque
1216 2854 1535 2922 ineptiarum
1581 2858 1756 2910 conti-

187 2951 313 3003 neat,
340 2944 410 2997 ad
434 2942 706 3011 liquidum
730 2942 1014 3011 disquirat,
1042 2953 1096 2996 et
1128 2959 1297 3012 quare
1326 2944 1578 3001 Ecclesia:
1608 2947 1752 3013 filiis,

183 3032 260 3087 his
283 3031 647 3103 posthabitis,
680 3048 812 3087 crux
855 3033 1185 3088 venerationi
1225 3032 1515 3100 habeatur,
1554 3036 1754 3107 simpli-

1856 1857 2115 1922 mulatus’;
2138 1873 2268 1912 crux
2290 1856 2488 1911 Christi
2510 1872 2776 1925 purpureo
2797 1859 3135 1930 pretiosaque
3160 1866 3417 1934 sanguine

1854 1949 1970 2019 ejus
1992 1951 2176 2003 rubet:
2200 1949 2251 2002 in
2279 1964 2385 2016 qua
2413 1949 2534 2002 vitis
2555 1964 2682 2003 vera
2710 1952 2982 2019 pependit,
3006 1960 3070 2007 ex
3094 1956 3245 2025 cujus
3265 1959 3417 2013 botro

1855 2037 2018 2107 stirps
2043 2039 2219 2093 crucis
2261 2053 2498 2092 coruscae
2543 2038 2744 2103 rutilat,
2775 2041 3198 2114 quadratumquc
3229 2048 3414 2105 orbem

1855 2129 1966 2181 suis
2012 2129 2236 2183 sacratis
2265 2137 2494 2198 quatuor
2515 2130 2766 2184 cornibus
2794 2132 3166 2200 circumfovet,
3199 2147 3254 2192 et
3290 2140 3415 2205 lide-

1856 2217 1985 2271 lium
2015 2218 2280 2273 frontibus
2314 2218 2509 2283 deﬁxa,
2542 2221 2724 2289 procul
2749 2222 2817 2276 ab
2843 2223 2922 2277 eis
2948 2227 3198 2295 propellit
3220 2230 3415 2284 dati'no-
3509 2248 3518 2259 ·

1856 2324 1982 2362 num
2007 2310 2323 2380 praestigias.
2352 2310 2484 2364 Nam
2512 2313 2556 2365 si
2592 2312 2739 2367 Isaac
2766 2328 2869 2367 non
2907 2316 3116 2371 asinum
3161 2321 3225 2375 ad
3257 2320 3415 2393 jugu-

1855 2399 2096 2466 landum,
2128 2401 2340 2455 futurus
2372 2403 2484 2472 ipse
2510 2404 2704 2467 hostia,
2731 2404 2823 2458 sed
2846 2404 2985 2474 ligna
3007 2411 3241 2474 portavit
3262 2410 3411 2480 (Gen.

1854 2488 1990 2560 xxii)
2014 2506 2029 2555 ;
2071 2506 2170 2546 nec
2198 2491 2382 2559 utique
2411 2506 2571 2551 verus
2599 2492 2958 2547 lsaaenoster
2984 2496 3205 2550 asellum
3243 2508 3412 2564 tuum,
3436 2532 3441 2541 ι

1855 2580 1949 2635 sed
1981 2596 2198 2635 crucem
2237 2581 2521 2652 bajulavit,
2562 2581 2772 2638 futurus
2801 2582 2887 2638 illa
2927 2584 3199 2642 salutifera
3239 2590 3415 2644 hostia

1855 2670 2051 2726 Patris.
2085 2672 2140 2726 In
2174 2672 2461 2741 Evangelia
2493 2689 2704 2742 quoque
2733 2675 3022 2729 secundum
3066 2676 3413 2733 Mattliteum:

1857 2759 1924 2815 Et
1969 2774 2087 2817 tunc
2108 2764 2325 2831 parebit,
2355 2764 2544 2833 inquit.
2573 2765 2774 2831 signum
2797 2764 2894 2832 filii
2913 2766 3135 2819 hominis
3158 2769 3210 2820 in
3235 2770 3415 2823 calum

1856 2844 2069 2915 (Matth.
2114 2846 2295 2916 xvtv),
2325 2864 2426 2901 non
2463 2848 2596 2919 dixit
2630 2849 2813 2903 asinus
2834 2850 3060 2913 Claudii,
3093 2853 3184 2906 sed
3211 2854 3417 2922 signum

1855 2935 1953 3003 ﬁlii
1990 2936 2232 2990 hominis.
2262 2936 2403 2991 Mille
2426 2947 2682 3007 pnetcrca
2710 2948 2765 2993 et
2790 2956 2855 2994 eo
2884 2941 3110 3009 amplius
3139 2942 3417 2998 inveniun-

1858 3032 1962 3087 tur,
1990 3035 2095 3078 tam
2130 3026 2180 3079 in
2211 3026 2388 3081 Veteri
2418 3026 2783 3092 Testamento,
2820 3028 3108 3085 salutiferae
3148 3033 3325 3088 crucis
3362 3035 3415 3089 in

182 3123 321 3177 cibus
351 3123 793 3192 contemplemur
812 3124 1102 3179 obtutibus.
1136 3125 1422 3180 Videamus
1444 3135 1622 3181 tamen
1642 3128 1750 3197 pri-

1856 3121 2036 3183 typum
2063 3116 2439 3184 praacedentia,
2462 3132 2622 3186 quam
2648 3119 2701 3172 in
2730 3117 2898 3184 Novo,
2920 3121 3123 3177 honore
3141 3121 3256 3192 jam
3275 3124 3417 3193 ejus—
3442 3164 3445 3171 ι

184 3229 312 3267 tuum
343 3214 592 3283 qualiter
618 3213 808 3267 doctor
837 3213 1074 3283 gentium
1105 3213 1157 3267 in
1185 3228 1346 3269 cruce
1371 3210 1622 3286 gloriari,
1651 3218 1751 3271 ad-

183 3319 272 3372 que
298 3304 418 3373 ejus
456 3304 782 3375 mysterium
826 3304 1383 3374 comprehendendum
1422 3322 1521 3362 nos
1555 3308 1752 3363 saluta-

183 3398 300 3451 riter
345 3399 593 3452 instruat
626 3394 769 3467 (Gul.
806 3396 900 3469 vt),
933 3412 1029 3466 per
1067 3412 1227 3467 quam
1274 3413 1521 3470 magnam
1560 3400 1753 3455 divina

184 3487 383 3556 pietatis
425 3487 677 3559 dignatio
717 3495 1045 3542 armaturam
1091 3504 1200 3543 suae
1243 3488 1570 3545 fortitudinis
1599 3491 1752 3546 nobis

183 3577 625 3640 subministravit,
652 3591 773 3645 quae
796 3575 958 3629 etiam
995 3592 1118 3631 eum
1148 3578 1213 3632 de
1240 3586 1577 3645 persecutore
1618 3595 1754 3648 prte-

185 3667 496 3732 dicatoretn,
546 3675 603 3721 et
639 3667 706 3719 de
743 3681 877 3731 vase.
898 3666 1196 3736 iniquitatis
1238 3683 1332 3722 vas
1370 3668 1525 3723 nobis
1568 3669 1752 3724 tribuit

184 3756 477 3821 electionis,
506 3757 708 3825 quique
751 3765 935 3824 raptus
971 3771 1140 3825 usque
1182 3758 1246 3810 ad
1280 3758 1492 3811 tertium
1533 3758 1747 3822 malum,

184 3848 373 3901 audivit
418 3861 624 3900 arcana
666 3846 830 3898 verba
852 3886 866 3910 ,
909 3861 1028 3916 qua:
1067 3861 1167 3902 nec
1198 3846 1400 3901 homini
1431 3847 1574 3917 loqui
1607 3848 1747 3902 licet.

183 3944 269 4010 Qui
293 3945 467 3998 etiam
495 3941 706 3996 cmlcsti
738 3939 1060 3995 revelatione
1088 3941 1329 4005 edoctus,
1353 3948 1408 3995 et
1429 3942 1598 3996 sancti
1625 3941 1750 4011 Spi-

184 4034 303 4087 n'tns
347 4033 529 4104 gratia
583 4031 912 4095 inebriatus,
960 4031 1099 4085 inter
1136 4039 1327 4086 caztera
1358 4032 1752 4100 prtcdicationis

182 4135 280 4176 sua:
304 4123 664 4183 documenta,
693 4136 797 4173 non
832 4120 884 4174 in
912 4120 1086 4184 asino,
1113 4120 1207 4175 sed
1231 4120 1282 4175 in
1310 4134 1469 4175 cruce
1490 4122 1557 4176 ad
1581 4122 1752 4176 instar

184 4211 256 4263 sui
281 4227 378 4265 nos
410 4209 634 4282 gloriari
665 4202 959 4279 perdocuit,
994 4210 1219 4264 dicens:
1262 4210 1395 4264 Milli
1416 4223 1587 4265 autem
1616 4211 1749 4267 absit

182 4300 404 4368 ginriari,
438 4303 540 4356 nisi
570 4303 623 4356 in
652 4318 803 4355 cruce
836 4301 1040 4363 Domini
1073 4303 1234 4357 nostri
1260 4302 1390 4357 Jesu
1417 4302 1632 4368 Christi,
1660 4323 1752 4375 per

182 4407 313 4457 quem
342 4393 478 4445 mihi
508 4392 734 4445 mundus
758 4392 1039 4462 cruciﬁxus
1062 4402 1137 4446 est
1155 4434 1171 4458 ,
1197 4402 1247 4447 et
1280 4410 1371 4463 ego
1412 4394 1604 4447 mundo
1645 4394 1778 4459 «ϐα-

1828 3244 1837 3255 κ
1854 3204 1975 3258 dem
2001 3204 2157 3275 longe
2184 3205 2394 3275 lateque
2409 3206 2665 3278 [dilfuso],
2686 3208 2736 3262 in
2759 3218 2988 3277 quatuor
3008 3211 3214 3268 scilicet
3233 3213 3416 3283 plagas
3436 3254 3439 3259 .

1854 3296 2055 3356 mundi,
2087 3311 2205 3365 quae
2232 3296 2393 3350 etiam
2421 3307 2651 3366 quatuor
2680 3300 2933 3354 cornibus
2966 3301 3202 3368 ejusdem
3236 3307 3416 3360 crucis

1852 3387 2022 3455 aptari
2053 3401 2157 3442 non
2201 3388 2639 3443 inconvenienter
2666 3400 2905 3459 possunt.
2939 3390 3218 3449 Postremo
3248 3396 3415 3449 multa
3512 3442 3519 3449 ,

1852 3485 1976 3530 sunt
1999 3492 2118 3546 qua:
2152 3492 2267 3532 mos
2297 3485 2495 3532 sanctre
2539 3477 2823 3544 Ecclesite,
2867 3481 3008 3536 sicut
3048 3498 3080 3538 a
3123 3485 3416 3553 majorilzus

1854 3569 2049 3624 tradita
2077 3578 2200 3624 sunt
2228 3578 2283 3625 et
2304 3571 2581 3633 derelicta,
2605 3572 2834 3640 quadam
2860 3573 3020 3629 insita
3043 3583 3205 3645 atque
3234 3579 3413 3632 nativa

1851 3659 2213 3715 celebratione
2239 3660 2560 3729 frequentat.
2593 3660 2775 3716 Neque
2798 3663 2937 3717 enim
2963 3674 3146 3720 nostro
3177 3658 3415 3737 tempore

1853 3766 1981 3805 usus
2024 3751 2240 3820 irrepsit
2282 3751 2505 3822 figuram
2536 3753 2714 3805 crucis
2749 3752 2801 3806 in
2833 3754 3070 3809 basilicis
3107 3765 3412 3811 sanctorum

1851 3841 2035 3906 statui,
2081 3841 2173 3897 sed
2213 3856 2329 3895 mos
2366 3840 2598 3909 antiquae
2625 3843 3013 3899 observationis
3059 3844 3330 3915 legitimus
3360 3847 3414 3902 id

1853 3933 2105 3999 instituit,
2128 3941 2189 3987 ut
2206 3932 2440 3997 cunctis,
2467 3933 2801 4003 sapientibus
2826 3943 2882 3988 et
2918 3937 3161 3995 rusticis.
3193 3952 3296 3992 non
3326 3954 3415 3994 so-

1852 4024 1960 4078 lum
1983 4023 2238 4078 memoria
2265 4022 2557 4093 spiritalem
2588 4023 2847 4078 reformet
2867 4026 3153 4093 quamdam
3182 4028 3431 4100 imagine'

1851 4115 2025 4170 crucis
2053 4113 2298 4182 ﬁguram,
2340 4115 2433 4168 sed
2463 4113 2627 4168 etiam
2652 4114 2948 4184 corporalis
2981 4116 3150 4184 ipsius
3187 4117 3412 4180 intuitus

1850 4207 2098 4261 crebram
2144 4204 2308 4259 menti
2342 4203 2581 4274 prmﬁgat
2624 4205 2911 4260 Dominica:
2948 4207 3209 4277 passionis
3245 4208 3412 4263 victo-

1852 4296 2006 4350 riam.
2042 4293 2101 4349 Si
2128 4296 2268 4349 enim
2296 4294 2569 4364 quantitas
2604 4302 2752 4350 tanta
2793 4297 3115 4352 venerabilis
3161 4297 3319 4368 ligni,
3357 4300 3410 4353 in

1850 4404 1957 4459 quo
1986 4386 2243 4442 Dominus
2276 4396 2332 4442 et
2361 4386 2610 4443 Salvator
2643 4397 2825 4444 noster
2848 4390 3119 4459 pependit,
3152 4390 3320 4456 foret,
3350 4401 3412 4448 ut

187 4487 275 4533 tat.
332 4482 443 4553 γι).
476 4482 543 4536 Et
574 4481 641 4535 ad
669 4482 926 4552 Ephesios
954 4484 1215 4550 scribens,
1246 4501 1349 4538 non
1373 4491 1469 4537 aut
1499 4486 1743 4547 caudam,
1772 4470 1823 4528 D
1848 4495 1912 4535 ex
1950 4495 2015 4534 eo
2044 4480 2348 4534 minutatim
2394 4480 2567 4560 divisq
2609 4489 2800 4535 cuncta
2842 4481 2952 4536 Deo
2995 4481 3170 4537 dicata
3212 4482 3409 4552 templa

180 4582 261 4623 aut
292 4570 461 4625 latera
493 4571 572 4624 tui
598 4572 975 4641 comprehendi
1016 4574 1263 4626 hortatur
1298 4573 1445 4626 aselli
1467 4613 1482 4637 ,
1520 4574 1610 4625 sed
1654 4574 1745 4625 lle.

178 4661 359 4716 etendo
385 4677 531 4732 genu
561 4669 681 4715 orat
710 4671 764 4715 et
790 4663 1058 4727 obsecrat,
1092 4673 1143 4717 ut
1169 4665 1221 4716 in
1247 4664 1496 4717 cltaritate
1522 4665 1744 4716 radicuti

177 4760 218 4802 et
240 4751 474 4820 fundati,
506 4753 705 4821 possint
733 4753 1158 4821 comprehendere
1187 4771 1301 4807 rum
1341 4754 1576 4807 omnibus
1616 4773 1743 4807 san-

177 4845 281 4906 rtis,
303 4861 424 4913 qua
447 4845 522 4897 sit
544 4842 661 4913 ejus
685 4845 860 4898 crucis
883 4861 985 4899 non
1010 4846 1167 4909 asini,
1190 4846 1430 4909 latitudo,
1454 4847 1738 4913 longitudo,

177 4932 415 4997 altitudo,
446 4935 838 4998 sublimitas,‘et
863 4938 1179 5006 profundum
1213 4937 1369 5009 (Eph.
1415 4940 1516 5009 ut).
1542 4940 1597 4993 ln
1628 4942 1745 5009 qui—

178 5024 263 5078 bus
289 5026 477 5080 verbis
506 5027 835 5101 .mysterium
876 5030 1052 5083 crucis
1086 5045 1189 5082 non
1230 5030 1401 5094 asini,
1446 5030 1514 5084 ab
1554 5033 1741 5085 eodem

180 5111 328 5170 Paulo
378 5115 627 5186 apostolo
674 5117 774 5171 sibi
822 5118 1015 5172 tradita
1060 5127 1243 5173 sancta
1295 5129 1438 5175 tenet
1482 5120 1739 5175 Ecclesia.

180 5206 371 5272 Quibus
409 5211 589 5265 verbis
619 5226 778 5280 quam
807 5212 877 5266 sit
900 5212 1126 5267 absurda
1154 5212 1302 5267 aselli
1340 5213 1412 5266 tui
1442 5224 1496 5268 et
1523 5215 1744 5270 νίνίἰέαε

181 5303 344 5356 crucis
390 5312 595 5357 nostra:
625 5303 988 5372 comparatio,
1030 5314 1211 5374 aperte
1254 5304 1660 5373 comprobatur,
1690 5316 1744 5360 et

183 5394 379 5446 cunctis
429 5392 705 5448 Christum
749 5395 1017 5448 veraciter
1058 5393 1357 5449 colentibus
1399 5395 1740 5449 manifestum

184 5482 423 5537 iubetur.
455 5482 641 5554 Neque
671 5484 842 5548 enim,
871 5484 947 5538 ait
982 5484 1121 5539 idem
1142 5485 1426 5567 'apostolus
1452 5485 1608 5557 (Epit.
1646 5484 1740 5555 vt),

184 5578 307 5643 quod
348 5576 605 5632 Christus
644 5576 810 5631 asello
853 5585 945 5630 tuo
985 5576 1349 5645 principatus,
1387 5588 1441 5630 et
1468 5585 1741 5646 potestates

180 5671 496 5720 tenebrarum
520 5667 706 5721 harum
735 5684 851 5737 qua:
879 5676 998 5721 sunt
1022 5664 1282 5735 spiritalia
1308 5666 1543 5735 nequitiae
1566 5666 1618 5717 iu
1646 5682 1742 5717 rm-

177 5762 411 5825 ιιιῑὶὺαε,
443 5761 533 5814 sed
565 5776 726 5815 cruce
752 5775 845 5816 cas
873 5759 1209 5829 triumphans
1232 5757 1503 5812 devicerit.
1533 5746 1740 5813 Asellus

1844 4579 2062 4640 possent
2084 4571 2371 4639 imaginem
2400 4572 2575 4625 erucis
2602 4570 2817 4633 habere,
2850 4571 3155 4628 nullatenus
3187 4588 3250 4628 ex
3287 4574 3409 4630 aliis

1844 4662 2002 4733 lignis
2038 4663 2275 4733 ejusdem
2308 4660 2534 4717 formam
2570 4663 2624 4715 in
2669 4662 2906 4716 basilicis
2945 4662 3263 4718 locaremus.
3300 4663 3411 4720 Nec

1844 4762 2023 4807 tamen
2050 4752 2168 4806 ideo
2194 4765 2409 4805 crucem
2434 4758 2494 4804 ut
2523 4742 2804 4805 Dominum
2833 4752 3136 4816 adoramus,
3169 4752 3261 4806 sed
3296 4767 3408 4807 ma-

1843 4845 1924 4916 gis
1949 4859 2068 4898 eum
2105 4843 2193 4914 qui
2225 4857 2340 4913 per-
2358 4857 2571 4896 crucem
2596 4842 2785 4895 mortis
2810 4841 3073 4896 destruxit
3101 4842 3405 4912 imperiunm,

1842 4935 2034 5003 cuique
2059 4933 2489 5004 chyrographum
2506 4932 2711 5001 peccati
2729 4932 2896 4985 nostri
2918 4931 3103 4995 alIixit,
3120 4934 3407 5001 pacificans

1844 5025 1897 5078 in
1926 5039 1988 5080 ea
2018 5018 2275 5092 sanguine
2308 5036 2404 5076 suo
2433 5021 2545 5074 sive
2571 5035 2689 5089 qua:
2723 5020 2775 5073 in
2817 5022 3005 5085 terris,
3046 5021 3158 5076 sive
3194 5036 3313 5090 qute
3350 5022 3403 5075 in

1843 5113 1993 5168 cazlis
2018 5110 2355 5166 sunt.‘Porro
2378 5108 2476 5163 etsi
2512 5106 2693 5162 oscula
2740 5106 3041 5177 infigimus,
3081 5123 3186 5162 non
3222 5110 3405 5178 utique
3444 5168 3447 5173 ,

1844 5220 2004 5259 causa
2031 5203 2178 5275 ligni,
2206 5202 2299 5257 sed
2327 5200 2505 5270 potius
2530 5213 2712 5254 amore
2740 5198 2881 5253 illius
2902 5199 2955 5253 id
2978 5214 3010 5253 a
3035 5200 3186 5254 nobis
3207 5199 3402 5269 agitur,

1843 5296 1934 5364 qui
1969 5297 2021 5349 in
2048 5310 2110 5348 ea
2141 5292 2338 5347 veteris
2380 5290 2508 5360 ligni
2552 5291 2746 5344 damna
2793 5292 3110 5372 restauravit
3153 5288 3290 5362 (Col.
3338 5294 3399 5363 ι).

1843 5386 2009 5440 Miror
2042 5386 2086 5440 si
2125 5397 2360 5452 unquam
2390 5382 2488 5451 legi
2536 5382 2659 5447 Dei,
2706 5397 2823 5452 qute
2864 5382 3047 5452 utique
3087 5382 3312 5452 pellibus
3350 5393 3407 5440 et

1843 5484 2140 5531 atramento
2171 5474 2372 5542 digesta
2398 5471 2647 5536 habetur,
2677 5482 2834 5542 caput
2871 5472 3194 5543 supposuisti
3230 5482 3285 5527 et
3317 5489 3403 5529 os-
3434 5540 3439 5547 ε

1843 5569 2020 5623 culum
2046 5565 2263 5628 dedisti,
2292 5562 2427 5617 forte
2451 5562 2815 5631 respondebis,
2844 5563 2889 5616 si
2916 5572 3092 5617 tamen
3120 5565 3401 5621 veritatem

1843 5659 2164 5731 proﬁtearis,
2193 5657 2465 5712 multoties
2486 5666 2538 5712 te
2570 5658 2622 5712 id
2653 5658 2854 5727 egisse:
2877 5654 2999 5710 volo
3029 5671 3156 5725 ergo
3185 5665 3244 5713 ut
3273 5658 3402 5714 mihi

1846 5751 2169 5823 respondeas
2190 5746 2341 5817 cujus
2362 5762 2521 5803 causa
2555 5756 2713 5816 caput
2748 5745 3035 5812 inclinasti,
3058 5745 3298 5817 pellium,
3321 5749 3410 5824 vel
