4030 6190
501 358 605 413 555

1561 352 1754 410 ΙΟΝᾸΞ
1787 351 2340 409 AURELIANENSIS
2377 353 2681 410 EPISCOPI

3632 351 3740 406 51$

499 469 807 534 atramenti,
833 483 899 522 an
928 467 1020 523 Dei
1046 467 1282 522 auctoris
1305 465 1438 538 legis
1460 466 1720 536 ejusdem.
1747 464 1876 519 Nam
1905 481 2071 520 sacrm
2100 471 2146 526 Α
2175 475 2317 528 runt,
2358 466 2486 521 illud
2522 466 2795 538 applicans
2821 483 2884 522 ex
2918 468 3083 523 latere
3111 469 3226 529 tibi.
3259 469 3381 539 quia
3411 469 3499 539 qui
3518 472 3746 524 scanda-

500 561 772 634 religionis
800 575 928 614 usus
959 559 1009 612 in
1045 567 1229 613 stincta
1255 557 1496 612 Ecclesia
1527 556 1700 611 adhuc
1726 566 1990 618 servatur,
2021 557 2066 609 si

499 669 676 709 tamen
705 652 844 722 apud
875 660 944 715 te,
973 659 1032 705 ut
1059 652 1290 722 perlecta
1323 649 1462 704 sacri
1502 648 1771 718 Evangelii
1811 648 2067 712 lectione,

499 746 564 798 ab
595 744 845 814 episcopo
872 741 955 796 vel
977 741 1326 812 presbyteris,
1364 738 1681 806 czeterisque
1702 737 1838 792 sacri
1866 737 2072 790 ordinis

497 833 784 904 religiosis,
823 833 992 888 codex
1020 833 1072 885 in
1101 845 1210 901 quo
1240 831 1510 901 Evangelii
1548 830 1706 885 lectio
1733 829 1956 881 recitata
1989 836 2072 881 est

497 923 876 994 multiplicibus
897 923 1097 978 osculis
1117 929 1433 997 veneretur:
1469 921 1561 976 sed
1587 921 1690 974 hoc
1711 919 1862 988 cpjus
1885 932 2064 979 causa,

496 1014 600 1068 nisi
631 1013 788 1076 illius,
821 1011 972 1081 cujus
996 1028 1114 1067 esse
1141 1011 1302 1066 verba
1341 1012 1663 1073 creduntur,
1708 1010 1957 1080 agimus?
1993 1009 2070 1062 Ac

495 1121 594 1175 per
623 1106 724 1160 hoc
756 1105 1013 1174 quidquid
1045 1105 1190 1158 cruci
1231 1103 1546 1158 exhibemus
1566 1143 1581 1168 ,
1610 1102 1679 1157 ob
1722 1103 1979 1156 honorem
2017 1108 2072 1154 et

495 1213 734 1274 amorem
766 1197 910 1252 illius
947 1212 1010 1252 ac
1045 1196 1445 1252 venerationem
1480 1197 1572 1266 qui
1617 1195 1670 1249 in
1711 1211 1772 1249 ea
1823 1192 2074 1264 pependit

498 1295 668 1340 totum
698 1288 926 1356 agimus,
959 1295 1118 1357 atque
1142 1287 1346 1342 utinam
1372 1296 1519 1341 tanto
1553 1299 1754 1356 quanto
1784 1287 1996 1341 deceret
2020 1293 2073 1340 te

498 1376 702 1430 honore
732 1392 1129 1432 veneraremur.
1155 1377 1348 1432 Desine
1378 1377 1557 1446 itaque
1580 1390 1605 1416 ει
1634 1377 2069 1447 seplasiariorum

495 1465 834 1535 pigmentulis
862 1466 1150 1537 putionari,
1189 1474 1249 1520 ut
1280 1483 1383 1520 non
1415 1467 1538 1520 talia
1564 1467 1887 1538 ganniendo,
1923 1481 2073 1519 man-

496 1559 666 1614 suetis
689 1560 916 1616 incutias
943 1570 1200 1616 terrorem
1221 1561 1548 1626 volucribus,
1571 1577 1690 1631 qua:
1715 1561 1942 1616 necdum
1965 1559 2074 1613 for-

498 1650 622 1704 tiori
651 1665 826 1720 penna
857 1651 1074 1708 robuste
1095 1668 1220 1707 aera
1249 1653 1438 1707 sudum
1468 1653 1850 1708 transcendere
1885 1659 2073 1721 potue—

2175 559 2409 613 Iizaverit
2439 577 2598 614 unum
2628 561 2692 614 de
2727 560 2928 631 pusillis
2971 563 3106 625 istis,
3146 561 3347 631 expedit
3374 564 3422 616 ei
3451 573 3506 614 ut
3529 580 3748 633 suspen-

2174 649 2333 701 datur
2361 649 2499 703 mola
2529 651 2762 704 asinaria
2801 651 2855 704 in
2902 649 3033 704 collo
3061 651 3204 720 ejus,
3247 660 3294 704 et
3330 649 3660 722 demergatur
3688 655 3747 707 in

2174 740 2494 810 profundum
2523 741 3198 810 (Matth.xmt).Namquod
3225 740 3454 810 majores
3480 743 3751 798 scandali-

2177 848 2302 888 zare
2327 848 2564 902 nequeas
2592 832 3088 888 manifestissimum
3122 842 3219 893 est,
3252 849 3372 887 cum
3404 849 3502 888 nec
3535 834 3748 888 littera-

2175 939 2293 977 rum
2326 933 2376 978 te
2411 925 2641 978 eruditio
2663 925 2836 979 adhuc
2865 925 3149 988 imbuerit,
3187 940 3286 979 nec
3317 934 3622 980 sanctorum
3654 942 3753 995 pa-

2177 1016 2314 1086 ginze
2351 1016 2630 1071 doctorum
2660 1031 2830 1085 usque
2865 1016 2997 1069 adeo
3026 1015 3410 1078 instruxerint,
3439 1023 3498 1069 ut
3531 1015 3653 1084 jure
3695 1015 3752 1068 id

2182 1106 2360 1161 facere
2387 1122 2574 1176 queas.
2607 1105 2772 1161 Caute
2800 1121 2929 1177 ergo
2953 1105 3020 1160 de
3057 1115 3106 1160 te
3135 1106 3322 1160 sentiri
3353 1114 3565 1175 oportet
3603 1122 3634 1160 a
3663 1115 3748 1170 te,

2179 1215 2248 1255 ne
2267 1201 2391 1254 dum
2424 1201 2682 1254 terminos
2705 1199 2924 1253 Patrum
2947 1199 3246 1268 transgredi
3275 1199 3461 1253 niteris
3484 1197 3750 1268 priorum,

2176 1291 2242 1344 ad
2290 1289 2575 1345 terminum
2608 1304 2776 1359 usque
2812 1289 2999 1342 venire
3042 1302 3146 1342 non
3186 1289 3378 1358 possis,
3410 1288 3550 1341 unde
3575 1285 3756 1341 fessus

2137 1402 2146 1410 κ
2177 1381 2228 1435 in
2265 1381 2349 1434 via
2381 1389 2754 1449 tempestatum
2793 1379 3051 1434 imbribus
3088 1379 3369 1443 ohruaris,
3418 1393 3522 1432 non
3563 1393 3756 1447 perve-

2178 1474 2331 1540 niens
2360 1475 2425 1528 ad
2453 1474 2666 1528 domum
2697 1489 2816 1543 qure
2850 1481 2935 1528 est
2977 1486 3138 1540 supra
3171 1471 3380 1535 firmam
3416 1481 3624 1540 petram
3653 1471 3756 1524 im-

2176 1565 2449 1621 mobiliter
2473 1573 2783 1619 constructa
2811 1562 2965 1634 (Luc.
3001 1562 3099 1630 vi).

572 1781 595 1809 ο
631 1768 812 1825 Utitur
838 1769 940 1824 hac
967 1785 1098 1825 voce
1124 1768 1557 1846 Lampridiusjn
1599 1767 1942 1840 Heliogabalo
1975 1783 2075 1839 pro
2112 1776 2394 1838 unguento.

1657 2052 1954 2129 LIBER
2026 2049 2583 2130 SECUNDUS.

1752 2199 2468 2240 .__.t——.—.,———.

571 2295 838 2366 Eccejam
869 2304 1078 2366 tempus
1107 2296 1277 2366 exigit
1296 2303 1351 2349 et
1378 2295 1524 2349 locus
1549 2293 1797 2364 congruit
1825 2303 1903 2357 ut,
1934 2293 2075 2347 sicut
2103 2295 2150 2354 B
2178 2291 2422 2362 gelorum
2468 2291 2753 2346 multitudo
2787 2291 2915 2345 illud
2946 2291 3157 2362 signum
3197 2290 3435 2347 humeris
3469 2296 3763 2363 portabunt

497 2389 660 2461 paulo
693 2387 939 2458 superius
966 2385 1190 2456 polliciti
1239 2400 1454 2447 sumus,
1497 2385 1564 2438 de
1600 2383 1756 2438 laude
1787 2391 1843 2437 et
1879 2382 2078 2435 virtute

499 2479 680 2536 crucis
698 2493 871 2548 pauca
894 2476 958 2531 de
982 2475 1230 2546 pluribus
1248 2484 1558 2529 sanctorum
1580 2472 1798 2526 Patrum
1823 2472 1966 2525 dicta
1987 2471 2078 2524 ad-

500 2580 798 2627 nectamus.
843 2568 1048 2624 Scribit
1098 2566 1279 2636 itaque
1327 2564 1585 2636 Origenes
1633 2564 1686 2618 in
1732 2562 2078 2633 Expositione

500 2665 754 2739 Epistula:
774 2663 925 2718 Pauli
953 2663 1020 2718 ad
1041 2661 1334 2724 Romanos,
1353 2658 1445 2713 lib.
1470 2674 1519 2713 v-t
1540 2673 1553 2712 :
1577 2658 1671 2713 Est
1689 2657 1856 2720 enim,
1881 2655 2076 2726 inquit,

501 2766 652 2812 tanta
679 2757 760 2810 vis
787 2754 967 2809 crucis
995 2751 1220 2815 Christi,
1249 2759 1311 2805 ut
1337 2749 1381 2805 si
1411 2757 1538 2804 ante
1560 2747 1746 2803 oculos
1772 2755 2000 2817 ponatur
2024 2752 2080 2799 et

500 2847 767 2904 in'mente
792 2846 1020 2901 ﬁdeliter
1041 2844 1355 2908 retineatur,
1384 2842 1456 2896 ita
1487 2849 1544 2894 ut
1574 2841 1625 2893 in
1653 2840 1820 2910 ipsam
1849 2847 2075 2892 mortem

503 2939 706 2995 Christi
729 2939 950 2992 intentis
984 2935 1153 2990 oculis
1190 2933 1384 2988 mentis
1412 2932 1734 3002 aspiciatur,
1765 2928 1906 2982 nulla
1943 2943 2077 2982 con-

499 3029 850 3100 cupiscentia,
883 3025 1023 3080 nulla
1057 3024 1238 3088 libido,
1270 3022 1413 3078 nulla
1449 3034 1703 3092 superare
1739 3019 1908 3089 possit
1944 3017 2079 3072 invi-

500 3121 611 3185 dia,
626 3120 718 3176 sed
743 3119 996 3174 continuo
1015 3119 1080 3170 ad
1103 3115 1219 3184 ejus
1242 3115 1603 3186 praesentiam,
1622 3121 1766 3167 totus
1792 3112 1899 3175 ille,
1915 3126 2075 3180 quem

503 3226 666 3280 supra
695 3209 1152 3270 enumeravimus,
1177 3205 1382 3276 peccati
1403 3213 1460 3258 et
1484 3204 1665 3258 carnis
1688 3200 1904 3272 fugatur
1921 3216 2079 3256 exer-

501 3307 663 3362 citus.
695 3301 895 3358 Scribit
930 3299 1167 3354 Joannes
1197 3296 1615 3367 Chrysostomus
1662 3295 1715 3348 in
1764 3292 1981 3348 homilia
2012 3292 2079 3346 de

501 3408 665 3449 cruce
689 3401 744 3448 et
771 3391 1010 3446 latrone:
1039 3387 1330 3453 Hodierna,
1359 3387 1554 3454 inquit,
1584 3386 1668 3440 die
1690 3392 1875 3440 noster
1900 3384 2079 3438 Domi-

503 3499 607 3536 nus
635 3480 885 3550 pependit
919 3479 971 3533 iu
999 3491 1188 3537 cruce.
1234 3484 1290 3530 et
1327 3489 1425 3530 nos
1450 3472 1795 3529 festivitatem
1822 3470 1938 3540 ejus
1966 3471 2078 3526 exi-

503 3573 667 3627 miam
700 3572 865 3626 nimia
893 3569 1077 3624 lattitia
1100 3567 1454 3630 celebremus,
1482 3573 1542 3619 ut
1559 3565 1831 3618 discamus
1858 3578 2076 3618 crucem

2181 2385 2440 2451 excelsis,
2477 2397 2533 2441 et
2575 2377 2808 2458 regalem
2835 2385 2990 2439 nobis
3015 2383 3303 2439 adventum
3338 2387 3758 2442 annuntiabunt:

2182 2475 2306 2532 Sola
2337 2477 2480 2532 enim
2519 2476 2723 2533 Christi
2765 2491 2899 2530 crux
2929 2485 3012 2530 est
3049 2490 3170 2546 qua:
3205 2475 3446 2531 dissolvit
3477 2480 3750 2547 tenebras,

2179 2576 2234 2623 et
2268 2583 2490 2638 regnum
2531 2566 2833 2622 dtemonum
2875 2567 3189 2638 dissipavit,
3232 2577 3288 2624 et
3325 2585 3539 2625 omnem
3588 2582 3764 2629 terru-

2178 2673 2294 2714 rem
2321 2659 2731 2730 malignantium
2763 2659 3001 2713 abstulit.
3030 2658 3174 2713 Crux
3208 2661 3548 2716 sanctitatem
3579 2666 3768 2732 provi-

2181 2751 2292 2814 dit,
2341 2766 2476 2806 crux
2519 2750 2674 2805 nobis
2714 2749 2793 2804 sul
2817 2748 3042 2819 justitize
3074 2747 3209 2803 facta
3246 2759 3352 2816 est,
3389 2761 3448 2805 ut
3475 2751 3764 2810 illuminati

2180 2839 2552 2894 misericordia
2575 2837 2712 2908 ejus,
2736 2837 3098 2909 gloriticemus
3126 2838 3360 2904 Patrem,
3390 2850 3446 2895 et
3466 2841 3682 2910 Filium,
3708 2855 3766 2900 et

2180 2931 2440 3002 Spiritum
2473 2941 2720 2986 sanctum
2751 2932 2805 2985 in
2827 2930 3018 2986 saecula
3049 2931 3386 2986 szeculorum.
3419 2933 3763 2990 Amemllem

2179 3020 2319 3076 idem
2346 3022 2399 3075 in
2425 3021 2642 3076 homilia
2672 3022 2738 3076 de
2771 3036 2932 3076 cruce
2957 3021 3264 3076 Dominica:
3293 3022 3406 3077 Etsi
3439 3040 3597 3081 nosse
3619 3026 3764 3082 desi-

2178 3111 2359 3177 deras,
2393 3112 2730 3176 charissima,
2755 3111 3009 3165 virtutem
3033 3113 3228 3175 crucis,
3246 3122 3298 3168 et
3321 3125 3517 3182 quanta
3538 3131 3761 3185 possum

2179 3203 2247 3257 ad
2262 3201 2377 3269 ejus
2391 3186 2604 3256 laudem
2621 3201 2820 3266 dicere,
2837 3201 2986 3255 audi:
3014 3217 3144 3256 crux
3167 3218 3290 3271 spes
3304 3205 3762 3274 Christianorum,

2177 3309 2310 3348 crux
2361 3294 2688 3347 resurrectio
2733 3299 3100 3358 mortuorum,
3142 3309 3277 3348 crux
3309 3311 3574 3352 ctecorum
3613 3299 3758 3359 dux,
3789 3337 3794 3340 -

2139 3395 2309 3438 'crux
2357 3383 2764 3454 desperatorum
2810 3384 2928 3450 via,
2978 3399 3110 3439 crux
3153 3385 3467 3441 claudorum
3512 3390 3762 3454 baculus,

2179 3492 2308 3531 crux
2341 3475 2636 3530 consolatio
2663 3490 2954 3546 pauperum
2974 3517 2988 3542 ,
3023 3493 3154 3532 crux
3187 3477 3479 3534 refrenatio
3509 3481 3761 3546 divitum,

2178 3583 2310 3621 crux
2339 3566 2636 3621 destructio
2666 3567 3019 3636 superborum
3041 3610 3055 3629 ,
3088 3585 3219 3624 crux
3263 3570 3403 3625 male
3448 3571 3750 3628 viventium

502 3666 668 3722 totius
689 3663 960 3734 spiritalis
987 3659 1358 3732 gratulationis
1403 3672 1524 3712 esse
1557 3655 1933 3711 substantiam.
1981 3654 2077 3707 Et-
2105 3654 2149 3716 C
2180 3673 2364 3729 poena,
2395 3674 2528 3713 crux
2559 3659 2818 3713 adversus
2843 3660 3115 3715 dzemonas
3153 3661 3476 3731 triumphus,
3503 3678 3634 3717 crux
3670 3665 3764 3718 de-

501 3757 648 3811 enim
689 3763 814 3811 ante
842 3754 1016 3825 ipsum
1050 3749 1369 3808 vocabulum
1417 3748 1594 3803 crucis
1628 3760 1786 3817 ptena
1831 3744 1949 3809 fuit,
1982 3745 2076 3800 sed

501 3865 646 3905 nunc
673 3848 739 3903 ad
767 3846 993 3921 gloriam
1029 3851 1388 3920 nuncupatur.
1417 3841 1591 3896 Antea
1617 3836 2078 3895 condemnationis

499 3939 710 3996 ferebat
735 3940 1038 4003 horrorem,
1084 3951 1226 3991 nunc
1261 3934 1450 3990 salutis
1493 3933 1748 3988 indicium
1790 3939 1892 3985 est.
1931 3927 2076 3984 Crux

500 4032 646 4089 enim
687 4031 842 4087 nobis
871 4030 1033 4085 totius
1066 4017 1415 4104 beatitudinis
1436 4041 1598 4114 causii
1629 4032 1728 4079 est.
1757 4021 1882 4076 Haec
1914 4036 2010 4074 nos
2044 4036 2074 4074 a

503 4123 745 4179 ett-citate
773 4121 1019 4177 liberavit
1054 4118 1278 4183 erroris,
1309 4117 1423 4171 haec
1462 4131 1526 4170 ex
1570 4111 1806 4169 tenebris
1849 4111 2076 4166 reddidit

503 4217 630 4280 luci,
674 4217 789 4270 hare
835 4213 1128 4269 debellatos
1152 4211 1318 4282 quieti
1358 4209 1615 4276 sociavit,
1660 4208 1774 4262 haic
1815 4206 2078 4261 alienatos

503 4311 614 4366 Deo
656 4307 967 4377 conjunxit,
996 4307 1153 4378 longe
1184 4305 1509 4362 constitutos
1540 4303 1815 4374 proximos
1843 4316 2078 4370 przesen-

503 4401 668 4465 tavit;
697 4400 814 4455 haec
848 4397 1250 4468 peregrinantes
1276 4395 1424 4450 cives
1447 4393 1702 4456 ostendit,
1725 4392 1840 4446 haec
1865 4392 2075 4446 discor-

502 4494 605 4547 diae
633 4489 928 4561 amputatio
953 4495 1055 4551 est,
1083 4488 1198 4542 haec
1222 4485 1370 4556 pacis
1402 4485 1823 4549 firmamentum,
1842 4483 1956 4538 brec
1983 4484 2078 4537 bo-

503 4596 692 4636 norum
717 4578 955 4634 omnium
987 4576 1199 4631 abunda
1228 4575 1462 4646 largitio.
1491 4574 1558 4629 Et
1575 4582 1695 4645 post
1712 4589 1912 4644 pauca:
1945 4572 2078 4628 Volo

504 4684 556 4728 et
581 4672 684 4727 alia
714 4673 920 4727 ratione
939 4683 1248 4740 cognoscas.
1277 4667 1504 4723 Crucem
1533 4683 1638 4721 non
1663 4665 1831 4720 solam
1863 4665 2080 4734 reliquit

504 4766 556 4820 in
585 4774 749 4827 terra,
786 4763 878 4819 sed
905 4778 1087 4819 secum
1121 4745 1240 4816 eam
1266 4761 1461 4815 levavit
1485 4761 1552 4815 ad
1575 4759 1792 4814 ctelum.
1829 4758 1934 4814 Sed
1963 4759 2072 4813 ais:

504 4856 617 4912 Hoc
643 4857 784 4911 unde
810 4855 1244 4911 demonstratur?
1267 4854 1334 4908 Et
1363 4853 1482 4908 ideo
1501 4852 1623 4906 audi
1654 4853 1797 4921 quod
1817 4867 1941 4906 cum
1965 4853 2075 4921 ipsa

503 4947 704 5011 veniet,
735 4961 858 5002 eum
887 4947 999 5016 ipsa
1029 4945 1316 5000 secundam
1346 4944 1631 5014 gloriosam
1661 4959 1812 4998 suam
1841 4958 2077 5012 praesen-

504 5039 635 5090 tiam
660 5034 838 5099 faciet,
871 5035 992 5091 ideo
1021 5034 1308 5105 gloriosam
1335 5049 1551 5090 crucem
1582 5033 1903 5104 nuncupavi.
1946 5035 2076 5089 Item

504 5135 626 5199 pust
658 5141 827 5196 pauca
856 5143 868 5180 :
912 5124 980 5180 Et
1017 5137 1140 5180 tunc
1175 5127 1383 5196 signum
1421 5123 1675 5179 uidebitur
1708 5124 1807 5193 ﬁlii
1849 5125 2072 5179 hominis

512 5224 567 5276 in
592 5224 717 5275 casto
747 5220 958 5290 (Matth.
987 5235 1098 5285 xxi,
1127 5219 1242 5288 26).
1270 5215 1460 5271 Vidisti
1481 5216 1710 5286 gloriam
1748 5214 1914 5282 signi,
1937 5221 1984 5266 Id
1999 5224 2078 5265 est

515 5317 716 5377 cruris,
748 5316 877 5368 solis
902 5316 1078 5367 lumen
1117 5311 1369 5366 reddetur
1403 5311 1715 5364 obscurum.
1775 5306 1914 5358 lunae
1968 5319 2074 5358 non

514 5411 729 5464 dabitur
747 5408 938 5478 gratia,
959 5407 1052 5460 sed
1072 5406 1198 5459 illud
1219 5404 1396 5456 lumen
1419 5401 1650 5455 radiabit
1673 5410 1727 5480 et
1758 5399 1976 5452 lucebit.
2019 5397 2080 5449 Et

515 5501 654 5555 sicut
670 5503 806 5567 iinpe
818 5510 1046 5560 ratnretn
1066 5497 1257 5567 regalis
1273 5510 1458 5563 pompa
1477 5496 1810 5564 prteeedit,et
1831 5492 2081 5547 militaris

506 5578 640 5631 ordo
666 5581 950 5647 praeeundo
978 5579 1170 5635 vexilla
1196 5577 1435 5632 humeris
1461 5585 1676 5646 portare
1699 5589 2077 5646 consueverat,

506 5677 560 5721 et
585 5666 700 5733 ejus
737 5669 1038 5723 declaratur
1076 5665 1480 5742 [declarabitur]
1524 5669 1824 5723 adventus:
1864 5670 1940 5725 sic
1976 5671 2078 5724 Do—

509 5742 658 5811 mino
689 5758 753 5812 de
776 5759 910 5813 coelo
937 5761 1180 5814 veniente
1210 5757 1516 5829 angelorum
1558 5767 1730 5836 cintus
1768 5768 1819 5813 et
1849 5761 2079 5816 archan-

2103 5006 2154 5064 D

2179 3751 2343 3806 victio
2381 3751 2610 3812 diaboli,
2643 3766 2778 3806 crux
2822 3751 3219 3807 adulescentum
3245 3755 3593 3825 ptedagOgus,
3627 3771 3759 3811 crux

2178 3845 2498 3900 sustentatio
2544 3845 2792 3914 inopum,
2833 3860 2969 3900 crux
3007 3861 3129 3915 spes
3159 3847 3561 3915 desperatorum
3584 3890 3599 3914 ,
3625 3864 3756 3904 crux

2177 3935 2541 4004 navigantium
2573 3935 2911 4004 gubernatio,
2938 3951 3070 3990 crux
3100 3937 3516 4006 periclitantium
3545 3951 3758 4010 portus,

2178 4042 2311 4080 crux
2353 4028 2696 4082 obsessorum
2743 4044 2962 4093 murus,
2995 4043 3131 4084 crux
3162 4039 3316 4099 pater
3353 4032 3758 4100 orphanorum,

2177 4133 2306 4172 crux
2357 4105 2608 4172 defensor
2651 4119 2950 4182 viduarum,
2996 4135 3128 4174 crux
3176 4120 3341 4188 judex
3396 4121 3756 4191 injustorum,

2177 4224 2308 4264 crux
2329 4207 2476 4277 justo
2503 4208 2842 4263 consiliarius
2862 4251 2876 4273 ,
2901 4224 3035 4264 crux
3086 4210 3460 4264 tribulatorum
3505 4212 3760 4280 requies,

2175 4315 2308 4355 Cl‘llX
2335 4299 2676 4370 parvulorum
2708 4310 2913 4364 οιιεῐοε,
2959 4316 3092 4356 CI‘UX
3137 4302 3376 4356 virorum
3405 4310 3592 4372 caput,
3621 4318 3762 4357 Cl‘llX

2177 4408 2366 4448 senum
2398 4392 2539 4455 finis,
2567 4409 2702 4447 crux
2733 4393 2914 4447 lumen
2943 4394 2994 4446 in
3017 4393 3258 4448 tenebris
3279 4395 3601 4459 sedentium,
3623 4411 3762 4450 crux

2178 4498 2364 4553 regum
2390 4483 2786 4554 magnificentia
2809 4524 2823 4548 ,
2859 4499 2990 4538 crux
3020 4493 3233 4539 scutum
3259 4496 3598 4556 perpetuum,
3622 4504 3761 4542 crux

2179 4574 2572 4633 insensatorum
2597 4575 2878 4645 sapientia,
2901 4591 3032 4630 crux
3055 4574 3277 4631 libertas
3300 4592 3601 4642 servorum,
3623 4593 3761 4632 crux

2181 4667 2561 4735 imperatorum
2594 4665 2960 4736 philosophia,
2992 4683 3124 4722 crux
3161 4667 3247 4722 lex
3275 4668 3592 4738 impiorum,
3623 4647 3762 4723 crux

2177 4759 2559 4829 prophetarum
2586 4759 2984 4829 praeconizatio,
3014 4775 3148 4814 crux
3177 4761 3516 4815 annuntiatio
3538 4771 3764 4831 aposto-

2178 4851 2351 4906 lorum
2373 4892 2388 4916 ,
2421 4868 2555 4905 crux
2583 4859 2880 4921 martyrum
2904 4852 3180 4923 gloriatio,
3205 4870 3338 4908 crux
3369 4855 3762 4909 monachorum

2180 4945 2536 5008 abstinentia,
2567 4960 2699 4998 crux
2727 4944 2994 5012 virginum
3037 4945 3288 5006 castitas,
3330 4961 3460 4999 crux
3504 4947 3760 5016 gaudium

2181 5037 2539 5097 sacerdotum,
2562 5051 2694 5089 crux
2724 5035 2976 5089 Ecclesiae
2999 5035 3427 5099 fundamentum,
3447 5052 3580 5091 crux
3609 5037 3763 5091 orhis

2185 5139 2342 5182 terrae
2381 5127 2588 5188 cautela
2637 5125 2882 5199 [tutela],
2917 5143 3048 5182 crux
3092 5127 3406 5197 templorum
3431 5129 3758 5190 destructio,

2183 5237 2315 5274 crux
2342 5219 2606 5274 idolorum
2638 5220 2896 5290 repulsio,
2918 5236 3050 5275 crux
3081 5219 3391 5274 scandalum
3419 5219 3754 5282 Judzeorum,

2182 5327 2317 5367 crux
2368 5312 2598 5382 perditio
2641 5312 2961 5382 impiorum,
2991 5329 3124 5366 crux
3169 5312 3523 5365 invalidorum
3551 5311 3757 5373 virtus,

2183 5419 2316 5458 crux
2345 5405 2720 5475 :egrotantium
2745 5405 3002 5467 medicus,
3030 5421 3161 5458 crux
3186 5403 3497 5457 emundatio
3525 5402 3762 5472 leproso~

2185 5509 2335 5556 rum,
2387 5510 2518 5548 crux
2569 5495 2981 5564 praedicatorum
3013 5491 3478 5564 [paralyticorum]
3522 5491 3760 5562 requies,

2184 5599 2315 5638 crux
2347 5585 2700 5638 esurientium
2727 5585 2910 5655 panis,
2939 5599 3072 5638 crux
3111 5581 3408 5636 sitientium
3442 5581 3592 5645 fons,
3623 5596 3759 5634 crux

2185 5673 2448 5728 nudorum
2492 5675 2776 5744 protertio.
2825 5674 3128 5728 Nuditatem
3173 5680 3350 5726 autem
3391 5687 3512 5725 eum
3542 5671 3760 5731 dixero,

2186 5779 2289 5817 non
2335 5781 2648 5835 corpoream
2692 5766 2958 5829 :estimes,
2999 5761 3463 5831 sedginiidelitatis
3504 5776 3759 5830 prunam,
