4030 6190
310 376 413 434 315

1359 372 1448 429 DE
1483 372 1712 432 CULTU
1747 373 2106 434 llitAGlNUM.
2146 407 2217 420 —
2252 378 2380 434 LIB.
2415 377 2480 435 ll.
2602 404 2609 411 -

3429 378 3533 435 546

310 510 427 549 eum
451 503 634 547 autem
664 492 718 545 in
737 487 1011 545 Christum
1037 490 1358 558 crediderit,
1385 492 1611 548 vestitus
1640 492 1871 548 invenie-
1898 500 1949 558 Α
1974 493 2384 550 Constantinum
2420 507 2543 550 reor
2569 492 2960 549 nobilissimum
2998 493 3162 549 decus
3192 493 3403 564 imperii
3432 496 3543 551 Ro-

312 599 414 641 tur.
438 582 735 653 Perpende,
760 597 960 651 quaso,
988 579 1194 647 Claudi,
1218 597 1347 652 rogo
1375 590 1446 648 te,
1469 598 1628 653 quam
1656 583 1877 640 mirabi-

309 681 375 736 lis
414 693 689 749 quamque
728 677 956 731 eximius
999 676 1215 741 doctor,
1263 674 1418 746 cujus
1465 677 1876 734 saluberrimam

309 770 606 827 doctrinam
636 777 818 823 sancta
852 778 1174 822 veneranter
1204 768 1391 837 recipit
1433 768 1666 824 Ecclesia
1687 810 1702 834 ,
1741 784 1877 838 prte-

309 861 549 917 eonando
575 870 848 917 asseveret
871 859 1012 930 quod
1056 859 1109 914 in
1151 861 1385 915 secundo
1424 862 1652 916 adventu
1690 863 1875 917 aeterni

302 953 498 1026 judicis
528 952 705 1024 angeli
753 959 916 1021 atque
957 951 1261 1022 archangeli
1294 952 1344 1005 in
1374 952 1613 1007 humeris
1643 953 1875 1008 excelsis

308 1058 555 1107 crucem,
601 1058 707 1097 non
755 1044 987 1105 asinum,
1031 1043 1290 1113 gestaturi
1339 1043 1482 1108 sint,
1518 1045 1743 1113 etquod
1780 1060 1878 1114 per

308 1152 557 1200 crucem,
588 1152 695 1191 non
740 1150 838 1205 per
880 1136 1128 1202 asinum,
1176 1137 1384 1191 diversa
1421 1137 1574 1192 nobis
1614 1138 1874 1191 virtutum

304 1228 632 1283 charismata
657 1244 777 1297 qua:
806 1228 946 1282 idem
975 1228 1163 1283 doctor
1186 1238 1467 1283 enumerat
1505 1229 1871 1285 conferantur.

306 1320 370 1376 Et
416 1321 676 1375 erubesce
718 1320 859 1389 quod
895 1335 1095 1375 vesano
1125 1319 1305 1375 furore
1351 1330 1629 1391 correptus
1659 1338 1874 1377 crucem

306 1412 455 1466 asino
496 1410 932 1481 :equiparaveris.
966 1409 1100 1464 Audi
1143 1411 1306 1466 etiam
1336 1412 1478 1480 quod
1519 1411 1783 1467 Eusebius
1820 1413 1873 1467 in

266 1488 279 1504 “
306 1501 532 1556 historia
574 1500 971 1565 Ecclesiastica,
1005 1500 1147 1555 inter
1188 1510 1381 1556 caetera
1407 1516 1527 1570 quae
1562 1502 1626 1557 de
1666 1502 1875 1558 actibus

304 1594 641 1649 Constantini
686 1593 1027 1663 imperatoris
1076 1594 1419 1651 laudabiliter
1466 1595 1661 1660 refert,
1702 1612 1767 1652 ac
1808 1597 1874 1653 de

304 1700 465 1741 cruce
489 1684 697 1740 scribit.
730 1685 861 1739 Erat
888 1685 1128 1755 quidem,
1160 1688 1348 1769 inquit,
1377 1688 1491 1759 jam
1528 1704 1674 1743 nunc
1716 1688 1873 1745 Chri-

208 1796 211 1799 λ
303 1777 492 1831 Slianae
520 1776 794 1848 religionis
820 1775 1013 1842 fautor,
1039 1778 1241 1850 Deique
1265 1781 1379 1847 veri
1402 1791 1707 1849 venerator,
1738 1801 1873 1840 nou-

1980 585 2125 640 mani
2156 585 2212 640 iu
2237 586 2449 656 signum
2479 593 2716 659 mutasse
2736 584 2934 650 crucis,
2960 592 3019 639 ut
3049 585 3315 656 frequenti
3335 586 3541 644 visione

1977 686 2140 747 atque
2178 691 2308 731 cura
2353 676 2731 730 desuescerent
2756 691 2787 728 a
2813 676 2997 745 priore
3027 689 3176 730 more
3202 672 3458 744 subjecti,
3487 685 3544 731 et

1976 782 2097 823 eum
2126 767 2298 822 solum
2327 767 2721 821 arbitrarentur
2748 766 2916 821 Deum
2963 781 3123 836 quem
3151 766 3353 822 coleret
3374 767 3542 838 impe-

1976 871 2142 925 rator,
2169 862 2253 917 vel
2274 878 2378 931 quo
2406 863 2540 918 duce
2566 869 2727 932 atque
2755 862 3071 918 auxiliatore
3096 871 3338 919 uteretur
3356 864 3544 918 adver-

1976 972 2069 1012 sus
2099 957 2299 1010 hostes.
2343 953 2567 1024 Semper
2592 955 2736 1008 enim
2766 954 2869 1009 hoc
2900 954 3112 1025 signum
3140 957 3542 1026 proponebatur

1976 1059 2100 1104 ante
2142 1050 2359 1104 ordines
2395 1048 2706 1111 universos,
2740 1047 2882 1117 quod
2921 1047 3151 1101 maxime
3177 1047 3543 1103 laborantibus

1976 1138 2212 1195 faciebas
2261 1140 2315 1194 in
2353 1139 2554 1210 praeliis
2597 1139 2785 1193 adesse
2833 1137 3198 1209 przecipiebat.
3254 1137 3547 1193 Constituit

1976 1233 2157 1303 itaque
2184 1241 2360 1288 certos
2386 1230 2669 1304 signiferos
2692 1232 2782 1301 qui
2812 1232 2866 1286 in
2894 1246 2959 1287 eo
2984 1232 3289 1288 laborarent
3316 1248 3545 1302 quorum

1974 1340 2109 1395 opus
2130 1332 2331 1380 eratut
2358 1325 2565 1381 vicibus
2608 1323 2847 1379 humeris
2886 1340 3006 1380 eum
3038 1325 3315 1389 veherent,
3349 1335 3401 1380 et
3426 1341 3543 1381 om-

1974 1432 2071 1471 nes
2113 1418 2257 1472 acies
2293 1417 2750 1474 translustrarent.
2798 1417 2992 1472 Fertur
3033 1417 3178 1472 enim
3220 1417 3437 1487 quidam
3475 1432 3541 1473 eo

1974 1510 2114 1581 quod
2137 1511 2423 1581 aliquando
2469 1510 2645 1567 ferens
2676 1511 2780 1566 hoc
2804 1510 3017 1581 signum
3042 1518 3262 1581 repente
3299 1510 3544 1567 hostibus

1974 1605 2348 1661 invadentibus
2379 1602 2701 1676 expavisset,
2730 1605 3071 1674 dedissetque
3110 1604 3235 1659 illud
3272 1605 3427 1659 alteri
3453 1622 3546 1662 ve-

1972 1697 2228 1762 hendum,
2257 1713 2487 1769 cumque
2516 1711 2575 1753 se
2598 1698 2664 1753 de
2691 1695 2877 1767 przelio
2899 1695 3255 1751 subtraxisset
3283 1705 3338 1751 et
3362 1697 3543 1767 jacula

1971 1788 2311 1856 declinasset,
2340 1790 2518 1845 subito
2548 1802 2838 1859 percussus
2865 1787 3155 1843 interiisse.
3185 1787 3278 1842 Ille
3305 1802 3432 1844 vero
3452 1789 3544 1859 qui

302 1867 426 1920 dum
471 1874 653 1922 tamen
698 1874 759 1921 ut
804 1867 1073 1933 solemne,
1109 1869 1310 1924 nostris
1350 1869 1619 1939 initiatus,
1661 1872 1871 1942 signum
1899 1854 1947 1915 Β
1975 1893 2189 1934 sacrum
2231 1854 2466 1949 suscepit
2512 1854 2806 1949 tropaaum,
2856 1877 3038 1933 multis
3085 1893 3144 1934 se
3182 1854 3546 1946 iaculantibus

301 1957 595 2013 Dominicaa
618 1958 883 2028 passionis
908 1967 1209 2029 acceperat.
1238 1959 1370 2016 Cum
1398 1961 1564 2032 igitur
1585 1964 1794 2027 anxius,
1820 1971 1876 2017 et

300 2050 468 2105 multa
501 2065 684 2104 secum
715 2050 782 2105 de
815 2051 1144 2105 imminentis
1172 2051 1296 2106 belli
1322 2054 1641 2109 necessitate
1665 2055 1875 2126 pervol-

298 2156 432 2197 vens
483 2142 588 2196 iter
634 2150 852 2212 ageret,
906 2153 1064 2212 atque
1105 2142 1173 2197 ad
1214 2143 1409 2199 coelum
1454 2147 1648 2217 sacpius
1691 2147 1874 2204 oculos

298 2232 561 2294 elevaret,
590 2240 647 2287 et
672 2230 797 2287 inde
836 2233 939 2288 Sibi
967 2232 1206 2317 divinum
1231 2243 1552 2302 precaretur
1578 2236 1869 2302 auxilium,

295 2324 435 2379 vidit
453 2339 553 2394 per
576 2339 823 2396 soporem
852 2326 919 2380 ad
939 2322 1175 2380 Orientis
1200 2334 1405 2395 partem
1428 2326 1481 2382 in
1504 2328 1642 2382 cado
1662 2328 1870 2399 signum

298 2418 478 2473 crucis
525 2418 682 2488 igneo
728 2416 937 2489 fulgore
981 2417 1223 2473 rutilare.
1273 2417 1519 2489 Cumque
1558 2428 1711 2476 tanto
1753 2421 1872 2475 visu

298 2509 494 2566 fuisset
517 2509 829 2575 exterritus,
854 2524 920 2565 ac
947 2524 1087 2565 novo
1116 2511 1429 2565 turbaretur
1458 2520 1699 2583 aSpectu,
1730 2521 1875 2568 asta-

299 2616 359 2658 re
386 2601 494 2656 sibi
514 2602 648 2655 vidit
675 2601 909 2672 angelos,
936 2601 1213 2656 dicentes:
1240 2599 1595 2657 Constantine
1617 2643 1634 2669 ,
1674 2604 1728 2657 in
1765 2604 1871 2660 hoc

298 2694 475 2749 vince.
515 2693 665 2749 Tunc
696 2708 825 2747 vero
852 2692 1008 2747 laetus
1032 2692 1305 2758 redditus,
1336 2702 1392 2746 et
1421 2692 1487 2747 de
1511 2692 1736 2748 victoria
1756 2692 1870 2762 jam

300 2800 547 2849 securus,
577 2784 787 2854 signum
814 2783 995 2838 crucis
1013 2784 1155 2853 quod
1185 2782 1240 2837 in
1269 2782 1407 2837 ctelo
1430 2781 1656 2849 viderat,
1688 2784 1743 2839 in
1776 2800 1874 2841 sua

296 2874 477 2931 fronte
496 2875 761 2945 designat,
786 2883 844 2929 et
862 2875 934 2929 ita
959 2875 1172 2930 οωιιιυε
1192 2874 1259 2928 ad
1289 2873 1447 2929 fidem
1470 2875 1742 2940 invitatus,
1765 2890 1871 2931 non

301 2966 432 3021 mihi
453 2965 663 3021 videtur
679 2965 771 3020 illo
789 2964 1011 3020 inferior
1031 2965 1118 3020 cui
1149 2965 1215 3020 de
1235 2964 1374 3020 ccelo
1405 2965 1652 3019 similiter
1670 2965 1872 3021 dictum

300 3067 383 3113 est
403 3073 420 3113 :
454 3057 640 3125 Saule,
662 3056 842 3124 Saule,
863 3058 990 3129 quid
1018 3073 1099 3111 me
1124 3056 1489 3128 persequeris?
1511 3048 1629 3126 Ego
1645 3072 1761 3109 sum
1782 3053 1873 3109 Je-

300 3167 388 3205 διε
439 3150 754 3205 Nazareni“
782 3150 920 3224 (Act.
961 3151 1064 3221 Ix),
1097 3150 1201 3205 nisi
1244 3150 1373 3220 quia
1414 3150 1502 3205 hic
1549 3165 1656 3205 non
1699 3149 1873 3205 adhuc

297 3255 665 3311 persequens,
696 3242 789 3297 sed
829 3241 941 3311 jam
971 3257 1306 3313 consequens
1335 3241 1614 3298 invitatur.
1667 3240 1871 3296 Exinde
1897 3229 1942 3292 C

300 3331 513 3401 signum
544 3331 687 3400 quod
714 3330 782 3387 de
805 3331 943 3387 cmlo
969 3332 1072 3387 sibi
1108 3331 1283 3387 fuerat
1327 3332 1751 3387 demonstratum
1773 3372 1788 3397 ,
1816 3332 1871 3386 in

299 3422 558 3476 militaria
585 3408 778 3477 vexilla
806 3421 1174 3488 transformat,
1206 3438 1271 3478 ac
1301 3423 1564 3489 labarum,
1597 3438 1756 3493 quem
1788 3423 1871 3479 di-

298 3521 429 3566 cunt
460 3512 751 3567 draconem
775 3513 830 3566 in
852 3514 1085 3582 speciem
1116 3512 1293 3567 crucis
1322 3513 1611 3568 Dominicaz
1631 3521 1869 3583 exaptat,

299 3614 352 3658 et
380 3604 457 3657 ita
483 3604 652 3658 armis
684 3604 998 3674 vexillisque
1025 3604 1301 3675 religionis
1328 3605 1643 3669 instructus,
1673 3604 1871 3659 adver-

298 3709 418 3748 sum
456 3694 743 3764 impiorum
772 3710 922 3750 arma
952 3695 1332 3767 proficiscitur.
1360 3696 1464 3753 Sed
1488 3697 1541 3751 in
1564 3697 1750 3753 dextra
1775 3713 1872 3752 sua

301 3786 655 3841 nihilominus
678 3787 853 3842 crucis
876 3803 940 3842 ex
972 3803 1106 3842 auro
1140 3787 1498 3844 fabrefactum
1531 3788 1745 3860 signum
1777 3789 1875 3842 ha-

300 3877 484 3933 buisse
512 3878 844 3948 perhibetur.
870 3877 1138 3934 Scribitur
1163 3880 1401 3935 etiamin
1430 3880 1654 3935 historia
1677 3880 1873 3950 tripar-

302 3973 422 4034 tita‘,
453 3969 546 4024 lib.
575 3986 593 4023 ι
619 3987 633 4022 :
666 3970 723 4024 ln
754 3971 840 4025 his
868 3970 1032 4038 igitur
1055 3971 1504 4027 sollicitudinibus
1525 3972 1870 4040 constitutus,

303 4061 354 4115 in
400 4076 595 4116 somno
624 4059 759 4115 vidit
784 4062 962 4117 crucis
998 4062 1208 4133 signum
1239 4063 1376 4118 caelo
1411 4062 1688 4132 splendide
1713 4063 1875 4121 collo—

301 4158 511 4214 catum,
536 4150 866 4221 mirantique
895 4153 1158 4207 visionem
1191 4154 1475 4208 astiterunt
1498 4153 1671 4224 angeli
1694 4155 1877 4209 dicen-

304 4249 424 4295 tes:
454 4238 500 4295 Ο
530 4241 900 4307 Constantine,
940 4243 993 4296 in
1034 4244 1137 4298 hoc
1179 4244 1351 4298 vince.
1385 4242 1578 4298 Fertur
1609 4253 1787 4298 autem
1820 4252 1875 4300 et

304 4331 478 4401 ipsum
508 4332 783 4387 Christum
809 4333 1127 4403 apparuisse
1158 4334 1206 4388 ei
1228 4374 1243 4398 ,
1270 4324 1482 4403 signum
1521 4334 1700 4389 crucis
1724 4350 1876 4389 mon-

304 4434 527 4488 strasse,
556 4439 621 4479 ac
640 4425 957 4494 praecepisse
985 4433 1047 4478 ut
1068 4423 1294 4494 figuram
1323 4422 1551 4499 similem
1578 4423 1798 4488 faceret,
1821 4433 1875 4480 et

303 4518 357 4572 in
389 4519 592 4588 praeliis
635 4518 739 4574 hoc
774 4519 1029 4574 auxilium
1058 4518 1282 4572 haberet
1302 4558 1316 4581 ,
1346 4532 1453 4587 quo
1492 4517 1730 4573 victoriae
1750 4502 1872 4585 jura

304 4613 669 4682 conquireret.
700 4613 965 4671 Eusebius
993 4614 1172 4683 itaque
1200 4611 1497 4683 Pamphili,
1526 4627 1648 4667 cum
1662 4612 1871 4683 jureju-

308 4705 511 4770 rando,
538 4705 712 4775 ipsum
756 4705 1129 4775 imperatorem
1170 4704 1437 4759 dicentem
1470 4704 1683 4759 audisse
1705 4718 1763 4759 se
1791 4719 1875 4759 re-

303 4796 431 4862 fert,
458 4798 587 4868 quia
616 4797 760 4852 circa
791 4797 1069 4853 meridiem
1099 4797 1403 4853 declinante
1427 4794 1537 4865 jam
1567 4796 1678 4852 sole
1698 4797 1875 4852 crucis

303 4891 521 4960 signum
547 4904 615 4955 ex_
646 4888 849 4944 lumine
875 4887 1097 4955 factum,
1120 4898 1173 4945 et
1210 4891 1532 4959 scripturam
1570 4897 1875 4945 consertam

302 4981 350 5035 ci
384 4980 657 5034 dicentem
685 4997 698 5033 :
729 4978 787 5033 In
827 4980 929 5035 hoc
958 4980 1142 5043 vince,
1173 4982 1394 5036 vidisset
1440 4981 1554 5052 ipse
1593 4988 1647 5036 et
1681 4980 1877 5035 milites

302 5070 397 5140 qui
427 5084 555 5125 cum
574 5083 642 5123 eo
664 5078 792 5124 tunc
812 5077 1011 5123 essent.
1040 5067 1288 5140 Pergenti
1310 5086 1539 5141 namque
1556 5070 1733 5139 aliquo
1756 5086 1877 5125 cum

303 5162 555 5216 exercitu
599 5176 694 5231 per
738 5160 859 5221 iter,
916 5160 1049 5225 hoc,
1100 5160 1302 5230 inquit,
1350 5161 1397 5215 ei
1440 5161 1756 5216 miraculum
1800 5168 1874 5215 est

303 5261 611 5305 ostensum.
638 5250 882 5320 Dumque
912 5248 1169 5318 cogitaret
1201 5248 1329 5318 quid
1366 5257 1541 5313 esset,
1573 5248 1882 5319 supervenit

305 5360 441 5405 nox,
473 5343 762 5398 dormienti
790 5342 1038 5398 Christus
1061 5343 1305 5410 apparuit
1334 5357 1455 5396 cum
1485 5341 1637 5412 signo
1661 5342 1800 5411 quod
1824 5342 1878 5395 in
1912 5341 1916 5345 ⁴

306 5437 455 5493 coelo
480 5435 632 5499 vidit,
653 5435 922 5505 jussitque
944 5442 1004 5487 ut
1031 5431 1181 5487 fieret
1220 5433 1338 5503 ejus
1381 5432 1730 5502 signiﬁcatio,
1759 5448 1878 5503 quae

306 5529 458 5583 foret
484 5526 741 5581 auxilium
771 5526 822 5580 in
864 5525 1333 5596 congressionibus
1381 5524 1706 5595 praeliorum.
1744 5524 1877 5580 ltem

308 5619 460 5673 idem
487 5617 540 5671 in
568 5617 754 5672 eodem
782 5635 794 5670 :
820 5615 933 5671 Hoc
952 5617 1096 5672 enim
1113 5615 1323 5687 signum
1347 5615 1603 5693 bellicum,
1618 5615 1758 5670 inter
1777 5616 1882 5672 alia

310 5708 609 5777 pretiosius
633 5717 751 5762 erat
779 5723 844 5761 eo
868 5707 1009 5777 quod
1046 5708 1422 5777 imperatorem
1464 5706 1797 5776 prtecedere,
1829 5716 1884 5763 et

316 5799 538 5855 adorari
579 5800 631 5855 id
659 5814 689 5854 a
717 5799 974 5855 militibus
1004 5799 1169 5854 moris
1209 5806 1370 5855 esset.
1419 5796 1573 5853 Unde
1616 5797 1883 5867 praecipue

1972 1970 2272 2039 permansit
2304 1969 2520 2026 illmsus.
2549 1968 2865 2024 Mirabiliter
2907 1969 3053 2024 enim
3084 1968 3281 2055 divina
3328 1976 3548 2039 regente

1976 2060 2204 2126 virtute,
2231 2063 2442 2134 sagittae
2478 2062 2714 2117 hostium
2744 2060 2981 2132 figebant
3011 2061 3065 2115 in
3104 2061 3286 2133 signo,
3325 2068 3379 2116 et
3408 2076 3439 2115 a
3469 2062 3544 2117 si-
3578 2067 3597 2087 '

1973 2150 2183 2221 gnifero
2229 2153 2371 2208 inter
2419 2151 2657 2223 pericula
2700 2152 2946 2223 protinus
2992 2149 3292 2207 evolabant.
3340 2150 3547 2206 Dicitur

1974 2254 2153 2300 autem
2181 2260 2356 2316 neque
2393 2245 2559 2301 alium
2597 2259 2833 2313 unquam
2865 2243 3025 2314 hujus
3061 2243 3197 2314 signi
3238 2243 3545 2299 ministrum

1975 2337 2056 2409 (ut
2083 2336 2241 2408 solet)
2286 2336 2341 2390 in
2380 2335 2522 2391 bello
2545 2334 2767 2393 vulnere
2795 2342 3066 2388 mortuum
3096 2342 3189 2388 aut
3213 2332 3421 2389 cladem
3451 2348 3544 2388 ca-

1971 2406 2234 2500 ptivitatis
2254 2442 2588 2499 perpessum.
2613 2426 2760 2482 Idem
2786 2424 2924 2480 libro
2952 2425 3184 2480 secundo
3204 2425 3382 2495 operis
3406 2423 3548 2494 ejus-
3650 2406 3657 2413 ’

1974 2520 2095 2577 dem
2124 2538 2138 2574 :
2168 2519 2357 2574 Audivi
2385 2525 2439 2573 et
2459 2514 2786 2573 Probianum
2817 2516 2996 2571 virum
3027 2516 3080 2571 in
3104 2515 3309 2586 palatio
3336 2515 3543 2570 haben-

1973 2620 2082 2667 tem
2113 2612 2357 2666 militiam
2388 2609 2750 2675 medirorum,
2775 2608 2978 2664 crudeli
3007 2608 3255 2680 podagra:
3298 2607 3550 2678 passione

1972 2703 2271 2769 detentum,
2300 2703 2371 2758 ibi
2399 2701 2675 2758 doloribus
2709 2701 3017 2768 liberatum,
3049 2700 3206 2770 eique
3231 2700 3546 2771 apparuisse

1974 2803 2214 2851 sanctam
2246 2792 2567 2848 mirabiliter
2582 2788 2874 2847 visionem.
2904 2789 3039 2846 Cum
3062 2791 3204 2846 enim
3234 2790 3432 2845 dudum
3462 2806 3551 2861 pa-

1973 2901 2145 2957 ganus
2180 2893 2342 2950 esset,
2378 2885 2552 2940 factus
2577 2891 2767 2954 postea
2807 2883 3180 2946 Christianus,
3211 2881 3547 2952 aliquatenus

1974 2978 2167 3049 dogma
2199 2976 2541 3045 sequebatur.
2568 2974 2756 3030 Totius
2798 2988 2928 3029 vero
2970 2973 3160 3029 salutis
3207 2987 3448 3038 causam,
3493 2972 3547 3027 id

1972 3078 2092 3135 est,
2137 3066 2558 3123 sacratissimam
2588 3080 2803 3122 crucem
2841 3064 3052 3120 nolebat
3127 3064 3370 3119 adorare.
3400 3063 3551 3119 Hanc

1974 3159 2194 3217 habenti
2225 3159 2548 3215 sententiam
2576 3158 2756 3214 divina
2799 3157 2972 3212 virtus
2995 3171 3294 3229 apparens,
3337 3156 3547 3228 signum

1973 3250 2295 3306 monstravit
2321 3252 2500 3305 crucis
2540 3250 2684 3320 quod
2714 3255 2834 3316 erat
2872 3248 3105 3319 positum
3132 3247 3186 3302 in
3212 3246 3372 3303 altari
3405 3245 3549 3315 ejus-

1972 3343 2093 3398 dein
2140 3342 2423 3408 Ecclesiae,
2468 3349 2523 3397 et
2565 3349 2749 3411 aperte
2792 3340 2968 3411 palam
2997 3338 3146 3404 fecit,
3176 3339 3300 3409 quia
3336 3354 3404 3395 ex
3440 3352 3549 3408 quo

1971 3433 2219 3490 Christus
2243 3442 2325 3490 est
2351 3434 2660 3496 crucifixus,
2686 3432 2868 3487 omnia
2897 3446 3018 3501 qua:
3050 3430 3116 3485 ad
3142 3430 3427 3485 utilitatem
3448 3430 3550 3483 hu-

1972 3526 2116 3581 mani
2145 3525 2356 3594 generis
2388 3523 2525 3580 facta
2556 3531 2704 3587 sunt,
2738 3523 2978 3593 quolibet
3009 3523 3168 3578 modo
3197 3519 3415 3593 (praeter
3442 3520 3548 3574 vir—

1973 3624 2140 3672 tutem
2165 3615 2340 3671 crucis
2374 3613 2681 3683 adorandaz)
2707 3620 2857 3682 gesta
2881 3626 2987 3666 non
3021 3618 3226 3675 essent,
3249 3624 3427 3679 neque
3462 3609 3533 3665 ab
3568 3618 3575 3625 '

1972 3705 2174 3777 angelis
2200 3704 2399 3760 sanctis
2417 3745 2431 3770 ,
2466 3718 2643 3772 neque
2671 3702 2738 3756 ab
2763 3700 3090 3779 quinibus.
3118 3699 3252 3754 ltem
3274 3698 3329 3753 in
3349 3698 3542 3753 eodem

1971 3811 2133 3867 opere
2156 3796 2293 3851 libro
2317 3810 2477 3851 nono.
2498 3791 2697 3848 Eadem
2734 3792 2997 3866 siquidem
3034 3796 3351 3859 tempestate
3381 3788 3549 3858 pluri—

1970 3885 2045 3941 mi
2075 3885 2216 3940 inter
2240 3884 2521 3954 episcopos
2548 3881 2892 3952 effulgebant,
2916 3879 3057 3934 sicut
3083 3878 3318 3933 Donatus
3338 3875 3544 3947 Hiperi,

1973 3977 2039 4032 de
2065 3991 2174 4045 quo
2211 3976 2336 4031 dum
2378 3972 2740 4045 provinciales
2777 3969 3035 4026 miracula
3062 3969 3231 4024 multa
3260 3974 3545 4027 testentur.

1973 4068 2264 4122 maximum
2286 4074 2467 4120 tamen
2491 4072 2592 4130 est,
2620 4065 2761 4133 quod
2781 4063 2849 4117 de
2870 4062 3104 4117 dracone
3125 4060 3308 4132 gessit.
3332 4059 3382 4114 ls
3402 4059 3545 4114 enim

1971 4157 2116 4213 circa
2141 4164 2358 4228 pontem
2384 4156 2438 4210 in
2464 4156 2550 4210 via
2578 4154 2788 4226 publica
2808 4153 2997 4224 jacens
3017 4192 3033 4216 ,
3064 4152 3243 4206 cibum
3272 4150 3541 4216 habebat,

1971 4262 2120 4312 oves,
2145 4262 2352 4317 capras,
2383 4261 2571 4317 equos,
2598 4244 2785 4309 boves,
2812 4243 3061 4299 homines
3094 4242 3357 4312 arripiens
3383 4241 3545 4296 devo-

1972 4340 2144 4394 rabat.
2173 4338 2253 4393 Ad
2279 4353 2441 4408 quam
2485 4336 2713 4393 bestiam
2763 4335 3001 4390 Donatus
3044 4334 3159 4388 sine
3205 4333 3401 4402 gladio,
3432 4332 3548 4388 sine

1972 4427 2213 4499 quolibet
2231 4426 2410 4498 jaculo
2430 4426 2652 4481 veniens
2666 4424 2796 4480 dum
2820 4423 2908 4479 illa
2932 4423 3163 4479 levasset
3187 4429 3366 4491 caput,
3390 4421 3546 4491 quasi

1972 4527 2227 4575 voratura
2253 4519 2450 4584 virum,
2472 4526 2587 4573 tum
2612 4517 2701 4573 ille
2722 4516 2977 4573 vexillum
2998 4514 3175 4570 crucis
3204 4521 3329 4568 ante
3352 4513 3548 4569 faciem

1975 4611 2113 4683 ejus,
2141 4610 2311 4683 digito
2339 4610 2628 4681 designans
2656 4610 2709 4663 in
2745 4623 2871 4665 aere
2898 4609 2953 4663 in
2977 4621 3038 4663 as
3067 4605 3181 4675 ejus
3211 4607 3417 4677 expuit.
3452 4606 3550 4661 Be-

1973 4704 2078 4759 stia
2118 4719 2248 4758 vero
2284 4710 2499 4773 sputum
2538 4702 2591 4756 in
2637 4716 2730 4756 ore
2781 4716 2880 4757 suo
2923 4700 3223 4769 suscipiens
3263 4698 3543 4769 expiravit.

1976 4791 2179 4848 Scribit
2205 4793 2368 4847 etiam
2396 4793 2588 4848 beatus
2604 4792 2935 4862 Augustinus
2954 4791 3007 4845 in
3035 4790 3171 4845 libro
3186 4788 3433 4845 Civitatis
3453 4789 3548 4845 Dei

1974 4900 2090 4939 xxu
2121 4883 2270 4956 (Cap.
2304 4884 2358 4955 8)
2388 4902 2401 4938 :
2430 4884 2488 4938 In
2537 4883 2863 4954 Carthagine
2911 4882 3219 4938 lnnocentia
3256 4878 3547 4953 religiosis-

1978 4974 2113 5029 sima
2139 4974 2205 5029 de
2227 4974 2500 5044 primariis
2529 4973 2697 5042 ipsius
2734 4971 2970 5026 civitatis
2994 4972 3048 5025 in
3076 4969 3368 5024 mammilla
3412 4984 3546 5022 can-

1978 5081 2132 5121 crum
2158 5067 2409 5131 habebat,
2433 5063 2723 5129 rem,sicut
2744 5062 2938 5119 medici
2962 5063 3167 5127 dicunt,
3188 5061 3351 5121 nullis
3381 5060 3550 5114 medi-

1980 5158 2241 5212 camentis
2267 5155 2580 5211 sanabilem.
2614 5152 2722 5209 Aut
2756 5168 2885 5223 ergo
2910 5152 3193 5222 praescindi
3235 5151 3403 5213 solet,
3434 5156 3490 5203 et
3517 5166 3548 5203 a

1980 5263 2208 5320 corpore
2251 5244 2489 5315 separari
2532 5244 2832 5299 membrum
2880 5242 2969 5298 ubi
3018 5240 3291 5303 nascitur;
3326 5245 3450 5300 aut,
3490 5244 3550 5290 ut

1980 5341 2254 5411 aliquanto
2296 5337 2458 5393 homo
2504 5335 2737 5405 quietius
2782 5334 2958 5398 vivat,
2990 5331 3242 5412 fomentis
3270 5339 3355 5384 est
3384 5328 3549 5399 pestis

1982 5430 2276 5501 mitiganda
2307 5426 2693 5496 frequentibus.
2728 5424 2861 5479 Nam
2884 5433 2941 5479 ut
2969 5423 3091 5477 inde
3119 5429 3348 5475 mortem
3379 5434 3546 5488 quan-

1985 5522 2231 5578 tumlibet
2282 5517 2488 5574 tardius
2532 5517 2837 5573 adfuturam
2869 5513 3224 5577 confidamus,
3254 5510 3548 5567 secundum

1985 5612 2325 5685 Hippocratis
2356 5609 2437 5683 (ut
2465 5609 2657 5680 fertur)
2689 5607 3031 5672 sententiam,
3056 5604 3232 5660 omnis
3265 5612 3350 5660 est
3390 5603 3550 5659 omit-

1985 5705 2145 5762 tenda
2169 5705 2395 5761 curatio.
2424 5703 2537 5758 Hoc
2562 5702 2648 5757 illa
2676 5716 2705 5754 a
2734 5700 2908 5771 perito
2933 5699 3139 5755 medico
3162 5705 3462 5767 acceperat,
3494 5707 3551 5752 et

1990 5811 2106 5851 sua:
2151 5795 2331 5852 domui
2380 5790 2820 5857 familiarissime,
2872 5797 2927 5844 et
2975 5790 3041 5845 ad
3083 5786 3256 5846 solum
3294 5789 3461 5843 Deum
3489 5801 3550 5842 se
