3956 6186
462 339 564 395 357

1513 347 1702 404 ιοΝίΕ
1740 348 2281 408 AURELIANENSIS
2317 354 2616 411 EPISCOPI

3564 361 3667 415 543

463 451 667 510 orando
710 461 1065 508 converterat.
1099 453 1427 511 Admonetur
1476 457 1529 512 in
1577 460 1779 514 somnis
1824 474 2015 529 appro—
2040 463 2090 522 Λ
2118 461 2428 518 Potestatem
2472 465 2631 518 habeo
2670 468 2891 536 ponendi
2937 470 3166 522 animum
3213 478 3377 524 nteam
3406 479 3453 523 et
3484 482 3671 525 iterum

461 542 754 614 pinquante
783 543 1008 607 Pascha,
1036 551 1093 596 ut
1115 543 1169 597 in
1189 553 1341 613 parte
1365 545 1686 601 feminarum
1707 548 2012 604 observanti

464 633 532 688 ad
560 633 950 702 baptisterium,
978 648 1306 711 quaecunque
1347 636 1424 691 illi
1453 636 1721 706 baptizata
1769 640 2015 709 primitus

465 725 1069 796 occurrisset,,signaret
1094 725 1142 779 ei
1175 725 1350 781 locum
1380 727 1532 797 signo
1556 729 1733 784 erucis
1770 731 1969 786 Christi
1996 748 2011 785 :

464 812 594 868 fecit
619 823 672 868 et
698 813 978 869 confestim
1010 816 1212 869 sanitas
1236 823 1417 870 secuta
1441 826 1542 871 est.
1577 816 1931 890 Hieronymus
1959 820 2015 873 in

465 903 793 971 expositione
821 903 1058 972 epistolae
1103 904 1168 958 ad
1212 903 1492 973 Ephesios,
1543 905 1680 960 libro
1718 907 1910 977 primo,
1949 908 2015 963 de

466 1005 625 1046 cruce
650 991 724 1044 ita
754 992 983 1046 scribit:
1015 992 1276 1048 Craterum
1296 995 1398 1064 qui
1438 994 1565 1049 illud
1607 994 1845 1066 Apostoli
1889 998 2019 1069 legit

467 1082 532 1138 de
547 1082 757 1139 Christo
786 1087 1148 1151 memorantis,
1179 1086 1363 1140 Pacem
1390 1087 1585 1156 faciens
1604 1104 1697 1158 per
1715 1090 2016 1158 sanguinem

466 1176 634 1229 crucis
662 1192 792 1241 sum,
814 1176 893 1230 his
922 1193 1038 1246 qua:
1057 1178 1112 1247 in
1138 1185 1275 1231 terra
1302 1186 1473 1243 erant,
1500 1188 1547 1231 et
1573 1178 1653 1232 his
1679 1168 1764 1249 qui
1798 1179 1851 1232 in
1879 1178 2016 1233 (telis

466 1274 522 1319 et
547 1275 764 1331 caetera,
796 1281 914 1335 quae
941 1266 992 1320 in
1020 1267 1207 1322 eodem
1236 1267 1488 1322 dicuntur
1511 1269 1628 1323 loco
1658 1266 1799 1339 (Col.
1823 1270 1883 1339 ι),
1913 1285 2015 1324 non

465 1356 673 1424 putavit
694 1372 810 1421 nos,
842 1357 932 1425 qui
957 1356 1109 1426 juxta
1137 1357 1383 1427 spiritum
1409 1359 1569 1414 Israel
1592 1375 1863 1426 vocamur,
1889 1360 2019 1417 fuis-

467 1458 525 1497 se
550 1443 722 1514 louge,
747 1456 800 1500 et
832 1445 1062 1519 Iudaeos,
1086 1448 1175 1517 qui
1215 1450 1584 1504 tantummodo
1614 1447 1776 1506 Israel
1811 1468 2018 1508 nuncu-

466 1544 661 1600 pantur
692 1536 744 1588 in
771 1550 949 1600 carne,
979 1535 1144 1591 fuisse
1167 1553 1352 1607 prope,
1380 1548 1433 1593 et
1456 1540 1596 1595 hanc
1626 1550 1792 1596 totam
1828 1542 2017 1598 intelli-

466 1624 698 1693 gentiam
730 1625 798 1678 ad
827 1626 1044 1696 angelos
1067 1628 1393 1698 virtutesque
1420 1630 1685 1697 ctelestes,
1723 1633 1788 1688 ad
1813 1635 2019 1694 animas

468 1715 786 1783 temperabit
812 1716 1095 1781 humanas,
1117 1718 1257 1786 quod
1280 1719 1334 1772 in
1361 1735 1458 1774 suo
1484 1720 1726 1777 Christus
1763 1726 2019 1796 sanguine

464 1810 520 1856 et
550 1810 755 1857 terrena
780 1812 833 1858 et
860 1804 1096 1859 cmlcstia
1125 1806 1404 1874 c0pularit,
1435 1823 1553 1877 qua:
1590 1810 1731 1865 inter
1769 1826 1826 1866 se
1866 1820 2020 1868 antea
2050 1809 2096 1868 Β

463 1891 822 1959 dissidebant;
851 1903 906 1948 et
934 1894 1102 1950 bonus
1137 1906 1319 1966 pastor
1360 1900 1653 1955 morbidum
1702 1904 1769 1957 ad
1813 1913 2020 1961 montes

462 1991 740 2038 revectans
787 1999 960 2049 ovem,
990 1985 1177 2041 fecerit
1221 2003 1337 2044 esse
1371 2006 1493 2045 eum
1530 1995 1777 2061 caeteris;
1822 1995 2016 2052 drach-

394 2052 407 2063 “
461 2090 709 2144 mamqne
730 2075 993 2145 perditam
1016 2077 1287 2135 drachmis
1308 2094 1425 2150 qua;
1447 2083 1605 2139 salva:
1628 2085 1839 2144 fuerant
1859 2104 2022 2158 copu-

463 2164 587 2219 larit
607 2164 755 2236 (Luc.
782 2169 893 2240 xv),
920 2178 976 2224 et
1001 2172 1246 2226 mandata
1293 2173 1481 2245 legalia
1513 2178 1578 2230 ad
1609 2179 1700 2233 illa
1732 2184 2021 2236 retraxerit

461 2252 745 2325 dogmata,
789 2254 855 2311 ad
899 2273 1125 2327 quorum
1171 2270 1352 2332 typum
1395 2271 1450 2318 et
1489 2265 1774 2337 imaginem
1813 2269 2020 2346 Moyses

460 2356 581 2411 quae
613 2354 792 2400 essent
819 2346 872 2402 in
904 2349 1245 2406 tabernaculo
1269 2352 1579 2411 fabricanda
1615 2362 1911 2429 conspexit,
1940 2371 2021 2416 at-

462 2444 565 2500 que
599 2434 670 2487 ita
698 2434 836 2501 ﬁeri,
867 2446 925 2491 ut
949 2454 1079 2493 crux
1107 2440 1313 2497 Domini
1344 2460 1447 2499 non
1471 2448 1640 2502 solum
1690 2461 1846 2506 terra:
1873 2493 1887 2517 ,
1926 2456 2020 2509 sed

462 2529 517 2576 ct
555 2523 691 2580 coelo
734 2526 1035 2595 profuerit,
1073 2545 1177 2585 non
1227 2541 1431 2588 tantum
1473 2537 1796 2603 hominibus,
1836 2542 1930 2596 sed
1965 2551 2019 2596 et

464 2611 688 2680 angelis,
715 2623 769 2669 et
795 2618 970 2673 omnis
995 2628 1241 2677 creatura
1277 2624 1485 2679 Domini
1529 2643 1625 2682 suo
1652 2643 1842 2685 cruore
1869 2646 1997 2686 mun

459 2702 584 2757 data
613 2705 702 2759 sit.
734 2704 935 2763 Scribit
972 2719 1150 2767 autem
1196 2714 1548 2771 Cassiodorus
1592 2718 1644 2771 iu
1670 2720 2017 2790 expositione

456 2794 614 2863 primi
642 2795 855 2863 psalmi,
877 2798 942 2852 Et
969 2802 1065 2854 erit
1081 2812 1327 2874 tanquam
1348 2804 1541 2875 lignum
1571 2809 1711 2879 quod
1726 2809 2015 2880 plantatum

386 2902 393 2910 '
455 2897 531 2941 est
554 2904 699 2943 secus
728 2891 975 2948 decursus
1000 2911 1298 2965 aquarum:
1322 2898 1479 2959 Bene,
1513 2909 1572 2955 ut
1597 2902 1845 2969 arbitror,
1874 2905 2016 2976 ligno

455 2977 734 3036 fructifera
756 2996 1098 3054 comparatus
1121 2996 1203 3042 est
1224 2989 1481 3046 Dominus
1502 2991 1768 3059 Christus,
1798 3007 2015 3068 propter

455 3083 667 3123 crucem
714 3087 875 3141 quam
916 3090 1014 3144 pro
1056 3077 1330 3133 hominum
1375 3080 1546 3138 salute
1590 3086 1844 3155 suscepit.
1883 3087 2012 3154 Qua!

454 3161 649 3215 merito
693 3161 894 3232 lignum
930 3164 1067 3222 vita:
1116 3170 1328 3233 dicitur,
1375 3176 1588 3243 quando
1635 3178 1707 3232 ibi
1752 3179 2011 3239 Dominus

452 3249 700 3309 Christus
721 3255 812 3325 qui
841 3265 925 3312 est
951 3259 1057 3312 vita
1082 3270 1284 3327 nostra,
1308 3280 1597 3334 suspensus
1616 3278 1718 3334 est,
1741 3280 1795 3325 et
1816 3271 2012 3329 latroni

366 3356 377 3366 '
453 3340 507 3395 in
540 3358 601 3397 ea
644 3344 917 3401 conﬁtenti
949 3347 1149 3404 dictum
1181 3361 1300 3407 est:
1332 3354 1495 3409 Amen
1540 3359 1654 3413 dico
1693 3362 1816 3428 tibi,
1860 3365 2011 3419 hodie

450 3442 647 3481 mecum
673 3432 776 3483 eris
804 3432 856 3485 in
883 3434 1128 3501 paradiso
1159 3437 1306 3508 (Luc.
1333 3441 1510 3514 χχιιι).
1544 3444 1783 3517 Denique
1822 3460 1877 3504 et
1916 3451 2011 3505 ho-

450 3516 535 3572 die
559 3519 734 3574 omnis
763 3520 814 3574 in
845 3537 962 3576 eam
1007 3526 1230 3582 credens
1262 3538 1476 3585 aeterna:
1509 3533 1629 3587 vitae
1658 3516 1794 3590 dona
1822 3554 2009 3593 conse-

452 3612 655 3679 quitur,
685 3625 807 3668 nam
834 3615 972 3670 sicut
1002 3620 1271 3676 terrestris
1299 3637 1437 3693 aqua
1473 3624 1763 3682 decurrens
1791 3631 1898 3683 vita
1922 3640 2007 3686 est

447 3701 712 3773 lignorum
737 3705 1054 3774 virentium,
1085 3711 1161 3767 sic
1191 3728 1328 3783 aqua
1355 3716 1612 3786 spiritalis
1642 3720 1848 3791 signum
1883 3739 2008 3778 cru-

446 3793 524 3847 cis
557 3793 813 3861 inundat,
865 3812 984 3868 qum
1031 3800 1175 3856 saluts
1219 3817 1339 3859 esse
1384 3805 1620 3862 ﬁdelium
1668 3814 2006 3880 cognoscitur

444 3884 763 3957 animarum.
801 3887 933 3943 Item
960 3890 1013 3944 in
1055 3894 1389 3963 expositione
1429 3900 1602 3967 quarti
1648 3899 1845 3957 Psalmi
1878 3922 1889 3957 :
1918 3903 2004 3959 Si-

438 3984 656 4036 gnatum
677 3987 749 4030 est
763 3994 919 4048 super
938 3997 1028 4034 nos
1052 3982 1226 4039 lumen
1246 3985 1414 4041 vultus
1436 3988 1533 4055 tui,
1551 3989 1770 4047 Domine
1814 4013 1833 4050 :
1912 3996 1996 4049 Si-

428 4064 523 4111 cut
635 4078 883 4125 nummus
920 4070 1259 4141 imperatoris
1295 4087 1475 4145 portat
1502 4079 1822 4152 imaginem,
1855 4084 1927 4139 ita
1949 4094 2004 4142 et

441 4155 685 4214 ﬁdelibus
711 4159 860 4232 signa
887 4164 1124 4220 cmlestis
1160 4168 1417 4238 principis
1454 4171 1835 4243 imprimuntur
1861 4194 1874 4230 :
1900 4178 2003 4233 hoc

440 4250 734 4307 munimine
762 4254 1003 4310 diabolus
1032 4258 1380 4314 multiformis
1418 4262 1724 4333 expellitur,
1765 4276 1819 4322 et
1857 4268 2005 4322 frau-

439 4339 653 4395 dulcnta
683 4344 1075 4402 machinatione
1101 4364 1207 4402 non
1248 4353 1503 4418 praevalet
1542 4370 1798 4424 superare
1829 4368 2000 4414 tenta-

440 4439 570 4493 tum,
595 4446 753 4500 quem
780 4434 968 4489 habuit
986 4437 1146 4505 primi
1170 4440 1404 4495 hominis
1431 4444 1681 4499 suasione
1706 4448 1995 4516 captivum.

2112 553 2346 605 sumendi
2376 571 2492 608 eam
2529 554 2708 621 (Joan.
2736 556 2812 621 x).
2848 546 3084 612 Primum
3121 560 3260 626 quod
3300 559 3477 614 erucis
3504 560 3676 629 ipsius

2110 644 2304 714 positio
2324 645 2446 701 talis
2472 656 2611 710 erat,
2639 655 2698 700 nt
2723 663 2849 716 pars
2877 649 2993 718 ejus
3017 651 3262 719 superior
3286 650 3423 705 caelo
3444 659 3675 719 spectet,

2114 735 2340 790 inferior
2366 745 2538 792 terras
2564 754 2668 794 non
2693 740 2933 805 deserat;
2967 740 3069 795 ﬁxa
3090 781 3105 805 ,
3147 742 3255 796 ima
3285 742 3587 812 contingat,
3619 752 3682 797 et

2110 827 2258 881 velut
2285 829 2605 897 quibusdam
2628 831 2864 886 brachiis
2902 832 3165 893 extensis.
3199 832 3422 887 latitudo
3452 834 3567 902 ejus
3594 844 3649 887 to
3667 864 3680 873 -

2115 916 2220 971 tius
2246 928 2430 987 partes
2451 929 2665 990 appetat
2687 922 2867 975 mundi
2885 939 2899 984 ;
2918 920 3104 989 jacens
3128 936 3271 985 vero,
3305 931 3534 991 quatuor
3558 939 3685 977 car—

2113 1008 2263 1064 dines
2298 1010 2445 1065 orbis
2486 1012 2748 1082 designat.‘
2796 1011 2887 1066 Sic
2926 1012 2979 1065 in
3030 1027 3193 1082 parvo
3236 1012 3444 1082 posita,
3482 1022 3679 1067 cuncta

2111 1097 2326 1153 videtur
2351 1115 2468 1153 esse
2494 1101 2791 1170 complexa.
2827 1101 2901 1155 De
2925 1117 3087 1161 cruce
3124 1102 3333 1157 Domini
3368 1103 3488 1156 dico
3509 1145 3522 1166 ,
3554 1119 3680 1172 quae

2114 1191 2181 1245 de
2210 1192 2409 1259 poenali
2456 1192 2574 1247 loco
2606 1204 2982 1263 peccatorum,
3017 1194 3153 1250 facta
3198 1205 3282 1249 est
3328 1196 3544 1249 honesta
3591 1211 3682 1249 rev

2116 1283 2369 1354 demptio,
2391 1293 2580 1353 postea
2606 1286 2846 1342 tribuens
2871 1287 3059 1342 salutis
3086 1288 3306 1352 bonum,
3329 1304 3447 1357 qua:
3467 1290 3678 1357 pridem

2116 1371 2276 1426 dabat
2304 1374 2601 1439 interitum,
2628 1376 2923 1446 patibulum
2948 1377 3182 1432 salutare
3228 1394 3372 1432 mors
3393 1420 3408 1443 ,
3434 1379 3688 1434 indicans

2116 1462 2310 1528 vitam,
2354 1463 2628 1519 humilitas
2672 1465 2967 1520 divinitatis
3016 1466 3352 1536 proclamans
3399 1470 3683 1522 summitur

2117 1560 2255 1619 tem;
2279 1563 2337 1608 ut
2360 1554 2631 1610 Christum
2665 1557 2717 1611 in
2742 1556 2877 1613 coelo
2894 1598 2910 1622 ,
2934 1557 3207 1612 Christum
3240 1560 3293 1613 in
3320 1569 3460 1615 terra
3480 1600 3496 1623 ,
3517 1560 3683 1614 Chri-

2117 1651 2257 1698 stum
2296 1659 2394 1713 per
2421 1656 2674 1701 cunctum
2697 1647 2883 1702 orbem
2905 1688 2921 1713 ,
2949 1647 3220 1703 Christum
3255 1664 3468 1718 quoque
3497 1652 3561 1704 ad
3596 1653 3685 1703 in-

2119 1733 2269 1789 ferna
2294 1752 2390 1806 per
2408 1736 2632 1807 ﬁguram
2653 1740 2829 1793 crucis
2849 1754 2969 1794 esse
2991 1755 3299 1810 cognoscas.
3324 1740 3474 1807 Quod
3499 1744 3543 1796 si
3572 1742 3683 1795 alia

2122 1827 2360 1896 qualibet
2389 1838 2561 1883 morte
2589 1840 2893 1899 przeventus
2922 1831 3108 1887 fuisset
3126 1874 3139 1896 ,
3167 1848 3274 1902 quo
3304 1834 3487 1903 signo,
3513 1850 3643 1905 rogo
3664 1875 3683 1895 .

2121 1917 2361 1972 diabolus
2381 1919 2689 1987 pelleretur,
2724 1938 2830 1992 quo
2857 1923 3053 1977 vexillo
3083 1923 3227 1978 frons
3252 1923 3686 1979 Christianorum

2122 2016 2233 2063 tuta
2265 2009 2566 2075 mansisset,
2594 2025 2697 2079 qua
2724 2011 2890 2081 ﬁgura
2917 2014 3155 2082 corporis
3187 2023 3240 2068 et
3274 2014 3464 2067 animae
3491 2014 3685 2067 ﬁrma-

2120 2109 2268 2155 retur
2306 2101 2621 2157 inﬁrmitas?
2658 2102 2806 2157 Nulla
2848 2120 2993 2159 mors
3042 2113 3200 2159 tante
3250 2103 3513 2172 majestati
3565 2119 3681 2158 me-

2119 2188 2220 2244 lius
2248 2192 2536 2246 eonvenire
2568 2194 2759 2261 potuit,
2787 2195 2888 2249 nisi
2912 2211 3031 2263 quae
3062 2196 3216 2249 nobis
3241 2194 3490 2264 perfecta:
3536 2195 3687 2249 salu-

2119 2283 2188 2337 tis
2222 2282 2418 2337 indicia
2449 2285 2752 2355 dereliquit.
2791 2286 3127 2357 Quapropter
3172 2288 3360 2341 merito
3400 2304 3428 2341 a
3462 2286 3684 2342 Christo

2118 2372 2288 2428 electa
2318 2382 2401 2429 est
2436 2391 2597 2440 crux,
2633 2377 2685 2430 in
2724 2368 2828 2446 qua
2868 2388 2921 2431 et
2961 2378 3305 2448 singulariter
3335 2380 3686 2433 occumberet

2117 2470 2171 2516 et
2197 2465 2465 2518 communi
2490 2476 2634 2521 sorte
2664 2479 2983 2524 moreretur.

2186 2570 2434 2630 Sedulius
2455 2575 2510 2629 in
2541 2576 2701 2632 tertio
2733 2578 2871 2633 libro
2892 2578 3166 2635 Paschalis
3195 2580 3449 2636 carminis
3471 2598 3490 2633 τ

2115 2682 2223 2737 Pax
2255 2685 2430 2740 crucis
2456 2685 2567 2754 ipse
2594 2687 2713 2752 fuit,
2745 2689 3084 2759 violentaque
3114 2691 3305 2745 robora
3334 2690 3589 2745 membris

2115 2776 2392 2832 lllustrans
2425 2779 2659 2847 propriis
2677 2822 2690 2843 ,
2719 2795 2930 2850 poenam
2954 2781 3170 2836 vestivit
3197 2782 3417 2846 honore,

2115 2864 2551 2939 Suppliciumque
2577 2871 2719 2925 dedit
2747 2872 2958 2941 signum
2988 2872 3158 2944 magis
3181 2886 3301 2927 esse
3322 2873 3529 2936 salutis,

2111 2957 2331 3028 Ipseque
2354 2960 2692 3016 sanctiﬁcans
2718 2962 2771 3015 in
2803 2978 2860 3017 se
2890 2971 3158 3017 tormenta
3184 2963 3381 3018 beavit.

2112 3048 2255 3104 Neve
2281 3052 2402 3120 quis
2430 3052 2636 3121 ignoret
2660 3052 2897 3119 speciem
2927 3053 3103 3107 crucis
3129 3066 3248 3107 esse
3274 3051 3573 3115 colendam,

2038 3160 2080 3223 ρ
2113 3140 2240 3208 Quae
2264 3142 2546 3197 Dominum
2574 3144 2807 3213 portavit
2829 3159 2994 3200 ovans
3028 3146 3235 3200 ratione
3257 3145 3491 3214 potenti,

2110 3230 2371 3298 Quattuor
2399 3233 2522 3287 inde
2549 3234 2732 3304 plagas
2760 3235 3004 3304 quadrati
3031 3236 3231 3307 colligit
3256 3236 3420 3291 orbis.

2112 3324 2433 3392 Splendidus
2458 3327 2695 3381 auctoris
2718 3329 2782 3381 de
2805 3328 3013 3403 vertice
3034 3328 3199 3397 fulget
3219 3328 3378 3410 Eois,

2107 3412 2339 3467 Occiduo
2364 3430 2531 3469 sacra:
2556 3415 2810 3471 labuntur
2831 3417 3012 3475 sidere
3035 3418 3257 3487 plantae,

2105 3502 2304 3558 Arcton
2328 3505 2513 3558 dextra
2541 3513 2702 3571 tenet,
2733 3508 2964 3562 medium
2996 3508 3122 3561 laeva
3148 3508 3305 3578 erigit
3333 3523 3508 3562 axem.

2104 3592 2413 3664 Cunctaque
2446 3597 2512 3649 de
2535 3597 2790 3652 membris
2815 3598 2945 3651 vivit
2972 3607 3161 3653 natura
3188 3600 3441 3660 creantis.

2105 3686 2171 3740 Et
2189 3702 2349 3742 cruce
2366 3683 2956 3759 complexum'Christus
2978 3695 3111 3764 regit
3133 3694 3367 3763 undique
3390 3694 3674 3749 mundum.

2172 3821 2427 3878 Paulinus
2453 3824 2508 3877 in
2537 3825 2674 3882 libro
2708 3835 2897 3882 octavo
2932 3826 3215 3885 Gestorum
3261 3830 3428 3885 sancti
3473 3829 3678 3884 Felicis

2102 3914 2352 3982 martyris
2384 3931 2396 3965 :

2102 4023 2208 4078 Nos
2234 4026 2410 4080 crucis
2436 4025 2649 4082 invicta:
2673 4030 2883 4100 signum
2912 4040 2966 4087 et
2995 4032 3258 4088 confessio
3288 4036 3483 4098 munit,

2100 4114 2415 4185 Armatique
2439 4116 2549 4172 Deo
2576 4129 2830 4187 mentem,
2855 4138 2960 4177 non
2989 4124 3281 4192 quaerimus
3306 4140 3454 4178 arma

2099 4203 2372 4273 Corporis,
2395 4212 2448 4260 et
2477 4222 2783 4277 quanquam
2809 4212 3065 4266 membris
3090 4214 3366 4268 videamur
3396 4215 3666 4283 inermes,

2097 4294 2261 4348 Arma
2291 4304 2470 4351 tamen
2493 4298 2749 4367 gerimus,
2776 4301 2970 4369 quibus
2996 4312 3050 4358 et
3077 4304 3176 4358 sub
3204 4320 3335 4374 pace
3363 4322 3551 4360 serena
3680 4306 3683 4313 ’

2098 4383 2296 4440 Contra
2323 4387 2666 4457 incorporeos
2692 4392 2888 4447 animis
2916 4394 3255 4450 decernimus
3283 4397 3482 4452 hostes.

437 4516 579 4572 Crux
609 4495 687 4572 est
719 4522 861 4572 enim
891 4495 1169 4572 humilium
1199 4526 1394 4572 invicta
1429 4531 1586 4572 ιηιιίη
1645 4495 1994 4572 amnium...“
2023 4496 2075 4554 D
2167 4495 2299 4551 “em
2325 4514 2379 4552 ¹¹¹
2409 4500 2597 4554 θθάθω
2622 4515 2786 4569 Opere
2813 4501 2948 4558 Μ)Γο
2974 4504 3200 4560 ἀθθιωοσ

483 4535 579 4572 rux
609 4529 687 4574 est
719 4524 861 4576 enim
890 4524 1169 4603 humilium
1199 4526 1396 4583 invicta
1429 4531 1619 4598 tultio,
1645 4539 1996 4603 superborum

435 4610 682 4679 dejectio,
704 4614 925 4669 victoria
945 4601 1163 4683 Christi,
1181 4621 1410 4689 perditio
1429 4624 1640 4689 diaboli,
1667 4601 1997 4687 infernorum

434 4702 746 4769 destructio,
777 4705 1077 4761 caelestium
1110 4710 1477 4779 conﬁrmatio,
1510 4731 1655 4771 mors
1682 4717 1994 4787 inﬁdelium,

426 4790 693 4863 juslorum
722 4795 850 4849 vita.
874 4795 1011 4851 Ecce
1034 4812 1160 4853 vera
1182 4814 1421 4868 munera,
1452 4820 1578 4861 ecce
1601 4808 1738 4863 dona
1762 4825 1998 4879 prtesen—

430 4885 524 4951 tia,
571 4887 764 4956 quibus
802 4889 1183 4945 maledicorum
1213 4892 1407 4963 lingua:
1444 4897 1710 4955 damnatis
1751 4900 1994 4959 faucibus

428 4973 798 5028 obstruuntur.
822 4975 951 5031 Item
976 4978 1112 5033 idem
1144 4981 1410 5054 subjungit
1441 5002 1455 5038 :
1480 4983 1676 5041 Lumen
1700 4988 1867 5044 vultus
1889 4993 1983 5058 tui,

427 5064 648 5119 Domine
683 5063 853 5141 (Psal.
894 5067 966 5141 ιν)
996 5070 1049 5124 in
1082 5074 1258 5128 crucis
1295 5074 1663 5145 impressione,
1694 5080 1871 5137 lumen
1903 5094 1985 5140 est

426 5155 604 5211 vultus
633 5154 751 5221 Dei,
777 5158 903 5227 quia
930 5174 1145 5232 semper
1166 5163 1218 5216 in
1245 5164 1324 5218 eis
1360 5169 1600 5222 noscitur
1621 5171 1862 5238 radiare,
1893 5175 1984 5243 qui

425 5258 486 5298 se
511 5246 687 5315 aliqua
719 5263 824 5303 non
855 5250 1059 5321 eligunt
1086 5253 1352 5320 pravitate
1383 5257 1646 5324 polluere,
1680 5261 1820 5317 sicut
1856 5265 1986 5319 dicit

423 5328 710 5399 Apostolus
734 5354 747 5390 :
782 5336 959 5392 Nolite
997 5341 1303 5395 contristare
1327 5342 1579 5413 Spiritum
1606 5359 1841 5405 sanctum
1866 5351 1982 5418 Dei,

424 5417 481 5470 in
507 5434 608 5489 quo
633 5423 824 5492 signati
851 5429 971 5480 estis
1000 5429 1053 5481 in
1084 5429 1219 5482 diem
1249 5431 1630 5502 redemptionis.
1653 5437 1781 5492 Item
1814 5439 1867 5493 in
1898 5455 1988 5495 ex-

352 5580 357 5585 .
425 5503 731 5571 planatione
774 5516 1010 5586 vigesimi
1058 5520 1213 5587 primi
1253 5520 1484 5588 psalmi:
1519 5523 1623 5580 Sed
1665 5537 1979 5597 antequam,

346 5606 351 5615 ’
425 5593 631 5664 inquit,
681 5603 748 5656 ad
796 5608 1062 5673 passionis
1093 5610 1369 5665 veniamus
1395 5615 1674 5669 exordium
1694 5657 1708 5681 ,
1734 5622 1982 5686 perscru-

425 5685 645 5741 taudum
668 5699 748 5744 est
768 5708 864 5749 cur
890 5696 1045 5751 talem
1069 5700 1287 5768 elegerit
1310 5701 1407 5756 sibi
1428 5714 1672 5771 mortem,
1697 5685 1787 5776 qui
1814 5711 1977 5766 (IIXII:

2096 4606 2215 4677 Ipse
2242 4608 2456 4665 domum
2484 4627 2749 4679 remeans,
2780 4617 3049 4672 modicum
3067 4658 3082 4682 ,
3118 4621 3210 4674 sed
3232 4622 3427 4690 grande
3449 4622 3667 4679 salutis-

2097 4695 2172 4750 De
2199 4699 2375 4754 crucis
2396 4710 2611 4757 aeternae
2638 4713 2905 4774 sumptum
2939 4708 3068 4762 mihi
3098 4709 3362 4780 fragmine
3386 4711 3590 4780 lignum

2097 4784 2311 4851 Prome,
2335 4795 2631 4859 tenensque
2652 4807 2813 4847 manu
2841 4794 3083 4851 adversis
3105 4800 3288 4867 procul
3314 4801 3495 4870 iugero
3512 4800 3672 4883 flam-

3464 4888 3588 4937 nus,

2098 4943 2168 5000 Ut
2190 4945 2433 5016 clypeum
2460 4951 2694 5007 retinens
2716 4967 2814 5021 pro
2838 4962 3057 5022 pectore
3081 4972 3188 5027 quo
3210 4968 3439 5029 tegerem
3466 4978 3568 5025 me,

2089 5035 2449 5108 Arceremque
2476 5042 2683 5097 hostem
2712 5044 2908 5101 collato
2934 5048 3162 5106 umbone
3191 5052 3426 5116 relisum,

2091 5126 2303 5183 Credite
2326 5146 2429 5185 nec
2452 5131 2644 5209 donate
2668 5136 2822 5202 mihi,
2852 5139 2944 5193 sed
2974 5139 3177 5196 reddite
3202 5141 3413 5198 Christo

2089 5215 2280 5274 Grates
2308 5228 2363 5274 et
2380 5221 2552 5290 justas
2573 5225 2693 5279 date
2716 5226 2903 5284 laudes
2924 5228 3293 5301 omnipotenti.

2088 5305 2278 5362 Nostra
2306 5309 2449 5366 salus
2479 5314 2676 5368 etenim
2702 5316 2755 5370 in
2790 5332 2951 5374 cruce
2976 5319 3178 5377 Christi
3204 5333 3259 5378 et
3283 5327 3500 5382 nomine
3525 5345 3660 5384 con-

2084 5444 2210 5500 Inde
2246 5445 2376 5503 ﬁdes
2402 5450 2574 5515 nobis,
2602 5460 2657 5507 et
2682 5453 2735 5508 in
2763 5455 2865 5511 hac
2892 5473 3050 5514 cruce
3079 5462 3223 5527 nixa,
3253 5394 3578 5533 pericltlism.

2084 5534 2307 5602 Profuit,
2335 5546 2390 5593 et
2415 5549 2654 5596 nostram
2685 5547 2932 5614 cognovit
2956 5546 3169 5605 flamma
3202 5553 3445 5609 salutem.

2084 5624 2193 5680 Nec
2218 5640 2334 5680 mea
2357 5644 2461 5683 vox
2488 5639 2581 5684 aut
2604 5631 2791 5689 dextra
2816 5635 2991 5703 illum,
3019 5642 3110 5695 sed
3135 5643 3217 5698 vis
3257 5647 3433 5703 crucis
3468 5648 3650 5720 ignem

2085 5714 2316 5782 Terruit,
2348 5718 2508 5788 inque
2536 5721 2652 5777 loco
2677 5724 2741 5778 de
2768 5740 2871 5794 quo
2898 5741 3203 5787 surrexerat
3226 5736 3356 5804 ipse,
