4030 6190
319 338 432 394 ’529

319 450 397 504 lit
422 449 829 518 circumseptam
854 448 1167 516 praescripto
1192 447 1359 502 limite
1384 449 1651 504 flammam

317 538 535 602 Sidere,
558 546 612 591 et
640 537 903 607 exstingui
933 537 1147 592 fremitu
1179 540 1439 593 moriente
1460 541 1655 609 coegit.

315 626 387 680 Et
417 627 597 681 cinere
620 634 863 679 exortam
886 626 1051 681 cineri
1078 642 1316 685 remeare
1351 627 1658 695 procellam,

313 720 529 784 Quanta
552 719 729 772 crucis
756 719 949 782 virtus,
978 727 1036 771 ut
1060 734 1117 773 se
1144 728 1333 772 natura
1361 718 1626 788 relinquat

313 808 515 864 Omnia
544 809 683 880 ligna
706 825 921 871 vorans,
948 809 1092 880 ligno
1121 809 1294 863 crucis
1319 809 1491 861 uritur
1515 807 1671 878 ignis.

317 900 482 955 Multa
513 916 703 954 manus
726 902 930 955 crebris
957 910 1082 954 tunc
1109 900 1196 953 illa
1227 900 1470 955 incendia
1496 899 1640 953 vasis

315 988 646 1058 Aspergens,
677 987 839 1059 largis
866 989 1120 1057 cupiebat
1146 989 1360 1043 vincere
1390 988 1637 1058 lymphis,

312 1081 425 1134 Sed
452 1080 578 1135 licet
598 1081 874 1134 exhaustis
900 1090 1186 1149 pensarent
1211 1080 1443 1134 fontibus
1471 1082 1686 1145 imbres,

314 1170 376 1224 Vi
409 1172 615 1241 majore
642 1179 835 1236 tamen,
864 1170 1020 1224 lassis
1047 1172 1437 1241 spargeutibus,
1465 1186 1676 1225 omnem

312 1262 534 1316 Vicerat
563 1263 697 1333 ignis
721 1277 938 1330 aquam,
967 1261 1058 1315 sed
1084 1262 1226 1332 ligno
1246 1261 1600 1316 exstinximus
1625 1263 1817 1331 ignem,

309 1352 593 1422 Quamque
632 1367 768 1421 aqua
800 1341 919 1405 non
965 1362 1203 1422 poterat,
1248 1354 1377 1407 vicit
1419 1354 1594 1407 brevis
1630 1354 1875 1408 haustula

1490 1423 1798 1494 [ﬂammam

380 1532 619 1588 Rursum
665 1534 886 1589 obsecro
932 1536 1346 1606 perspicaciter,
1389 1536 1604 1601 Claudi,
1654 1539 1874 1593 adverte

308 1631 514 1690 quanta
547 1623 664 1677 laus
691 1635 954 1693 quantave
985 1626 1156 1679 virtus
1200 1627 1484 1680 adoranda:
1524 1628 1728 1691 crucis,
1764 1628 1870 1683 non

308 1713 471 1776 asini,
504 1729 535 1766 a
562 1722 639 1768 tot
656 1716 923 1784 tantisque
948 1715 1241 1786 insignibus
1267 1715 1573 1772 doctoribus
1604 1718 1869 1773 describa-

1287 406 1294 411 ι
1370 339 1458 393 DE
1492 338 1716 396 CULTU
1757 338 2114 395 lﬂAGINUM.
2151 371 2219 380 —
2246 340 2374 395 LIB.
2415 342 2477 396 ll.

3432 352 3536 405 551i

1903 456 1954 513 Α
1979 450 2194 506 Judteus
2221 451 2378 508 ﬁdem
2406 455 2582 509 crucis
2609 458 2831 514 minime
2868 459 3072 513 habens
3096 499 3110 524 ,
3163 461 3315 533 signo
3360 471 3533 520 tamen

1979 543 2156 597 crucis
2201 559 2261 598 se
2312 545 2521 599 munire
2556 550 2843 603 curaverit.
2888 549 2987 616 Qui
3030 551 3175 613 dum,
3219 556 3545 611 necessitate

1979 632 2205 696 ductus,
2230 631 2382 700 juxta
2427 634 2687 703 Apollinis
2734 624 2985 707 templum
3024 652 3083 692 se
3120 640 3185 693 ad
3210 644 3528 697 manendum

1979 721 2308 786 contulisset,
2342 732 2397 777 et
2431 732 2649 793 repente
2680 726 3034 796 malignorum
3068 730 3349 798 spirituum
3378 734 3532 787 turba

1978 811 2208 874 adesset,
2235 812 2456 880 jusserit
2485 814 2707 883 spiritus
2734 830 3002 883 nequam,
3040 818 3128 885 qui
3156 823 3363 874 caeteris
3400 837 3533 891 pne-~

1978 908 2112 963 erat,
2142 910 2201 952 ut
2232 902 2567 968 requirerent
2594 904 2840 971 quisnam
2876 908 3023 960 esset
3046 906 3132 961 ille
3161 909 3248 976 qui
3270 908 3449 975 jacere
3480 912 3531 965 in

1981 992 2173 1060 templo
2206 992 2389 1045 eodem
2423 995 2860 1062 praesumpsisset.
2893 995 2971 1049 Ad
3001 1012 3157 1065 quem
3186 1000 3401 1069 maligni
3427 1001 3535 1069 spi-

1978 1084 2109 1137 ritus
2133 1092 2431 1152 pergentes,
2461 1094 2515 1137 et
2539 1072 2783 1139 subtilius
2806 1085 3095 1149 intuentes,
3119 1088 3293 1141 crucis
3335 1101 3533 1157 myste-

1977 1173 2057 1227 rio
2087 1175 2352 1244 signatum
2378 1174 2648 1239 viderunt,
2674 1175 3037 1244 mirantesque
3073 1177 3323 1231 dixerunt
3348 1196 3360 1231 :
3390 1178 3525 1244 Vah,

1973 1265 2101 1328 vah,
2132 1280 2226 1318 vas
2256 1281 2505 1329 vacuum,
2536 1266 2625 1319 sed
2650 1260 2935 1335 signatum.
2970 1266 3174 1334 Quibus
3205 1269 3307 1324 hoc
3333 1286 3530 1323 renun-

1976 1354 2261 1419 tiantibus,
2302 1365 2491 1409 cuncta
2518 1356 2613 1424 illa
2655 1356 3008 1425 malignorum
3053 1358 3335 1427 spirituum
3374 1360 3529 1413 turba

1974 1448 2257 1517 disparuit.
2293 1447 2336 1503 Ο
2362 1448 2731 1501 admirandam
2779 1448 2956 1517 potius
2984 1464 3143 1517 quam
3178 1451 3530 1503 enarrandam

1973 1538 2182 1593 laudem
2223 1539 2581 1606 virtutemque
2622 1538 2830 1591 crucis!
2861 1538 2990 1604 Quis
3031 1539 3332 1593 mortalium
3372 1546 3531 1594 tantm

1971 1631 2331 1701 intelligentize
2358 1645 2591 1698 compos,
2625 1640 2876 1699 tantaque
2906 1632 3114 1697 dicendi
3145 1632 3389 1687 facundia
3428 1634 3528 1688 erit
3593 1661 3605 1679 ι

1968 1721 2244 1790 praeditus,
2286 1721 2375 1789 qui
2421 1717 2535 1786 ejus
2584 1720 2833 1773 virtutem
2882 1728 2936 1774 et
2980 1719 3187 1773 laudem
3234 1731 3327 1781 aut
3366 1736 3527 1775 sensu

307 1813 419 1867 tur,
449 1813 505 1858 et
532 1803 816 1859 salubriter
843 1803 1198 1869 confundere,
1225 1807 1364 1875 quod
1392 1822 1604 1861 crucem
1636 1808 1787 1861 asino
1816 1818 1872 1863 et
1899 1793 1947 1851 Β
1973 1812 2444 1879 comprehendere,
2473 1820 2564 1864 aut
2590 1811 2769 1864 verbis
2798 1811 2971 1865 valeat
2996 1812 3298 1881 explicare?
3332 1813 3387 1867 Si
3425 1815 3525 1870 hoc

305 1894 584 1948 veteribus
608 1896 800 1965 pannis
831 1904 886 1949 et
913 1898 1235 1967 prmsepibus
1255 1938 1268 1961 ,
1296 1906 1350 1951 et
1383 1900 1622 1953 sentibus
1661 1901 1870 1953 cmteris

306 2000 429 2052 qua:
457 1984 652 2038 insana
679 1994 853 2039 mente
886 1996 1200 2054 prosecutus
1236 2003 1322 2052 es,
1349 1991 1758 2065 comparaveris.
1786 1989 1869 2043 An

307 2074 531 2144 ignoras
550 2076 689 2145 quod
718 2092 822 2131 non
847 2093 946 2147 per
968 2078 1080 2132 lucc
1118 2093 1237 2147 qua:
1262 2081 1619 2144 enumerasti,
1653 2080 1744 2134 sed
1772 2095 1871 2148 per

303 2180 528 2218 crucem
554 2164 906 2234 paciﬁcantur
934 2167 1172 2222 ccelestia
1207 2183 1327 2221 cum
1365 2170 1735 2234 terrestribus,
1763 2177 1869 2224 ter-

306 2270 438 2310 rena
484 2264 611 2310 eum
657 2257 1000 2312 cmlestibus?
1026 2257 1175 2312 Sicut
1211 2259 1352 2312 enim
1378 2258 1659 2326 Apostolus
1696 2259 1864 2314 dicit:

306 2348 369 2401 In
412 2349 531 2418 ipso
578 2349 883 2418 complacuit
926 2366 1127 2404 omnem
1172 2349 1539 2419 plenitudinem
1582 2351 1867 2405 divinitatis

305 2424 650 2508 corporaliter
670 2440 980 2503 inhabitare,
1009 2450 1055 2492 et
1081 2457 1172 2509 per
1199 2457 1313 2494 eum
1345 2441 1667 2495 reconciliari
1693 2442 1866 2495 omnia

303 2532 356 2583 in
394 2532 571 2599 ipsum
602 2530 885 2599 paciﬁcans
927 2547 1019 2600 per
1050 2533 1350 2602 sanguinem
1385 2532 1550 2586 crucis
1591 2533 1736 2602 ejus,
1764 2535 1868 2588 sive

300 2637 418 2689 quae
448 2622 509 2673 in
534 2621 716 2683 terris,
751 2621 855 2674 sive
888 2638 1003 2690 qua:
1039 2622 1093 2673 in
1127 2621 1264 2675 cwlis
1298 2633 1415 2675 sunt
1445 2622 1579 2692 (Col.
1625 2621 1684 2694 ι).
1726 2622 1867 2689 Qua-

303 2719 527 2780 propter
551 2711 763 2765 omissis
792 2712 984 2782 typicis
1014 2711 1450 2783 ﬁgurationibus,
1477 2706 1668 2782 quibus
1689 2714 1741 2766 in
1768 2712 1867 2767 Ve—

307 2801 406 2853 teri
435 2799 784 2854 Testamento
808 2800 1101 2855 multifario
1127 2802 1314 2855 eadem
1346 2817 1480 2856 crux
1513 2802 1736 2871 ﬁgurata
1763 2811 1864 2867 est,

305 2909 425 2962 qua:
460 2892 580 2962 jam
618 2894 672 2948 in
717 2897 945 2951 veritate
972 2897 1267 2967 completa:
1313 2906 1466 2961 sunt,
1513 2899 1630 2953 luce
1670 2900 1866 2954 clanius

304 2984 601 3038 contestari
623 3000 728 3040 non
753 2986 1095 3055 ambigimus,
1119 2987 1259 3056 quod
1289 2988 1443 3042 nobis
1465 2989 1643 3041 omnia
1675 3004 1770 3057 per
1796 2988 1867 3042 si-

305 3089 472 3143 gnum
515 3076 721 3137 crucis,
766 3092 872 3131 non
900 3091 999 3146 per
1034 3078 1243 3132 asinum
1281 3077 1698 3132 sanctiﬁcantur.
1724 3078 1867 3133 illius

306 3179 505 3235 nempe
532 3169 698 3222 armis
725 3169 948 3233 muniti,
978 3169 1237 3237 malignos
1264 3170 1482 3239 spiritus
1504 3186 1533 3224 a
1560 3170 1712 3224 nobis
1749 3186 1885 3241 pro-.

305 3257 587 3326 pellimus,
622 3267 675 3312 et
698 3268 1001 3315 sanctorum
1029 3262 1336 3332 angelorum
1360 3261 1695 3330 pricsentiam
1718 3261 1872 3316 nobis

303 3349 706 3417 quodammodo
732 3353 1098 3408 conciliamus.
1128 3354 1233 3408 Sed
1253 3365 1307 3408 et
1342 3370 1438 3424 per
1462 3355 1716 3409 vexillum
1752 3371 1873 3409 cru-

306 3442 421 3506 cis,
465 3457 572 3496 non
604 3459 699 3512 per
733 3445 974 3508 asinum,
1020 3446 1330 3501 innumeros
1368 3455 1585 3501 sanctos
1631 3448 1774 3501 viros
1819 3456 1874 3503 et

306 3528 554 3587 mortuos
585 3536 897 3599 suscitasse,
926 3537 1192 3591 daemones
1218 3538 1286 3592 ab
1309 3539 1544 3593 obsessis
1564 3539 1874 3608 corporibus

305 3622 595 3694 ctfugassc,
628 3640 795 3680 caecos
815 3627 1157 3693 illuminasse,
1186 3639 1240 3683 et
1265 3630 1428 3684 multa
1456 3630 1540 3685 his
1568 3631 1760 3685 similia
1792 3630 1870 3684 fe-

307 3714 449 3768 cisse
497 3713 746 3780 legimus.
793 3715 984 3787 Liquet
1031 3718 1191 3788 igitur
1235 3720 1375 3788 quod
1424 3719 1601 3774 nullus
1641 3719 1874 3773 ﬁdelium

309 3812 474 3858 tanta:
515 3804 799 3860 dementiae
844 3814 1104 3876 tantaeque
1146 3809 1412 3864 exstiterit
1450 3810 1737 3873 socordiae,
1783 3812 1874 3879 qui

309 3893 679 3964 hujuscemodi
715 3900 1138 3968 comparationes
1165 3901 1449 3969 aliquando
1482 3902 1663 3967 cruci,
1689 3902 1788 3956 nisi
1819 3911 1874 3955 tu

309 3985 477 4049 solus,
500 3996 687 4056 aptare
709 3991 1022 4055 tentaverit;
1049 3999 1105 4045 et
1129 3991 1229 4046 hoc
1254 3991 1452 4046 idcirco
1477 3991 1666 4047 fecisse
1695 3994 1877 4047 crede-

308 4076 404 4141 ris,
434 4078 562 4146 quia
586 4119 601 4142 ,
630 4088 689 4131 ut
715 4088 960 4149 patenter
992 4081 1186 4152 conjici
1222 4081 1396 4146 datur,
1426 4083 1674 4137 vexillum
1703 4084 1879 4139 crucis

311 4168 463 4222 nihili
491 4170 699 4238 pendis.
726 4170 940 4240 Majoris
968 4176 1201 4242 namque
1227 4174 1454 4228 honoris
1486 4183 1540 4228 et
1568 4174 1879 4228 reverentiae

314 4256 477 4327 (quod
515 4274 621 4313 non
672 4261 785 4315 sine
826 4277 1021 4331 magno
1063 4263 1227 4317 animi
1259 4263 1443 4317 dolore
1484 4261 1875 4333 prosequimur)

317 4350 455 4405 idem
487 4353 739 4408 vexillum
784 4356 959 4410 crucis
999 4358 1138 4426 apud
1180 4371 1419 4427 paganos
1456 4372 1615 4425 quam
1647 4356 1782 4427 apud
1828 4365 1878 4412 te

316 4441 557 4495 noscitur
582 4441 765 4498 fuisse.
788 4444 1005 4515 Legitur
1028 4449 1208 4516 itaque
1237 4447 1289 4500 in
1318 4446 1552 4501 Historia
1582 4448 1871 4517 tripartito,
1903 4483 1952 4541 Β

317 4529 458 4585 libro
477 4532 730 4597 secundo,
760 4536 899 4603 quod
921 4537 986 4590 de
1014 4538 1114 4592 hoc
1136 4538 1278 4606 ligno
1300 4537 1486 4607 sibylla
1518 4538 1713 4592 dixerit
1736 4540 1874 4607 apud

317 4637 595 4692 paganos:
628 4625 673 4680 0
702 4635 782 4681 ter
803 4628 1016 4682 beatum
1045 4630 1265 4700 lignum,
1291 4631 1344 4684 in
1370 4646 1475 4699 quo
1516 4630 1654 4685 Deus
1693 4640 1877 4685 exten-

316 4733 412 4771 sus
437 4726 539 4772 est.
566 4718 633 4772 Et
661 4718 784 4773 alibi
814 4720 867 4772 in
895 4725 1080 4774 eodem
1109 4736 1300 4791 opere,
1329 4721 1464 4775 libro
1491 4732 1672 4784 sexto,
1706 4722 1878 4791 capite

317 4813 555 4866 secundo
576 4852 591 4877 ,
621 4814 761 4881 quod
786 4810 1029 4869 Julianus
1073 4815 1365 4884 imperialia
1404 4822 1617 4883 sceptra
1662 4814 1875 4869 deside-

321 4917 484 4963 rans,
509 4910 566 4955 et
607 4918 636 4955 a
665 4902 1072 4959 Christianitate
1118 4905 1184 4957 ad
1225 4905 1583 4975 paganitatem
1620 4904 1875 4972 paulatim

319 4988 600 5055 deﬁciens,
626 4991 889 5046 invenerit
915 4994 1084 5047 virum
1109 4995 1199 5062 qui
1224 4994 1273 5048 ei
1295 4995 1592 5049 desiderata
1624 5009 1681 5047 se
1701 4994 1877 5048 dicere

320 5081 500 5135 fassus
526 5082 628 5145 sit,
659 5082 810 5151 isque
834 5097 957 5137 eum
986 5085 1280 5151 perducens
1303 5084 1368 5137 ad
1396 5084 1678 5151 quemdam
1706 5082 1869 5136 idolo-

320 5190 445 5228 rum
488 5174 683 5239 locum,
715 5184 769 5229 et
795 5175 1152 5229 iutromittens
1197 5175 1251 5229 in
1296 5176 1544 5245 adytum,
1574 5175 1882 5229 seductores

321 5266 595 5319 daemones
632 5266 968 5329 evocaverit,
1001 5265 1193 5334 quibus
1232 5264 1539 5318 solemuiter
1580 5264 1883 5332 apparenti-

322 5358 449 5421 lius,
482 5367 693 5413 terrore
718 5356 1054 5425 compellitur
1078 5353 1321 5409 Julianus
1349 5355 1402 5408 in
1430 5354 1603 5408 fronte
1637 5370 1733 5408 sua
1756 5369 1880 5407 cru-

324 5450 408 5503 cis
437 5446 671 5502 formare
699 5447 1050 5517 signaculum.
1081 5446 1229 5499 Tunc
1261 5444 1528 5498 daemones
1569 5443 1749 5512 tropaei
1777 5443 1882 5495 Do-

327 5520 513 5591 minici
546 5538 768 5607 ﬁguram
811 5537 1183 5607 respicientes,
1211 5544 1265 5588 et
1293 5549 1402 5589 sua:
1440 5534 1702 5588 recordati
1739 5533 1883 5587 devi—

328 5629 547 5691 ctionis,
575 5639 793 5698 repente
815 5628 1212 5697 disparuerunt.
1236 5625 1453 5696 Legitur
1491 5626 1652 5679 etiam
1678 5624 1730 5678 in
1762 5626 1886 5678 Dia-

332 5718 575 5786 logorum
608 5718 741 5775 libro
777 5720 965 5782 tertio,
1007 5720 1182 5790 capite
1215 5718 1442 5787 septimo
1462 5759 1475 5784 ,
1503 5718 1643 5788 quod
1666 5718 1882 5788 quidam

1896 3139 1940 3200 C

1969 1902 2242 1965 vexillum,
2277 1901 2557 1961 inlidelem,
2589 1901 2696 1955 imo
2724 1902 2995 1956 inimicum
3026 1905 3232 1964 crucis,
3263 1904 3330 1957 ab
3365 1904 3526 1958 hosti-

1967 1991 2068 2046 bus
2093 1991 2448 2045 invisibilihus
2476 1999 2751 2059 tantopere
2778 1992 3024 2053 munivit,
3040 2001 3093 2046 et
3116 2007 3147 2045 a
3172 1984 3286 2047 loCo
3310 1994 3525 2048 idolola-

1968 2082 2085 2136 triae
2113 2080 2357 2136 sordibus
2377 2080 2599 2149 polluto,
2629 2081 2837 2134 turbam
2860 2080 3211 2151 malignorum
3242 2080 3524 2150 spirituum

1960 2180 2155 2232 abesse
2181 2178 2465 2252 compulit,
2498 2186 2694 2246 quanto
2728 2177 2899 2248 magis
2931 2186 3088 2246 putas
3128 2178 3256 2232 illud
3292 2181 3376 2249 pie
3413 2195 3524 2244 am-

1967 2268 2324 2336 plcctentibus
2378 2268 2551 2321 virtus
2601 2276 2655 2321 et
2713 2267 2940 2321 salvatio
2998 2276 3159 2337 atque
3202 2270 3355 2324 tuitio
3406 2279 3521 2335 est,

1967 2359 2127 2414 stulte
2153 2368 2330 2413 autem
2362 2358 2489 2413 illud
2531 2359 2942 2414 cxhorrentibus
2972 2369 3135 2429 atque
3168 2362 3525 2416 abominanti-

1967 2450 2065 2503 bus
2102 2449 2195 2503 ﬁat
2229 2446 2590 2504 infelicissima
2625 2450 2890 2519 perditio?
2920 2451 3071 2506 Unde
3110 2460 3193 2506 est
3227 2452 3352 2505 illud
3387 2453 3525 2523 Apo-

1967 2539 2087 2595 stoli
2120 2555 2135 2592 :
2169 2539 2392 2593 Verbum
2418 2540 2553 2593 enim
2576 2541 2745 2593 crucis
2770 2542 3099 2610 pereuntibus
3125 2542 3329 2611 quidem
3356 2541 3525 2595 stutu-

1967 2632 2039 2684 (ia
2087 2640 2184 2695 est,
2230 2631 2311 2684 his
2359 2642 2529 2685 autem
2580 2634 2667 2703 qui
2712 2632 2840 2687 salui
2885 2633 3047 2701 ﬁunt,
3096 2636 3254 2688 uirtus
3306 2635 3405 2688 Dei
3451 2644 3523 2689 es!

1968 2720 2019 2790 (I
2041 2719 2161 2775 Cor.
2186 2721 2247 2794 ι).
2272 2721 2528 2776 Poterant
2549 2723 2742 2791 quippe
2762 2724 3057 2791 copiosiora
3080 2725 3144 2778 de
3165 2725 3319 2778 laude
3345 2733 3398 2779 et
3419 2727 3527 2779 vir-

1967 2820 2079 2864 tute
2107 2811 2283 2866 crucis
2312 2822 2619 2866 sanctorum
2666 2812 2885 2866 Patrum
2922 2813 3094 2882 colligi
3137 2814 3310 2878 dicta,
3339 2814 3428 2868 sed
3459 2820 3524 2869 ad

1971 2910 2120 2955 tuum
2147 2916 2387 2956 errorem
2414 2895 2858 2956 manifestandnm
2875 2943 2888 2966 ,
2916 2910 2970 2955 et
2993 2904 3379 2958 rationabiliter
3402 2922 3527 2959 con-
3607 2955 3617 2970 ,

1966 2993 2313 3058 vincendum,
2358 2991 2626 3047 sufﬁciunt
2674 2993 2804 3060 ista,
2856 2985 3159 3062 quanquam
3211 3010 3416 3065 magna:
3452 2996 3525 3051 sis

1969 3085 2279 3155 pertinacia:
2298 3126 2312 3149 ,
2339 3099 2458 3154 qua:
2487 3084 2724 3139 bneviter
2754 3093 2877 3138 sunt
2911 3093 3183 3154 congesta.
3223 3084 3316 3140 His
3363 3087 3526 3155 igitur

1971 3178 2035 3231 de
2056 3177 2211 3231 laude
2234 3185 2289 3230 et
2308 3175 2507 3229 virtute
2535 3175 2711 3229 crucis
2746 3175 2980 3228 breviter
3008 3175 3290 3244 expositis,
3316 3176 3523 3245 reliqua

1970 3267 2149 3337 operis
2179 3268 2253 3321 tui
2280 3267 2574 3321 videamus.
2599 3264 2694 3320 Ais
2719 3280 2980 3335 namque:
3254 3316 3255 3321 η

2045 3374 2065 3407 ι
2104 3356 2261 3410 Aliud
2308 3357 2450 3409 enim
2493 3356 2632 3410 Deus
2664 3354 2865 3423 jussit,
2917 3356 3074 3409 aliter
3112 3355 3199 3410 isti
3242 3355 3462 3411 faciunt.
3497 3378 3515 3409 ι

1971 3445 2086 3500 Νοιι
2111 3446 2431 3516 subterfugit
2465 3447 2743 3500 scientiam
2781 3447 3104 3515 peritorum,
3146 3461 3304 3514 quam
3345 3448 3527 3502 incon-

1971 3537 2252 3591 venienter
2278 3537 2380 3590 hoc
2403 3535 2555 3590 colon
2586 3536 2841 3590 texueris.
2867 3534 3138 3590 Debueras
3159 3537 3299 3590 enim
3328 3553 3527 3606 ponere

1972 3628 2046 3681 ita
2071 3640 2086 3679 :
2115 3625 2272 3679 Aliud
2302 3624 2442 3679 Deus
2460 3624 2655 3693 jussit,
2691 3625 2834 3680 aliud
2855 3626 2940 3680 isti
2972 3626 3193 3679 faciunt.
3244 3628 3351 3680 Aut
3379 3637 3529 3683 certe

1972 3719 2046 3773 ita
2072 3737 2084 3771 :
2118 3718 2287 3772 Aliter
2306 3718 2448 3772 Deus
2467 3716 2660 3786 jussit,
2692 3718 2850 3773 aliter
2878 3719 2965 3772 isti
2996 3718 3218 3773 faciunt.
3264 3719 3367 3775 Sed
3400 3722 3524 3789 quia

1973 3811 2047 3865 ita
2084 3825 2188 3865 non
2219 3809 2474 3878 posuisti,
2503 3817 2555 3863 te
2588 3810 2832 3879 imperite
2861 3808 3093 3862 locutum
3128 3808 3294 3865 fuisse
3326 3826 3528 3881 cogno-

1973 3917 2081 3956 sce.
2138 3901 2366 3956 Sensum
2402 3914 2532 3969 ergo
2562 3900 2784 3969 hujusce
2823 3900 3246 3953 inconvenientis
3284 3901 3531 3957 dictionis

1975 4002 2079 4049 tute
2116 3993 2409 4046 rimemur:
2440 4005 2629 4044 verum
2654 3997 2758 4052 est,
2782 3980 2971 4052 fateor,
3000 3990 3142 4056 quod
3164 3989 3249 4043 his
3277 3990 3454 4045 verbis
3478 4000 3530 4045 te

1974 4084 2176 4140 sentire
2202 4083 2564 4146 demonstras,
2592 4082 2717 4150 quia
2743 4081 2886 4135 aliud
2914 4081 3055 4136 Deus
3075 4080 3268 4149 jussit,
3300 4092 3355 4136 et
3384 4081 3528 4138 aliud

1974 4176 2219 4231 facimus.
2259 4173 2468 4228 Nullam
2496 4174 2689 4243 quippe
2715 4173 3009 4244 apologiam
3040 4174 3105 4227 ad
3134 4174 3186 4228 id
3215 4174 3356 4243 quod
3385 4174 3528 4228 intu-

1976 4267 2082 4322 listi
2125 4266 2417 4321 obtendere
2456 4278 2773 4333 possumus,
2825 4264 2952 4333 quin
2994 4265 3046 4317 in
3076 4264 3260 4318 multis
3289 4264 3530 4318 oll‘enda—

1975 4372 2117 4420 mus,
2157 4355 2415 4425 Apostolo
2455 4353 2659 4409 Jacobo
2690 4362 2996 4409 attestante.
3056 4354 3125 4409 In
3157 4356 3332 4409 multis
3361 4356 3526 4416 enim,

1978 4448 2174 4517 inquit,
2201 4446 2513 4516 offendimus
2540 4462 2713 4499 omnes
2735 4446 2876 4517 (Jac.
2908 4446 3015 4517 ιιι).
3054 4446 3111 4500 lu
3135 4462 3201 4502 eo
3228 4462 3357 4502 sane
3383 4446 3527 4516 quod

1976 4538 2155 4592 divina
2195 4545 2462 4607 praecepta
2507 4551 2613 4590 non
2658 4536 3030 4607 adimplemus,
3056 4538 3444 4607 delinquimus;
3477 4538 3528 4593 in

1977 4646 2042 4685 eo
2075 4631 2237 4685 etiam
2284 4629 2425 4698 quod
2467 4630 2732 4701 prohibita
2774 4630 3042 4698 gerimus,
3087 4646 3388 4700 peccamus.
3438 4630 3530 4684 His

1975 4721 2177 4776 etenim
2198 4720 2355 4774 malis
2388 4734 2507 4773 cum
2537 4731 2691 4789 patre
2721 4728 2902 4774 nostro
2926 4712 3095 4773 Adam
3129 4735 3158 4774 a
3184 4721 3414 4791 paradisi
3450 4737 3533 4775 sc-

1978 4812 2136 4865 dibus
2163 4825 2347 4865 sumus
2389 4810 2591 4879 expulsi
2614 4851 2628 4874 ,
2674 4819 2729 4865 et
2754 4811 2807 4863 in
2834 4811 2975 4864 hanc
3000 4809 3309 4878 plorationis
3338 4812 3529 4866 vallem

1978 4900 2233 4955 demersi.
2271 4900 2511 4969 Cumque
2534 4901 2604 4971 ab
2631 4901 2732 4954 hac
2770 4902 2923 4955 ruina
2949 4916 3047 4969 per
3077 4902 3274 4957 Christi
3302 4904 3529 4972 gratiam

1977 4990 2146 5044 simus
2183 4991 2389 5056 erecti,
2434 5000 2489 5045 et
2528 5005 2629 5061 per
2673 4991 3011 5059 adoptionem
3057 4992 3151 5047 ﬁlii
3194 4994 3286 5046 Dei
3332 4993 3528 5056 eﬁ'ecti,

1976 5086 2120 5140 Proh
2167 5086 2343 5141 dolor!
2391 5100 2614 5149 rursus,
2664 5092 2722 5138 ut
2764 5094 2889 5153 pote
2928 5085 3197 5149 homines,
3248 5085 3531 5167 fragilitate

1978 5183 2159 5237 carnis
2184 5167 2500 5237 circumdati
2526 5221 2540 5243 ,
2582 5180 2750 5235 multa
2794 5195 2914 5251 qua:
2943 5178 3186 5236 facienda
3211 5189 3337 5235 sunt
3361 5180 3530 5235 delin-

1980 5271 2189 5341 quendo
2210 5270 2526 5333 omittimus,
2551 5269 2717 5322 multa
2746 5284 2956 5338 quoque
2975 5284 3095 5338 qua:
3115 5268 3380 5337 prohibita
3407 5276 3532 5321 sunt

1977 5362 2248 5431 peccando
2274 5359 2624 5414 admittimus.
2694 5359 2798 5414 Sed
2834 5376 2955 5414 cum
2996 5360 3067 5414 ita
3109 5374 3167 5414 se
3208 5360 3399 5413 habeat
3433 5359 3533 5412 hu-

1979 5464 2136 5504 mana
2165 5447 2418 5513 conditio,
2457 5463 2588 5519 rogo
2615 5456 2665 5504 te
2688 5489 2702 5513 ,
2742 5458 2800 5503 ut
2833 5450 2877 5504 si
2916 5451 3184 5505 hominem
3218 5456 3269 5502 te
3295 5460 3414 5503 esse
3448 5465 3533 5502 co-

1981 5542 2221 5612 gnoscis,
2263 5540 2508 5594 humanas
2545 5541 2849 5611 fragilitatis
2884 5557 3105 5612 prorsus
3140 5550 3445 5597 consortem
3479 5553 3532 5595 Ic

1982 5647 2104 5687 esse
2130 5630 2474 5686 memineris.
2528 5632 2695 5686 Porro
2736 5631 2784 5688 si
2819 5630 2959 5686 illius
2987 5641 3288 5687 consortem
3322 5640 3375 5686 te
3413 5646 3531 5686 esse

1985 5738 2184 5809 negare
2220 5722 2409 5792 nequis
2436 5764 2451 5789 ,
2502 5739 2605 5778 non
2637 5731 2839 5778 nostra!
2861 5723 3209 5779 imbecillitati
3250 5732 3355 5778 tam
3385 5738 3528 5778 arro-
