4030 6190
474 353 572 410 551

1514 343 1704 403 10M:
1741 343 2280 433 AURELIANENSIS
2315 342 2610 400 El’lSCOPl

2252 142 2280 159 Δ

3570 341 3677 394 ὖὸέ

467 458 1016 537 ,ganterinstare,sed
1045 458 1220 528 potius
1245 458 1541 512 communis
1568 442 1890 528 fragilitatis,
1915 452 2099 519 imo‘A
2124 457 2281 510 modo
2325 471 2444 511 eam
2491 465 2705 526 portare
2746 456 3006 525 jaetitasti
3050 475 3062 510 ι
3111 456 3356 526 prospice
3392 470 3523 525 ergo
3558 457 3675 515 tibi.

478 554 729 609 fraterna:
790 549 1070 605 charitatis
1135 563 1382 613 memor,
1434 549 1589 603 nobis
1637 547 2028 616 quodammodo

477 642 711 713 compati
750 640 1035 695 debueras.
1072 637 1144 691 At
1180 637 1227 691 si
1256 622 1319 692 te,
1334 645 1488 706 putas
1523 638 1576 692 in
1603 637 1904 692 habitacqu
1932 638 2032 691 hu—

477 735 568 806 jus
593 730 932 787 mortalitatis
960 729 1093 783 adeo
1123 728 1392 783 soliditate
1416 728 1672 782 virtutum
1702 728 2031 793 roboratam,

483 837 545 882 ut
567 826 772 881 ruinam
798 825 1085 879 humanam
1108 821 1412 875 nullatenus
1438 820 1807 890 pertimescas,
1835 820 2035 875 frustra

483 916 761 980 blandiris,
802 929 906 969 non
947 913 1229 967 attendens
1259 911 1386 966 illud
1422 912 1822 981 propheticum:
1863 910 2032 964 Male-

484 1008 650 1061 dictus
678 1006 777 1069 uir,
819 1004 905 1072 qui
954 1003 1166 1075 conﬁdit
1192 1002 1265 1054 in
1310 1001 1545 1065 homine,
1579 1011 1626 1054 et
1658 998 1803 1069 ponit
1828 1016 2036 1055 carnem

484 1095 756 1149 brachium
793 1108 943 1147 suum
963 1132 979 1153 ,
1021 1102 1067 1145 et
1097 1109 1128 1144 a
1156 1090 1375 1144 Domino
1411 1088 1599 1143 recedit
1629 1106 1718 1142 cur
1752 1089 1894 1143 illius
1924 1085 2039 1161 (Je-

486 1202 613 1240 rem.
637 1181 784 1251 xvn);
813 1192 867 1238 et
890 1182 1016 1237 illud
1044 1180 1283 1251 Apostoli
1318 1198 1331 1232 :
1364 1178 1466 1245 Qui
1499 1197 1552 1233 se
1588 1190 1731 1248 putat
1760 1191 1928 1244 stare,
1966 1181 2040 1234 vi-

485 1276 604 1330 deat
636 1292 697 1329 ne
737 1274 890 1328 cadat
938 1272 987 1343 (l
1018 1269 1139 1326 Cor.
1167 1270 1252 1342 x);
1296 1270 1363 1324 Et
1392 1269 1519 1335 illud
1552 1268 1612 1322 Β.
1647 1267 1955 1340 Hieronymi
1982 1269 2037 1324 in

382 1428 385 1431 Ἴ
486 1364 817 1435 expositione
844 1361 1140 1417 Ezechielis
1160 1360 1429 1431 prophetm
1455 1360 1526 1413 ita
1552 1359 1840 1415 scribentis
1864 1358 2036 1430 (Tom.

500 1455 564 1528 V)
593 1474 605 1510 :
632 1454 854 1524 Semper
905 1453 1198 1507 timendum
1247 1462 1330 1505 est
1374 1460 1429 1505 et
1475 1451 1772 1505 cavendum
1826 1466 1894 1505 ne
1950 1466 2038 1506 ve-

491 1554 661 1601 terem
711 1544 933 1615 gloriam
981 1551 1037 1598 et
1069 1542 1291 1619 solidam
1332 1540 1636 1595 ﬁrmitatem
1685 1541 1841 1594 unius
1893 1541 2040 1597 horae

492 1633 722 1705 procella
768 1634 1062 1707 subvertet.
1105 1632 1178 1686 De
1224 1646 1326 1700 qua
1380 1646 1436 1684 ra
1480 1631 1633 1699 plura
1679 1642 1730 1684 et
1764 1631 2036 1685 innumera

427 1754 430 1762 λ
491 1732 736 1796 poterant
763 1722 1067 1778 testimonia
1099 1718 1373 1792 aggregari
1392 1760 1407 1785 ,
1442 1735 1560 1789 quae
1585 1719 1656 1773 ob
1680 1720 2037 1789 prolixitatem

2127 561 2318 601 moneo
2343 556 2413 611 te,
2436 556 2491 602 et
2515 548 2802 617 perpende,
2836 563 2993 616 quam
3020 548 3389 617 supereiliose,
3415 563 3681 626 quamque

2128 645 2442 708 arroganter
2465 637 2676 692 caeteris
2698 638 3009 692 mortalibus
3043 648 3094 692 te
3123 639 3207 693 his
3232 639 3412 693 verbis
3437 638 3681 705 praetule-

2130 728 2224 782 ris.
2268 725 2465 783 Videor
2493 727 2673 795 itaque
2696 728 2825 782 mihi
2849 727 3032 783 videre
3064 737 3115 781 te
3138 727 3205 782 ad
3230 738 3400 783 instar
3425 727 3685 781 Pharisaei

2130 816 2345 885 superbi
2397 823 2605 871 tumore
2645 816 2965 886 arrogantiae
3012 815 3290 881 inflatum,
3343 819 3396 871 in
3442 818 3689 871 Ecclesia

2131 905 2331 961 Christi
2372 914 2601 961 stantem
2623 947 2638 971 ,
2670 907 3037 977 despectisque
3073 907 3193 960 aliis
3226 915 3531 962 sanctorum
3558 922 3685 975 ope.

2133 1012 2251 1050 rum
2281 996 2475 1050 merita
2520 996 2615 1051 tibi
2651 996 2992 1066 singulariter
3044 997 3364 1051 tribuentem
3406 1012 3469 1050 ac
3509 997 3686 1050 dicen-

2134 1096 2282 1142 tem:
2319 1087 2494 1153 Deus,
2543 1088 2743 1158 gratias
2794 1088 2886 1141 tibi
2921 1104 3043 1158 ago,
3090 1088 3211 1158 quia
3246 1103 3350 1140 non
3391 1103 3506 1140 sum
3554 1089 3691 1140 sicut

2134 1177 2309 1232 cmteri
2332 1177 2595 1231 hominum
2619 1175 2767 1247 (Luc.
2795 1176 2972 1249 xvttt),
2996 1176 3219 1232 Galliam
3241 1175 3444 1230 scilicet
3466 1175 3687 1229 Germa—

2134 1269 2385 1340 niamque
2410 1267 2775 1331 incolentium,
2801 1283 3123 1337 erucemque
3151 1267 3373 1330 Christi,
3397 1282 3558 1335 quam
3590 1282 3696 1335 ego

2135 1368 2191 1415 et
2216 1358 2564 1430 spiritualiter
2587 1366 2642 1413 et
2666 1358 3017 1427 corporaliter
3040 1366 3253 1428 portare
3277 1357 3571 1411 nolentium
3598 1376 3609 1408 :
3638 1366 3690 1409 et

2136 1450 2205 1505 ob
2233 1450 2283 1505 id
2306 1451 2428 1521 jure
2453 1451 2556 1505 illis
2582 1446 2840 1520 prtefemr
2881 1450 2969 1519 qui
3008 1450 3138 1504 mihi
3172 1450 3224 1503 in
3261 1449 3532 1519 portanda:
3571 1465 3690 1501 eruo

2136 1542 2215 1596 eis
2236 1542 2433 1597 virtute
2465 1550 2521 1596 et
2558 1540 2842 1595 sanctitate
2887 1537 3206 1608 mquiparari
3252 1553 3354 1591 non
3396 1546 3690 1590 merentur.

2142 1631 2186 1686 Ο
2210 1631 2504 1685 cavendum
2537 1630 3014 1698 detestandutnque
3038 1627 3322 1699 singularis
3337 1618 3569 1697 ‘jnstitia:
3590 1635 3705 1680 tua:

2144 1729 2411 1776 tumorem
2430 1723 2443 1777 !
2462 1719 2650 1790 Liquet
2673 1720 2815 1774 enim
2840 1718 3075 1789 nullique
3109 1716 3326 1772 dubium
3348 1725 3543 1779 exstat,
3566 1717 3695 1784 quin

492 1815 766 1870 vitandam
800 1812 1275 1899 praetermittimus.
1347 1808 1639 1881 Subjungis
1683 1810 1846 1864 etiam
1886 1811 2046 1880 paulo
2073 1800 2119 1859 B
2144 1809 2511 1881 hujuscemodi
2541 1809 2859 1878 arrogantiae
2904 1807 3089 1862 morbo
3122 1805 3395 1899 laborans,
3428 1822 3457 1859 a
3479 1806 3699 1899 propria

489 1916 613 1980 post
635 1924 649 1960 :

570 2015 590 2048 ι
630 1995 773 2051 Deus
788 1993 953 2063 jussit
971 2008 1187 2050 crucem
1209 2000 1423 2063 portare
1453 1989 1602 2062 (Luc.
1631 1991 1765 2065 xiv),
1794 2008 1898 2048 non
1919 1994 2049 2050 ado-

500 2104 520 2138 c
563 2100 715 2151 rare;
747 2085 836 2141 isti
864 2084 1050 2140 volunt
1077 2083 1322 2147 adorare,
1349 2081 1472 2150 quia
1501 2079 1687 2136 nolunt
1717 2097 1815 2138 nec
1834 2084 2047 2154 spirita-

502 2193 523 2227 ι
566 2175 688 2231 liter
712 2190 812 2232 nec
831 2172 1179 2246 corporaliter
1200 2186 1382 2227 secum
1403 2179 1635 2241 portare.
1669 2191 1688 2224 ι
1736 2172 1887 2240 Quod
1908 2174 2047 2231 Deus

495 2267 591 2323 Dei
616 2266 784 2323 Filius
813 2267 926 2322 suis
953 2265 1270 2335 sequacibus
1298 2276 1512 2318 erucem
1554 2272 1771 2333 portare
1801 2263 2045 2333 jusserit,

496 2376 597 2418 nec
645 2361 947 2431 quempiam
988 2359 1104 2414 sine
1141 2356 1282 2412 illius
1318 2356 1618 2426 gestamine
1645 2365 1701 2413 et
1724 2357 2048 2427 hajulatione

495 2467 595 2509 suo
615 2451 948 2521 discipulatui
975 2464 1134 2520 posse
1156 2449 1458 2511 adhaerere,
1490 2465 1656 2521 seque
1686 2450 1903 2519 dignum
1940 2450 2049 2505 exi-

496 2550 638 2596 stere
686 2541 963 2608 docuerit,
1009 2550 1315 2598 sanctorum
1354 2543 1799 2614 evangelistarum
1840 2542 2051 2614 paginis

494 2633 803 2704 plenissime
824 2633 1160 2699 instruimur,
1185 2635 1608 2707 eximiorumque
1631 2636 1848 2691 Patrum
1871 2633 2052 2705 eopio-

498 2724 726 2779 sissimis
784 2738 849 2779 ae
897 2721 1295 2780 facundissimis
1349 2726 1550 2781 utimur
1603 2724 2046 2796 expositionibus.

499 2810 835 2882 Quapropter
853 2812 1211 2883 prolixitatem
1235 2823 1502 2879 caventes,
1538 2816 1646 2870 imo
1674 2814 1919 2870 brevitati
1945 2824 2053 2869 stu-

497 2904 702 2970 dentes,
735 2903 1034 2975 evangelica
1066 2905 1370 2961 testimonia
1403 2914 1459 2960 et
1500 2914 1805 2963 sanctorum
1830 2906 2049 2962 Patrum

496 2993 637 3049 dicta
659 2994 956 3050 omittimus
996 2994 1084 3050 hic
1126 2995 1383 3052 inserere.
1440 2995 1516 3051 De
1548 2998 1842 3067 gestamine
1871 3005 2048 3053 tamen

497 3087 695 3152 crucis,
734 3087 1002 3156 quomodo
1040 3103 1071 3141 a
1104 3089 1262 3145 nobis
1288 3096 1344 3143 et
1380 3090 1728 3159 corporaliter
1752 3099 1809 3146 et
1836 3092 2050 3162 spirita-

495 3176 620 3231 liter
646 3184 912 3243 teneatur,
936 3179 1067 3235 satis
1088 3180 1288 3235 dictum
1315 3181 1404 3235 sit.
1457 3179 1627 3238 Porro
1646 3182 1713 3237 de
1733 3182 2047 3239 adoratione

499 3264 615 3334 ejus
639 3281 744 3321 non
784 3265 874 3320 illa
901 3281 1020 3336 quae
1057 3267 1221 3323 solius
1263 3268 1559 3324 divinitatis
1586 3277 1689 3334 est,
1729 3271 1821 3325 sed
1846 3270 1931 3324 illa
1954 3287 2049 3342 po-

496 3359 605 3411 tius
632 3356 770 3411 unde
794 3356 927 3410 satis
954 3357 1269 3427 abundeque
1297 3358 1351 3413 in
1397 3359 1815 3428 praecedentibus
1849 3363 2050 3418 dictum

500 3453 602 3509 est,
627 3452 681 3500 et
710 3445 762 3499 in
786 3430 1231 3516 subsequentibus
1265 3457 1433 3504 restat
1462 3451 1743 3506 dicendum
1762 3491 1777 3516 ,
1810 3466 2053 3522 superse-

500 3534 731 3591 dendum
760 3536 1004 3593 ducimus
1027 3539 1128 3594 hoc
1149 3540 1203 3594 in
1224 3540 1340 3596 loco
1360 3540 1563 3598 frivola:
1587 3543 1872 3615 objectioni
1897 3546 2051 3616 quid-

500 3629 643 3700 piam
688 3631 1032 3700 respondere.
1108 3631 1343 3688 Duorum
1391 3650 1520 3691 vero
1561 3651 1680 3705 quae
1723 3635 2050 3705 conjunctim

424 3714 427 3717 “
502 3717 660 3789 paulo
685 3728 808 3788 post
824 3720 1124 3786 'subnectis,
1159 3723 1233 3776 ita
1258 3723 1504 3793 inquiens
1536 3743 1550 3779 :
1589 3726 1679 3781 Isti
1708 3726 1893 3782 volunt
1918 3729 2051 3782 ado-

501 3823 653 3871 rare,
695 3811 819 3879 quia
856 3811 1043 3866 ndlunt
1075 3827 1174 3867 nee
1210 3801 1541 3882 spiritaliter,
1578 3830 1677 3871 nec
1706 3817 2054 3886 mrporaliter

494 3909 713 3971 portare
755 3917 936 3958 secum
960 3944 976 3969 ,
1024 3905 1079 3960 in
1109 3905 1277 3962 altero
1302 3923 1484 3963 verum
1512 3908 1658 3979 loqui
1693 3919 1745 3963 tu
1783 3910 2049 3979 probaris,

497 3991 554 4047 in
579 3992 748 4048 altero
774 4001 950 4047 autem
980 3996 1241 4051 mendacii
1267 4005 1322 4052 et
1350 3997 1597 4054 falsitatis
1633 4000 1895 4071 argueris.
1947 3998 2053 4055 Vo-

476 4081 678 4165 lumus
723 4083 985 4151 siquidem
1017 4099 1166 4141 more
1212 4087 1575 4144 ecclesiastico
1620 4089 1689 4145 ob
1723 4089 2052 4145 recordatio—

498 4187 622 4228 nem
645 4175 910 4242 passionis
947 4175 1234 4232 Dominicae
1256 4177 1410 4246 juxta
1447 4179 1690 4250 superius
1714 4181 2050 4248 praemissum

501 4262 716 4318 modum
740 4278 953 4320 crucem
976 4265 1220 4331 adorare,
1252 4268 1305 4321 id
1333 4276 1435 4330 est,
1460 4267 1713 4323 salutare.
1744 4268 2051 4339 Apostolico

499 4368 629 4409 vero
667 4354 986 4410 documento
1024 4342 1203 4411 edocti
1227 4397 1243 4421 ,
1284 4358 1532 4428 stigmata
1568 4358 1694 4415 Jesu
1732 4360 1785 4414 in
1824 4376 2051 4433 corpore

2142 1903 2313 1959 salute
2338 1900 2568 1965 deficiat,
2597 1901 2724 1971 quia
2752 1900 2879 1955 dum
2903 1899 3117 1971 mentiri
3140 1913 3197 1952 se
3233 1898 3432 1961 nescit,
3471 1896 3707 1966 aliisque

2142 1992 2382 2066 praeferri
2412 1993 2599 2065 gestit,
2620 2006 2783 2063 paena
2807 1990 3055 2046 elationis
3067 1990 3383 2054 subvectus,
3418 2005 3485 2044 eo
3528 2004 3700 2059 usque

2144 2086 2198 2140 in
2226 2084 2331 2139 alta
2359 2099 2419 2140 se
2443 2083 2715 2153 subripit,
2754 2082 2923 2137 donec
2957 2081 3010 2134 in
3036 2079 3243 2135 foveam
3279 2079 3489 2134 miserm
3525 2079 3700 2133 humi-

2143 2174 2378 2230 liationis
2403 2182 2640 2236 corruat,
2681 2172 2908 2227 Domino
2934 2177 3229 2225 attestante
3257 2177 3418 2237 atque
3440 2169 3651 2223 dicente
3681 2183 3703 2221 τ

2147 2264 2327 2319 Omnis
2372 2264 2461 2336 qui
2498 2281 2554 2320 se
2596 2263 2827 2328 exultat,
2868 2260 3246 2316 humiliabitur.
3300 2259 3504 2316 Rursus
3542 2259 3702 2330 paulo

2144 2366 2265 2428 post
2286 2357 2464 2427 inquis
2484 2374 2498 2410 :

2225 2474 2244 2507 ι
2291 2455 2497 2511 Taliter
2518 2454 2683 2511 Deum
2703 2453 2902 2520 colere,
2932 2451 3112 2508 abillo
3135 2450 3383 2508 recedere
3410 2459 3516 2506 est.
3550 2470 3570 2501 ι
3603 2450 3700 2504 llic

2146 2546 2308 2601 etiam
2335 2546 2625 2602 commenti
2654 2544 2730 2600 tui
2751 2544 3076 2616 prosecutio,
3111 2559 3271 2615 quem
3303 2543 3508 2599 cultum
3535 2543 3701 2607 dicat,

2148 2654 2255 2709 quo
2300 2638 2441 2694 Deus
2481 2637 2708 2703 colatur,
2753 2645 2808 2691 et
2848 2637 3037 2692 abillo
3064 2636 3370 2700 recedatur,
3413 2649 3519 2690 non
3567 2636 3703 2689 satis

2146 2728 2425 2799 perSpieue
2461 2727 2645 2783 claret.
2705 2725 2810 2782 Sed
2856 2741 2923 2781 ex
2969 2724 3392 2797 praecedentibus
3432 2732 3488 2780 et
3523 2725 3708 2779 subse-

2148 2820 2435 2889 quentibus
2467 2819 2645 2891 operis
2669 2818 2746 2873 tui
2772 2817 3132 2873 stolidissimis
3161 2816 3547 2872 assertionibus
3573 2831 3707 2871 con-

2142 2912 2236 2983 jici
2275 2912 2452 2978 datur,
2497 2910 2638 2982 quod
2667 2909 2910 2965 eumdem
2954 2908 3156 2964 cultum
3187 2908 3241 2962 in
3279 2908 3457 2963 erucis
3477 2923 3708 2963 venera-

2149 3005 2294 3058 tione
2334 3010 2392 3059 et
2430 2998 2741 3058 adoratione
2792 3000 3116 3072 subintelligi
3158 3001 3411 3065 volueris,
3439 3009 3494 3056 et
3514 3016 3613 3071 pro
3637 3017 3709 3056 eo

2152 3095 2293 3167 quod
2333 3109 2434 3150 nos
2462 3109 2676 3158 erucem
2718 3093 2921 3149 Christi
2963 3107 3302 3159 veneramur,
3330 3100 3387 3147 et
3410 3089 3561 3160 juxta
3590 3109 3709 3147 mo-

2151 3185 2277 3240 dum
2311 3184 2557 3253 superius
2589 3183 3381 3255 eomprehensum‘adoramus,
3409 3185 3463 3238 id
3486 3192 3590 3248 est,
3621 3199 3708 3237 sa-

2148 3262 2404 3337 lutamus,
2452 3288 2484 3326 a
2528 3271 2637 3327 Deo
2688 3273 3020 3338 recedamus,
3063 3287 3097 3327 ο
3132 3272 3310 3342 lingua
3344 3288 3450 3328 non
3477 3272 3708 3342 loquens

2147 3363 2449 3426 veritatem,
2477 3362 2571 3417 sed
2596 3363 2923 3418 concinnitas
2956 3363 3322 3427 mendacium,
3352 3378 3385 3417 o
3407 3360 3589 3433 guttur
3617 3376 3708 3416 se-

2148 3451 2391 3522 pulcrum
2417 3459 2630 3522 patens,
2664 3466 2697 3506 o
2722 3451 2958 3523 linguam
2985 3451 3165 3508 dolose
3186 3461 3430 3522 agentem
3447 3494 3461 3517 ,
3503 3467 3538 3507 o
3561 3452 3708 3507 labia

2148 3558 2409 3599 venenum
2438 3544 2677 3615 aspidum
2702 3543 3012 3599 distillantia
3038 3542 3208 3615 (Psal.
3226 3540 3414 3607 xm),o
3441 3544 3699 3614 linguam,

2149 3633 2388 3702 inquam,
2420 3631 2575 3701 juxta
2606 3633 2983 3712 docpmentum
3020 3633 3161 3689 beati
3179 3632 3485 3704 Hieronymi
3516 3634 3709 3705 pracci-

2150 3726 2399 3792 dendam,
2430 3735 2485 3781 et
2502 3725 2860 3796 particulatim
2886 3725 3014 3782 feris
3038 3727 3331 3797 avibusque
3352 3728 3421 3783 ad
3444 3728 3706 3783 devoran-

2150 3816 2274 3871 dum
2296 3817 2692 3887 exponendam!
2719 3816 2850 3885 Quis
2874 3817 3258 3873 catholicorum
3284 3827 3557 3872 auctorem
3577 3817 3711 3872 talia

2150 3908 2455 3978 loquentem
2502 3924 2605 3963 non
2646 3911 2971 3966 exhorreat?
3004 3909 3152 3989 \Quis
3198 3910 3383 3966 talium
3431 3912 3706 3967 dictorum

2150 4008 2407 4070 perpetuo
2431 4000 2769 4056 anathemate
2792 4001 3009 4072 dignum
3030 4000 3381 4068 nonjudicet?
3404 4002 3516 4058 Non
3538 4004 3707 4074 igitur

2150 4105 2249 4145 nos
2279 4089 2490 4146 cruéem
2518 4090 2717 4147 Christi
2756 4101 3071 4148 venerantes
3096 4102 3154 4148 et
3177 4094 3481 4159 adorantes,
3511 4105 3570 4150 ut
3597 4095 3707 4150 fal-

2149 4179 2336 4236 laciter
2380 4180 2598 4246 astruis,
2640 4196 2668 4235 a
2704 4182 2809 4237 Deo
2845 4182 3167 4249 recedimus,
3196 4185 3289 4238 sed
3313 4192 3367 4238 tu
3394 4185 3590 4254 potius,
3621 4194 3709 4240 ut-

2151 4279 2273 4342 pote
2300 4272 2628 4342 arreptitius,
2662 4273 2964 4344 mentisque
2995 4274 3166 4344 inops,
3207 4275 3296 4344 qui
3332 4275 3386 4330 in
3413 4277 3710 4331 dehouora-

2152 4362 2349 4417 tionem
2376 4359 2612 4428 ejusdem
2637 4362 2846 4426 crucis,
2876 4370 2952 4416 tot
2982 4370 3234 4432 tantaque
3266 4364 3442 4434 inepta
3484 4365 3713 4435 scripti—

503 4451 690 4498 nostro
717 4443 1154 4500 circumferentes
1179 4444 1322 4515 (Gal.
1350 4447 1688 4519 v1),'erueem
1716 4449 1831 4518 ejus
1854 4458 1908 4505 et
1935 4452 2046 4520 spi-
2072 4471 2128 4532 Β
2146 4451 2297 4514 tasti,
2332 4450 2580 4506 recedere
2608 4451 2963 4507 convinceris.
3012 4451 3179 4506 Porro
3208 4454 3511 4508 testimonio
3540 4470 3715 4509 evan-

498 4533 729 4588 rit‘nliter
757 4542 811 4588 et
829 4537 1196 4605 corporaliter,
1219 4547 1376 4608 prout
1404 4540 1517 4610 ipse
1553 4541 1641 4610 qui
1665 4541 1820 4611 jubet
1844 4559 2047 4599 annue-
2150 4538 2318 4608 gelico
2344 4540 2484 4608 quod
2515 4540 2762 4609 posuisti,
2789 4542 2860 4594 ita
2888 4540 3264 4597 subinferens:

495 4621 568 4674 rit
604 4621 877 4679 nobiscum
914 4631 1146 4694 portare,
1169 4635 1224 4681 et
1246 4627 1670 4685 desiderabiliter
1696 4640 1962 4702 optamus,
1992 4642 2049 4689 ct

497 4711 805 4780 optabiliter
831 4713 1216 4785 desideramus.
1252 4715 1403 4782 Quod
1425 4726 1602 4773 autem
1634 4720 1841 4776 duobus
1872 4723 2043 4777 modis

498 4815 627 4855 crux
659 4800 855 4857 Christi
886 4805 1147 4873 portanda
1178 4806 1276 4872 sit,
1323 4823 1422 4863 nee
1458 4817 1638 4864 nostra
1667 4810 1868 4882 indiget
1887 4827 2046 4882 expo-

496 4892 713 4959 sitione,
745 4910 844 4951 nec
871 4904 960 4975 tua
990 4897 1098 4952 ullo
1119 4899 1277 4954 modo
1297 4913 1431 4969 opus
1456 4901 1674 4956 habebit
1696 4911 2040 4971 portentuosa

492 4985 815 5041 ostensione.
871 4987 1065 5043 Beatus
1105 4990 1301 5060 quippe
1347 4990 1656 5062 Gregorius,
1700 4994 1887 5061 doctor
1926 4996 2041 5049 exi-

494 5074 656 5140 mius,
680 5076 908 5145 qualiter
933 5086 990 5132 et
1011 5081 1362 5149 corporaliter
1382 5092 1437 5136 et
1459 5081 1807 5151 spiritualiter
1824 5093 2042 5154 portan-

493 5167 560 5223 da
587 5168 676 5235 sit,
697 5168 1003 5239 plenissime
1031 5172 1085 5225 in
1113 5173 1533 5242 expositionibus
1551 5176 1862 5245 exsequitur
1883 5192 2045 5232 evan-

496 5258 701 5331 gelicis.
739 5259 869 5315 Illud
893 5269 1069 5317 autem
1097 5262 1346 5317 subtilius
1369 5263 1754 5319 discutiendum
1777 5273 1877 5331 est,
1899 5267 2043 5334 quod

494 5348 737 5404 turbidus
764 5349 874 5404 oris
905 5351 977 5404 tui
1006 5348 1290 5405 fonticulus
1322 5351 1505 5406 ebullit
1530 5370 1543 5406 :
1572 5369 1670 5410 nos
1692 5351 1894 5408 scilicet
1923 5370 2045 5410 eru-

491 5451 609 5492 cem
634 5437 831 5493 Christi
861 5453 961 5493 nee
999 5439 1329 5509 spiritaliter,
1372 5455 1471 5495 nec
1509 5441 1873 5512 corporaliter,
1909 5443 2047 5499 velle

441 5528 450 5534 '
489 5537 727 5599 portare.
767 5528 824 5583 ln
869 5544 934 5584 eo
977 5531 1137 5601 igitur
1170 5531 1311 5600 quod
1361 5547 1459 5586 nos
1497 5533 1818 5601 generaliter
1856 5528 2078 5587 neutro‘

493 5622 659 5674 modo
688 5620 830 5675 illam
860 5631 1073 5691 portare
1094 5621 1228 5677 velle
1253 5624 1534 5692 scripsisti,
1566 5632 1619 5677 te
1645 5622 1827 5692 utique
1858 5625 2043 5696 singu-

493 5708 696 5774 lariter,
717 5708 825 5764 imo
841 5712 1110 5782 jactantcr
1128 5729 1238 5783 pra:
1256 5715 1463 5772 cunctis
1485 5715 1796 5771 mortalibus
1818 5725 2043 5787 utroque

2152 4664 2157 4669 ς
2224 4649 2244 4680 ‹
2283 4630 2376 4685 Ille
2418 4633 2560 4686 enim
2591 4632 2762 4686 dixit:
2798 4631 2900 4698 Qui
2932 4633 3040 4687 uult
3074 4644 3190 4704 post
3222 4651 3302 4688 me
3326 4636 3512 4701 venire,
3545 4638 3716 4692 alme-

2154 4741 2173 4773 ι
2220 4717 2299 4791 get
2326 4723 2573 4793 seipsum,
2618 4732 2668 4776 et
2717 4722 2863 4777 tollat
2898 4740 3101 4778 crucem
3132 4742 3312 4789 suam,
3363 4737 3411 4779 et
3456 4738 3713 4792 sequatur

2154 4830 2173 4861 ‹
2219 4811 2537 4883 ηιει(ΜαιιΙι.
2560 4812 2692 4884 xvi).
2722 4832 2740 4864 ι
2784 4812 2995 4868 Videris
3025 4815 3301 4885 astipulari
3323 4816 3570 4879 voluisse,
3602 4834 3712 4873 nos

2149 4901 2268 4958 ideo
2287 4910 2407 4972 post
2434 4901 2714 4958 Dominum
2744 4918 2848 4957 non
2876 4903 3080 4969 venire,
3107 4906 3461 4974 nosmetipsos
3482 4923 3585 4961 non
3612 4924 3686 4963 ne

2148 5005 2296 5061 gare,
2342 5005 2661 5060 erucemqne
2702 4991 2818 5061 ejus
2848 5007 2954 5046 non
2998 5001 3244 5062 portare,
3288 5009 3517 5064 eumque
3561 4996 3707 5051 nolle

2148 5081 2297 5150 sequi
2319 5121 2332 5140 .
2386 5082 2511 5150 quia
2541 5081 2787 5136 videlicet
2819 5081 2935 5151 ejus
2962 5098 3175 5137 crucem
3195 5123 3211 5149 ,
3235 5099 3334 5138 nec
3361 5086 3701 5155 spiritaliter,

2148 5186 2248 5227 nec
2280 5173 2628 5242 corporaliter
2665 5173 2939 5228 nobiseum
2981 5174 3226 5230 volumus
3262 5184 3495 5245 portare.
3533 5175 3697 5242 Quid,

2150 5263 2398 5331 inquam,
2441 5269 2525 5316 est
2554 5262 2695 5317 aliud
2734 5278 2830 5317 nos
2857 5279 3068 5318 erucem
3099 5262 3295 5318 Christi
3322 5279 3422 5318 nec
3451 5264 3701 5334 Spiritua.

2150 5352 2273 5406 liter
2300 5367 2399 5407 nec
2438 5338 3086 5423 corporaliterrnobiscum
3119 5361 3356 5422 portare,
3388 5353 3488 5407 nisi
3514 5362 3699 5422 aperte

2148 5442 2326 5496 dicere
2351 5456 2450 5497 nos
2474 5449 2595 5511 post
2626 5456 2748 5497 eum
2776 5440 2989 5504 venire,
3019 5442 3373 5510 nosmetipsos
3409 5442 3693 5511 abnegare,

2145 5531 2266 5601 ejus
2307 5546 2519 5586 erucem
2567 5539 2812 5601 portare,
2853 5545 3080 5598 eumque
3117 5532 3267 5599 sequi
3307 5534 3695 5587 contemnere?

2145 5622 2289 5683 Luce
2311 5622 2506 5677 clarius
2530 5622 2691 5693 igitur
2717 5631 2865 5692 patet
2892 5623 3015 5691 quia
3043 5636 3198 5677 nemo
3228 5623 3327 5677 nisi
3367 5633 3608 5695 gestator
3633 5636 3696 5679 ct

2145 5716 2408 5786 bajulator
2432 5717 2607 5772 erucis
2633 5716 2852 5780 Christi,
2876 5716 2990 5786 ejus
3015 5732 3232 5786 sequax,
3264 5718 3370 5773 imo
3397 5719 3693 5789 discipulus
