4030 6190
313 289 430 346 355

1382 295 1467 350 DE
1507 295 1732 353 (IULTU
1776 295 2131 353 IMAGINUM.
2174 327 2241 337 ——-
2280 298 2406 352 ΗΒ.
2448 299 2506 354 ll.

3448 306 3553 364 554

313 422 439 459 esse
467 414 724 460 meretur.
766 404 898 471 Quia
931 406 1072 460 enim
1118 422 1146 459 a
1178 406 1332 460 nobis
1362 407 1492 460 nihil
1517 407 1669 460 bona:
1702 406 1890 461 volnn—
1917 413 1967 472 Α
1991 408 2271 476 praedicas,
2302 410 2614 464 adoratione
2646 410 2821 466 adhuc
2860 412 3107 468 subtilius
3140 412 3285 485 loqui
3313 433 3327 469 :
3353 427 3554 473 norunt

316 499 449 551 tatis
480 497 634 551 nobis
661 500 856 561 inesse,
892 498 1130 567 nihilque
1167 498 1357 553 virium
1396 515 1496 553 nos
1524 499 1719 553 habere
1738 514 1890 568 posse

312 590 524 643 scimus
548 630 563 652 ,
610 590 865 660 quoniam
898 606 999 644 non
1032 589 1249 643 volentis
1291 607 1451 660 neque
1488 580 1767 655 currentis,
1799 590 1890 643 sed

309 684 613 734 miserantis
648 692 723 735 est
773 681 867 734 Dei
916 681 1084 752 (Rom.
1119 683 1343 755 ix),.sed
1380 684 1449 737 ab
1489 683 1577 737 illo
1600 684 1777 753 potius
1804 684 1889 737 cui
1928 672 1943 689 ⁸

314 773 474 826 inniti
499 814 515 836 ,
562 773 759 843 cuique
786 774 1061 829 adluerere
1092 775 1287 829 bonum
1319 785 1401 830 est
1428 776 1599 849 (Psal.
1634 778 1827 848 Lxxii),
1857 794 1888 832 a

312 879 425 932 quo
451 865 619 917 etiam
649 873 705 919 et
729 864 866 920 velle
905 875 1148 920 nostrum
1188 876 1242 921 el
1264 883 1420 937 posse
1459 868 1671 933 existit;
1708 870 1776 922 ab
1801 885 1886 934 eo,

313 957 560 1023 inquam,
588 957 742 1011 nobis
772 958 904 1011 tanti
937 959 1146 1014 ro‘boris
1183 960 1326 1015 vires
1368 961 1734 1018 administrari
1780 978 1885 1017 non

308 1045 628 1111 difﬁdimus,
656 1047 854 1118 quibus
875 1050 1158 1104 cxhilarati
1188 1060 1242 1105 et
1275 1052 1585 1119 confortati,
1617 1064 1740 1125 post
1784 1056 1901 1110 υθέ

309 1141 522 1194 minum
568 1142 753 1195 venire
776 1183 789 1204 ,
829 1143 1187 1212 nosmetipsos
1214 1144 1479 1215 abnegare
1502 1187 1516 1211 ,
1561 1163 1888 1219 crucemque

305 1231 432 1301 ejus
468 1230 674 1293 tollere,
707 1247 830 1286 eum
870 1234 1020 1301 sequi
1050 1234 1353 1300 valeamus,
1382 1246 1645 1306 quatenus
1676 1240 1766 1295 illo
1796 1242 1883 1296 di-

306 1325 404 1393 gni
434 1339 556 1379 esse
579 1341 901 1379 mereamur.
938 1326 1015 1379 Tu
1038 1342 1167 1382 vero
1187 1329 1532 1387 stolidissime
1556 1335 1882 1401 mortalium,

308 1419 625 1474 nullatenus
671 1428 723 1475 te
772 1422 1047 1477 Christum
1100 1425 1249 1494 sequi
1294 1426 1603 1492 existimes,
1649 1428 1883 1496 quandiu

306 1512 660 1567 tantoinanis
678 1511 957 1582 iactantia:
978 1518 1165 1571 morbo
1187 1519 1418 1574 vexaris.
1445 1519 1524 1575 Ad
1551 1520 1722 1575 instar
1741 1522 1885 1575 enim

309 1605 483 1667 illius,
518 1606 604 1660 cui
641 1605 845 1661 dictum
869 1619 953 1662 est
990 1627 1001 1661 :
1045 1606 1298 1680 Nunquid
1318 1622 1373 1666 tu
1396 1614 1680 1681 sapientior
1701 1631 1752 1668 es
1776 1614 1886 1669 Da-

307 1696 448 1750 niele
471 1696 688 1767 (Ezech.
722 1699 950 1771 xxvni)?
991 1701 1125 1755 adeo
1174 1702 1436 1772 superbia:
1476 1705 1612 1760 fastu
1655 1708 1882 1776 raperis,

1993 497 2191 570 quippe
2231 500 2391 555 unius
2428 501 2652 571 virginis
2676 543 2689 567 ,
2744 503 2993 559 videlicet
3032 514 3232 561 sanctae
3276 506 3550 574 Ecclesite,

1993 590 2085 644 ﬁlii
2117 606 2329 661 semper
2365 593 2625 664 virginem
2671 604 2943 651 auctorem
2986 598 3109 653 vitae
3147 595 3467 670 suscepisse,
3500 609 3556 655 et

1994 682 2113 737 sine
2152 684 2329 738 crucis
2384 685 2700 740 ascensione
2725 726 2740 751 ,
2792 686 3029 757 ejusdem
3076 689 3300 758 virginis
3338 700 3553 759 partum

1991 775 2094 830 sibi
2132 792 2237 830 non
2267 777 2430 833 fuisse
2466 775 2825 847 profuturum.
2867 779 3225 835 Meminerant
3259 782 3421 835 etiam
3452 797 3552 836 an-

1993 866 2154 936 tiqua:
2171 868 2395 935 virginis
2421 868 2689 932 suasione,
2722 868 2773 922 in
2800 870 3045 924 exsilium
3068 910 3082 933 ,
3113 886 3144 923 a
3175 886 3280 939 quo
3308 885 3402 941 per
3431 887 3555 925 cru—

1992 972 2109 1013 cem
2161 959 2421 1028 redempti
2466 968 2614 1024 sunt,
2658 975 2719 1015 se
2764 959 3064 1025 devenisse,
3102 961 3551 1031 ideoque'virgini

1991 1049 2242 1118 cuiquam
2273 1048 2640 1104 adorationem
2664 1066 2765 1105 non
2796 1053 3113 1119 rependunt,
3141 1054 3262 1120 quia
3290 1054 3355 1107 ab
3384 1053 3551 1109 altera

1990 1154 2176 1194 earum
2209 1150 2435 1194 mortem
2458 1181 2472 1205 ,
2517 1151 2571 1196 et
2617 1143 2787 1196 altera
2834 1158 2962 1197 vero
2993 1152 3284 1213 gnstavere
3301 1144 3552 1199 salutem.

1988 1231 2059 1286 At
2082 1247 2209 1286 vero
2228 1234 2551 1288 detrimenta
2577 1250 2696 1302 quae
2714 1235 2937 1302 virginis
2962 1236 3147 1305 prima:
3182 1251 3399 1290 sensere
3427 1251 3551 1290 sua-

1989 1328 2159 1391 sione,
2189 1328 2368 1382 sciunt
2395 1338 2449 1383 et
2476 1328 2705 1382 credunt
2730 1345 2825 1399 per
2855 1332 3068 1389 crucem
3097 1343 3155 1383 se
3185 1344 3551 1398 recuparasse.

1990 1419 2374 1489 inimicumque
2412 1420 2501 1489 qui
2527 1429 2697 1474 semet
2725 1419 2776 1474 in
2804 1420 2952 1474 durae
2981 1420 3313 1491 captivitatis
3342 1419 3554 1474 vincula

1989 1512 2318 1581 conjecerat,
2341 1510 2457 1579 ejus
2484 1512 2684 1565 virtute
2712 1511 3039 1579 perculsum,
3065 1526 3163 1566 nec
3184 1526 3288 1565 non
3319 1506 3559 1565 caelestis

1987 1602 2088 1658 sibi
2121 1603 2309 1673 patria:
2353 1602 2554 1655 aditum
2600 1600 2949 1671 patefactum.
3005 1599 3213 1656 Norunt
3247 1601 3410 1655 etiam
3450 1600 3556 1654 fide

1988 1695 2180 1749 armati
2205 1694 2307 1748 hoc
2351 1692 2545 1746 vexillo
2583 1692 2761 1746 crucis
2793 1691 2972 1745 omnia
3003 1691 3317 1760 nequissimi
3346 1689 3553 1743 inimici

304 1802 375 1846 ut
412 1803 466 1848 te
501 1793 671 1848 solum
698 1794 968 1850 Christum
1010 1797 1159 1866 sequi
1193 1798 1471 1869 glorieris,
1504 1809 1561 1856 ει
1583 1810 1773 1855 contra
1806 1801 1885 1855 ἀί-
1915 1787 2298 1857 Bpropnlsare
2331 1785 2433 1839 tela
2457 1826 2471 1850 ,
2517 1792 2572 1839 et
2610 1784 2811 1839 idcirco
2842 1791 3048 1837 tantum
3075 1798 3136 1837 ac
3166 1782 3272 1837 tale
3300 1783 3441 1853 regis
3468 1780 3553 1836 sui

304 1883 599 1951 scipiinam
644 1884 1106 1950 Christianorum,
1154 1890 1535 1945 ecclesiastica:
1573 1892 1883 1945 auctoritati

304 1972 655 2043 impudenter
704 1978 977 2039 contraire
1023 1980 1234 2035 nitaris.
1304 1981 1441 2035 Audi
1492 1996 1620 2049 ergo
1669 1976 1883 2035 beatum

303 2065 695 2135 Augustinum,
720 2067 774 2122 in
807 2068 944 2123 libro
976 2071 1041 2125 de
1064 2070 1333 2127 Sermone
1361 2074 1570 2127 Domini
1601 2074 1652 2127 in
1679 2083 1883 2139 monte,

302 2160 386 2213 ita
419 2159 745 2214 scribentem
776 2160 926 2230 (Cap.
951 2162 1004 2233 9)
1032 2178 1045 2216 :
1075 2163 1189 2219 Non
1219 2167 1360 2220 enim
1400 2166 1671 2221 Christum
1700 2169 1883 2236 sequi-

305 2258 424 2310 tur,
457 2249 547 2317 qui
580 2265 687 2303 non
722 2253 1014 2307 secundum
1049 2270 1231 2310 veram
1281 2242 1447 2312 fidem
1477 2266 1532 2313 et
1560 2259 1883 2314 catholicam

306 2340 659 2408 disciplinam
695 2340 804 2395 Chr
826 2343 1035 2400 stianus
1082 2356 1323 2401 vocatur.
1401 2349 1714 2420 Quanquam
1755 2365 1883 2421 ergo

298 2439 498 2500 aperte
546 2447 729 2486 veram
775 2435 1206 2508 catholicamque
1239 2438 1398 2509 fidem
1432 2440 1746 2512 impugnare
1776 2458 1881 2496 non

300 2528 570 2589 videaris.
597 2529 650 2583 in
672 2544 737 2583 eo
764 2539 942 2585 tamen
971 2534 1113 2602 quod
1142 2542 1329 2588 contra
1369 2533 1705 2603 disciplinam
1727 2533 1883 2590 Chri-

301 2620 609 2675 stianorum
651 2621 1016 2679 ecclesiastica
1062 2633 1265 2679 statuta
1305 2625 1608 2681 convellere
1650 2625 1878 2688 moliris,

299 2714 586 2769 Christum
614 2717 766 2786 sequi
791 2725 1143 2773 contemnere
1179 2720 1568 2789 comprobaris.
1620 2718 1745 2773 llaec
1780 2719 1883 2773 ita-

300 2820 415 2874 que
446 2819 567 2875 qute
598 2806 756 2876 paulo
789 2817 909 2877 post
938 2809 1274 2864 subnexuisti
1302 2818 1357 2864 et
1393 2826 1501 2865 non
1530 2811 1662 2867 satis
1686 2826 1882 2866 convc—

303 2894 526 2949 nienter
546 2897 971 2966 priecedentibus
1006 2900 1222 2969 aptasti,
1251 2909 1306 2955 et
1334 2900 1494 2971 solito
1523 2916 1671 2955 more
1689 2941 1704 2966 ,
1736 2916 1881 2954 com-

302 2986 561 3056 pilatoris
581 3003 713 3044 usus
729 2989 924 3055 officio,
950 2999 1008 3045 ut
1043 3000 1134 3046 tua
1162 2993 1409 3062 posuisti,
1440 3009 1560 3063 quae
1597 2994 1671 3048 ita
1702 3008 1760 3049 se
1784 2994 1881 3048 ha-

305 3080 449 3134 bent
469 3097 482 3133 :

1988 1888 2243 1948 tropzeum
2294 1879 2456 1949 (quod
2498 1878 2681 1931 vident
2718 1875 3024 1931 mortalium
3048 1876 3420 1945 captivitatem
3443 1873 3571 1945 sol-q

1984 1973 2147 2034 visse,
2173 1970 2407 2041 paradisi
2440 1971 2633 2025 damna
2660 1982 2974 2037 reparasse,
3006 1966 3214 2021 inferna
3242 1966 3549 2030 damnasse,

1984 2064 2191 2119 inimici
2238 2063 2491 2118 virtutem
2536 2062 2877 2126 contrivisse,
2920 2063 3108 2131 prima:
3154 2060 3379 2132 virginis
3420 2060 3554 2117 deli-

1984 2164 2130 2212 ctum
2153 2170 2258 2210 non
2291 2164 2397 2209 tam
2436 2170 2532 2225 per
2565 2153 2812 2209 secunda:
2842 2154 3068 2226 virginis
3100 2161 3313 2224 partum
3335 2195 3350 2220 ,
3390 2168 3551 2224 quam

1985 2247 2252 2304 delevisse
2279 2248 2569 2317 percrucis
2589 2245 2859 2315 mortem),
2874 2246 2995 2314 jure
3017 2246 3216 2301 omissa
3237 2245 3549 2301 adoratione

1984 2355 2427 2410 quammcunque
2457 2338 2753 2410 puellarum
2795 2339 3085 2409 virginum,
3126 2339 3422 2393 decernunt
3460 2353 3554 2393 ve—

1984 2433 2309 2488 nerandum.
2332 2431 2477 2485 inter
2497 2431 2610 2485 hinc
2629 2430 3074 2484 considerandum
3100 2428 3332 2494 videtur,
3350 2436 3552 2498 quanta

1982 2525 2364 2596 perspicuitate
2393 2522 2635 2579 novicios
2664 2523 2981 2577 veneranda:
3006 2522 3184 2577 crucis
3211 2522 3395 2576 hostes
3410 2518 3551 2588 jam-

1983 2618 2181 2674 dudum
2210 2618 2498 2687 Apostolus
2527 2630 2681 2670 sacer
2710 2614 3015 2685 prmviderit
3034 2654 3048 2677 ,
3077 2627 3370 2684 eorumque
3394 2612 3554 2667 lethi-
3608 2656 3611 2665 .

1983 2704 2151 2763 feram
2183 2709 2481 2763 doctrinam
2500 2747 2513 2767 ,
2550 2705 2750 2776 Spiritu
2774 2715 2970 2761 sancto
2999 2705 3263 2759 calamum
3292 2703 3441 2758 verbi
3471 2716 3555 2757 re-

1983 2810 2141 2874 gente
2164 2842 2179 2865 ,
2211 2799 2530 2870 depinxerit.
2587 2798 2680 2853 Ait
2709 2813 2940 2868 namque
2984 2817 2996 2850 :
3046 2796 3323 2873 Qbservate
3354 2812 3441 2850 eos
3464 2796 3556 2866 qui

1981 2893 2054 2946 ita
2077 2889 2345 2944 ambulant
2372 2930 2386 2953 ,
2432 2905 2561 2959 quos
2582 2904 2717 2957 saepe
2749 2887 2980 2941 dicebam
3012 2887 3150 2941 vobis
3169 2925 3185 2951 ,
3213 2902 3348 2939 nunc
3379 2888 3553 2939 autem

1981 2986 2111 3054 ﬂens
2142 2982 2281 3046 dico,
2309 2981 2546 3035 inimicos
2571 2979 2740 3034 crucis
2777 2976 2993 3045 Christi,
3035 2994 3255 3049 quorum
3276 2976 3399 3045 ﬁnis
3426 2977 3554 3029 inte-

1984 3075 2140 3136 ritus,
2173 3088 2395 3143 quorum
2420 3071 2547 3125 deus
2576 3081 2746 3125 venter
2772 3080 2868 3135 est,
2898 3080 2946 3124 et
2967 3070 3134 3139 gloria
3163 3069 3215 3121 in
3251 3066 3556 3136 confusione

390 3189 409 3219 ι
454 3169 588 3237 Quia
616 3171 890 3239 videlicet,
916 3173 1018 3229 nisi
1040 3175 1162 3244 quis
1189 3190 1218 3228 a
1244 3176 1534 3244 semetipso
1563 3174 1776 3230 deficiat
1809 3177 1876 3232 ad
1908 3144 1950 3205 Ο
1981 3165 2236 3236 ipsorum.
2274 3165 2363 3235 qui
2388 3174 2593 3217 εεννεηα
2615 3164 2821 3232 sapiu"!
2849 3158 3016 3230 (PW-
3049 3160 3155 3234 ¹ι¹)ο
3196 3158 3367 3227 Quam
3393 3158 3552 3222 bene.

312 3282 336 3313 ι
377 3278 503 3315 enm
529 3264 620 3333 qui
666 3279 827 3334 super
864 3266 1039 3336 ipsum
1082 3276 1167 3322 est
1206 3284 1312 3321 non
1337 3268 1748 3337 appropinquat,
1778 3283 1879 3322 nec

312 3374 335 3405 ι
382 3353 524 3408 valet
545 3356 949 3426 apprehendere
977 3359 1120 3426 quod
1159 3358 1299 3412 ultra
1330 3359 1503 3429 ipsum
1542 3368 1659 3426 est,
1708 3360 1751 3413 si
1787 3376 1880 3414 ne-

313 3462 334 3492 ι
380 3443 567 3497 scierit
607 3453 846 3500 mactare
893 3447 1037 3515 quod
1080 3454 1181 3502 est.
1214 3468 1232 3501 ι
1286 3447 1421 3515 Quia
1464 3448 1603 3519 style
1633 3457 1685 3504 et
1717 3465 1877 3505 sensu

305 3534 461 3589 mulo
501 3535 664 3611 modo
704 3537 801 3592 tibi
849 3548 1192 3609 congruunt.
1241 3543 1496 3611 quoniam
1545 3541 1603 3594 Β.
1633 3542 1876 3612 Gregorii

307 3624 528 3695 propria
552 3635 868 3693 noscuntur,
896 3630 1118 3683 omnino
1138 3632 1523 3701 approbamus,
1558 3632 1879 3702 laudumque

305 3716 597 3785 praeconiis
632 3717 698 3771 ad
750 3718 859 3772 alta
905 3719 1254 3776 sustollimus.
1326 3721 1457 3777 Post
1511 3721 1877 3778 adorationem

307 3807 509 3876 quippe
551 3807 690 3862 asini
737 3824 897 3879 quem
945 3810 1423 3867 cruci-adoranda:
1460 3820 1517 3868 et
1558 3815 1881 3870 venerandae

306 3896 585 3952 malesana
624 3907 802 3954 mente
837 3899 1149 3973 coaequasti,
1180 3901 1377 3972 prima,
1415 3912 1476 3958 ut
1511 3903 1606 3958 tibi
1644 3904 1879 3970 videtur,

305 3988 643 4060 syllogistica
669 3998 757 4044 tua
778 3990 1052 4047 conclusio
1077 3991 1150 4046 ita
1180 4007 1239 4048 se
1268 3994 1432 4049 habet
1457 4013 1470 4047 :

386 4100 406 4132 ι
454 4080 799 4159 Siadoratur
815 4098 970 4149 crux,
996 4084 1290 4139 adorentur
1308 4086 1501 4156 puella:
1529 4086 1767 4158 virgines
1805 4091 1883 4159 (et

311 4193 332 4226 ε
379 4158 531 4228 illico
548 4173 821 4239 reddidisti
846 4175 1108 4248 causam),
1132 4190 1199 4231 eo
1217 4177 1360 4247 quod
1385 4177 1593 4232 scilicet
1616 4177 1767 4248 virgo
1786 4158 1879 4246 pre-

312 4284 332 4316 σ
372 4264 580 4336 pererit
604 4262 893 4320 Christum.
918 4286 937 4318 ι
966 4265 1126 4333 Quid,
1153 4281 1281 4336 rogo
1311 4275 1384 4333 te,
1415 4267 1517 4321 hac
1538 4266 1882 4322 conclusione

304 4358 620 4424 absurdius,
649 4359 843 4428 quidve
872 4360 1107 4431 ineptius
1135 4374 1255 4415 esse
1275 4361 1486 4430 potest?
1520 4359 1576 4416 Si
1606 4362 1881 4426 aduratur,

305 4451 494 4523 inquis
517 4491 532 4513 ,
572 4465 706 4505 crux
734 4493 749 4516 ,
801 4452 1096 4506 adorentur
1141 4460 1197 4507 et
1240 4451 1429 4521 puella:
1458 4453 1725 4524 virgines,
1758 4455 1882 4523 quia

302 4546 469 4615 virgo
492 4545 700 4615 peperit
727 4543 1023 4600 Christum.
1079 4545 1220 4601 Crux
1261 4545 1442 4616 itaque
1466 4545 1621 4615 juxta
1647 4548 1886 4617 praemis-

302 4652 438 4695 sum
473 4638 691 4692 modum
735 4638 1008 4694 adorando
1045 4639 1327 4693 salutatur.
1402 4635 1699 4711 Virginem'
1726 4656 1887 4712 porro

301 4744 439 4801 qua:
474 4728 679 4798 peperit
710 4728 983 4784 Christum
1007 4770 1020 4791 ,
1061 4731 1496 4795 non‘adoramus,
1525 4730 1619 4785 sed
1646 4740 1887 4786 sanctam

299 4820 412 4876 D‘ei
436 4820 754 4888 genitricem
777 4820 1249 4890 congruo‘honorc
1280 4835 1623 4885 veneramur,
1663 4819 1887 4890 ejusque

301 4912 758 4968 intercessionem
784 4911 924 4981 apud
963 4911 1197 4966 divinam
1239 4912 1574 4984 majestatem
1604 4898 1890 4967 humiliter

302 5004 639 5075 ﬂagitamus.
681 5003 792 5060 Nec
818 5004 1107 5065 immerito,
1132 5004 1347 5074 quippe,
1373 5005 1625 5075 quoniam
1649 5021 1746 5075 per
1763 5019 1882 5059 eam

303 5102 595 5149 auctorem
622 5095 746 5149 vita:
777 5094 1053 5164 suscipere
1090 5094 1412 5157 meruimus,
1454 5101 1510 5147 et
1538 5109 1632 5163 pro
1657 5107 1721 5147 eo
1745 5094 1886 5163 quod

304 5184 506 5241 eadem
562 5195 747 5241 sancta
799 5197 854 5242 et
902 5187 1225 5240 intemerata
1280 5186 1432 5256 virgo
1475 5185 1644 5253 Maria
1702 5188 1889 5257 utique

306 5278 488 5333 Deum
517 5287 573 5333 et
616 5280 886 5334 hominem
916 5279 1072 5332 nobis
1108 5278 1305 5343 edidit,
1337 5278 1621 5334 Dominum
1643 5280 1891 5335 videlicet

303 5370 522 5434 Jesnm,
549 5386 579 5425 a
603 5372 810 5427 cunctis
840 5370 1085 5426 ﬁdelibus
1117 5372 1208 5439 pio
1248 5371 1445 5425 colitur
1474 5386 1684 5432 amore,
1711 5381 1765 5426 et
1792 5374 1885 5427 de-

308 5464 433 5518 bito
453 5470 746 5517 veneratur
779 5463 1013 5528 honore;
1060 5471 1120 5516 ut
1154 5471 1333 5516 autem
1371 5454 1563 5530 puellis
1591 5460 1889 5529 virginibus

308 5554 737 5617 adorationem,
782 5555 922 5611 sicut
968 5553 1244 5610 stertendo
1291 5553 1572 5622 praedicas,
1615 5553 1890 5621 impenda-

308 5663 456 5710 mus,
483 5647 880 5715 ineptissimum
903 5648 1167 5712 ducimus,
1184 5647 1292 5702 imo
1317 5646 1781 5718 perversissimam
1800 5649 1890 5718 ju-

314 5740 587 5795 dicamus.
629 5737 781 5794 Libet
828 5739 988 5811 igitur
1030 5739 1094 5795 de
1122 5732 1244 5794 'bac
1285 5738 1691 5805 absurdissima,
1726 5753 1887 5809 quam

1980 3272 2250 3328 quamque
2293 3256 2566 3328 eleganter
2611 3255 2789 3311 crucis
2830 3254 3032 3309 Christi
3080 3254 3358 3317 inimicos,
3390 3251 3550 3306 deum

1980 3357 2262 3412 ventrem,
2312 3358 2367 3402 et
2416 3347 2638 3417 gloriam
2680 3347 2814 3402 dixit
2856 3347 2909 3400 in
2963 3344 3278 3400 confusione
3306 3344 3547 3398 habere!

1981 3443 2106 3514 quia
2137 3441 2385 3501 videlicet
2411 3450 2601 3496 venter
2626 3441 2894 3495 distentus
2915 3437 3200 3508 saperlliiis
3231 3437 3405 3507 epulis
3426 3450 3553 3491 eru-

1981 3546 2092 3591 ctat
2141 3549 2386 3604 spumam
2433 3533 2706 3597 libidinis,
2763 3533 2846 3588 cui
2903 3541 2988 3587 est
3028 3530 3204 3602 puclla
3250 3528 3552 3591 familiaris,

1981 3628 2237 3698 quoniam
2269 3628 2352 3698 (ut
2395 3626 2573 3680 verbis
2611 3626 2750 3680 beati
2795 3626 3105 3695 Hieronymi
3136 3623 3279 3691 utar)
3307 3630 3549 3678 ventrem

1987 3720 2110 3773 cibo
2151 3719 2441 3773 distentum
2486 3726 2540 3771 et
2589 3711 2814 3771 divei'sis
2860 3716 3200 3786 passionibus
3249 3714 3552 3784 irrigatum,

1984 3811 2167 3866 statim
2200 3810 2445 3880 voluptas
2476 3809 2719 3878 sequitur
2739 3808 3007 3879 genitalis.
3039 3798 3555 3878 lii'ergo,‘inimicos

1983 3904 2158 3958 crucis
2201 3901 2403 3958 Christi
2444 3901 2596 3964 dico,
2649 3909 2936 3969 antequam
2977 3906 3350 3962 nascerentur,
3379 3896 3551 3950 notati

1990 4011 2131 4067 sunt,
2155 4002 2247 4073 qui
2277 4017 2420 4056 nunc
2447 3999 2659 4056 diabolo
2693 4009 2911 4053 auctore
2938 3996 3237 4068 pullulant,
3272 3996 3554 4055 virtutem-

1944 4138 1953 4145 ι
1985 4118 2089 4173 que
2120 4101 2299 4156 crucis
2324 4098 2517 4171 puellis
2558 4097 2893 4155 confusioni.
2926 4097 2978 4151 id
3004 4102 3120 4160 est,
3147 4094 3378 4161 libidini,
3412 4095 3547 4150 anti-

1984 4192 2221 4250 cissimis
2248 4190 2601 4260 aequiparant.
2643 4189 2711 4242 At
2736 4197 2922 4243 contra
2944 4189 3009 4241 de
3037 4185 3371 4243 amatoribus
3398 4184 3556 4241 Chri-

1986 4285 2056 4341 sti
2089 4285 2163 4338 ila
2208 4283 2349 4337 idem
2400 4280 2687 4351 Apostolus
2730 4297 2742 4332 z
2794 4278 2898 4344 Qui
2947 4286 3147 4343 autem,
3184 4277 3386 4344 inquit,
3432 4286 3550 4330 sunt

1988 4374 2182 4430 Christi
2200 4414 2215 4438 ,
2250 4388 2458 4426 carnem
2485 4387 2632 4425 suam
2665 4370 3034 4439 cruci/irarum
3061 4385 3177 4423 cum
3212 4368 3348 4424 vitiis
3372 4367 3481 4423 suis
3506 4377 3554 4421 et

1912 4500 1963 4559 Β
1989 4464 2435 4536 concupiscentiis.
2481 4461 2784 4534 Perpende,
2820 4476 3019 4530 quirso,
3049 4460 3260 4526 Claudi,
3292 4470 3554 4531 quantum

1989 4559 2105 4613 hzce
2130 4555 2464 4626 comparatio
2490 4554 2667 4624 inepta
2710 4570 2740 4608 a
2779 4555 2956 4609 crucis
2984 4554 3183 4608 virtute
3220 4551 3552 4625 sejungatur,

1984 4663 2104 4702 cum
2156 4645 2446 4716 Apostolus
2490 4645 2636 4699 dicat
2691 4658 3133 4713 unumquemque
3189 4659 3377 4698 eorum
3404 4685 3418 4706 ,
3450 4634 3553 4713 qui

1982 4737 2181 4793 Christi
2205 4747 2307 4801 est,
2329 4738 2571 4792 membra
2593 4752 2688 4792 sua
2712 4736 3065 4799 crucifixisse,
3089 4745 3144 4790 et
3175 4736 3410 4805 intellige
3429 4737 3558 4805 quia

1982 4828 2184 4884 Christi
2240 4844 2344 4882 non
2407 4843 2529 4883 esse
2578 4827 2957 4893 convincitur,
3008 4827 3095 4895 qni
3145 4827 3550 4882 crucifixionem

1987 4921 2348 4974 membrorum
2381 4918 2667 4983 abhorret,
2716 4925 2769 4970 et
2810 4917 3014 4987 puellas
3057 4917 3283 4972 adorare
3322 4916 3550 4979 suadet;

1990 5026 2149 5064 nemo
2186 5011 2331 5064 enim
2362 5018 2541 5079 potest
2569 5018 2623 5063 et
2648 5010 2701 5063 in
2730 5007 3042 5063 confusione
3071 5025 3164 5064 sua
3185 5048 3199 5073 ,
3231 5018 3285 5063 et
3318 5010 3371 5063 in
3395 5022 3555 5063 cruce

1989 5103 2224 5173 gloriari.
2262 5103 2410 5170 Quod
2440 5103 2483 5157 si
2518 5110 2575 5155 ut
2610 5116 2823 5155 crucem
2862 5102 3064 5171 puellas
3092 5101 3337 5172 prrccipis
3364 5102 3556 5154 adora-

1991 5208 2069 5256 re,
2102 5193 2265 5247 debes
2288 5207 2377 5246 eas
2400 5191 2555 5246 nobis
2577 5192 2862 5246 ostendere
2890 5207 3009 5260 qua:
3050 5209 3078 5245 a
3110 5192 3264 5245 nobis
3289 5199 3435 5244 tanto
3463 5190 3567 5255 dos

1992 5295 2188 5338 nentur
2214 5285 2435 5347 honore,
2464 5298 2583 5352 qua:
2624 5282 2871 5338 fortassis
2904 5282 3100 5339 alicubi
3141 5284 3400 5337 hactenus
3432 5282 3558 5339 deli-

1997 5386 2227 5441 tescunt,
2270 5386 2343 5440 et,
2389 5377 2631 5432 adinstar
2671 5377 2936 5441 Montani,
2970 5394 2999 5432 a
3030 5388 3079 5433 te
3105 5378 3224 5433 loco
3254 5378 3557 5435 Maximillae

1995 5479 2050 5523 et
2077 5470 2273 5524 Prisca:
2312 5484 2410 5539 pro
2451 5470 2663 5524 vatibus
2701 5470 2986 5525 habentur.
3025 5469 3130 5527 Sed
3162 5471 3231 5526 sit
3255 5473 3347 5535 cui
3360 5464 3556 5543 placet,

1997 5560 2176 5615 crucis
2199 5560 2449 5627 inimico,
2494 5559 2626 5625 deus
2651 5569 2862 5626 venter,
2890 5569 2944 5619 et
2964 5602 2978 5626 ,
3007 5571 3064 5616 ut
3087 5562 3255 5633 gloria
3284 5564 3330 5618 ei
3346 5556 3406 5618 in
3432 5581 3558 5620 con-

1997 5647 2210 5703 fusione
2247 5664 2366 5704 csse
2413 5651 2622 5719 possit,
2679 5651 2854 5722 puella
2897 5652 2968 5706 sit
3012 5654 3275 5709 adcratui.
3327 5653 3436 5710 Nos
3468 5657 3559 5726 qui

1997 5739 2198 5798 Christi
2221 5756 2339 5799 esse
2373 5752 2652 5815 optamus,
2691 5744 2931 5800 membra
2957 5755 3139 5803 nostra
3171 5742 3555 5819 crucifi'gimus,
