3956 6186
473 251 579 308 355

1512 250 1703 307 ,ΙΟΝιΕ
1740 248 2286 306 AURELIANENSIS
2324 238 2627 307 EPISCOPl

3566 242 3667 295 356

476 379 533 425 et
557 368 870 425 cruciﬁxum
897 369 1217 422 honoramus
1259 368 1514 438 religione
1556 369 1655 421 sibi
1704 366 1881 421 debita
1907 406 1921 429 ,
1964 374 2020 419 et
2049 373 2097 430 Α
2122 368 2255 420 enim
2295 368 2584 435 evangelizo
2625 365 2760 419 vobis
2794 364 3042 433 gaudium
3082 374 3357 429 magnum,
3402 355 3535 425 quod
3573 359 3665 408 erit

477 463 635 518 amici
658 461 832 516 crucis
868 468 921 513 et
959 474 1077 513 esse
1102 468 1157 512 et
1187 460 1551 529 cognominati
1580 459 1928 530 gratulamur,
1959 472 2024 512 ac

476 569 572 623 per
600 554 701 607 boe
724 565 828 604 non
854 549 1075 618 puellas,
1098 550 1190 604 sed
1221 564 1433 604 crucem
1457 564 1792 604 veneramur.
1823 548 2024 603 Secun-

474 646 538 699 da
563 641 855 714 propositio
882 648 969 693 tua
996 641 1109 695 hinc
1133 626 1388 695 continet.

548 753 567 785 ι
608 726 915 787 Αάοιοεηωι*
940 740 992 786 et
1011 732 1288 801 priesepia,
1315 731 1439 800 quia
1461 746 1585 785 mox
1607 741 1784 796 natus,
1814 732 1868 785 in
1888 747 2024 801 prie-

478 844 496 875 ι
542 824 688 893 scpio
717 831 799 877 est
839 822 1142 876 reclinatus.
1169 842 1187 873 ι
1237 822 1545 892 ⁵Αιῑοηίιιιιι]
1594 837 1680 877 me
1723 832 1832 877 tam
1876 824 2024 879 inde-

473 930 600 968 cens
624 913 796 967 reddit
823 913 1178 981 comparatio,
1220 920 1277 966 ut
1311 922 1490 981 putem
1520 913 1645 966 talia
1675 914 2021 979 scribentem,

473 1011 566 1056 aut
595 1015 781 1055 somno
811 1000 1067 1054 altissimo
1097 1008 1422 1055 stertentem
1441 1001 1555 1055 haec
1586 1001 1903 1067 somniasse,
1933 1012 2025 1057 aut

471 1099 616 1146 certe
655 1104 802 1143 mero
836 1090 968 1143 adeo
1003 1088 1312 1154 indulsisse,
1344 1099 1403 1143 ut
1431 1090 1685 1143 memoria
1708 1093 2023 1157 excesserit,

471 1182 593 1251 quia
628 1180 906 1241 Salomon.
957 1182 1099 1234 inter
1136 1189 1327 1235 caetera
1364 1181 1555 1250 quibus
1586 1181 1752 1236 Deum
1782 1182 2021 1249 offendit,

471 1275 721 1327 narratur
746 1272 885 1341 quod
908 1272 1133 1340 plurima
1154 1272 1410 1341 praesepia
1436 1287 1700 1341 equorum
1722 1282 1908 1327 contra
1931 1275 2023 1330 Dei

471 1362 640 1432 legem
683 1363 929 1417 habuerit
967 1380 982 1417 :
1030 1363 1187 1417 tacite
1227 1363 1513 1428 innuente,
1555 1374 1613 1419 ut
1650 1366 1814 1419 moris
1843 1366 1891 1420 ei
1918 1376 2021 1431 εει,

442 1516 446 1520 δ
472 1454 649 1509 divina
679 1453 975 1523 Scriptura,
1005 1454 1146 1522 quod
1175 1454 1451 1523 spiritibus
1472 1470 1719 1524 nequam,
1746 1456 1835 1524 qui
1860 1471 2025 1524 equo-

472 1561 590 1600 rum
622 1546 835 1599 nomine
863 1552 1167 1606 censentur,
1198 1553 1410 1614 pastum
1439 1551 1548 1598 tam
1571 1545 1626 1598 in
1655 1560 1746 1609 se,
1781 1560 1941 1614 quam
1971 1553 2022 1601 et

472 1638 524 1692 in
555 1638 692 1701 aliis,
720 1637 915 1706 quibus
941 1637 1184 1705 exemplo
1215 1637 1281 1690 ad
1330 1636 1529 1690 malum
1560 1634 1681 1700 fuit,
1712 1637 2019 1706 praebuerit.

432 1782 439 1791 ,
469 1726 560 1781 Ille
593 1727 775 1796 igitur,
804 1726 977 1795 equis,
1002 1714 1223 1796 impuris
1238 1726 1482 1781 videlicet
1503 1727 1801 1797 spiritibus,
1824 1741 2024 1795 prsse-
2056 1713 2100 1771 B

468 1818 555 1887 pia
586 1817 830 1882 fabricat,
866 1818 955 1886 qui
975 1816 1187 1886 aliquod
1217 1817 1410 1888 dogma
1429 1833 1741 1888 perversum
1766 1826 1858 1872 aut
1884 1821 2025 1873 schi-

470 1924 581 1963 sma
610 1925 717 1979 quo
746 1909 990 1964 diabolus
1032 1909 1328 1964 delectatur
1365 1919 1419 1965 et
1456 1911 1697 1979 pascitur
1723 1912 2028 1981 posthabito

469 2001 666 2054 timore
701 2009 755 2055 et
803 2015 987 2055 amore
1034 2001 1213 2055 divino
1247 2001 1529 2056 construit.
1565 2002 1707 2069 Ergo
1736 2016 1840 2057 non
1865 2003 2027 2072 quili-

471 2091 860 2146 betcatboliea:
889 2091 1011 2146 ﬁdei
1057 2092 1453 2147 sincerissimus
1500 2093 1692 2157 cultor,
1736 2095 1831 2149 sed
1860 2096 2028 2167 magis

470 2180 833 2248 hujuscemodi
864 2181 1151 2236 fabricator
1191 2184 1592 2253 praesepiorum,
1629 2184 1821 2255 dignus
1847 2187 2031 2241 exist't

392 2322 397 2333 ,
470 2271 741 2325 adorator.
783 2271 984 2326 Horum
1034 2288 1196 2342 porro
1232 2288 1492 2341 equorum
1541 2289 1636 2343 per
1681 2291 1897 2330 crucem
1927 2275 2027 2328 Do-

471 2363 721 2417 minicam
751 2363 982 2418 salubris
1020 2365 1146 2419 olim
1185 2380 1213 2417 a
1243 2363 1470 2420 Domino
1495 2369 1889 2435 repromittitur
1917 2370 2030 2422 rui-

472 2468 558 2516 na,
587 2468 707 2507 cum
753 2468 850 2523 per
889 2455 1204 2508 Zachariam
1241 2454 1495 2511 Dominus
1531 2464 1759 2511 testatur
1796 2460 1980 2514 dicens
2011 2479 2023 2512 :

470 2538 556 2595 Sic
589 2542 687 2595 erit
717 2542 867 2595 ruina
893 2544 1008 2613 equi
1038 2553 1085 2596 et
1109 2543 1256 2608 muli,
1297 2544 1509 2609 cameli,
1541 2555 1590 2599 et
1631 2547 1790 2610 asini,
1830 2558 1878 2601 et
1920 2566 2030 2602 om—

472 2633 617 2684 nium
647 2630 1007 2700 jumentorum
1033 2649 1147 2703 quae
1176 2633 1370 2703 fuerint
1413 2637 1468 2689 in
1507 2638 1691 2690 castris
1722 2637 1850 2698 illis,
1894 2640 2028 2692 sicut

470 2718 623 2774 ruina
652 2721 762 2775 hinc
793 2719 978 2793 (Zaclt.
1011 2723 1142 2795 xiv).
1178 2723 1272 2778 His
1302 2740 1430 2778 vero
1458 2726 1529 2778 ita
1556 2727 1804 2796 cognitis,
1835 2743 1965 2782 crux
1997 2743 2029 2781 a

466 2812 620 2883 nobis
660 2827 896 2882 congrua
961 2814 1332 2869 moderatione
1381 2825 1708 2881 veneratur,
1767 2820 2027 2890 praesepia

467 2910 646 2955 autem
689 2917 794 2955 non
841 2902 1001 2973 digna
1056 2912 1242 2957 nostro
1291 2905 1514 2958 adorato
1561 2904 1890 2975 judieamus,
1937 2909 2027 2964 sed

470 2990 644 3059 magis
673 2998 732 3043 ut
757 2991 978 3045 utilitati
1001 2992 1108 3045 sint
1133 2993 1473 3067 animalibus,
1502 2992 1810 3050 fabricanda
1839 2996 2024 3067 decer-

468 3079 663 3133 nimus.
705 3078 831 3133 Post
861 3082 973 3137 hazc
999 3064 1213 3152 inquis:
1555 3088 1561 3102 ‘
1901 3064 1909 3073 ’

544 3188 561 3219 ι
587 3167 892 3223 Adoreutur
912 3178 967 3231 et
989 3171 1149 3239 panni
1173 3179 1398 3236 veteres,
1422 3174 1674 3241 quoniam
1702 3189 1826 3229 mox
1848 3185 2023 3240 natus,

474 3280 492 3310 ι
524 3262 715 3329 pannis
734 3263 1002 3318 veteribus
1023 3273 1105 3319 est
1130 3264 1416 3320 involutus.
1442 3285 1459 3317 ›
1498 3266 1783 3334 Familiare
1804 3276 1889 3323 est
1910 3269 2021 3335 tibi,

469 3351 694 3425 Claudi,
741 3368 806 3407 ex
854 3342 1079 3408 aliorum
1124 3356 1391 3424 opusculis
1433 3357 1676 3426 quaedam
1720 3359 2024 3428 subripere,

467 3443 708 3510 qumdam
739 3445 1086 3509 subtrahere,
1133 3447 1376 3516 quaedam
1420 3447 1739 3513 immutare,
1785 3450 2027 3519 quaedam

467 3533 630 3585 etiam
679 3533 762 3587 his
803 3535 867 3587 de
910 3542 1001 3589 tuo
1044 3545 1231 3590 contra
1262 3536 1340 3592 fas
1376 3538 1768 3608 superaddere,
1820 3541 2028 3609 tuisque

470 3622 826 3688 dictionibus,
870 3634 927 3678 ut
965 3636 1054 3679 tua
1084 3629 1299 3698 propria
1328 3628 1513 3683 furtim
1540 3640 1749 3699 aptare,
1795 3634 1934 3701 quod
1976 3635 2027 3687 in

469 3714 891 3782 praecedentibus
924 3714 1090 3784 hujus
1117 3719 1295 3787 operis
1334 3734 1570 3789 persaepe
1613 3720 1806 3777 fecisse
1837 3726 2029 3792 proba-

471 3802 579 3865 ris,
620 3812 674 3856 et
715 3804 785 3857 ob
814 3804 865 3857 id
896 3806 1089 3860 merito
1136 3809 1566 3878 reprehensionis
1598 3811 1719 3865 telis
1750 3811 2026 3880 jacularis.

471 3889 638 3945 Nemo
686 3893 881 3962 quippe
932 3895 998 3948 ad
1052 3895 1258 3951 libitum
1310 3914 1467 3953 suum
1522 3900 1577 3953 in
1630 3902 1808 3957 verbis
1859 3904 2029 3958 sancti

472 3980 742 4052 Evangelii
780 3980 1067 4056 quidpiam'
1093 3990 1481 4058 superaddere,
1525 4000 1617 4045 aut
1658 4003 1897 4057 mutare,
1944 4003 2033 4048 aut

471 4068 787 4139 detrahere,
831 4075 933 4130 nisi
975 4076 1043 4130 ad
1084 4078 1295 4132 ruinam
1326 4080 1514 4135 salutis
1545 4097 1655 4136 sum
1683 4082 1840 4137 valet.
1894 4082 2030 4148 Ubi,

473 4177 604 4232 rogo
634 4154 715 4229 te,
757 4164 960 4236 legisti,
998 4168 1139 4236 quod
1167 4167 1425 4223 Dominus
1452 4179 1638 4236 natus,
1679 4188 1801 4226 mox
1840 4174 2032 4241 pannis

472 4252 743 4306 veteribus
772 4254 843 4307 sit
868 4254 1181 4310 involutus?
1223 4257 1491 4313 Fortassis
1519 4260 1662 4313 enim
1694 4261 1833 4316 sicut
1867 4263 2035 4315 tradi-

473 4340 710 4395 tionibus
754 4344 1138 4399 ecclesiasticis
1187 4346 1522 4416 impudenter
1559 4350 1807 4417 insultas,
1860 4352 1935 4407 ita
1979 4362 2032 4408 et

475 4432 794 4501 evangeliea:
847 4435 1183 4489 translationi
1236 4453 1342 4506 qua
1389 4439 1621 4505 utimur,
1682 4441 2036 4498 irreverenter

476 4523 871 4579 communicare
899 4526 1195 4593 detrectas,
1241 4538 1301 4583 ut
1341 4530 1480 4585 sicut
1518 4533 1684 4588 habes
1723 4536 2037 4592 traditiones

478 4611 867 4680 sebismaticas,
896 4618 1090 4686 quibus
1111 4629 1323 4675 nostras
1347 4620 1714 4690 calumniaris,
1740 4624 1811 4679 ita
1835 4626 2034 4683 habeas

476 4715 533 4761 et
578 4706 986 4778 Evangeliorum
1038 4712 1390 4782 interpretes,
1440 4732 1575 4785 quos
1620 4719 1878 4775 catholica
1929 4736 2032 4774 non

480 4798 669 4869 recipit
697 4799 967 4866 Ecclesia,
1002 4818 1228 4872 quorum
1270 4806 1487 4861 lectioni
1530 4809 1890 4873 assuefactus,
1933 4812 2034 4866 Do-

481 4890 683 4944 minum
709 4891 899 4959 pannis
921 4894 1193 4949 veteribus
1216 4895 1508 4952 involutum
1534 4897 1700 4953 fuisse
1721 4902 2029 4955 contendas.

482 4979 560 5033 Tu
604 4980 719 5046 bis,
763 4980 808 5035 si
844 4981 1055 5051 placet,
1102 4993 1384 5040 contentus
1421 4997 1558 5042 esto.
1610 4986 1718 5042 Nos
1742 5004 1870 5043 vero
1897 4989 2036 5043 sicut

480 5072 622 5127 Luca
648 5073 971 5145 evangelista
996 5085 1249 5132 narrante
1271 5078 1576 5144 didicimus,
1604 5080 1679 5134 ita
1706 5080 1935 5136 ﬁdeliter
1958 5090 2035 5135 te-

482 5179 691 5231 nemus,
720 5165 1115 5234 tenendumque
1147 5169 1356 5224 cunctis
1388 5170 1631 5226 ﬁdelibus
1660 5171 2031 5241 praedicamus.

482 5250 571 5305 Ait
605 5254 746 5321 enim
775 5271 786 5305 :
822 5251 1044 5308 Factum
1074 5266 1149 5309 est
1177 5266 1345 5311 autem
1374 5275 1489 5311 cum
1515 5270 1683 5313 essent
1710 5262 1808 5324 ibi,
1843 5261 2036 5330 impleti

483 5351 602 5394 sunt
629 5343 737 5397 dies
764 5353 820 5397 ut
846 5355 1069 5415 pareret,
1107 5355 1155 5399 et
1179 5349 1371 5417 peperit
1400 5348 1568 5417 ﬁlium
1599 5368 1748 5404 suum
1785 5353 2036 5421 primoge-

484 5430 676 5495 nitum,
724 5445 771 5486 et
807 5436 991 5502 pannis
1029 5451 1147 5507 eum
1183 5435 1421 5500 involvit,
1464 5447 1510 5489 et
1551 5438 1813 5493 reclinavit
1841 5456 1955 5493 cum
1982 5442 2033 5493 in

483 5521 753 5589 prtrsepio,
785 5524 909 5593 quia
952 5541 1055 5577 non
1096 5535 1203 5579 erat
1245 5526 1480 5587 eislocus
1526 5527 1577 5578 in
1618 5528 1916 5581 diversorio.
1969 5529 2036 5582 Et

485 5612 643 5683 paulo
687 5623 849 5684 post:
899 5616 963 5671 Et
1008 5617 1137 5672 dixit
1182 5618 1435 5689 angelus:
1469 5618 1644 5673 Nolite
1684 5621 1879 5687 timere,
1922 5638 2035 5676 ecce

2123 459 2264 511 omni
2293 458 2498 527 populo,
2526 459 2648 527 quia
2685 464 2835 508 natus
2863 463 2935 508 est
2964 452 3099 507 vobis
3125 450 3279 503 hodie
3303 447 3548 508 salvator,
3582 446 3668 515 qui

2122 555 2195 598 est
2221 544 2456 600 Christus
2486 547 2735 602 Dominus
2767 546 2821 598 in
2849 544 3052 597 civitate
3082 539 3283 604 David,
3318 548 3365 591 et
3405 537 3500 590 hoc
3537 537 3668 590 vobis

2122 630 2322 705 signum
2356 650 2373 687 .'
2402 637 2666 690 invenietis
2697 633 2947 704 infantem
2972 632 3157 701 pannis
3189 628 3474 683 involutum
3503 637 3551 681 et
3582 643 3672 697 po-

2120 728 2275 780 situm
2312 729 2366 780 in
2402 728 2646 797 pt’trsepio
2673 724 2821 795 (Luc.
2850 725 2933 794 ιι).
2988 721 3099 776 Hoc
3126 717 3432 787 evangelico
3459 716 3672 772 oraculo

2086 830 2087 837 ‘
2123 817 2457 880 instrnimur,
2500 831 2603 869 non
2646 823 2707 869 ut
2749 823 2807 867 tu
2847 812 3117 875 somnias,
3158 810 3350 879 pannis
3382 807 3670 868 veteribus,

2122 907 2215 961 sed
2245 908 2506 967 absolute,
2540 906 2821 961 Dominum
2853 913 3035 958 natum
3062 901 3254 971 pannis
3280 899 3445 954 fuisse
3472 898 3677 952 involu-

2122 992 2255 1052 tum.
2288 998 2458 1054 Credo
2478 1000 2663 1060 etiam,
2685 999 2809 1067 quia
2831 998 2930 1052 nisi
2958 1004 3190 1050 mentem
3213 1002 3357 1047 tuam
3378 992 3678 1046 hebetasset

2122 1091 2337 1155 oblivio,
2369 1098 2460 1145 aut
2490 1100 2635 1145 certe
2665 1102 2993 1159 quaecunque
3029 1085 3256 1140 rationis
3284 1081 3528 1151 jactura,
3572 1096 3695 1135 non.

2122 1184 2283 1237 credo
2322 1191 2375 1238 te
2413 1183 2655 1238 oblivisci
2703 1183 2940 1253 potuisse
2981 1180 3201 1234 Paulum
3236 1177 3533 1249 apostolum
3569 1186 3677 1231 tam

2122 1275 2313 1328 crebro
2335 1275 2671 1343 praecepisse,
2695 1288 2793 1328 nos
2814 1282 3033 1333 ueterem
3060 1270 3317 1324 hominem
3342 1285 3459 1323 cum
3481 1264 3680 1322 actibus

2120 1364 2227 1417 suis
2255 1380 2459 1426 exuere,
2503 1374 2552 1418 et
2590 1380 2777 1417 novum
2806 1362 3018 1416 induere
3037 1360 3495 1435 (Ephes.tv);nam
3513 1359 3558 1412 si
3588 1359 3683 1411 ho—

2122 1467 2240 1505 rum
2274 1438 2588 1507 recordatus
2613 1469 2692 1517 es,
2722 1453 2917 1506 mirum
2941 1459 2999 1505 ut
3025 1466 3147 1505 eum
3176 1449 3266 1505 ille
3292 1447 3682 1518 sempermovis

2121 1558 2220 1597 nos
2271 1544 2545 1613 prmeipiat
2594 1543 2741 1597 indui
2788 1541 3165 1606 vestimentis,
3218 1547 3277 1594 tu
3326 1552 3356 1592 e
3408 1538 3683 1592 contrario

2122 1637 2518 1705 dogmatizatus
2541 1652 2601 1691 es
2629 1645 2689 1690 ut
2713 1650 2777 1691 eo
2801 1634 2947 1691 cultu
2971 1649 3077 1704 quo
3102 1647 3315 1688 crucem
3343 1645 3682 1692 veneramur,

2127 1727 2289 1783 etiam
2318 1728 2508 1797 pannis
2531 1727 2803 1793 veteribus
2832 1725 3171 1780 famulemur.
3199 1721 3423 1777 Crucem
3452 1735 3686 1790 namque

2126 1820 2340 1874 assidue
2364 1820 2418 1874 in
2444 1818 2620 1873 fronte
2643 1819 2948 1888 pingimus:
2981 1828 3192 1871 veteres
3213 1830 3438 1886 pannos,
3468 1822 3562 1868 aut
3588 1814 3685 1884 ipsi

2125 1920 2187 1966 ut
2228 1912 2501 1981 algoribus
2546 1911 2859 1966 resistamus
2886 1949 2902 1974 ,
2954 1908 3212 1963 membris
3257 1914 3540 1975 aptamus;
3598 1913 3687 1957 aut

2125 2011 2273 2058 certe
2297 2010 2358 2055 ut
2382 2017 2674 2070 pauperum
2699 1999 3130 2070 prosintusibus,
3156 1996 3418 2052 charitate
3439 2005 3687 2063 cogente,

2126 2110 2220 2148 eos
2239 2093 2513 2162 largimur.
2538 2092 2680 2147 Sane
2702 2091 2748 2147 si
2766 2092 2835 2146 ad
2856 2091 3166 2162 mysterium
3191 2088 3506 2151 recurritur,
3527 2100 3688 2140 cruce

2127 2182 2327 2237 inimici
2376 2182 2619 2252 fugamus
2667 2181 3045 2237 incursionem.
3096 2179 3165 2233 Et
3208 2179 3254 2234 si
3299 2177 3688 2239 holosericam,

2126 2285 2286 2340 quam
2314 2284 2342 2322 a
2374 2269 2600 2323 Domino
2629 2284 2822 2323 novam
2858 2270 2911 2322 in
2946 2267 3268 2337 baptismate
3297 2266 3603 2335 accepimus
3638 2265 3689 2317 in

2125 2374 2330 2437 pannos
2366 2369 2574 2413 veteres
2615 2361 2886 2428 peccando
2927 2356 3261 2429 redegiiuus,
3305 2370 3401 2426 per
3428 2356 3692 2410 virtutem

2126 2450 2303 2504 crucis
2340 2463 2461 2503 eam
2498 2464 2759 2505 renovare
2786 2450 3049 2519 cupimus.
3099 2448 3300 2504 Adoret
3324 2462 3450 2518 ergo
3477 2462 3690 2516 pannos

2125 2550 2378 2605 veteres,
2428 2541 2519 2609 qui
2562 2541 2833 2596 maculare
2883 2539 3157 2611 peccando
3201 2538 3402 2594 Christi
3450 2538 3690 2591 tunicam

2126 2651 2231 2689 non
2260 2643 2507 2697 veretur;
2554 2642 2609 2687 et
2635 2650 2793 2703 quam
2841 2649 2939 2689 nec
2977 2631 3130 2687 miles
3158 2630 3405 2685 scindere
3427 2628 3606 2699 patuit
3638 2628 3688 2682 iu

2125 2717 2394 2794 passione,
2419 2724 2472 2777 in
2498 2723 2748 2777 Ecclesiae
2771 2722 2968 2777 laceret
2992 2736 3142 2792 pace.
3177 2719 3283 2776 Nos
3307 2720 3431 2775 novi
3454 2719 3693 2774 hominis

2126 2815 2306 2869 tunica
2337 2815 2550 2868 indutos
2576 2814 2933 2885 gratulamur;
2968 2828 3160 2867 novam
3191 2819 3246 2866 et
3272 2826 3480 2874 sanam,
3502 2810 3560 2864 id
3583 2818 3689 2873 est,

2126 2922 2157 2960 a
2176 2908 2529 2977 perversitate
2550 2907 2799 2961 hmretica
2824 2907 3138 2970 immunem,
3160 2918 3500 2966 conservare,
3519 2918 3694 2971 quan-

2129 3008 2242 3053 tum
2270 3002 2383 3069 ipso
2412 3000 2643 3053 donante
2667 3014 2969 3068 possumus,
2996 2999 3310 3069 satagimus,
3333 3004 3424 3051 aut
3450 2996 3693 3049 maculas

2124 3088 2240 3156 ejus
2266 3105 2364 3160 per
2386 3105 2601 3145 crucem
2629 3090 2849 3153 diluere,
2880 3098 2934 3145 et
2963 3105 3120 3159 rugas
3148 3087 3544 3151 vetustatis,’ut
3573 3096 3692 3155 pote

2125 3181 2323 3236 Christi
2358 3183 2409 3235 in
2438 3197 2500 3236 ea
2533 3182 2761 3247 conﬁxi,
2797 3182 3162 3245 extendimus,
3208 3188 3268 3234 ut
3310 3179 3555 3233 membra
3594 3178 3694 3232 Ee-

2127 3272 2302 3326 clesiae
2340 3288 2458 3327 esse
2501 3274 2802 3342 possimus,
2845 3273 2909 3327 de
2945 3287 3050 3341 qua
3092 3271 3229 3325 dixit
3256 3268 3593 3339 Apostolus:
3642 3278 3694 3321 ut

2126 3363 2380 3416 exhiberet
2406 3363 2503 3416 sibi
2524 3364 2687 3433 (haud
2712 3362 2930 3416 dubium
2953 3361 3081 3430 quin
3104 3358 3369 3429 Christus)
3400 3357 3694 3446 Ecclesium

2127 3449 2409 3518 gloriosam
2449 3468 2549 3503 non
2590 3450 2857 3527 habentem
2902 3449 3159 3503 maculam
3199 3457 3290 3500 aut
3333 3462 3514 3515 rugam
3545 3488 3562 3510 ,
3610 3455 3697 3500 aut

2129 3538 2324 3609 aliquid
2351 3540 2604 3609 ejusmodi
2635 3539 2848 3610 (Ep/tes.
2874 3540 2949 3609 v).
2999 3538 3095 3594 Cui
3126 3553 3255 3609 ergo
3281 3537 3429 3592 cordi
3456 3545 3569 3601 est,
3604 3552 3697 3590 ve-
3718 3576 3730 3593 ι

2130 3641 2295 3686 tcrem
2315 3672 2330 3697 ,
2371 3649 2493 3688 eum
2528 3634 2641 3687 suis
2669 3635 2858 3702 pannis
2886 3633 3158 3688 veteribus
3177 3674 3191 3696 ,
3229 3631 3370 3686 colat
3395 3631 3695 3686 hominem.

2130 3722 2235 3776 Nos
2260 3738 2387 3777 vero
2414 3738 2607 3777 novum
2637 3724 2904 3778 hominem
2933 3725 3233 3786 induentes,
3258 3736 3395 3776 nova
3419 3719 3543 3790 ejus
3572 3722 3701 3776 insi-

2130 3817 2288 3885 gnia,
2330 3816 2906 3885 mundumlmundique
2934 3816 3229 3884 principem
3256 3813 3703 3868 victoriosissimo

2132 3906 2539 3979 triumphantia,
2567 3920 2907 3959 veneramur.
2946 3906 3075 3960 Post
3100 3906 3215 3961 hzec
3240 3904 3427 3960 infers.

2209 4013 2226 4045 ι
2257 3994 2562 4048 Adorentur
2604 4005 2659 4049 et
2707 4011 2892 4060 naves,
2940 3996 3065 4065 quia
3112 3996 3424 4066 frequenter
3469 3994 3525 4050 in
3580 3996 3701 4051 navi

2138 4107 2155 4136 ι
2188 4087 2459 4157 navigavit
2485 4097 2541 4141 et
2570 4087 2635 4143 de
2664 4088 2909 4143 navicula
2939 4089 3122 4143 turbas
3150 4088 3357 4153 docuit,
3395 4096 3449 4143 et
3484 4087 3543 4143 in
3580 4088 3702 4142 navi

2139 4196 2156 4227 ε
2189 4176 2474 4241 dormivit,
2514 4186 2568 4232 et
2593 4178 2659 4232 de
2688 4178 2809 4232 navi
2838 4178 3013 4232 ventis
3041 4178 3353 4247 imperavit,
3393 4187 3450 4233 et
3477 4178 3534 4232 in
3572 4178 3702 4231 dex-

2139 4288 2159 4320 ‹
2191 4277 2305 4323 tera
2333 4269 2532 4339 navigii
2562 4278 2676 4324 rete
2704 4270 2915 4324 mittere
2938 4269 3128 4339 jussit,
3167 4269 3381 4338 quando
3406 4269 3702 4338 praepedita

2058 4399 2110 4457 Β
2140 4378 2159 4409 ‹
2194 4358 2279 4412 illa
2311 4374 2503 4429 magna
2533 4368 2753 4429 captura
2781 4358 2922 4414 facta
2952 4366 3036 4414 est
3062 4359 3308 4429 piscium.
3342 4379 3361 4411 ι
3404 4359 3508 4414 Res
3538 4360 3698 4420 mira,

2134 4463 2233 4518 pro
2258 4449 2344 4503 his
2369 4465 2487 4518 quae
2513 4449 2797 4505 Dominum
2831 4450 2885 4504 in
2914 4451 3034 4504 navi
3063 4451 3237 4521 egisse
3265 4452 3557 4514 credimus,
3590 4451 3701 4506 sci-

2133 4539 2259 4595 licet
2286 4541 2411 4610 quia
2439 4541 2491 4595 in
2518 4556 2583 4596 eo
2610 4542 2777 4604 sedit,
2817 4540 3104 4611 docuitque
3128 4541 3212 4597 vel
3245 4551 3439 4597 cetera
3463 4558 3703 4611 qumque

2134 4631 2367 4701 peregit,
2401 4639 2455 4684 te
2477 4630 2715 4686 voluisse
2745 4646 2933 4685 navem
2964 4632 3113 4686 cruci
3142 4633 3431 4702 coaptare!
3472 4631 3705 4687 Constat

2133 4722 2315 4791 itaque
2344 4708 2471 4792 quia
2513 4723 2565 4776 in
2609 4722 2808 4777 diluvio
2853 4723 3099 4778 homines
3143 4739 3269 4778 arca
3314 4723 3524 4778 liberati
3572 4732 3703 4778 sunt

2133 4814 2201 4869 ab
2227 4815 2508 4885 ingruente
2535 4815 2720 4869 mundi
2749 4814 3093 4885 cataclysmo,
3126 4816 3245 4884 quin
3274 4813 3496 4884 ﬁguram
3530 4814 3702 4886 gessit

2135 4907 2333 4970 Cl'UCiS,
2380 4922 2479 4961 nec
2520 4915 2694 4961 tamen
2723 4922 3044 4976 quemquam
3073 4922 3441 4963 successorum
3482 4921 3700 4968 eorum,

2137 5010 2439 5064 quanquam
2479 5005 2660 5050 essent
2694 4982 3053 5066 superstitiosi
3098 5006 3152 5053 et
3190 4997 3410 5053 cultura:
3441 5010 3702 5063 superva-

2137 5101 2251 5139 cua:
2282 5086 2481 5150 dediti,
2510 5102 2691 5141 arcam
2717 5087 2801 5141 vel
2829 5104 3015 5142 navem
3045 5104 3145 5157 pro
3177 5097 3324 5142 tanto
3351 5087 3617 5142 beneﬁcio
3649 5085 3701 5139 in

2140 5176 2359 5229 deorum
2392 5192 2670 5231 numerum
2695 5178 2969 5233 ascivisse.
3002 5178 3211 5244 Quanto
3232 5179 3408 5232 minus
3427 5192 3556 5245 ergo
3579 5191 3696 5232 nos.

2138 5267 2227 5333 qui
2281 5277 2519 5321 sanctam
2572 5268 2889 5343 Trinitatem
2942 5284 3301 5333 veneramur,
3363 5268 3703 5335 alteramque

2139 5356 2402 5410 culturam
2458 5367 2652 5426 praeter
2706 5358 2979 5413 Divinilati
3032 5359 3263 5414 debitam
3319 5371 3694 5413 exsecramur.

2138 5462 2430 5518 congruum
2456 5458 2538 5502 est
2565 5457 2622 5501 ut
2650 5449 2876 5503 navibus
2902 5465 2931 5502 a
2962 5447 3115 5502 nobis
3141 5448 3313 5501 honor
3337 5447 3657 5501 exhibentur
3681 5444 3693 5496 Ξ

2138 5533 2373 5590 Navibus
2395 5552 2523 5606 ergo
2550 5551 2580 5590 a
2607 5537 2761 5591 nobis
2790 5553 2894 5591 non
2919 5535 3159 5591 adoratio
3188 5544 3248 5590 ut
3272 5536 3419 5591 cruci
3446 5534 3696 5593 debetur,

2135 5624 2262 5687 sed,
2308 5632 2558 5693 tanquam
2594 5626 2908 5680 necessariae
2942 5625 3206 5681 elemento
3243 5625 3466 5694 liquido,
3500 5624 3696 5676 usibus
