4030 6190
291 292 401 350 337

1348 292 1432 348 DE
1467 287 1693 346 CULTU
1729 281 2088 339 lMAClNUM.
2125 314 2193 322 —-
2230 282 2353 337 LIB.
2394 274 2456 337 η.

3408 277 3510 336 558

290 407 545 464 immanis
568 403 862 474 profutura:
887 404 1196 459 creduntur.
1255 401 1312 455 Si
1357 409 1553 470 autem
1578 393 1848 468 mysteriis
1876 391 1925 449 Α
1948 398 2052 453 est,
2079 388 2339 445 confusio.
2370 389 2415 443 Α
2440 403 2565 443 vero
2593 386 2853 452 confusio,
2877 387 2915 441 l.
2948 386 3119 443 Homo
3145 385 3417 442 conﬁxum
3445 402 3508 441 ac

289 500 606 563 intenditur,
640 499 878 553 Ecclesia
905 506 1089 553 sancta
1120 498 1372 560 navibus,
1424 495 1478 549 in
1524 495 1717 563 quibus
1743 494 1855 563 glo-

290 594 503 646 riantur
527 589 762 645 Chaldaei
795 589 885 656 qui
921 590 1344 658 interpretantur
1372 585 1734 655 captivantes,
1770 582 1855 636 vel

289 681 448 749 quasi
477 680 773 742 dmumnes,
807 678 1027 732 minime
1059 677 1456 731 venerationem
1486 674 1722 729 exhibet.
1763 673 1854 727 Sic

286 775 433 826 enim
471 772 734 841 propheta
774 770 851 823 ait
875 788 887 824 :
927 769 1144 839 Propter
1170 786 1256 821 vos
1283 768 1429 821 emisi
1456 768 1510 819 in
1537 765 1853 834 Babylonem

287 873 337 915 et
374 864 576 916 detraxi
613 872 773 916 vectes
811 862 1108 920 universos,
1148 870 1194 912 et
1234 856 1510 917 Chaldtros
1550 858 1605 911 in
1641 856 1854 909 navibus

288 957 399 1008 suis
426 955 707 1024 gloriantes
734 950 867 1023 (lsa.
895 951 1073 1021 sun).
1119 950 1229 1005 llas
1262 966 1391 1021 ergo
1431 966 1597 1004 naves
1635 948 1854 1002 minime

286 1048 607 1108 adoramus,
654 1044 991 1113 deceptorias
1030 1051 1177 1098 artes
1206 1040 1422 1112 (quibus
1462 1039 1702 1094 diabolus
1741 1037 1854 1108 glo-

288 1136 549 1198 riabatur,
599 1142 655 1188 et
681 1134 809 1188 vita:
846 1134 1096 1187 humanae
1137 1128 1510 1202 insidiabatur)
1555 1144 1651 1199 per
1677 1127 1855 1182 crucis

284 1228 702 1284 invictissimum
729 1225 984 1281 vexillum
1014 1225 1259 1279 novimus
1286 1224 1567 1286 contritas,
1612 1229 1665 1276 et
1694 1219 1851 1275 Chri-

285 1330 371 1372 sto
402 1316 635 1389 propitio
662 1314 986 1368 annullatas.
1038 1311 1134 1366 His
1163 1328 1263 1382 par
1289 1320 1370 1367 est
1413 1319 1469 1365 et
1505 1310 1658 1364 navis
1690 1307 1848 1388 Tyri,

282 1425 404 1479 qua:
436 1407 620 1463 mundi
652 1408 865 1462 diversa
902 1405 1230 1475 supellectile
1265 1413 1474 1474 compta
1498 1444 1512 1468 ,
1561 1411 1616 1456 et
1663 1400 1852 1456 robore

283 1500 503 1553 diverso
532 1497 821 1558 tutissima,
851 1495 1169 1550 adveniente
1196 1494 1374 1550 crucis
1406 1491 1701 1562 signaculo,
1732 1505 1852 1558 quae

281 1591 426 1645 male
453 1596 696 1652 steterat,
722 1588 999 1651 subversa,
1023 1602 1140 1655 qua:
1170 1586 1469 1655 perniciose
1495 1591 1687 1638 ornata
1713 1589 1846 1641 erat,

1956 480 2373 549 triumphatum,
2403 488 2691 533 attestante
2720 477 2880 531 etiam
2909 477 3165 547 Apostolo
3190 495 3203 530 :
3243 478 3514 547 amplexa-

1955 584 2096 633 mur,
2127 584 2368 623 summus
2393 579 2448 623 et
2473 583 2707 639 congruo
2736 569 2937 623 honore
2965 583 3304 622 veneramur.
3334 583 3511 639 agno-

1954 675 2072 713 rum
2103 669 2281 737 aut’em
2310 659 2611 729 pccualium
2637 659 2903 713 neminem
2948 659 3263 714 adoratione
3290 659 3509 731 dignum

1951 753 2216 808 ducimus.
2256 754 2395 808 Sane
2422 754 2564 808 inter
2589 764 2780 807 castora
2815 753 3111 806 nmniarum
3139 761 3351 807 tuarum
3378 751 3512 806 deli-

1953 840 2191 900 ramenta
2220 847 2371 903 addis
2396 847 2557 900 etiam
2582 864 2594 898 :

2028 957 2047 988 ‹
2081 937 2187 992 Sed
2228 938 2316 999 isti
2346 952 2721 1008 perversorum
2756 937 3059 1007 dogmatum
3086 936 3318 992 cultores
3342 950 3507 1006 agnos

1958 1048 1976 1081 ι
2009 1030 2156 1083 vivos
2180 1030 2365 1084 volunt
2389 1044 2598 1094 vorare,
2631 1038 2684 1083 et
2710 1029 2760 1082 in
2787 1028 2990 1098 pariete
3016 1029 3185 1098 pictos
3212 1028 3453 1082 adorare.
3484 1046 3503 1078 ι
3582 1075 3591 1079 -

1952 1121 2087 1189 Qui,
2120 1137 2302 1190 qumso
2334 1131 2415 1186 te,
2463 1130 2591 1175 sunt
2629 1121 2748 1184 isti,
2795 1120 2886 1189 qui
2930 1135 3098 1189 agnos
3139 1120 3310 1190 pictos
3342 1119 3508 1173 velint

1952 1214 2220 1269 adorare?
2265 1213 2641 1283 Nunquidnam
2713 1210 2848 1266 Galli
2890 1220 3050 1280 atque
3084 1210 3371 1274 Germani,
3417 1209 3508 1279 qui

1951 1306 2251 1375 cuicunque
2290 1306 2514 1377 pictura:
2543 1304 2911 1358 adorationem
2950 1318 3054 1356 non
3093 1302 3262 1356 solum
3302 1302 3509 1356 deferre

1950 1396 2272 1459 detrectant,
2301 1397 2391 1451 sed
2421 1404 2475 1449 et
2500 1394 2846 1448 adorantibus
2874 1393 3042 1447 libera
3071 1407 3201 1445 vooe
3230 1390 3509 1453 resultant,

1950 1500 2151 1555 eosque
2179 1495 2377 1562 quanta
2404 1492 2625 1556 possunt
2656 1484 2960 1539 invectione
2996 1483 3342 1552 redarguunt,
3371 1492 3431 1565 ct‘
3454 1492 3510 1535 ut

1949 1576 2016 1629 ad
2037 1591 2221 1630 sanam
2245 1584 2475 1629 mentem
2500 1574 2743 1639 redeant,
2767 1583 2877 1628 toto
2899 1574 3181 1628 cnnamine
3203 1572 3512 1627 elaborant?

281 1679 575 1733 salubriter
598 1686 684 1732 est
714 1676 1035 1747 exspoliata.
1072 1677 1358 1732 Victricem
1400 1676 1593 1729 harum
1629 1673 1847 1728 navium
1883 1738 1920 1747 _
1953 1665 2007 1721 Si
2039 1681 2166 1737 ergo
2196 1665 2330 1720 tales
2365 1666 2724 1735 reperiuntur,
2758 1672 2811 1719 et
2841 1678 2932 1718 eos
2970 1671 3143 1717 tecum
3164 1703 3178 1727 ,
3220 1663 3368 1716 salvo
3401 1659 3509 1737 fra-

280 1785 504 1825 crncem
544 1738 940 1838 amplectimur,
981 1774 1036 1821 et
1072 1781 1258 1823 earum
1293 1774 1405 1820 tam
1433 1780 1658 1835 corpora
1684 1779 1846 1834 quam
1882 1738 1926 1798 Β
1952 1760 2220 1814 ternitatis
2247 1773 2449 1822 amore,
2482 1759 2535 1812 in
2564 1766 2822 1828 quantum
2852 1756 2985 1811 tales
3013 1764 3139 1810 sunt
3161 1756 3507 1810 detestamur.

276 1872 333 1916 et
386 1862 491 1916 has
539 1858 961 1932 significationes
1013 1857 1081 1912 ab
1130 1857 1443 1912 adoratione
1492 1855 1846 1911 excludimus.

280 1951 430 2007 Sane
457 1952 734 2022 praesentis
766 1950 951 2005 mundi
985 1948 1177 2004 ﬂuctus
1207 1949 1335 2004 hinc
1363 1947 1489 2003 inde
1514 1956 1699 2002 contra
1728 1961 1846 2001 eam

279 2042 622 2111 insurgentes
650 2040 949 2102 evadimus,
975 2048 1030 2094 et
1058 2039 1123 2093 ad
1156 2046 1332 2094 terras
1351 2037 1667 2100 viventium,
1694 2035 1851 2091 Chri-

278 2145 362 2190 sto
394 2134 779 2206 gubernatore,
813 2139 873 2186 ut
900 2131 1139 2186 feramur
1166 2140 1445 2200 optamus;
1485 2139 1643 2198 atque
1673 2128 1850 2182 inimi-

278 2242 403 2281 cum
446 2226 564 2295 ejus
603 2232 715 2278 toto
754 2223 877 2277 nisu
916 2221 1209 2279 secundum
1241 2219 1478 2290 Apostoli
1524 2227 1849 2289 praeceptum

277 2316 453 2387 (Phil.
485 2316 568 2377 nt)
598 2316 965 2379 observamus,
998 2314 1049 2368 id
1081 2322 1182 2377 est,
1216 2328 1487 2369 cavemus.
1541 2311 1709 2365 Porro
1753 2323 1848 2362 ne-

277 2410 383 2478 que
414 2422 641 2471 navent,
677 2404 873 2460 factam
900 2405 1150 2459 videlicet
1178 2405 1470 2459 Ecclesium
1501 2444 1515 2467 ,
1563 2403 1715 2472 cujus
1760 2400 1849 2455 illa

280 2511 447 2570 typus
473 2508 589 2553 crat
617 2497 926 2559 adoramus,
957 2497 1050 2550 sed
1092 2495 1206 2563 ejus
1234 2496 1477 2549 membra
1508 2493 1622 2548 fieri
1653 2492 1848 2563 satagi-

277 2607 423 2655 mus,
468 2589 536 2643 de
572 2602 677 2657 qua
719 2602 891 2656 usque
934 2587 1092 2641 modo
1122 2586 1305 2640 turbas
1333 2585 1665 2641 credentium
1695 2584 1871 2645 docet.

277 2680 506 2751 (Matth.
534 2680 682 2749 vui),
721 2687 776 2733 et
805 2678 978 2732 ventis
1004 2678 1311 2742 contrariis,
1350 2676 1575 2746 impuris
1602 2675 1850 2730 videlicet

278 2770 581 2839 spiritibus,
606 2769 871 2839 procellas
898 2770 1163 2823 luerosum
1187 2767 1565 2831 excitantibus,
1592 2767 1849 2821 hactenus

277 2861 553 2914 silentium
585 2861 872 2929 imperans,
899 2858 1065 2914 dicit:
1102 2857 1233 2912 Tace
1260 2866 1307 2912 et
1339 2857 1628 2911 obmutesce
1652 2854 1844 2925 (Marc.

281 2948 373 3021 tv).
420 2946 621 3003 Deinde
651 2935 731 3003 ais
754 2965 768 3002 :

350 3058 369 3090 ι
404 3038 713 3092 Adorentur
748 3048 803 3092 et
842 3038 964 3107 agni
992 3076 1006 3100 ,
1059 3036 1184 3106 quia
1227 3036 1291 3091 de
1331 3050 1396 3090 eo
1430 3034 1689 3104 scriptum
1719 3043 1802 3090 est
1831 3052 1844 3088 :

280 3150 301 3182 ς
337 3130 477 3184 Ecce
501 3146 667 3199 agnus
692 3129 806 3193 Dei,
827 3129 914 3198 qui
940 3128 1072 3181 tollit
1098 3137 1308 3197 peccata
1332 3126 1512 3180 mundi
1533 3127 1712 3198 (Joan.
1739 3127 1799 3198 ι).
1825 3146 1843 3178 ›

277 3220 414 3286 Quae
444 3229 494 3274 te
522 3221 591 3275 ad
614 3220 995 3275 conferendum
1031 3218 1180 3273 cruci
1211 3232 1406 3286 agnum
1436 3232 1597 3271 causa
1626 3217 1850 3286 impule-

276 3312 367 3379 rit,
395 3310 503 3364 nisi
536 3319 587 3365 te
618 3309 829 3365 dicente
856 3309 1187 3372 intellexero,
1218 3324 1315 3378 per
1341 3324 1426 3363 me
1453 3308 1593 3364 scire
1620 3323 1846 3378 nequeo.

278 3401 467 3469 Neque
488 3402 628 3454 enim
656 3401 864 3470 uspiam
893 3401 1103 3469 reperio
1128 3400 1269 3469 quod
1294 3414 1392 3468 per
1412 3415 1609 3470 agnum
1633 3399 1848 3469 aliquod

276 3492 533 3560 cuiquam
557 3490 862 3544 mortalium
883 3490 1130 3545 collatum
1155 3491 1225 3545 sit
1244 3490 1581 3556 beneficium,
1605 3492 1705 3546 nisi
1726 3507 1847 3547 cum

276 3581 582 3636 eximendae
628 3581 753 3635 fami
802 3582 1016 3651 aliquod
1057 3583 1122 3637 dc
1163 3597 1228 3637 eo
1268 3582 1553 3637 coniicitur
1590 3583 1843 3638 edulium.

278 3669 418 3726 Nam
445 3671 572 3725 etsi
606 3671 831 3725 Domino
871 3671 973 3725 hoc
1010 3686 1206 3725 nomen
1251 3670 1527 3735 scribitur,
1573 3670 1846 3727 sciendum

276 3772 357 3816 est
387 3778 497 3818 non
524 3763 593 3818 ab
618 3778 684 3817 eo
707 3777 900 3817 nomen
929 3764 1033 3817 hoc
1061 3762 1243 3816 datum
1268 3762 1410 3830 quod
1437 3776 1599 3830 pecus
1626 3769 1729 3826 est,
1754 3763 1847 3817 sed

277 3856 367 3923 qui
398 3866 508 3922 pra:
529 3856 740 3909 caeteris
767 3854 1087 3910 animalibus
1110 3870 1310 3909 vacuus
1335 3854 1568 3910 lmsionis
1590 3865 1844 3921 externae,

278 3955 330 3998 et
359 3937 546 3998 rimtus
570 3953 851 4014 permanet
877 3952 1118 4014 tempore
1155 3943 1385 4011 injurize.
1444 3943 1501 3998 Si
1546 3954 1725 4000 autem
1754 3962 1847 4001 oc-

278 4035 520 4088 curreris
547 4042 604 4088 et
630 4034 833 4088 dixeris
858 4074 873 4099 ,
919 4034 1213 4089 Israelitico
1256 4034 1451 4105 populo
1487 4034 1703 4104 aliquod
1750 4052 1848 4105 per

280 4137 478 4192 agnum
509 4119 761 4174 collatum
792 4121 1208 4193 emolumentum
1238 4162 1253 4186 ,
1301 4122 1437 4181 scito
1467 4138 1572 4176 non
1601 4138 1697 4192 per
1730 4123 1847 4193 ejus

282 4190 372 4265 aut
399 4226 598 4281 corpus
621 4220 715 4265 aut
741 4190 997 4282 efﬁgiem,
1025 4212 1119 4266 sed
1148 4211 1373 4267 salutem
1400 4226 1520 4267 esse
1548 4190 1724 4266 datam
1752 4190 1848 4282 per

283 4305 634 4376 sanguinem;
682 4312 734 4358 et
772 4319 871 4373 per
900 4320 1025 4358 eum
1067 4319 1173 4358 non
1216 4302 1554 4373 simpliciter,
1606 4303 1701 4361 sed
1740 4319 1847 4373 quo

1947 1851 2129 1922 Agnos
2176 1865 2339 1920 porro
2386 1865 2492 1904 non
2540 1850 2716 1913 vivos,
2768 1856 2830 1902 ut
2875 1856 2932 1901 tu
2979 1846 3368 1911 calumniaris,
3419 1845 3510 1900 sed

1948 1955 2244 2011 coquorum
2286 1949 2403 1994 arte
2440 1945 2698 2009 paratos,
2748 1946 2805 1992 et
2848 1939 2903 1993 in
2948 1937 3068 1993 cibo
3111 1937 3407 1999 habemus,
3457 1943 3513 1989 et

1947 2037 2288 2091 vescentibus
2316 2050 2502 2090 eorum
2531 2034 2783 2088 carnibus
2811 2030 3409 2101 haud'prtejudicamus.
3451 2028 3507 2082 ln

1948 2145 2053 2199 qua
2084 2146 2143 2185 re
2170 2145 2257 2184 res
2288 2137 2507 2198 stupore
2533 2128 2691 2197 digna
2730 2127 2910 2180 animo
2943 2125 3197 2179 occurrit.
3235 2123 3340 2175 Aut
3367 2122 3509 2176 enim

1950 2229 2006 2275 tu
2042 2222 2157 2291 ipse
2182 2236 2346 2291 agnos
2376 2220 2634 2283 comedis,
2661 2226 2715 2273 et
2738 2218 2970 2272 inaniter
2996 2228 3048 2270 te
3079 2217 3202 2269 talia
3231 2214 3525 2285 scripsisse

1949 2313 2320 2376 convinceris;
2374 2318 2465 2365 aut
2506 2317 2650 2364 certe
2692 2308 2769 2372 si,
2818 2307 3199 2376 superstitione
3238 2304 3507 2364 dictante,

1945 2419 2132 2459 eorum
2175 2401 2427 2457 carnibus
2463 2400 2733 2462 abstines,
2780 2397 3072 2452 Manichem
3113 2403 3166 2449 et
3200 2394 3511 2449 Novatianre

1947 2493 2170 2548 hmresis
2206 2492 2522 2547 barathrum
2570 2505 2677 2544 non
2723 2489 2960 2543 evasisse
2997 2485 3259 2556 probaris,
3310 2498 3374 2539 ac
3416 2498 3513 2551 per

1947 2587 2052 2640 hoc
2082 2584 2247 2640 cultui
2288 2583 2525 2654 perversi
2555 2581 2819 2652 dogmatis
2848 2588 2900 2634 tu
2932 2578 3205 2635 deservire
3235 2576 3423 2647 potius-
3456 2576 3508 2628 in

1948 2675 2041 2730 tali
2085 2683 2206 2729 actu
2249 2673 2607 2729 convinceris.
2667 2670 2761 2735 Sin
2800 2680 2986 2725 autem
3020 2668 3326 2738 frugalitate
3354 2677 3510 2721 utens

1948 2764 2040 2818 tali
2064 2775 2333 2832 temperas
2351 2762 2547 2826 edulio,
2562 2768 2775 2831 oportet
2795 2772 2849 2814 ut
2876 2759 3188 2828 simpliciter
3206 2758 3282 2811 eis
3297 2772 3512 2810 vescen-

1950 2856 2093 2910 tibus
2129 2870 2236 2909 non
2278 2864 2386 2907 tam
2431 2853 2670 2923 graviter
2706 2865 3052 2914 succenseas,
3100 2866 3167 2903 ne
3206 2849 3510 2917 apostolico

1948 2946 2203 3002 doctrinm
2222 2946 2406 3000 obvios
2427 2944 2516 3013 qni
2540 2943 2784 3013 prmcipit
2804 2941 2990 2997 dicens
3014 2960 3027 2995 :
3058 2940 3113 2995 Is
3134 2942 3221 3010 qui
3247 2958 3346 2994 non
3370 2957 3511 2994 mon-

1950 3041 2126 3104 ducot,
2157 3039 2556 3093 manducantem
2587 3054 2689 3091 non
2706 3038 2906 3107 judieet
2934 3035 3108 3107 (Rom.
3140 3035 3272 3107 xw).
3475 3030 3479 3035 ’

2000 3118 2043 3179 ἰ
2074 3128 2319 3184 Postbzec
2348 3127 2561 3197 (inquit)
2590 3128 2897 3181 adorentur
2922 3134 2977 3179 et
3020 3125 3233 3189 leones,
3279 3126 3404 3195 quia
3444 3125 3510 3180 de

1953 3238 1972 3270 σ
2007 3219 2098 3273 illo
2136 3219 2394 3288 scriptum
2432 3228 2551 3273 est:
2588 3216 2719 3271 Vicit
2749 3217 2828 3271 leo
2867 3218 2931 3271 de
2970 3217 3107 3271 tribu
3137 3215 3313 3280 Juda,
3353 3218 3506 3271 radio:

1953 3329 1972 3361 ι
2006 3309 2174 3364 David
2212 3309 2394 3380 (Apoc.
2419 3307 2494 3379 v).
2532 3328 2549 3360 ι
2606 3307 2793 3363 Omnis
2837 3307 2927 3378 qui
2976 3308 3133 3362 alicui
3186 3307 3261 3362 rei
3314 3307 3511 3377 aliquid

1947 3400 2193 3456 conferre
2222 3402 2437 3465 nititur,
2469 3401 2552 3455 vel
2597 3416 2662 3454 ex
2704 3408 2836 3464 toto,
2867 3399 2953 3454 vel
2997 3415 3064 3461 ex
3112 3400 3289 3471 aliqua
3335 3407 3501 3470 parte,

1947 3494 2061 3564 ejus
2101 3494 2503 3550 similitudinem
2548 3493 2746 3547 habere
2792 3493 2877 3548 cui
2922 3508 3040 3547 eam
3086 3502 3364 3563 comparat
3410 3508 3507 3548 ne-

1946 3599 2098 3639 cesse
2118 3592 2201 3639 est
2222 3591 2279 3637 ut
2298 3583 2561 3638 ostendat.
2597 3583 2748 3650 Quod
2775 3584 2902 3651 egit,
2931 3583 3017 3651 qui
3050 3582 3272 3637 Domino
3299 3583 3505 3639 leonem

1946 3674 2324 3730 consimilavit.
2384 3673 2627 3728 Attendit
2672 3688 2903 3743 namque
2951 3674 3003 3728 in
3053 3687 3117 3726 eo
3166 3672 3505 3740 imperiosam

1944 3765 2239 3819 bestiarum
2275 3772 2595 3834 potestatem
2618 3805 2633 3827 ,
2682 3779 2790 3817 non
2821 3771 2998 3818 autem
3028 3762 3380 3818 truculentam
3411 3779 3506 3836 va-

1945 3871 2208 3924 cuamque
2235 3854 2603 3909 misericordia
2630 3854 2912 3909 smvitiam.
2942 3853 3014 3908 At
3038 3852 3307 3922 quomodo
3328 3854 3508 3907 crucis

1945 3946 2115 4001 leonis
2143 3944 2501 4000 consimilatio
2540 3951 2885 4012 comparetur
2927 3958 3032 3997 non
3068 3943 3252 4007 video,
3295 3943 3419 4012 quia
3453 3953 3508 3997 et

1944 4035 2120 4090 crucis
2147 4035 2359 4097 virtuti,
2390 4035 2514 4087 dum
2541 4044 2852 4088 sanctorum
2881 4034 3046 4087 vitam
3076 4046 3351 4097 recenseo,
3382 4032 3509 4089 feri-

1945 4135 2110 4181 tatem
2137 4141 2320 4181 eorom
2351 4125 2578 4180 cessisse
2608 4124 2917 4192 frequenter
2947 4124 3180 4191 invenio,
3212 4134 3266 4179 et
3293 4112 3504 4179 leonum

1946 4232 2211 4286 nusquam
2250 4216 2560 4271 memoriam
2591 4225 2651 4269 ut
2672 4225 2804 4285 pote
2832 4215 3054 4271 rationis
3083 4216 3323 4288 ignaram
3343 4257 3358 4283 ,
3403 4217 3506 4271 nisi

1945 4318 2201 4380 quantum
2240 4308 2625 4378 omnipotentia
2661 4308 2949 4363 domantur
2973 4308 3184 4375 divina,
3225 4309 3341 4363 sine
3378 4308 3506 4364 feri-
3545 4341 3557 4354 -

283 4412 536 4466 aspersus
565 4395 638 4449 sit
663 4396 831 4464 postis
861 4396 1124 4451 ostiorum
1155 4392 1603 4465 (Exod.xu).Hoc
1637 4395 1843 4466 signiﬁ-
1873 4434 1922 4495 D
1952 4408 2062 4454 tate
2091 4400 2319 4469 reperio.
2368 4398 2645 4465 Quomodo
2683 4413 2811 4468 ergo
2843 4397 2945 4452 sibi
2982 4399 3303 4455 conveniant
3337 4415 3467 4454 crux
3491 4440 3507 4465 ,

282 4498 439 4543 canto
462 4488 574 4556 jam
609 4495 731 4541 tun‘c
761 4486 966 4557 Spiritu
995 4495 1200 4553 sancto,
1231 4487 1381 4555 cujus
1411 4486 1497 4539 illa
1526 4487 1846 4556 gerebantur

282 4580 569 4641 instinctu,
606 4577 749 4631 nullo
778 4578 936 4631 modo
968 4593 1065 4632 nos
1092 4592 1252 4647 posse
1290 4577 1658 4631 adversarium
1690 4577 1848 4632 aliter
1890 4574 1893 4577 ’

279 4681 309 4718 a
344 4666 543 4719 nostris
572 4680 756 4719 arcere
785 4664 1054 4729 domibus,
1081 4665 1184 4719 nisi
1214 4666 1335 4735 agni
1368 4664 1691 4718 immaculati
1724 4680 1845 4720 san-

279 4755 441 4824 guine
492 4754 683 4808 illitum
733 4754 895 4809 fuerit
943 4756 1212 4824 passionis
1261 4756 1496 4826 lignum,
1554 4756 1848 4826 domusque

280 4857 485 4898 nostra:
522 4845 762 4911 aditum,
814 4845 913 4899 hoc
957 4844 1294 4914 insigniverit
1331 4860 1541 4900 sacrmn
1569 4844 1842 4900 vexillum.

234 4918 247 4927 ’
281 4937 499 4992 Etenim
534 4938 659 4991 dum
703 4951 866 5006 super
893 4945 1178 5005 utrumque
1206 4947 1414 5006 postem
1460 4946 1515 4990 et
1563 4937 1617 4991 in
1666 4952 1850 5006 super-

281 5026 623 5081 liminaribus
667 5027 946 5081 domorum
993 5042 1153 5080 cruor
1193 5027 1278 5081 ille
1322 5027 1667 5097 prop:llendo
1708 5029 1848 5082 hosti

281 5133 553 5190 congruus
582 5119 904 5188 aspergitur,
937 5125 1044 5170 tam
1071 5116 1405 5186 expositione
1430 5118 1660 5187 partium
1684 5134 1847 5188 quam

281 5218 331 5259 et
357 5207 653 5278 gravedine
684 5207 1061 5278 mysteriorum
1092 5221 1222 5260 crux
1253 5207 1367 5276 ipsa
1396 5222 1501 5261 non
1533 5216 1642 5261 tam
1673 5209 1848 5277 practi-

282 5308 531 5368 guratur,
576 5313 735 5366 quam
773 5297 1059 5368 etiigiatur.
1096 5295 1251 5351 aNos
1293 5297 1475 5366 itaque
1520 5298 1697 5352 crucis
1744 5299 1847 5353 Do-

283 5389 497 5442 minica:
539 5388 947 5442 invictissimum
990 5387 1321 5456 triumphum
1348 5427 1363 5452 ,
1419 5401 1524 5456 quo
1567 5395 1621 5441 et
1662 5375 1846 5457 patres

284 5489 501 5535 nostros
529 5488 716 5536 nactos
744 5495 861 5539 esse
896 5480 1125 5535 salutem
1161 5478 1428 5543 novimus,
1456 5486 1511 5531 et
1541 5477 1593 5531 in
1623 5493 1727 5547 qua
1756 5493 1845 5533 re—

284 5587 427 5641 gem,
457 5571 545 5625 Ait
573 5572 705 5643 (los.
733 5588 831 5638 vn,
861 5573 1002 5644 vut),
1038 5572 1129 5642 qui
1159 5571 1543 5639 interpretatur
1569 5569 1764 5636 Chaos,
1794 5570 1846 5625 id

353 5697 377 5723 ι
405 5682 583 5738 Locus
609 5684 886 5746 obscurus.
916 5700 979 5742 ac
1006 5685 1295 5742 mendosus
1321 5682 1477 5749 forte,

1947 4509 2065 4563 qua:
2090 4492 2389 4547 visibilibus
2435 4501 2489 4544 et
2537 4489 2897 4546 invisibilibus
2931 4492 3194 4547 creaturis
3235 4491 3344 4547 Deo
3383 4493 3504 4547 sub-

1947 4582 2074 4637 ditis
2100 4582 2307 4637 cunctis
2334 4580 2567 4651 profuit,
2611 4589 2667 4635 et
2704 4580 2819 4646 leo,
2862 4582 2953 4650 qui
2992 4581 3121 4635 nulli
3161 4582 3507 4637 invisibilium

1946 4673 2237 4743 quidquam
2267 4671 2535 4741 praestitit,
2565 4680 2619 4726 et
2648 4672 2703 4725 in
2731 4688 2956 4742 corpora
2985 4674 3277 4727 viventium
3308 4685 3505 4743 quanta

1947 4771 2123 4831 potest
2153 4756 2419 4816 feralitate
2448 4762 2696 4827 desmvit,
2726 4763 2841 4832 ipse
2870 4762 3087 4817 videris.
3136 4760 3276 4817 Sane
3305 4764 3510 4833 signifi-

1946 4851 2089 4904 catio
2130 4865 2249 4919 qua:
2293 4850 2344 4904 in
2394 4850 2628 4904 medium
2657 4850 2794 4914 sita,
2838 4865 2980 4905 nunc
3009 4849 3207 4905 Christi
3237 4851 3509 4921 signiﬁca-

1950 4940 2095 4995 tione
2121 4942 2350 5010 gaudet,
2392 4950 2451 4996 ut
2486 4942 2558 4995 ibi
2586 4940 2797 4995 catulus
2826 4940 2996 4995 leonis
3025 4938 3190 5005 Juda;
3226 4957 3367 4997 nunc
3391 4942 3506 4996 dia-

1946 5035 2053 5090 boli
2086 5035 2433 5105 intelligentia
2466 5033 2675 5088 animos
2705 5032 2937 5087 fidelium
2966 5034 3202 5088 deterret
3223 5074 3239 5100 ,
3287 5034 3355 5088 de
3398 5050 3505 5103 quo

1948 5126 2143 5182 dicitur
2169 5145 2181 5178 :
2214 5124 2557 5180 Adversarius
2586 5134 2748 5178 vester
2771 5123 3011 5177 diabolus
3037 5106 3285 5195 tanquam
3312 5123 3390 5178 leo
3417 5141 3505 5178 ru-

1946 5218 2087 5287 giens
2109 5217 2291 5271 circuit
2312 5232 2546 5286 quwrens
2574 5232 2724 5287 quem
2749 5216 2986 5280 devoret;
3012 5225 3270 5285 quantum
3292 5216 3506 5272 Christo

1947 5306 2289 5375 prepinquat,
2316 5305 2402 5373 pie
2432 5320 2459 5357 a
2491 5304 2643 5359 nobis
2672 5305 2981 5375 suscipitur,
3011 5314 3065 5360 et
3092 5320 3197 5359 non
3223 5314 3503 5377 propterea

1946 5396 2049 5463 leo,
2073 5396 2164 5451 sed
2190 5395 2436 5451 Christus
2455 5395 2734 5450 adoratur.
2765 5395 2988 5463 Quando
3014 5403 3193 5449 autem
3220 5395 3304 5450 vel
3331 5396 3503 5466 ipsum
3576 5438 3583 5453 .

1947 5486 2218 5542 diabolum
2243 5500 2325 5540 vet
2359 5486 2589 5555 aliquem
2621 5486 2925 5541 ministrum
2954 5488 3081 5541 ovili
3108 5486 3387 5544 Dominico
3423 5489 3504 5543 in-

1947 5577 2230 5633 sidiantem
2258 5576 2532 5651 designat,
2574 5578 2664 5648 qui
2695 5578 2930 5648 dogmati
2971 5593 3070 5635 suo
3101 5593 3340 5650 quosque
3368 5580 3507 5636 tilio.
