  <div class='ocr_page' id='page_1' title='image "/cluster/home/n/w/nwhite01/storage/ocr_20150623/106/hvd.32044054759717/185.png"; bbox 0 0 4030 6190; ppageno 0'>
   <div class='ocr_carea' id='block_1_1' title="bbox 509 282 613 340">
    <p class='ocr_par' dir='ltr' id='par_1_1' title="bbox 509 282 613 340">
     <span class='ocr_line' id='line_1_1' title="bbox 509 282 613 340; baseline -0.019 0"><span class='ocrx_word' id='word_1_1' title='bbox 509 282 613 340; x_wconf 76' lang='lat'><strong>359</strong></span> 
     </span>
    </p>
   </div>
   <div class='ocr_carea' id='block_1_2' title="bbox 1559 272 2783 337">
    <p class='ocr_par' dir='ltr' id='par_1_2' title="bbox 1559 272 2783 337">
     <span class='ocr_line' id='line_1_2' title="bbox 1559 272 2783 337; baseline -0.009 0"><span class='ocrx_word' id='word_1_2' title='bbox 1559 278 1752 337; x_wconf 72' lang='lat' dir='ltr'><strong>JONAE</strong></span> <span class='ocrx_word' id='word_1_3' title='bbox 1791 273 2342 335; x_wconf 74' lang='lat' dir='ltr'><strong>AURELIANENSIS</strong></span> <span class='ocrx_word' id='word_1_4' title='bbox 2381 272 2683 331; x_wconf 75' lang='lat' dir='ltr'><strong>EPXSCOPI</strong></span> <span class='ocrx_word' id='word_1_5' title='bbox 2782 332 2783 337; x_wconf 27' lang='grc' dir='ltr'><strong>η</strong></span> 
     </span>
    </p>
   </div>
   <div class='ocr_carea' id='block_1_3' title="bbox 3630 269 3750 327">
    <p class='ocr_par' dir='ltr' id='par_1_3' title="bbox 3630 269 3750 327">
     <span class='ocr_line' id='line_1_3' title="bbox 3630 269 3750 327; baseline 0.033 -4"><span class='ocrx_word' id='word_1_6' title='bbox 3630 269 3750 327; x_wconf 71' lang='lat'><strong>360</strong></span> 
     </span>
    </p>
   </div>
   <div class='ocr_carea' id='block_1_4' title="bbox 507 388 3752 468">
    <p class='ocr_par' dir='ltr' id='par_1_4' title="bbox 507 388 3752 468">
     <span class='ocr_line' id='line_1_4' title="bbox 507 388 3752 468; baseline -0.005 -10"><span class='ocrx_word' id='word_1_7' title='bbox 507 420 628 459; x_wconf 86' lang='lat' dir='ltr'><strong>rum</strong></span> <span class='ocrx_word' id='word_1_8' title='bbox 663 408 863 458; x_wconf 74' lang='lat' dir='ltr'><strong>sancta:</strong></span> <span class='ocrx_word' id='word_1_9' title='bbox 898 398 1148 455; x_wconf 72' lang='lat' dir='ltr'><strong>Ecclesia!</strong></span> <span class='ocrx_word' id='word_1_10' title='bbox 1177 398 1386 465; x_wconf 84' lang='lat' dir='ltr'><strong>subdit,</strong></span> <span class='ocrx_word' id='word_1_11' title='bbox 1426 399 1491 455; x_wconf 92' lang='lat' dir='ltr'><strong>de</strong></span> <span class='ocrx_word' id='word_1_12' title='bbox 1525 413 1633 468; x_wconf 91' lang='lat' dir='ltr'><strong>quo</strong></span> <span class='ocrx_word' id='word_1_13' title='bbox 1672 405 1725 453; x_wconf 92' lang='lat' dir='ltr'><strong>et</strong></span> <span class='ocrx_word' id='word_1_14' title='bbox 1767 398 1833 451; x_wconf 91' lang='lat' dir='ltr'><strong>de</strong></span> <span class='ocrx_word' id='word_1_15' title='bbox 1869 396 2064 465; x_wconf 85' lang='lat' dir='ltr'><strong>quibus</strong></span> <span class='ocrx_word' id='word_1_16' title='bbox 2091 397 2142 453; x_wconf 81' lang='grc' dir='ltr'>Α</span> <span class='ocrx_word' id='word_1_17' title='bbox 2166 392 2220 446; x_wconf 92' lang='lat' dir='ltr'><strong>in</strong></span> <span class='ocrx_word' id='word_1_18' title='bbox 2252 390 2413 446; x_wconf 90' lang='lat' dir='ltr'><strong>corde</strong></span> <span class='ocrx_word' id='word_1_19' title='bbox 2443 401 2533 447; x_wconf 92' lang='lat' dir='ltr'><strong>tuo</strong></span> <span class='ocrx_word' id='word_1_20' title='bbox 2567 391 2670 447; x_wconf 85' lang='lat' dir='ltr'><strong>sibi</strong></span> <span class='ocrx_word' id='word_1_21' title='bbox 2707 388 2898 446; x_wconf 77' lang='lat' dir='ltr'><strong>fecerit</strong></span> <span class='ocrx_word' id='word_1_22' title='bbox 2929 389 3135 455; x_wconf 88' lang='lat' dir='ltr'><strong>sedem,</strong></span> <span class='ocrx_word' id='word_1_23' title='bbox 3165 398 3221 444; x_wconf 85' lang='lat' dir='ltr'><strong>et</strong></span> <span class='ocrx_word' id='word_1_24' title='bbox 3247 388 3316 444; x_wconf 87' lang='lat' dir='ltr'><strong>ad</strong></span> <span class='ocrx_word' id='word_1_25' title='bbox 3348 397 3456 443; x_wconf 81' lang='lat' dir='ltr'><strong>tam</strong></span> <span class='ocrx_word' id='word_1_26' title='bbox 3483 402 3752 445; x_wconf 74' lang='lat' dir='ltr'><strong>exsecra-</strong></span> 
     </span>
    </p>
   </div>
   <div class='ocr_carea' id='block_1_5' title="bbox 509 485 2070 563">
    <p class='ocr_par' dir='ltr' id='par_1_5' title="bbox 509 485 2070 563">
     <span class='ocr_line' id='line_1_5' title="bbox 509 485 2070 563; baseline -0.006 -14"><span class='ocrx_word' id='word_1_27' title='bbox 509 495 708 549; x_wconf 87' lang='lat' dir='ltr'><strong>dicitur</strong></span> <span class='ocrx_word' id='word_1_28' title='bbox 731 508 827 563; x_wconf 87' lang='lat' dir='ltr'><strong>per</strong></span> <span class='ocrx_word' id='word_1_29' title='bbox 849 491 1094 545; x_wconf 80' lang='lat' dir='ltr'><strong>Nahum:</strong></span> <span class='ocrx_word' id='word_1_30' title='bbox 1126 489 1228 544; x_wconf 86' lang='lat' dir='ltr'><strong><em>Leo</em></strong></span> <span class='ocrx_word' id='word_1_31' title='bbox 1256 492 1386 561; x_wconf 84' lang='lat' dir='ltr'><strong>cepit</strong></span> <span class='ocrx_word' id='word_1_32' title='bbox 1414 491 1724 561; x_wconf 72' lang='lat' dir='ltr'><strong>sufficienter</strong></span> <span class='ocrx_word' id='word_1_33' title='bbox 1750 487 1937 542; x_wconf 75' lang='lat' dir='ltr'><strong>catulis</strong></span> <span class='ocrx_word' id='word_1_34' title='bbox 1961 485 2070 541; x_wconf 76' lang='lat' dir='ltr'><strong>suis</strong></span> 
     </span>
    </p>
   </div>
   <div class='ocr_carea' id='block_1_6' title="bbox 510 582 2071 655">
    <p class='ocr_par' dir='ltr' id='par_1_6' title="bbox 510 582 2071 655">
     <span class='ocr_line' id='line_1_6' title="bbox 510 582 2071 655; baseline -0.003 -16"><span class='ocrx_word' id='word_1_35' title='bbox 510 585 747 655; x_wconf 85' lang='lat' dir='ltr'><strong>(Nahum</strong></span> <span class='ocrx_word' id='word_1_36' title='bbox 771 582 864 653; x_wconf 91' lang='grc' dir='ltr'>ιι),</span> <span class='ocrx_word' id='word_1_37' title='bbox 909 583 1082 638; x_wconf 85' lang='lat' dir='ltr'><strong>modis</strong></span> <span class='ocrx_word' id='word_1_38' title='bbox 1108 582 1356 638; x_wconf 83' lang='lat' dir='ltr'><strong>omnibus</strong></span> <span class='ocrx_word' id='word_1_39' title='bbox 1380 583 1753 641; x_wconf 84' lang='lat' dir='ltr'><strong>abhorremus.</strong></span> <span class='ocrx_word' id='word_1_40' title='bbox 1792 589 1848 635; x_wconf 88' lang='lat' dir='ltr'><strong>et</strong></span> <span class='ocrx_word' id='word_1_41' title='bbox 1885 588 1944 634; x_wconf 88' lang='lat' dir='ltr'><strong>ut</strong></span> <span class='ocrx_word' id='word_1_42' title='bbox 1979 595 2071 634; x_wconf 90' lang='lat' dir='ltr'><strong>eos</strong></span> 
     </span>
    </p>
   </div>
   <div class='ocr_carea' id='block_1_7' title="bbox 507 672 2073 746">
    <p class='ocr_par' dir='ltr' id='par_1_7' title="bbox 507 672 2073 746">
     <span class='ocr_line' id='line_1_7' title="bbox 507 672 2073 746; baseline -0.003 -15"><span class='ocrx_word' id='word_1_43' title='bbox 507 678 681 731; x_wconf 84' lang='lat' dir='ltr'><strong>vitare</strong></span> <span class='ocrx_word' id='word_1_44' title='bbox 707 675 994 746; x_wconf 86' lang='lat' dir='ltr'><strong>possimus,</strong></span> <span class='ocrx_word' id='word_1_45' title='bbox 1033 689 1249 730; x_wconf 91' lang='lat' dir='ltr'><strong>crucem</strong></span> <span class='ocrx_word' id='word_1_46' title='bbox 1280 683 1532 743; x_wconf 86' lang='lat' dir='ltr'><strong>tanquam</strong></span> <span class='ocrx_word' id='word_1_47' title='bbox 1561 672 1915 728; x_wconf 80' lang='lat' dir='ltr'><strong>fortissimum</strong></span> <span class='ocrx_word' id='word_1_48' title='bbox 1950 687 2073 742; x_wconf 92' lang='lat' dir='ltr'><strong>pro-</strong></span> 
     </span>
    </p>
   </div>
   <div class='ocr_carea' id='block_1_8' title="bbox 506 763 2069 839">
    <p class='ocr_par' dir='ltr' id='par_1_8' title="bbox 506 763 2069 839">
     <span class='ocr_line' id='line_1_8' title="bbox 506 763 2069 839; baseline -0.003 -17"><span class='ocrx_word' id='word_1_49' title='bbox 506 767 865 839; x_wconf 81' lang='lat' dir='ltr'><strong>pugnaculum</strong></span> <span class='ocrx_word' id='word_1_50' title='bbox 896 776 948 821; x_wconf 89' lang='lat' dir='ltr'><strong>et</strong></span> <span class='ocrx_word' id='word_1_51' title='bbox 977 776 1158 822; x_wconf 89' lang='lat' dir='ltr'><strong>mente</strong></span> <span class='ocrx_word' id='word_1_52' title='bbox 1187 773 1452 831; x_wconf 90' lang='lat' dir='ltr'><strong>tenemus,</strong></span> <span class='ocrx_word' id='word_1_53' title='bbox 1484 776 1539 819; x_wconf 90' lang='lat' dir='ltr'><strong>et</strong></span> <span class='ocrx_word' id='word_1_54' title='bbox 1564 764 1778 835; x_wconf 82' lang='lat' dir='ltr'><strong>corpori</strong></span> <span class='ocrx_word' id='word_1_55' title='bbox 1807 763 2069 834; x_wconf 89' lang='lat' dir='ltr'><strong>imprimi-</strong></span> 
     </span>
    </p>
   </div>
   <div class='ocr_carea' id='block_1_9' title="bbox 509 856 1171 912">
    <p class='ocr_par' dir='ltr' id='par_1_9' title="bbox 509 856 1171 912">
     <span class='ocr_line' id='line_1_9' title="bbox 509 856 1171 912; baseline -0.002 -2"><span class='ocrx_word' id='word_1_56' title='bbox 509 873 645 911; x_wconf 91' lang='lat' dir='ltr'><strong>mus.</strong></span> <span class='ocrx_word' id='word_1_57' title='bbox 683 856 811 912; x_wconf 85' lang='lat' dir='ltr'><strong>Post</strong></span> <span class='ocrx_word' id='word_1_58' title='bbox 840 858 954 911; x_wconf 62' lang='lat' dir='ltr'><strong>bene</strong></span> <span class='ocrx_word' id='word_1_59' title='bbox 982 857 1135 911; x_wconf 88' lang='lat' dir='ltr'><strong>addis</strong></span> <span class='ocrx_word' id='word_1_60' title='bbox 1160 875 1171 909; x_wconf 81' lang='grc'><em>;</em></span> 
     </span>
    </p>
   </div>
   <div class='ocr_carea' id='block_1_10' title="bbox 581 944 2075 1017">
    <p class='ocr_par' dir='ltr' id='par_1_10' title="bbox 581 944 2075 1017">
     <span class='ocr_line' id='line_1_10' title="bbox 581 944 2075 1017; baseline 0 -20"><span class='ocrx_word' id='word_1_61' title='bbox 581 967 600 997; x_wconf 70' lang='grc' dir='ltr'><strong>ι</strong></span> <span class='ocrx_word' id='word_1_62' title='bbox 628 948 933 1003; x_wconf 80' lang='lat' dir='ltr'><strong>Adoreutur</strong></span> <span class='ocrx_word' id='word_1_63' title='bbox 956 954 1012 1001; x_wconf 91' lang='lat' dir='ltr'><strong>et</strong></span> <span class='ocrx_word' id='word_1_64' title='bbox 1038 954 1223 1017; x_wconf 78' lang='lat' dir='ltr'><strong>petrae,</strong></span> <span class='ocrx_word' id='word_1_65' title='bbox 1246 946 1371 1014; x_wconf 88' lang='lat' dir='ltr'><strong>quia</strong></span> <span class='ocrx_word' id='word_1_66' title='bbox 1397 946 1610 1016; x_wconf 81' lang='lat' dir='ltr'><strong>quando</strong></span> <span class='ocrx_word' id='word_1_67' title='bbox 1635 946 1699 1000; x_wconf 89' lang='lat' dir='ltr'><strong>de</strong></span> <span class='ocrx_word' id='word_1_68' title='bbox 1727 958 1887 999; x_wconf 87' lang='lat' dir='ltr'><strong>cruce</strong></span> <span class='ocrx_word' id='word_1_69' title='bbox 1910 944 2075 1014; x_wconf 82' lang='lat' dir='ltr'><strong>depo-</strong></span> 
     </span>
    </p>
   </div>
   <div class='ocr_carea' id='block_1_11' title="bbox 512 1034 2069 1106">
    <p class='ocr_par' dir='ltr' id='par_1_11' title="bbox 512 1034 2069 1106">
     <span class='ocr_line' id='line_1_11' title="bbox 512 1034 2069 1106; baseline -0.002 -16"><span class='ocrx_word' id='word_1_70' title='bbox 512 1057 531 1090; x_wconf 70' lang='lat' dir='ltr'>c</span> <span class='ocrx_word' id='word_1_71' title='bbox 559 1039 695 1093; x_wconf 89' lang='lat' dir='ltr'><strong>situs</strong></span> <span class='ocrx_word' id='word_1_72' title='bbox 715 1047 816 1100; x_wconf 88' lang='lat' dir='ltr'><strong>est.</strong></span> <span class='ocrx_word' id='word_1_73' title='bbox 838 1039 889 1093; x_wconf 92' lang='lat' dir='ltr'><strong>in</strong></span> <span class='ocrx_word' id='word_1_74' title='bbox 913 1052 1076 1092; x_wconf 80' lang='lat' dir='ltr'><strong>saxeo</strong></span> <span class='ocrx_word' id='word_1_75' title='bbox 1095 1038 1340 1106; x_wconf 86' lang='lat' dir='ltr'><strong>sepulcro</strong></span> <span class='ocrx_word' id='word_1_76' title='bbox 1362 1046 1445 1091; x_wconf 91' lang='lat' dir='ltr'><strong>est</strong></span> <span class='ocrx_word' id='word_1_77' title='bbox 1467 1037 1693 1106; x_wconf 89' lang='lat' dir='ltr'><strong>positus,</strong></span> <span class='ocrx_word' id='word_1_78' title='bbox 1716 1054 1732 1086; x_wconf 81' lang='grc' dir='ltr'><strong>ι</strong></span> <span class='ocrx_word' id='word_1_79' title='bbox 1761 1044 1816 1089; x_wconf 93' lang='lat' dir='ltr'><strong>et</strong></span> <span class='ocrx_word' id='word_1_80' title='bbox 1843 1034 2069 1104; x_wconf 88' lang='lat' dir='ltr'><strong>reliqua.</strong></span> 
     </span>
    </p>
   </div>
   <div class='ocr_carea' id='block_1_12' title="bbox 509 1127 2072 1200">
    <p class='ocr_par' dir='ltr' id='par_1_12' title="bbox 509 1127 2072 1200">
     <span class='ocr_line' id='line_1_12' title="bbox 509 1127 2072 1200; baseline -0.004 -15"><span class='ocrx_word' id='word_1_81' title='bbox 509 1130 565 1185; x_wconf 87' lang='lat' dir='ltr'><strong>Si</strong></span> <span class='ocrx_word' id='word_1_82' title='bbox 606 1130 805 1200; x_wconf 90' lang='lat' dir='ltr'><strong>aliquid</strong></span> <span class='ocrx_word' id='word_1_83' title='bbox 848 1130 1063 1198; x_wconf 87' lang='lat' dir='ltr'><strong>sapiens</strong></span> <span class='ocrx_word' id='word_1_84' title='bbox 1107 1138 1200 1183; x_wconf 90' lang='lat' dir='ltr'><strong>aut</strong></span> <span class='ocrx_word' id='word_1_85' title='bbox 1241 1128 1518 1198; x_wconf 68' lang='lat' dir='ltr'><strong>sapientia:</strong></span> <span class='ocrx_word' id='word_1_86' title='bbox 1558 1128 1871 1197; x_wconf 89' lang='lat' dir='ltr'><strong>contiguum</strong></span> <span class='ocrx_word' id='word_1_87' title='bbox 1909 1127 2072 1181; x_wconf 90' lang='lat' dir='ltr'><strong>verba</strong></span> 
     </span>
    </p>
   </div>
   <div class='ocr_carea' id='block_1_13' title="bbox 509 1218 2075 1288">
    <p class='ocr_par' dir='ltr' id='par_1_13' title="bbox 509 1218 2075 1288">
     <span class='ocr_line' id='line_1_13' title="bbox 509 1218 2075 1288; baseline -0.003 -13"><span class='ocrx_word' id='word_1_88' title='bbox 509 1230 601 1276; x_wconf 91' lang='lat' dir='ltr'><strong>tua</strong></span> <span class='ocrx_word' id='word_1_89' title='bbox 629 1221 996 1282; x_wconf 90' lang='lat' dir='ltr'><strong>continerent,</strong></span> <span class='ocrx_word' id='word_1_90' title='bbox 1035 1218 1180 1287; x_wconf 87' lang='lat' dir='ltr'><strong>juste</strong></span> <span class='ocrx_word' id='word_1_91' title='bbox 1214 1229 1486 1288; x_wconf 86' lang='lat' dir='ltr'><strong>utcunque</strong></span> <span class='ocrx_word' id='word_1_92' title='bbox 1538 1218 1831 1283; x_wconf 90' lang='lat' dir='ltr'><strong>audireris,</strong></span> <span class='ocrx_word' id='word_1_93' title='bbox 1863 1225 1922 1272; x_wconf 90' lang='lat' dir='ltr'><strong>ut</strong></span> <span class='ocrx_word' id='word_1_94' title='bbox 1952 1230 2075 1288; x_wconf 84' lang='lat' dir='ltr'><strong>pcte</strong></span> 
     </span>
    </p>
   </div>
   <div class='ocr_carea' id='block_1_14' title="bbox 508 1308 2075 1381">
    <p class='ocr_par' dir='ltr' id='par_1_14' title="bbox 508 1308 2075 1381">
     <span class='ocr_line' id='line_1_14' title="bbox 508 1308 2075 1381; baseline -0.003 -16"><span class='ocrx_word' id='word_1_95' title='bbox 508 1311 560 1365; x_wconf 89' lang='lat' dir='ltr'><strong>in</strong></span> <span class='ocrx_word' id='word_1_96' title='bbox 588 1310 739 1379; x_wconf 90' lang='lat' dir='ltr'><strong>cujus</strong></span> <span class='ocrx_word' id='word_1_97' title='bbox 768 1310 1069 1381; x_wconf 89' lang='lat' dir='ltr'><strong>quisquiliis</strong></span> <span class='ocrx_word' id='word_1_98' title='bbox 1098 1309 1297 1378; x_wconf 89' lang='lat' dir='ltr'><strong>aliquid</strong></span> <span class='ocrx_word' id='word_1_99' title='bbox 1328 1324 1518 1363; x_wconf 90' lang='lat' dir='ltr'><strong>sanum</strong></span> <span class='ocrx_word' id='word_1_100' title='bbox 1547 1308 1804 1378; x_wconf 78' lang='lat' dir='ltr'><strong>sapientis</strong></span> <span class='ocrx_word' id='word_1_101' title='bbox 1832 1308 2075 1376; x_wconf 89' lang='lat' dir='ltr'><strong>percipe-</strong></span> 
     </span>
    </p>
   </div>
   <div class='ocr_carea' id='block_1_15' title="bbox 508 1396 2070 1469">
    <p class='ocr_par' dir='ltr' id='par_1_15' title="bbox 508 1396 2070 1469">
     <span class='ocr_line' id='line_1_15' title="bbox 508 1396 2070 1469; baseline -0.003 -13"><span class='ocrx_word' id='word_1_102' title='bbox 508 1412 590 1457; x_wconf 86' lang='lat' dir='ltr'><strong>ret</strong></span> <span class='ocrx_word' id='word_1_103' title='bbox 616 1403 850 1457; x_wconf 90' lang='lat' dir='ltr'><strong>anditus.</strong></span> <span class='ocrx_word' id='word_1_104' title='bbox 884 1400 1035 1455; x_wconf 84' lang='lat' dir='ltr'><strong>Nunc</strong></span> <span class='ocrx_word' id='word_1_105' title='bbox 1057 1415 1184 1455; x_wconf 90' lang='lat' dir='ltr'><strong>vero</strong></span> <span class='ocrx_word' id='word_1_106' title='bbox 1206 1400 1332 1469; x_wconf 84' lang='lat' dir='ltr'><strong>quia</strong></span> <span class='ocrx_word' id='word_1_107' title='bbox 1355 1396 1569 1468; x_wconf 84' lang='lat' dir='ltr'><strong>penitus</strong></span> <span class='ocrx_word' id='word_1_108' title='bbox 1594 1400 1772 1469; x_wconf 89' lang='lat' dir='ltr'><strong>inepta</strong></span> <span class='ocrx_word' id='word_1_109' title='bbox 1795 1398 2070 1469; x_wconf 81' lang='lat' dir='ltr'><strong>preponis,</strong></span> 
     </span>
    </p>
   </div>
   <div class='ocr_carea' id='block_1_16' title="bbox 507 1491 2073 1564">
    <p class='ocr_par' dir='ltr' id='par_1_16' title="bbox 507 1491 2073 1564">
     <span class='ocr_line' id='line_1_16' title="bbox 507 1491 2073 1564; baseline 0 -16"><span class='ocrx_word' id='word_1_110' title='bbox 507 1503 561 1548; x_wconf 91' lang='lat' dir='ltr'><strong>et</strong></span> <span class='ocrx_word' id='word_1_111' title='bbox 594 1502 817 1564; x_wconf 83' lang='lat' dir='ltr'><strong>argento</strong></span> <span class='ocrx_word' id='word_1_112' title='bbox 844 1494 1092 1557; x_wconf 81' lang='lat' dir='ltr'><strong>sordido,</strong></span> <span class='ocrx_word' id='word_1_113' title='bbox 1136 1501 1195 1548; x_wconf 91' lang='lat' dir='ltr'><strong>ut</strong></span> <span class='ocrx_word' id='word_1_114' title='bbox 1223 1491 1511 1562; x_wconf 64' lang='lat' dir='ltr'><strong>Sapientiae</strong></span> <span class='ocrx_word' id='word_1_115' title='bbox 1540 1492 1679 1547; x_wconf 91' lang='lat' dir='ltr'><strong>liber</strong></span> <span class='ocrx_word' id='word_1_116' title='bbox 1719 1493 1829 1557; x_wconf 88' lang='lat' dir='ltr'><strong>ait,</strong></span> <span class='ocrx_word' id='word_1_117' title='bbox 1877 1508 2073 1548; x_wconf 90' lang='lat' dir='ltr'><strong>ornare</strong></span> 
     </span>
    </p>
   </div>
   <div class='ocr_carea' id='block_1_17' title="bbox 507 1582 2072 1655">
    <p class='ocr_par' dir='ltr' id='par_1_17' title="bbox 507 1582 2072 1655">
     <span class='ocr_line' id='line_1_17' title="bbox 507 1582 2072 1655; baseline -0.002 -14"><span class='ocrx_word' id='word_1_118' title='bbox 507 1587 659 1655; x_wconf 90' lang='lat' dir='ltr'><strong>cupis</strong></span> <span class='ocrx_word' id='word_1_119' title='bbox 685 1600 780 1640; x_wconf 87' lang='lat' dir='ltr'><strong>vas</strong></span> <span class='ocrx_word' id='word_1_120' title='bbox 808 1584 971 1640; x_wconf 83' lang='lat' dir='ltr'><strong>ﬁctile</strong></span> <span class='ocrx_word' id='word_1_121' title='bbox 1000 1582 1179 1654; x_wconf 79' lang='lat' dir='ltr'><strong>(Prov.</strong></span> <span class='ocrx_word' id='word_1_122' title='bbox 1213 1584 1348 1653; x_wconf 76' lang='lat' dir='ltr'><strong>xvi),</strong></span> <span class='ocrx_word' id='word_1_123' title='bbox 1380 1585 1671 1640; x_wconf 82' lang='lat' dir='ltr'><strong>verendum</strong></span> <span class='ocrx_word' id='word_1_124' title='bbox 1712 1585 1807 1639; x_wconf 89' lang='lat' dir='ltr'><strong>tibi</strong></span> <span class='ocrx_word' id='word_1_125' title='bbox 1840 1593 1922 1639; x_wconf 90' lang='lat' dir='ltr'><strong>est</strong></span> <span class='ocrx_word' id='word_1_126' title='bbox 1942 1624 1958 1650; x_wconf 90' lang='lat'><strong>,</strong></span> <span class='ocrx_word' id='word_1_127' title='bbox 2003 1599 2072 1639; x_wconf 92' lang='lat' dir='ltr'><strong>ne</strong></span> 
     </span>
    </p>
   </div>
   <div class='ocr_carea' id='block_1_18' title="bbox 505 1670 2070 1743">
    <p class='ocr_par' dir='ltr' id='par_1_18' title="bbox 505 1670 2070 1743">
     <span class='ocr_line' id='line_1_18' title="bbox 505 1670 2070 1743; baseline -0.001 -15"><span class='ocrx_word' id='word_1_128' title='bbox 505 1673 648 1728; x_wconf 88' lang='lat' dir='ltr'><strong>inter</strong></span> <span class='ocrx_word' id='word_1_129' title='bbox 676 1688 768 1728; x_wconf 91' lang='lat' dir='ltr'><strong>eos</strong></span> <span class='ocrx_word' id='word_1_130' title='bbox 810 1674 1214 1728; x_wconf 89' lang='lat' dir='ltr'><strong>connumereris</strong></span> <span class='ocrx_word' id='word_1_131' title='bbox 1257 1674 1348 1743; x_wconf 85' lang='lat' dir='ltr'><strong>qui</strong></span> <span class='ocrx_word' id='word_1_132' title='bbox 1396 1674 1450 1727; x_wconf 93' lang='lat' dir='ltr'><strong>in</strong></span> <span class='ocrx_word' id='word_1_133' title='bbox 1495 1672 1741 1728; x_wconf 83' lang='lat' dir='ltr'><strong>convivio</strong></span> <span class='ocrx_word' id='word_1_134' title='bbox 1775 1670 2070 1729; x_wconf 69' lang='lat' dir='ltr'><strong>&#39;Baltbasar</strong></span> 
     </span>
    </p>
   </div>
   <div class='ocr_carea' id='block_1_19' title="bbox 2171 478 3750 554">
    <p class='ocr_par' dir='ltr' id='par_1_19' title="bbox 2171 478 3750 554">
     <span class='ocr_line' id='line_1_19' title="bbox 2171 478 3750 554; baseline -0.004 -14"><span class='ocrx_word' id='word_1_135' title='bbox 2171 478 2276 541; x_wconf 85' lang='lat' dir='ltr'><strong>bile</strong></span> <span class='ocrx_word' id='word_1_136' title='bbox 2306 484 2645 539; x_wconf 79' lang='lat' dir='ltr'><strong>mendacium</strong></span> <span class='ocrx_word' id='word_1_137' title='bbox 2690 481 3102 554; x_wconf 77' lang='lat' dir='ltr'><strong>proferendum,</strong></span> <span class='ocrx_word' id='word_1_138' title='bbox 3146 496 3210 538; x_wconf 89' lang='lat' dir='ltr'><strong>os</strong></span> <span class='ocrx_word' id='word_1_139' title='bbox 3251 489 3404 536; x_wconf 90' lang='lat' dir='ltr'><strong>tuum</strong></span> <span class='ocrx_word' id='word_1_140' title='bbox 3447 489 3750 550; x_wconf 81' lang='lat' dir='ltr'><strong>aperuerit.</strong></span> 
     </span>
    </p>
   </div>
   <div class='ocr_carea' id='block_1_20' title="bbox 2171 570 3761 645">
    <p class='ocr_par' dir='ltr' id='par_1_20' title="bbox 2171 570 3761 645">
     <span class='ocr_line' id='line_1_20' title="bbox 2171 570 3761 645; baseline -0.001 -17"><span class='ocrx_word' id='word_1_141' title='bbox 2171 574 2280 640; x_wconf 88' lang='lat' dir='ltr'><strong>Ille,</strong></span> <span class='ocrx_word' id='word_1_142' title='bbox 2315 575 2556 644; x_wconf 90' lang='lat' dir='ltr'><strong>inquam,</strong></span> <span class='ocrx_word' id='word_1_143' title='bbox 2588 574 2679 645; x_wconf 82' lang='lat' dir='ltr'><strong>qui</strong></span> <span class='ocrx_word' id='word_1_144' title='bbox 2707 576 2775 629; x_wconf 90' lang='lat' dir='ltr'><strong>ab</strong></span> <span class='ocrx_word' id='word_1_145' title='bbox 2804 573 3046 628; x_wconf 49' lang='lat' dir='ltr'><strong>initiotin</strong></span> <span class='ocrx_word' id='word_1_146' title='bbox 3076 572 3304 627; x_wconf 80' lang='lat' dir='ltr'><strong>veritate</strong></span> <span class='ocrx_word' id='word_1_147' title='bbox 3330 587 3437 626; x_wconf 88' lang='lat' dir='ltr'><strong>non</strong></span> <span class='ocrx_word' id='word_1_148' title='bbox 3471 570 3651 635; x_wconf 87' lang='lat' dir='ltr'><strong>stetit,</strong></span> <span class='ocrx_word' id='word_1_149' title='bbox 3690 579 3761 626; x_wconf 81' lang='lat' dir='ltr'><strong>et</strong></span> 
     </span>
    </p>
   </div>
   <div class='ocr_carea' id='block_1_21' title="bbox 2172 662 3753 737">
    <p class='ocr_par' dir='ltr' id='par_1_21' title="bbox 2172 662 3753 737">
     <span class='ocr_line' id='line_1_21' title="bbox 2172 662 3753 737; baseline -0.003 -15"><span class='ocrx_word' id='word_1_150' title='bbox 2172 676 2256 722; x_wconf 84' lang='lat' dir='ltr'><strong>est</strong></span> <span class='ocrx_word' id='word_1_151' title='bbox 2284 666 2536 730; x_wconf 80' lang='lat' dir='ltr'><strong>mendax,</strong></span> <span class='ocrx_word' id='word_1_152' title='bbox 2567 674 2622 721; x_wconf 90' lang='lat' dir='ltr'><strong>et</strong></span> <span class='ocrx_word' id='word_1_153' title='bbox 2649 675 2803 737; x_wconf 85' lang='lat' dir='ltr'><strong>pater</strong></span> <span class='ocrx_word' id='word_1_154' title='bbox 2829 665 2968 736; x_wconf 88' lang='lat' dir='ltr'><strong>ejus,</strong></span> <span class='ocrx_word' id='word_1_155' title='bbox 3006 664 3160 734; x_wconf 82' lang='lat' dir='ltr'><strong>cujus</strong></span> <span class='ocrx_word' id='word_1_156' title='bbox 3190 663 3395 734; x_wconf 79' lang='lat' dir='ltr'><strong>agitato</strong></span> <span class='ocrx_word' id='word_1_157' title='bbox 3423 662 3753 732; x_wconf 49' lang='lat' dir='ltr'><strong>evangelica</strong></span> 
     </span>
    </p>
   </div>
   <div class='ocr_carea' id='block_1_22' title="bbox 2172 752 3730 826">
    <p class='ocr_par' dir='ltr' id='par_1_22' title="bbox 2172 752 3730 826">
     <span class='ocr_line' id='line_1_22' title="bbox 2172 752 3730 826; baseline -0.003 -14"><span class='ocrx_word' id='word_1_158' title='bbox 2172 758 2386 813; x_wconf 81' lang='lat' dir='ltr'><strong>veritati</strong></span> <span class='ocrx_word' id='word_1_159' title='bbox 2416 757 2606 826; x_wconf 90' lang='lat' dir='ltr'><strong>(totius</strong></span> <span class='ocrx_word' id='word_1_160' title='bbox 2646 756 2782 811; x_wconf 70' lang='grc' dir='ltr'>πιαινί</span> <span class='ocrx_word' id='word_1_161' title='bbox 2825 755 3109 811; x_wconf 89' lang='lat' dir='ltr'><strong>mendacio</strong></span> <span class='ocrx_word' id='word_1_162' title='bbox 3137 752 3366 818; x_wconf 82' lang='lat' dir='ltr'><strong>carenti)</strong></span> <span class='ocrx_word' id='word_1_163' title='bbox 3414 753 3553 809; x_wconf 87' lang='lat' dir='ltr'><strong>idem</strong></span> <span class='ocrx_word' id='word_1_164' title='bbox 3597 769 3730 809; x_wconf 84' lang='lat' dir='ltr'><strong>men</strong></span> 
     </span>
    </p>
   </div>
   <div class='ocr_carea' id='block_1_23' title="bbox 2175 847 3763 919">
    <p class='ocr_par' dir='ltr' id='par_1_23' title="bbox 2175 847 3763 919">
     <span class='ocr_line' id='line_1_23' title="bbox 2175 847 3763 919; baseline -0.003 -14"><span class='ocrx_word' id='word_1_165' title='bbox 2175 850 2386 905; x_wconf 89' lang='lat' dir='ltr'><strong>dacium</strong></span> <span class='ocrx_word' id='word_1_166' title='bbox 2407 865 2540 904; x_wconf 90' lang='lat' dir='ltr'><strong>ausu</strong></span> <span class='ocrx_word' id='word_1_167' title='bbox 2566 848 2855 904; x_wconf 88' lang='lat' dir='ltr'><strong>temerario</strong></span> <span class='ocrx_word' id='word_1_168' title='bbox 2877 856 3041 918; x_wconf 89' lang='lat' dir='ltr'><strong>atque</strong></span> <span class='ocrx_word' id='word_1_169' title='bbox 3061 847 3325 919; x_wconf 73' lang='lat' dir='ltr'><strong>prazcipiti</strong></span> <span class='ocrx_word' id='word_1_170' title='bbox 3345 861 3593 901; x_wconf 88' lang='lat' dir='ltr'><strong>asserere</strong></span> <span class='ocrx_word' id='word_1_171' title='bbox 3614 861 3763 917; x_wconf 73' lang='lat' dir='ltr'><strong>prae-</strong></span> 
     </span>
    </p>
   </div>
   <div class='ocr_carea' id='block_1_24' title="bbox 2175 936 3764 1009">
    <p class='ocr_par' dir='ltr' id='par_1_24' title="bbox 2175 936 3764 1009">
     <span class='ocr_line' id='line_1_24' title="bbox 2175 936 3764 1009; baseline -0.003 -15"><span class='ocrx_word' id='word_1_172' title='bbox 2175 939 2471 1009; x_wconf 89' lang='lat' dir='ltr'><strong>sumpsisti.</strong></span> <span class='ocrx_word' id='word_1_173' title='bbox 2513 939 2706 994; x_wconf 82' lang='lat' dir='ltr'><strong>Verum</strong></span> <span class='ocrx_word' id='word_1_174' title='bbox 2757 954 2878 994; x_wconf 91' lang='lat' dir='ltr'><strong>cum</strong></span> <span class='ocrx_word' id='word_1_175' title='bbox 2926 938 3142 993; x_wconf 88' lang='lat' dir='ltr'><strong>diversa</strong></span> <span class='ocrx_word' id='word_1_176' title='bbox 3190 937 3297 992; x_wconf 91' lang='lat' dir='ltr'><strong>sint</strong></span> <span class='ocrx_word' id='word_1_177' title='bbox 3344 936 3764 991; x_wconf 82' lang='lat' dir='ltr'><strong>mendaciorum</strong></span> 
     </span>
    </p>
   </div>
   <div class='ocr_carea' id='block_1_25' title="bbox 2175 1025 3765 1100">
    <p class='ocr_par' dir='ltr' id='par_1_25' title="bbox 2175 1025 3765 1100">
     <span class='ocr_line' id='line_1_25' title="bbox 2175 1025 3765 1100; baseline -0.003 -17"><span class='ocrx_word' id='word_1_178' title='bbox 2175 1044 2375 1100; x_wconf 88' lang='lat' dir='ltr'><strong>genera</strong></span> <span class='ocrx_word' id='word_1_179' title='bbox 2393 1070 2407 1093; x_wconf 90' lang='lat'><strong>,</strong></span> <span class='ocrx_word' id='word_1_180' title='bbox 2457 1037 2513 1083; x_wconf 91' lang='lat' dir='ltr'><strong>et</strong></span> <span class='ocrx_word' id='word_1_181' title='bbox 2554 1029 2607 1083; x_wconf 93' lang='lat' dir='ltr'><strong>in</strong></span> <span class='ocrx_word' id='word_1_182' title='bbox 2638 1029 2741 1083; x_wconf 88' lang='lat' dir='ltr'><strong>hac</strong></span> <span class='ocrx_word' id='word_1_183' title='bbox 2767 1025 3101 1083; x_wconf 83' lang='lat' dir='ltr'><strong>mortalitate</strong></span> <span class='ocrx_word' id='word_1_184' title='bbox 3130 1027 3219 1081; x_wconf 80' lang='lat' dir='ltr'><strong>vix</strong></span> <span class='ocrx_word' id='word_1_185' title='bbox 3249 1026 3531 1082; x_wconf 84' lang='lat' dir='ltr'><strong>mendacio</strong></span> <span class='ocrx_word' id='word_1_186' title='bbox 3561 1041 3765 1082; x_wconf 85' lang='lat' dir='ltr'><strong>carere</strong></span> 
     </span>
    </p>
   </div>
   <div class='ocr_carea' id='block_1_26' title="bbox 2176 1116 3769 1192">
    <p class='ocr_par' dir='ltr' id='par_1_26' title="bbox 2176 1116 3769 1192">
     <span class='ocr_line' id='line_1_26' title="bbox 2176 1116 3769 1192; baseline -0.004 -17"><span class='ocrx_word' id='word_1_187' title='bbox 2176 1121 2444 1191; x_wconf 90' lang='lat' dir='ltr'><strong>possimus</strong></span> <span class='ocrx_word' id='word_1_188' title='bbox 2463 1120 2643 1192; x_wconf 82' lang='lat' dir='ltr'><strong>(Joan.</strong></span> <span class='ocrx_word' id='word_1_189' title='bbox 2664 1122 2724 1189; x_wconf 92' lang='grc' dir='ltr'><strong>ι),</strong></span> <span class='ocrx_word' id='word_1_190' title='bbox 2755 1135 2787 1174; x_wconf 92' lang='lat' dir='ltr'><strong>a</strong></span> <span class='ocrx_word' id='word_1_191' title='bbox 2804 1119 2962 1191; x_wconf 90' lang='lat' dir='ltr'><strong>cujus</strong></span> <span class='ocrx_word' id='word_1_192' title='bbox 2988 1118 3140 1188; x_wconf 89' lang='lat' dir='ltr'><strong>lapsu</strong></span> <span class='ocrx_word' id='word_1_193' title='bbox 3166 1117 3256 1188; x_wconf 90' lang='lat' dir='ltr'><strong>qui</strong></span> <span class='ocrx_word' id='word_1_194' title='bbox 3283 1131 3420 1186; x_wconf 90' lang='lat' dir='ltr'><strong>pene</strong></span> <span class='ocrx_word' id='word_1_195' title='bbox 3439 1116 3594 1172; x_wconf 86' lang='lat' dir='ltr'><strong>nobis</strong></span> <span class='ocrx_word' id='word_1_196' title='bbox 3615 1132 3769 1185; x_wconf 78' lang='lat' dir='ltr'><strong>quo-</strong></span> 
     </span>
    </p>
   </div>
   <div class='ocr_carea' id='block_1_27' title="bbox 2178 1206 3765 1280">
    <p class='ocr_par' dir='ltr' id='par_1_27' title="bbox 2178 1206 3765 1280">
     <span class='ocr_line' id='line_1_27' title="bbox 2178 1206 3765 1280; baseline -0.004 -13"><span class='ocrx_word' id='word_1_197' title='bbox 2178 1214 2419 1268; x_wconf 89' lang='lat' dir='ltr'><strong>tidianus</strong></span> <span class='ocrx_word' id='word_1_198' title='bbox 2452 1221 2567 1278; x_wconf 90' lang='lat' dir='ltr'><strong>est,</strong></span> <span class='ocrx_word' id='word_1_199' title='bbox 2608 1212 2802 1266; x_wconf 62' lang='lat' dir='ltr'><strong>divinae</strong></span> <span class='ocrx_word' id='word_1_200' title='bbox 2837 1210 3056 1280; x_wconf 87' lang='lat' dir='ltr'><strong>pietatis</strong></span> <span class='ocrx_word' id='word_1_201' title='bbox 3093 1210 3412 1264; x_wconf 86' lang='lat' dir='ltr'><strong>remissione</strong></span> <span class='ocrx_word' id='word_1_202' title='bbox 3437 1206 3765 1277; x_wconf 82' lang='lat' dir='ltr'><strong>quotidiana</strong></span> 
     </span>
    </p>
   </div>
   <div class='ocr_carea' id='block_1_28' title="bbox 2179 1296 3761 1373">
    <p class='ocr_par' dir='ltr' id='par_1_28' title="bbox 2179 1296 3761 1373">
     <span class='ocr_line' id='line_1_28' title="bbox 2179 1296 3761 1373; baseline -0.004 -16"><span class='ocrx_word' id='word_1_203' title='bbox 2179 1303 2497 1373; x_wconf 83' lang='lat' dir='ltr'><strong>indigemus,</strong></span> <span class='ocrx_word' id='word_1_204' title='bbox 2514 1318 2616 1372; x_wconf 89' lang='lat' dir='ltr'><strong>qua</strong></span> <span class='ocrx_word' id='word_1_205' title='bbox 2642 1302 2797 1357; x_wconf 86' lang='lat' dir='ltr'><strong>nobis</strong></span> <span class='ocrx_word' id='word_1_206' title='bbox 2817 1300 3103 1356; x_wconf 89' lang='lat' dir='ltr'><strong>venialiter</strong></span> <span class='ocrx_word' id='word_1_207' title='bbox 3125 1298 3386 1371; x_wconf 78' lang='lat' dir='ltr'><strong>indulgeri</strong></span> <span class='ocrx_word' id='word_1_208' title='bbox 3406 1296 3761 1360; x_wconf 78' lang='lat' dir='ltr'><strong>conﬁdimus,</strong></span> 
     </span>
    </p>
   </div>
   <div class='ocr_carea' id='block_1_29' title="bbox 2176 1388 3760 1461">
    <p class='ocr_par' dir='ltr' id='par_1_29' title="bbox 2176 1388 3760 1461">
     <span class='ocr_line' id='line_1_29' title="bbox 2176 1388 3760 1461; baseline -0.005 -13"><span class='ocrx_word' id='word_1_209' title='bbox 2176 1393 2308 1449; x_wconf 88' lang='lat' dir='ltr'><strong>illud</strong></span> <span class='ocrx_word' id='word_1_210' title='bbox 2348 1403 2525 1448; x_wconf 88' lang='lat' dir='ltr'><strong>tamen</strong></span> <span class='ocrx_word' id='word_1_211' title='bbox 2567 1393 2905 1447; x_wconf 84' lang='lat' dir='ltr'><strong>mendacium</strong></span> <span class='ocrx_word' id='word_1_212' title='bbox 2933 1391 3075 1461; x_wconf 86' lang='lat' dir='ltr'><strong>quod</strong></span> <span class='ocrx_word' id='word_1_213' title='bbox 3104 1389 3220 1460; x_wconf 88' lang='lat' dir='ltr'><strong>ejus</strong></span> <span class='ocrx_word' id='word_1_214' title='bbox 3247 1389 3463 1444; x_wconf 78' lang='lat' dir='ltr'><strong>veritati</strong></span> <span class='ocrx_word' id='word_1_215' title='bbox 3494 1388 3760 1451; x_wconf 78' lang='lat' dir='ltr'><strong>resultat,</strong></span> 
     </span>
    </p>
   </div>
   <div class='ocr_carea' id='block_1_30' title="bbox 2174 1480 3767 1551">
    <p class='ocr_par' dir='ltr' id='par_1_30' title="bbox 2174 1480 3767 1551">
     <span class='ocr_line' id='line_1_30' title="bbox 2174 1480 3767 1551; baseline -0.006 -7"><span class='ocrx_word' id='word_1_216' title='bbox 2174 1489 2426 1544; x_wconf 89' lang='lat' dir='ltr'><strong>omnibus</strong></span> <span class='ocrx_word' id='word_1_217' title='bbox 2457 1488 2631 1542; x_wconf 90' lang='lat' dir='ltr'><strong>modis</strong></span> <span class='ocrx_word' id='word_1_218' title='bbox 2659 1488 3013 1551; x_wconf 88' lang='lat' dir='ltr'><strong>detestamur,</strong></span> <span class='ocrx_word' id='word_1_219' title='bbox 3041 1494 3096 1540; x_wconf 89' lang='lat' dir='ltr'><strong>et</strong></span> <span class='ocrx_word' id='word_1_220' title='bbox 3125 1484 3304 1540; x_wconf 88' lang='lat' dir='ltr'><strong>divina</strong></span> <span class='ocrx_word' id='word_1_221' title='bbox 3331 1480 3767 1537; x_wconf 77' lang='lat' dir='ltr'><strong>adminiculante</strong></span> 
     </span>
    </p>
   </div>
   <div class='ocr_carea' id='block_1_31' title="bbox 2175 1574 3766 1658">
    <p class='ocr_par' dir='ltr' id='par_1_31' title="bbox 2175 1574 3766 1658">
     <span class='ocr_line' id='line_1_31' title="bbox 2175 1574 3766 1658; baseline -0.006 -23"><span class='ocrx_word' id='word_1_222' title='bbox 2175 1582 2348 1658; x_wconf 82' lang='lat' dir='ltr'><strong>gratia</strong></span> <span class='ocrx_word' id='word_1_223' title='bbox 2374 1595 2567 1636; x_wconf 85' lang='lat' dir='ltr'><strong>cavere</strong></span> <span class='ocrx_word' id='word_1_224' title='bbox 2589 1580 2868 1650; x_wconf 83' lang='lat' dir='ltr'><strong>gestimus,</strong></span> <span class='ocrx_word' id='word_1_225' title='bbox 2894 1587 3054 1648; x_wconf 91' lang='lat' dir='ltr'><strong>teque</strong></span> <span class='ocrx_word' id='word_1_226' title='bbox 3079 1578 3134 1633; x_wconf 93' lang='lat' dir='ltr'><strong>in</strong></span> <span class='ocrx_word' id='word_1_227' title='bbox 3160 1577 3290 1632; x_wconf 85' lang='lat' dir='ltr'><strong>illud</strong></span> <span class='ocrx_word' id='word_1_228' title='bbox 3312 1576 3602 1637; x_wconf 85' lang='lat' dir='ltr'><strong>corruisse,</strong></span> <span class='ocrx_word' id='word_1_229' title='bbox 3624 1574 3766 1628; x_wconf 82' lang='lat' dir='ltr'><strong>cha-</strong></span> 
     </span>
    </p>
   </div>
   <div class='ocr_carea' id='block_1_32' title="bbox 2177 1665 3767 1740">
    <p class='ocr_par' dir='ltr' id='par_1_32' title="bbox 2177 1665 3767 1740">
     <span class='ocr_line' id='line_1_32' title="bbox 2177 1665 3767 1740; baseline -0.004 -15"><span class='ocrx_word' id='word_1_230' title='bbox 2177 1673 2339 1726; x_wconf 87' lang='lat' dir='ltr'><strong>ritate</strong></span> <span class='ocrx_word' id='word_1_231' title='bbox 2389 1671 2691 1740; x_wconf 87' lang='lat' dir='ltr'><strong>imperante</strong></span> <span class='ocrx_word' id='word_1_232' title='bbox 2740 1669 3074 1724; x_wconf 87' lang='lat' dir='ltr'><strong>condolendo</strong></span> <span class='ocrx_word' id='word_1_233' title='bbox 3121 1665 3417 1730; x_wconf 80' lang='lat' dir='ltr'><strong>deﬂemus,</strong></span> <span class='ocrx_word' id='word_1_234' title='bbox 3470 1665 3767 1719; x_wconf 71' lang='lat' dir='ltr'><strong>imitantes</strong></span> 
     </span>
    </p>
   </div>
   <div class='ocr_carea' id='block_1_33' title="bbox 506 1755 3767 1845">
    <p class='ocr_par' dir='ltr' id='par_1_33' title="bbox 506 1755 3767 1845">
     <span class='ocr_line' id='line_1_33' title="bbox 506 1755 3767 1845; baseline -0.002 -28"><span class='ocrx_word' id='word_1_235' title='bbox 506 1764 648 1834; x_wconf 85' lang='lat' dir='ltr'><strong>regis</strong></span> <span class='ocrx_word' id='word_1_236' title='bbox 674 1764 804 1818; x_wconf 87' lang='lat' dir='ltr'><strong>deos</strong></span> <span class='ocrx_word' id='word_1_237' title='bbox 826 1763 1064 1832; x_wconf 90' lang='lat' dir='ltr'><strong>lapideos</strong></span> <span class='ocrx_word' id='word_1_238' title='bbox 1087 1763 1230 1818; x_wconf 91' lang='lat' dir='ltr'><strong>inter</strong></span> <span class='ocrx_word' id='word_1_239' title='bbox 1251 1772 1475 1820; x_wconf 63' lang='lat' dir='ltr'><strong>caeteros</strong></span> <span class='ocrx_word' id='word_1_240' title='bbox 1500 1764 1786 1819; x_wconf 83' lang='lat' dir='ltr'><strong>laudabant</strong></span> <span class='ocrx_word' id='word_1_241' title='bbox 1812 1765 1972 1836; x_wconf 84' lang='lat' dir='ltr'><strong>(Dan.</strong></span> <span class='ocrx_word' id='word_1_242' title='bbox 1990 1767 2066 1836; x_wconf 92' lang='lat' dir='ltr'><strong>v).</strong></span> <span class='ocrx_word' id='word_1_243' title='bbox 2101 1769 2147 1828; x_wconf 87' lang='grc' dir='ltr'><strong>Β</strong></span> <span class='ocrx_word' id='word_1_244' title='bbox 2176 1764 2304 1818; x_wconf 90' lang='lat' dir='ltr'><strong>illud</strong></span> <span class='ocrx_word' id='word_1_245' title='bbox 2325 1762 2564 1845; x_wconf 82' lang='lat' dir='ltr'><strong>Apostoli</strong></span> <span class='ocrx_word' id='word_1_246' title='bbox 2592 1780 2604 1814; x_wconf 92' lang='lat'>:</span> <span class='ocrx_word' id='word_1_247' title='bbox 2636 1762 2767 1827; x_wconf 81' lang='lat' dir='ltr'><strong>Quis</strong></span> <span class='ocrx_word' id='word_1_248' title='bbox 2796 1760 3118 1829; x_wconf 77' lang='lat' dir='ltr'><strong>infirmatur,</strong></span> <span class='ocrx_word' id='word_1_249' title='bbox 3145 1768 3193 1812; x_wconf 87' lang='lat' dir='ltr'><strong>et</strong></span> <span class='ocrx_word' id='word_1_250' title='bbox 3220 1773 3314 1827; x_wconf 86' lang='lat' dir='ltr'><strong>ego</strong></span> <span class='ocrx_word' id='word_1_251' title='bbox 3342 1773 3447 1810; x_wconf 84' lang='lat' dir='ltr'><strong>non</strong></span> <span class='ocrx_word' id='word_1_252' title='bbox 3471 1755 3721 1824; x_wconf 82' lang='lat' dir='ltr'><strong>inﬁrmor</strong></span> <span class='ocrx_word' id='word_1_253' title='bbox 3738 1755 3767 1809; x_wconf 74' lang='lat'><strong>.’</strong></span> 
     </span>
    </p>
   </div>
   <div class='ocr_carea' id='block_1_34' title="bbox 506 1851 2076 1925">
    <p class='ocr_par' dir='ltr' id='par_1_34' title="bbox 506 1851 2076 1925">
     <span class='ocr_line' id='line_1_34' title="bbox 506 1851 2076 1925; baseline 0.001 -16"><span class='ocrx_word' id='word_1_254' title='bbox 506 1852 614 1909; x_wconf 86' lang='lat' dir='ltr'><strong>Sed</strong></span> <span class='ocrx_word' id='word_1_255' title='bbox 646 1868 768 1909; x_wconf 90' lang='lat' dir='ltr'><strong>reor</strong></span> <span class='ocrx_word' id='word_1_256' title='bbox 796 1861 849 1908; x_wconf 88' lang='lat' dir='ltr'><strong>te</strong></span> <span class='ocrx_word' id='word_1_257' title='bbox 881 1854 982 1909; x_wconf 89' lang='lat' dir='ltr'><strong>hoc</strong></span> <span class='ocrx_word' id='word_1_258' title='bbox 1010 1855 1252 1909; x_wconf 90' lang='lat' dir='ltr'><strong>muneris</strong></span> <span class='ocrx_word' id='word_1_259' title='bbox 1279 1854 1450 1925; x_wconf 89' lang='lat' dir='ltr'><strong>petris</strong></span> <span class='ocrx_word' id='word_1_260' title='bbox 1478 1856 1806 1925; x_wconf 80' lang='lat' dir='ltr'><strong>rependisse,</strong></span> <span class='ocrx_word' id='word_1_261' title='bbox 1839 1861 1897 1911; x_wconf 85' lang='lat' dir='ltr'><strong>ut</strong></span> <span class='ocrx_word' id='word_1_262' title='bbox 1926 1851 2076 1912; x_wconf 73' lang='lat' dir='ltr'><strong>cruci</strong></span> 
     </span>
    </p>
   </div>
   <div class='ocr_carea' id='block_1_35' title="bbox 503 1944 2077 2015">
    <p class='ocr_par' dir='ltr' id='par_1_35' title="bbox 503 1944 2077 2015">
     <span class='ocr_line' id='line_1_35' title="bbox 503 1944 2077 2015; baseline 0.001 -15"><span class='ocrx_word' id='word_1_263' title='bbox 503 1959 598 2001; x_wconf 87' lang='lat' dir='ltr'><strong>eas</strong></span> <span class='ocrx_word' id='word_1_264' title='bbox 627 1944 1010 2015; x_wconf 75' lang='lat' dir='ltr'><strong>aequiparares,</strong></span> <span class='ocrx_word' id='word_1_265' title='bbox 1045 1945 1174 2000; x_wconf 89' lang='lat' dir='ltr'><strong>dum</strong></span> <span class='ocrx_word' id='word_1_266' title='bbox 1207 1945 1356 2000; x_wconf 74' lang='lat' dir='ltr'><strong>cordi</strong></span> <span class='ocrx_word' id='word_1_267' title='bbox 1389 1956 1479 2000; x_wconf 90' lang='lat' dir='ltr'><strong>tuo</strong></span> <span class='ocrx_word' id='word_1_268' title='bbox 1510 1945 1861 2001; x_wconf 88' lang='lat' dir='ltr'><strong>stoliditatem</strong></span> <span class='ocrx_word' id='word_1_269' title='bbox 1891 1961 2077 2001; x_wconf 87' lang='lat' dir='ltr'><strong>earum</strong></span> 
     </span>
    </p>
   </div>
   <div class='ocr_carea' id='block_1_36' title="bbox 506 2033 2080 2107">
    <p class='ocr_par' dir='ltr' id='par_1_36' title="bbox 506 2033 2080 2107">
     <span class='ocr_line' id='line_1_36' title="bbox 506 2033 2080 2107; baseline 0.002 -19"><span class='ocrx_word' id='word_1_270' title='bbox 506 2034 685 2090; x_wconf 91' lang='lat' dir='ltr'><strong>inesse</strong></span> <span class='ocrx_word' id='word_1_271' title='bbox 723 2036 974 2090; x_wconf 88' lang='lat' dir='ltr'><strong>sentires.</strong></span> <span class='ocrx_word' id='word_1_272' title='bbox 1029 2033 1135 2090; x_wconf 90' lang='lat' dir='ltr'><strong>Sed</strong></span> <span class='ocrx_word' id='word_1_273' title='bbox 1164 2035 1404 2090; x_wconf 89' lang='lat' dir='ltr'><strong>orandus</strong></span> <span class='ocrx_word' id='word_1_274' title='bbox 1431 2044 1515 2091; x_wconf 90' lang='lat' dir='ltr'><strong>est</strong></span> <span class='ocrx_word' id='word_1_275' title='bbox 1549 2037 1637 2091; x_wconf 89' lang='lat' dir='ltr'><strong>ille</strong></span> <span class='ocrx_word' id='word_1_276' title='bbox 1666 2037 1758 2107; x_wconf 87' lang='lat' dir='ltr'><strong>qui</strong></span> <span class='ocrx_word' id='word_1_277' title='bbox 1786 2036 2080 2092; x_wconf 85' lang='lat' dir='ltr'><strong>voluntatis</strong></span> 
     </span>
    </p>
   </div>
   <div class='ocr_carea' id='block_1_37' title="bbox 506 2126 2082 2197">
    <p class='ocr_par' dir='ltr' id='par_1_37' title="bbox 506 2126 2082 2197">
     <span class='ocr_line' id='line_1_37' title="bbox 506 2126 2082 2197; baseline 0.002 -18"><span class='ocrx_word' id='word_1_278' title='bbox 506 2140 618 2180; x_wconf 65' lang='lat' dir='ltr'><strong>suae</strong></span> <span class='ocrx_word' id='word_1_279' title='bbox 643 2133 773 2178; x_wconf 90' lang='lat' dir='ltr'><strong>nutu</strong></span> <span class='ocrx_word' id='word_1_280' title='bbox 802 2134 995 2181; x_wconf 89' lang='lat' dir='ltr'><strong>cuncta</strong></span> <span class='ocrx_word' id='word_1_281' title='bbox 1025 2126 1254 2196; x_wconf 87' lang='lat' dir='ltr'><strong>peragit,</strong></span> <span class='ocrx_word' id='word_1_282' title='bbox 1286 2126 1351 2180; x_wconf 88' lang='lat' dir='ltr'><strong>de</strong></span> <span class='ocrx_word' id='word_1_283' title='bbox 1376 2140 1483 2195; x_wconf 92' lang='lat' dir='ltr'><strong>quo</strong></span> <span class='ocrx_word' id='word_1_284' title='bbox 1511 2126 1707 2180; x_wconf 90' lang='lat' dir='ltr'><strong>dicitur</strong></span> <span class='ocrx_word' id='word_1_285' title='bbox 1731 2141 1827 2197; x_wconf 92' lang='lat' dir='ltr'><strong>per</strong></span> <span class='ocrx_word' id='word_1_286' title='bbox 1850 2128 2082 2196; x_wconf 88' lang='lat' dir='ltr'><strong>prophe-</strong></span> 
     </span>
    </p>
   </div>
   <div class='ocr_carea' id='block_1_38' title="bbox 507 2213 2080 2286">
    <p class='ocr_par' dir='ltr' id='par_1_38' title="bbox 507 2213 2080 2286">
     <span class='ocr_line' id='line_1_38' title="bbox 507 2213 2080 2286; baseline 0 -16"><span class='ocrx_word' id='word_1_287' title='bbox 507 2223 616 2270; x_wconf 92' lang='lat' dir='ltr'><strong>tam</strong></span> <span class='ocrx_word' id='word_1_288' title='bbox 641 2228 671 2267; x_wconf 78' lang='lat'><strong>:‘</strong></span> <span class='ocrx_word' id='word_1_289' title='bbox 698 2213 1001 2286; x_wconf 65' lang='lat' dir='ltr'><strong>Indignatio</strong></span> <span class='ocrx_word' id='word_1_290' title='bbox 1042 2215 1155 2285; x_wconf 78' lang='lat' dir='ltr'><strong>ejus</strong></span> <span class='ocrx_word' id='word_1_291' title='bbox 1196 2216 1364 2286; x_wconf 77' lang='lat' dir='ltr'><strong>eﬂ&#39;usa</strong></span> <span class='ocrx_word' id='word_1_292' title='bbox 1403 2225 1477 2270; x_wconf 83' lang='lat' dir='ltr'><strong>est</strong></span> <span class='ocrx_word' id='word_1_293' title='bbox 1516 2225 1571 2271; x_wconf 85' lang='lat' dir='ltr'><strong>ut</strong></span> <span class='ocrx_word' id='word_1_294' title='bbox 1612 2217 1779 2286; x_wconf 81' lang='lat' dir='ltr'><strong>ignis,</strong></span> <span class='ocrx_word' id='word_1_295' title='bbox 1832 2227 1879 2270; x_wconf 85' lang='lat' dir='ltr'><strong>et</strong></span> <span class='ocrx_word' id='word_1_296' title='bbox 1920 2227 2080 2286; x_wconf 79' lang='lat' dir='ltr'><strong>petra:</strong></span> 
     </span>
    </p>
   </div>
   <div class='ocr_carea' id='block_1_39' title="bbox 503 2280 2081 2383">
    <p class='ocr_par' dir='ltr' id='par_1_39' title="bbox 503 2280 2081 2383">
     <span class='ocr_line' id='line_1_39' title="bbox 503 2280 2081 2383; baseline 0.001 -24"><span class='ocrx_word' id='word_1_297' title='bbox 503 2280 772 2383; x_wconf 52' lang='lat' dir='ltr'><strong>dissoluta</strong></span> <span class='ocrx_word' id='word_1_298' title='bbox 801 2280 920 2359; x_wconf 64' lang='lat' dir='ltr'><strong>sunt</strong></span> <span class='ocrx_word' id='word_1_299' title='bbox 948 2305 1012 2359; x_wconf 92' lang='lat' dir='ltr'><strong>ab</strong></span> <span class='ocrx_word' id='word_1_300' title='bbox 1040 2280 1100 2360; x_wconf 80' lang='lat' dir='ltr'><strong>eo</strong></span> <span class='ocrx_word' id='word_1_301' title='bbox 1131 2280 1369 2378; x_wconf 73' lang='lat' dir='ltr'><strong>(Nahum</strong></span> <span class='ocrx_word' id='word_1_302' title='bbox 1399 2305 1461 2378; x_wconf 85' lang='lat' dir='ltr'><strong>I),</strong></span> <span class='ocrx_word' id='word_1_303' title='bbox 1499 2315 1556 2360; x_wconf 85' lang='grc' dir='ltr'><strong>ιιι</strong></span> <span class='ocrx_word' id='word_1_304' title='bbox 1586 2280 1726 2362; x_wconf 73' lang='lat' dir='ltr'><strong>hanc</strong></span> <span class='ocrx_word' id='word_1_305' title='bbox 1755 2317 1902 2377; x_wconf 79' lang='lat' dir='ltr'><strong>tuam</strong></span> <span class='ocrx_word' id='word_1_306' title='bbox 1920 2280 2081 2362; x_wconf 74' lang='lat' dir='ltr'><strong>duri-</strong></span> 
     </span>
    </p>
   </div>
   <div class='ocr_carea' id='block_1_40' title="bbox 505 2398 2074 2470">
    <p class='ocr_par' dir='ltr' id='par_1_40' title="bbox 505 2398 2074 2470">
     <span class='ocr_line' id='line_1_40' title="bbox 505 2398 2074 2470; baseline 0.001 -17"><span class='ocrx_word' id='word_1_307' title='bbox 505 2399 632 2453; x_wconf 89' lang='lat' dir='ltr'><strong>tiam</strong></span> <span class='ocrx_word' id='word_1_308' title='bbox 663 2409 721 2455; x_wconf 89' lang='lat' dir='ltr'><strong>et</strong></span> <span class='ocrx_word' id='word_1_309' title='bbox 738 2398 1087 2454; x_wconf 84' lang='lat' dir='ltr'><strong>stoliditatem</strong></span> <span class='ocrx_word' id='word_1_310' title='bbox 1120 2399 1243 2470; x_wconf 88' lang='lat' dir='ltr'><strong>igne</strong></span> <span class='ocrx_word' id='word_1_311' title='bbox 1270 2414 1381 2454; x_wconf 67' lang='lat' dir='ltr'><strong>suae</strong></span> <span class='ocrx_word' id='word_1_312' title='bbox 1396 2399 1778 2455; x_wconf 78' lang='lat' dir='ltr'><strong>misericordiae</strong></span> <span class='ocrx_word' id='word_1_313' title='bbox 1796 2399 2074 2464; x_wconf 86' lang='lat' dir='ltr'><strong>dissolvat,</strong></span> 
     </span>
    </p>
   </div>
   <div class='ocr_carea' id='block_1_41' title="bbox 506 2490 2076 2561">
    <p class='ocr_par' dir='ltr' id='par_1_41' title="bbox 506 2490 2076 2561">
     <span class='ocr_line' id='line_1_41' title="bbox 506 2490 2076 2561; baseline -0.001 -16"><span class='ocrx_word' id='word_1_314' title='bbox 506 2500 567 2546; x_wconf 88' lang='lat' dir='ltr'><strong>ut</strong></span> <span class='ocrx_word' id='word_1_315' title='bbox 589 2490 888 2561; x_wconf 77' lang='lat' dir='ltr'><strong>intelligere</strong></span> <span class='ocrx_word' id='word_1_316' title='bbox 914 2492 1092 2561; x_wconf 92' lang='lat' dir='ltr'><strong>possis</strong></span> <span class='ocrx_word' id='word_1_317' title='bbox 1118 2505 1286 2560; x_wconf 89' lang='lat' dir='ltr'><strong>quare</strong></span> <span class='ocrx_word' id='word_1_318' title='bbox 1313 2490 1572 2546; x_wconf 88' lang='lat' dir='ltr'><strong>Dominus</strong></span> <span class='ocrx_word' id='word_1_319' title='bbox 1590 2531 1605 2556; x_wconf 93' lang='lat'><strong>,</strong></span> <span class='ocrx_word' id='word_1_320' title='bbox 1645 2491 1738 2560; x_wconf 90' lang='lat' dir='ltr'><strong>qui</strong></span> <span class='ocrx_word' id='word_1_321' title='bbox 1767 2506 1864 2561; x_wconf 90' lang='lat' dir='ltr'><strong>pro</strong></span> <span class='ocrx_word' id='word_1_322' title='bbox 1890 2499 2076 2546; x_wconf 89' lang='lat' dir='ltr'><strong>nostra</strong></span> 
     </span>
    </p>
   </div>
   <div class='ocr_carea' id='block_1_42' title="bbox 506 2580 2075 2653">
    <p class='ocr_par' dir='ltr' id='par_1_42' title="bbox 506 2580 2075 2653">
     <span class='ocr_line' id='line_1_42' title="bbox 506 2580 2075 2653; baseline -0.001 -16"><span class='ocrx_word' id='word_1_323' title='bbox 506 2583 679 2639; x_wconf 87' lang='lat' dir='ltr'><strong>salute</strong></span> <span class='ocrx_word' id='word_1_324' title='bbox 710 2584 1049 2653; x_wconf 88' lang='lat' dir='ltr'><strong>disposuerat</strong></span> <span class='ocrx_word' id='word_1_325' title='bbox 1078 2583 1242 2647; x_wconf 91' lang='lat' dir='ltr'><strong>mori,</strong></span> <span class='ocrx_word' id='word_1_326' title='bbox 1286 2580 1582 2637; x_wconf 76' lang='lat' dir='ltr'><strong>oblatama</strong></span> <span class='ocrx_word' id='word_1_327' title='bbox 1611 2580 1810 2637; x_wconf 70' lang='lat' dir='ltr'><strong>Iudaeis</strong></span> <span class='ocrx_word' id='word_1_328' title='bbox 1839 2582 2075 2653; x_wconf 86' lang='lat' dir='ltr'><strong>lapidum</strong></span> 
     </span>
    </p>
   </div>
   <div class='ocr_carea' id='block_1_43' title="bbox 505 2670 2073 2746">
    <p class='ocr_par' dir='ltr' id='par_1_43' title="bbox 505 2670 2073 2746">
     <span class='ocr_line' id='line_1_43' title="bbox 505 2670 2073 2746; baseline 0.001 -20"><span class='ocrx_word' id='word_1_329' title='bbox 505 2680 733 2728; x_wconf 89' lang='lat' dir='ltr'><strong>mortem</strong></span> <span class='ocrx_word' id='word_1_330' title='bbox 766 2687 884 2727; x_wconf 88' lang='lat' dir='ltr'><strong>sese</strong></span> <span class='ocrx_word' id='word_1_331' title='bbox 911 2672 1289 2728; x_wconf 89' lang='lat' dir='ltr'><strong>abscondendo</strong></span> <span class='ocrx_word' id='word_1_332' title='bbox 1312 2670 1583 2727; x_wconf 90' lang='lat' dir='ltr'><strong>distulerit</strong></span> <span class='ocrx_word' id='word_1_333' title='bbox 1608 2670 1788 2743; x_wconf 83' lang='lat' dir='ltr'><strong>(Joan.</strong></span> <span class='ocrx_word' id='word_1_334' title='bbox 1931 2672 2073 2746; x_wconf 87' lang='lat' dir='ltr'><strong>vm),</strong></span> 
     </span>
    </p>
   </div>
   <div class='ocr_carea' id='block_1_44' title="bbox 504 2762 2077 2834">
    <p class='ocr_par' dir='ltr' id='par_1_44' title="bbox 504 2762 2077 2834">
     <span class='ocr_line' id='line_1_44' title="bbox 504 2762 2077 2834; baseline 0.001 -16"><span class='ocrx_word' id='word_1_335' title='bbox 504 2771 668 2833; x_wconf 86' lang='lat' dir='ltr'><strong>atque</strong></span> <span class='ocrx_word' id='word_1_336' title='bbox 716 2778 839 2817; x_wconf 91' lang='lat' dir='ltr'><strong>cum</strong></span> <span class='ocrx_word' id='word_1_337' title='bbox 887 2763 956 2817; x_wconf 91' lang='lat' dir='ltr'><strong>ad</strong></span> <span class='ocrx_word' id='word_1_338' title='bbox 1008 2762 1427 2834; x_wconf 86' lang='lat' dir='ltr'><strong>cruciﬁgendum</strong></span> <span class='ocrx_word' id='word_1_339' title='bbox 1476 2770 1777 2832; x_wconf 88' lang='lat' dir='ltr'><strong>peteretur,</strong></span> <span class='ocrx_word' id='word_1_340' title='bbox 1827 2763 1969 2819; x_wconf 91' lang='lat' dir='ltr'><strong>ultro</strong></span> <span class='ocrx_word' id='word_1_341' title='bbox 2016 2780 2077 2820; x_wconf 90' lang='lat' dir='ltr'><strong>se</strong></span> 
     </span>
    </p>
   </div>
   <div class='ocr_carea' id='block_1_45' title="bbox 504 2856 2075 2928">
    <p class='ocr_par' dir='ltr' id='par_1_45' title="bbox 504 2856 2075 2928">
     <span class='ocr_line' id='line_1_45' title="bbox 504 2856 2075 2928; baseline 0.001 -17"><span class='ocrx_word' id='word_1_342' title='bbox 504 2857 784 2923; x_wconf 79' lang='lat' dir='ltr'><strong>obtulerit,</strong></span> <span class='ocrx_word' id='word_1_343' title='bbox 810 2858 994 2914; x_wconf 88' lang='lat' dir='ltr'><strong>dicens</strong></span> <span class='ocrx_word' id='word_1_344' title='bbox 1022 2859 1089 2913; x_wconf 90' lang='lat' dir='ltr'><strong>ad</strong></span> <span class='ocrx_word' id='word_1_345' title='bbox 1119 2856 1411 2928; x_wconf 89' lang='lat' dir='ltr'><strong>discipulos</strong></span> <span class='ocrx_word' id='word_1_346' title='bbox 1437 2874 1450 2910; x_wconf 89' lang='lat'>:</span> <span class='ocrx_word' id='word_1_347' title='bbox 1485 2856 1715 2928; x_wconf 84' lang='lat' dir='ltr'><strong>Surgite,</strong></span> <span class='ocrx_word' id='word_1_348' title='bbox 1745 2875 1924 2913; x_wconf 81' lang='lat' dir='ltr'><strong>eamus</strong></span> <span class='ocrx_word' id='word_1_349' title='bbox 1953 2858 2075 2913; x_wconf 78' lang='lat' dir='ltr'><strong>hinc</strong></span> 
     </span>
    </p>
   </div>
   <div class='ocr_carea' id='block_1_46' title="bbox 504 2948 2094 3041">
    <p class='ocr_par' dir='ltr' id='par_1_46' title="bbox 504 2948 2094 3041">
     <span class='ocr_line' id='line_1_46' title="bbox 504 2948 2094 3041; baseline 0.001 -38"><span class='ocrx_word' id='word_1_350' title='bbox 504 2948 851 3029; x_wconf 75' lang='lat' dir='ltr'><strong>(Joan._xrv).</strong></span> <span class='ocrx_word' id='word_1_351' title='bbox 909 2948 1017 3005; x_wconf 81' lang='lat' dir='ltr'><strong>Nos</strong></span> <span class='ocrx_word' id='word_1_352' title='bbox 1044 2964 1175 3021; x_wconf 88' lang='lat' dir='ltr'><strong>ergo</strong></span> <span class='ocrx_word' id='word_1_353' title='bbox 1203 2949 1373 3019; x_wconf 88' lang='lat' dir='ltr'><strong>petris</strong></span> <span class='ocrx_word' id='word_1_354' title='bbox 1409 2957 1666 3005; x_wconf 65' lang='lat' dir='ltr'><strong>caementa</strong></span> <span class='ocrx_word' id='word_1_355' title='bbox 1705 2964 1985 3004; x_wconf 89' lang='lat' dir='ltr'><strong>murorum</strong></span> <span class='ocrx_word' id='word_1_356' title='bbox 2019 2951 2094 3041; x_wconf 62' lang='lat' dir='ltr'><strong>et“</strong></span> 
     </span>
    </p>
   </div>
   <div class='ocr_carea' id='block_1_47' title="bbox 501 3042 2075 3109">
    <p class='ocr_par' dir='ltr' id='par_1_47' title="bbox 501 3042 2075 3109">
     <span class='ocr_line' id='line_1_47' title="bbox 501 3042 2075 3109; baseline -0.001 -10"><span class='ocrx_word' id='word_1_357' title='bbox 501 3044 783 3099; x_wconf 89' lang='lat' dir='ltr'><strong>domorum</strong></span> <span class='ocrx_word' id='word_1_358' title='bbox 831 3053 1172 3109; x_wconf 89' lang='lat' dir='ltr'><strong>nostrarum,</strong></span> <span class='ocrx_word' id='word_1_359' title='bbox 1211 3058 1418 3098; x_wconf 91' lang='lat' dir='ltr'><strong>necnon</strong></span> <span class='ocrx_word' id='word_1_360' title='bbox 1465 3052 1519 3097; x_wconf 88' lang='lat' dir='ltr'><strong>et</strong></span> <span class='ocrx_word' id='word_1_361' title='bbox 1548 3042 1916 3098; x_wconf 70' lang='lat' dir='ltr'><strong>ecclesiarum</strong></span> <span class='ocrx_word' id='word_1_362' title='bbox 1944 3058 2075 3099; x_wconf 88' lang='lat' dir='ltr'><strong>con-</strong></span> 
     </span>
    </p>
   </div>
   <div class='ocr_carea' id='block_1_48' title="bbox 2182 1846 3768 1924">
    <p class='ocr_par' dir='ltr' id='par_1_48' title="bbox 2182 1846 3768 1924">
     <span class='ocr_line' id='line_1_48' title="bbox 2182 1846 3768 1924; baseline -0.004 -14"><span class='ocrx_word' id='word_1_363' title='bbox 2182 1855 2312 1922; x_wconf 82' lang='lat' dir='ltr'><strong>Quis</strong></span> <span class='ocrx_word' id='word_1_364' title='bbox 2332 1854 2727 1911; x_wconf 73' lang='lat' dir='ltr'><strong>scandalizatur</strong></span> <span class='ocrx_word' id='word_1_365' title='bbox 2745 1864 2793 1908; x_wconf 88' lang='lat' dir='ltr'><strong>et</strong></span> <span class='ocrx_word' id='word_1_366' title='bbox 2815 1869 2907 1924; x_wconf 86' lang='lat' dir='ltr'><strong>ego</strong></span> <span class='ocrx_word' id='word_1_367' title='bbox 2933 1869 3035 1906; x_wconf 86' lang='lat' dir='ltr'><strong>non</strong></span> <span class='ocrx_word' id='word_1_368' title='bbox 3056 1848 3399 1919; x_wconf 86' lang='lat' dir='ltr'><strong>uror(IICor.</strong></span> <span class='ocrx_word' id='word_1_369' title='bbox 3421 1864 3477 1903; x_wconf 74' lang='lat' dir='ltr'><strong>xi</strong></span> <span class='ocrx_word' id='word_1_370' title='bbox 3501 1847 3558 1921; x_wconf 85' lang='lat'><strong>)?</strong></span> <span class='ocrx_word' id='word_1_371' title='bbox 3584 1846 3768 1903; x_wconf 82' lang='lat' dir='ltr'><strong>Nemo</strong></span> 
     </span>
    </p>
   </div>
   <div class='ocr_carea' id='block_1_49' title="bbox 2178 1940 3769 2017">
    <p class='ocr_par' dir='ltr' id='par_1_49' title="bbox 2178 1940 3769 2017">
     <span class='ocr_line' id='line_1_49' title="bbox 2178 1940 3769 2017; baseline -0.004 -16"><span class='ocrx_word' id='word_1_372' title='bbox 2178 1948 2375 2017; x_wconf 88' lang='lat' dir='ltr'><strong>quippe</strong></span> <span class='ocrx_word' id='word_1_373' title='bbox 2413 1945 2735 2016; x_wconf 85' lang='lat' dir='ltr'><strong>evangelicis</strong></span> <span class='ocrx_word' id='word_1_374' title='bbox 2780 1944 2994 2017; x_wconf 84' lang='lat' dir='ltr'><strong>paginis</strong></span> <span class='ocrx_word' id='word_1_375' title='bbox 3041 1943 3279 2013; x_wconf 89' lang='lat' dir='ltr'><strong>Spiritus</strong></span> <span class='ocrx_word' id='word_1_376' title='bbox 3323 1941 3497 1997; x_wconf 90' lang='lat' dir='ltr'><strong>sancti</strong></span> <span class='ocrx_word' id='word_1_377' title='bbox 3544 1940 3769 1995; x_wconf 80' lang='lat' dir='ltr'><strong>ealauto</strong></span> 
     </span>
    </p>
   </div>
   <div class='ocr_carea' id='block_1_50' title="bbox 2179 2034 3768 2108">
    <p class='ocr_par' dir='ltr' id='par_1_50' title="bbox 2179 2034 3768 2108">
     <span class='ocr_line' id='line_1_50' title="bbox 2179 2034 3768 2108; baseline -0.005 -12"><span class='ocrx_word' id='word_1_378' title='bbox 2179 2040 2430 2108; x_wconf 78' lang='lat' dir='ltr'><strong>digeStis.</strong></span> <span class='ocrx_word' id='word_1_379' title='bbox 2470 2040 2595 2104; x_wconf 89' lang='lat' dir='ltr'><strong>ubi,</strong></span> <span class='ocrx_word' id='word_1_380' title='bbox 2632 2049 2704 2092; x_wconf 85' lang='lat' dir='ltr'><strong>ut</strong></span> <span class='ocrx_word' id='word_1_381' title='bbox 2723 2039 2923 2093; x_wconf 88' lang='lat' dir='ltr'><strong>dictum</strong></span> <span class='ocrx_word' id='word_1_382' title='bbox 2951 2046 3067 2100; x_wconf 90' lang='lat' dir='ltr'><strong>est,</strong></span> <span class='ocrx_word' id='word_1_383' title='bbox 3099 2035 3231 2091; x_wconf 85' lang='lat' dir='ltr'><strong>ﬁdes</strong></span> <span class='ocrx_word' id='word_1_384' title='bbox 3260 2044 3445 2090; x_wconf 89' lang='lat' dir='ltr'><strong>nostra</strong></span> <span class='ocrx_word' id='word_1_385' title='bbox 3471 2034 3768 2101; x_wconf 81' lang='lat' dir='ltr'><strong>consistit,</strong></span> 
     </span>
    </p>
   </div>
   <div class='ocr_carea' id='block_1_51' title="bbox 2179 2127 3772 2203">
    <p class='ocr_par' dir='ltr' id='par_1_51' title="bbox 2179 2127 3772 2203">
     <span class='ocr_line' id='line_1_51' title="bbox 2179 2127 3772 2203; baseline -0.004 -16"><span class='ocrx_word' id='word_1_386' title='bbox 2179 2131 2455 2203; x_wconf 85' lang='lat' dir='ltr'><strong>quidpiam</strong></span> <span class='ocrx_word' id='word_1_387' title='bbox 2486 2130 2882 2201; x_wconf 85' lang='lat' dir='ltr'><strong>superaddere,</strong></span> <span class='ocrx_word' id='word_1_388' title='bbox 2915 2136 3009 2183; x_wconf 89' lang='lat' dir='ltr'><strong>aut</strong></span> <span class='ocrx_word' id='word_1_389' title='bbox 3037 2128 3388 2187; x_wconf 88' lang='lat' dir='ltr'><strong>subtrahere.</strong></span> <span class='ocrx_word' id='word_1_390' title='bbox 3432 2135 3526 2181; x_wconf 89' lang='lat' dir='ltr'><strong>aut</strong></span> <span class='ocrx_word' id='word_1_391' title='bbox 3556 2127 3772 2181; x_wconf 73' lang='lat' dir='ltr'><strong>immu—</strong></span> 
     </span>
    </p>
   </div>
   <div class='ocr_carea' id='block_1_52' title="bbox 2181 2218 3767 2288">
    <p class='ocr_par' dir='ltr' id='par_1_52' title="bbox 2181 2218 3767 2288">
     <span class='ocr_line' id='line_1_52' title="bbox 2181 2218 3767 2288; baseline -0.005 -10"><span class='ocrx_word' id='word_1_392' title='bbox 2181 2233 2323 2284; x_wconf 87' lang='lat' dir='ltr'><strong>tare,</strong></span> <span class='ocrx_word' id='word_1_393' title='bbox 2356 2223 2425 2277; x_wconf 90' lang='lat' dir='ltr'><strong>ad</strong></span> <span class='ocrx_word' id='word_1_394' title='bbox 2454 2219 3111 2284; x_wconf 67' lang='lat' dir='ltr'><strong>dehonorationemJllius</strong></span> <span class='ocrx_word' id='word_1_395' title='bbox 3139 2219 3205 2274; x_wconf 90' lang='lat' dir='ltr'><strong>de</strong></span> <span class='ocrx_word' id='word_1_396' title='bbox 3233 2232 3341 2288; x_wconf 91' lang='lat' dir='ltr'><strong>quo</strong></span> <span class='ocrx_word' id='word_1_397' title='bbox 3371 2218 3569 2287; x_wconf 87' lang='lat' dir='ltr'><strong>scripta</strong></span> <span class='ocrx_word' id='word_1_398' title='bbox 3596 2226 3767 2283; x_wconf 86' lang='lat' dir='ltr'><strong>sunt,</strong></span> 
     </span>
    </p>
   </div>
   <div class='ocr_carea' id='block_1_53' title="bbox 2177 2309 3769 2380">
    <p class='ocr_par' dir='ltr' id='par_1_53' title="bbox 2177 2309 3769 2380">
     <span class='ocr_line' id='line_1_53' title="bbox 2177 2309 3769 2380; baseline -0.003 -12"><span class='ocrx_word' id='word_1_399' title='bbox 2177 2323 2234 2368; x_wconf 91' lang='lat' dir='ltr'><strong>et</strong></span> <span class='ocrx_word' id='word_1_400' title='bbox 2262 2312 2385 2367; x_wconf 88' lang='lat' dir='ltr'><strong>ﬁdei</strong></span> <span class='ocrx_word' id='word_1_401' title='bbox 2412 2321 2611 2367; x_wconf 61' lang='lat' dir='ltr'><strong>nostra;</strong></span> <span class='ocrx_word' id='word_1_402' title='bbox 2640 2311 3044 2367; x_wconf 89' lang='lat' dir='ltr'><strong>insultationem</strong></span> <span class='ocrx_word' id='word_1_403' title='bbox 3064 2350 3079 2375; x_wconf 90' lang='lat'><strong>,</strong></span> <span class='ocrx_word' id='word_1_404' title='bbox 3116 2319 3171 2365; x_wconf 92' lang='lat' dir='ltr'><strong>et</strong></span> <span class='ocrx_word' id='word_1_405' title='bbox 3202 2310 3398 2364; x_wconf 73' lang='lat' dir='ltr'><strong>anima:</strong></span> <span class='ocrx_word' id='word_1_406' title='bbox 3427 2324 3537 2364; x_wconf 74' lang='lat' dir='ltr'><strong>sua:</strong></span> <span class='ocrx_word' id='word_1_407' title='bbox 3566 2309 3769 2380; x_wconf 86' lang='lat' dir='ltr'><strong>perdi-</strong></span> 
     </span>
    </p>
   </div>
   <div class='ocr_carea' id='block_1_54' title="bbox 2179 2401 3767 2473">
    <p class='ocr_par' dir='ltr' id='par_1_54' title="bbox 2179 2401 3767 2473">
     <span class='ocr_line' id='line_1_54' title="bbox 2179 2401 3767 2473; baseline -0.001 -15"><span class='ocrx_word' id='word_1_408' title='bbox 2179 2405 2402 2467; x_wconf 89' lang='lat' dir='ltr'><strong>tionem,</strong></span> <span class='ocrx_word' id='word_1_409' title='bbox 2422 2410 2618 2473; x_wconf 89' lang='lat' dir='ltr'><strong>potest.</strong></span> <span class='ocrx_word' id='word_1_410' title='bbox 2652 2402 2990 2472; x_wconf 81' lang='lat' dir='ltr'><strong>Quapropter</strong></span> <span class='ocrx_word' id='word_1_411' title='bbox 3010 2416 3231 2457; x_wconf 87' lang='lat' dir='ltr'><strong>necesse</strong></span> <span class='ocrx_word' id='word_1_412' title='bbox 3251 2410 3335 2457; x_wconf 88' lang='lat' dir='ltr'><strong>est</strong></span> <span class='ocrx_word' id='word_1_413' title='bbox 3358 2401 3457 2455; x_wconf 82' lang='lat' dir='ltr'><strong>tibi</strong></span> <span class='ocrx_word' id='word_1_414' title='bbox 3481 2401 3767 2467; x_wconf 84' lang='lat' dir='ltr'><strong>consulas,</strong></span> 
     </span>
    </p>
   </div>
   <div class='ocr_carea' id='block_1_55' title="bbox 2175 2487 3768 2566">
    <p class='ocr_par' dir='ltr' id='par_1_55' title="bbox 2175 2487 3768 2566">
     <span class='ocr_line' id='line_1_55' title="bbox 2175 2487 3768 2566; baseline -0.001 -16"><span class='ocrx_word' id='word_1_415' title='bbox 2175 2487 2231 2550; x_wconf 85' lang='lat' dir='ltr'><strong>et</strong></span> <span class='ocrx_word' id='word_1_416' title='bbox 2252 2504 2509 2566; x_wconf 88' lang='lat' dir='ltr'><strong>quantum</strong></span> <span class='ocrx_word' id='word_1_417' title='bbox 2532 2510 2629 2564; x_wconf 87' lang='lat' dir='ltr'><strong>per</strong></span> <span class='ocrx_word' id='word_1_418' title='bbox 2647 2492 3018 2564; x_wconf 84' lang='lat' dir='ltr'><strong>hujuscemodi</strong></span> <span class='ocrx_word' id='word_1_419' title='bbox 3041 2491 3351 2547; x_wconf 80' lang='lat' dir='ltr'><strong>mendosam</strong></span> <span class='ocrx_word' id='word_1_420' title='bbox 3372 2490 3768 2560; x_wconf 82' lang='lat' dir='ltr'><strong>adjectionem.</strong></span> 
     </span>
    </p>
   </div>
   <div class='ocr_carea' id='block_1_56' title="bbox 2178 2580 3769 2654">
    <p class='ocr_par' dir='ltr' id='par_1_56' title="bbox 2178 2580 3769 2654">
     <span class='ocr_line' id='line_1_56' title="bbox 2178 2580 3769 2654; baseline -0.002 -13"><span class='ocrx_word' id='word_1_421' title='bbox 2178 2586 2233 2641; x_wconf 92' lang='lat' dir='ltr'><strong>id</strong></span> <span class='ocrx_word' id='word_1_422' title='bbox 2265 2593 2381 2649; x_wconf 92' lang='lat' dir='ltr'><strong>est,</strong></span> <span class='ocrx_word' id='word_1_423' title='bbox 2429 2585 2687 2639; x_wconf 88' lang='lat' dir='ltr'><strong>ruborum</strong></span> <span class='ocrx_word' id='word_1_424' title='bbox 2734 2584 2904 2654; x_wconf 89' lang='lat' dir='ltr'><strong>spinis</strong></span> <span class='ocrx_word' id='word_1_425' title='bbox 2944 2596 3202 2638; x_wconf 86' lang='lat' dir='ltr'><strong>coronam</strong></span> <span class='ocrx_word' id='word_1_426' title='bbox 3240 2590 3551 2637; x_wconf 81' lang='lat' dir='ltr'><strong>contextam</strong></span> <span class='ocrx_word' id='word_1_427' title='bbox 3586 2580 3769 2652; x_wconf 79' lang='lat' dir='ltr'><strong>capiti</strong></span> 
     </span>
    </p>
   </div>
   <div class='ocr_carea' id='block_1_57' title="bbox 2177 2675 3767 2747">
    <p class='ocr_par' dir='ltr' id='par_1_57' title="bbox 2177 2675 3767 2747">
     <span class='ocr_line' id='line_1_57' title="bbox 2177 2675 3767 2747; baseline -0.003 -15"><span class='ocrx_word' id='word_1_428' title='bbox 2177 2677 2389 2733; x_wconf 89' lang='lat' dir='ltr'><strong>Domtni</strong></span> <span class='ocrx_word' id='word_1_429' title='bbox 2420 2676 2728 2747; x_wconf 80' lang='lat' dir='ltr'><strong>impositam</strong></span> <span class='ocrx_word' id='word_1_430' title='bbox 2758 2677 3137 2740; x_wconf 88' lang='lat' dir='ltr'><strong>asseverando,</strong></span> <span class='ocrx_word' id='word_1_431' title='bbox 3173 2675 3540 2739; x_wconf 88' lang='lat' dir='ltr'><strong>oberraveris,</strong></span> <span class='ocrx_word' id='word_1_432' title='bbox 3568 2676 3767 2729; x_wconf 68' lang='lat' dir='ltr'><strong>atteni-</strong></span> 
     </span>
    </p>
   </div>
   <div class='ocr_carea' id='block_1_58' title="bbox 2176 2767 3768 2838">
    <p class='ocr_par' dir='ltr' id='par_1_58' title="bbox 2176 2767 3768 2838">
     <span class='ocr_line' id='line_1_58' title="bbox 2176 2767 3768 2838; baseline -0.003 -11"><span class='ocrx_word' id='word_1_433' title='bbox 2176 2772 2293 2827; x_wconf 91' lang='lat' dir='ltr'><strong>das.</strong></span> <span class='ocrx_word' id='word_1_434' title='bbox 2343 2769 2536 2825; x_wconf 89' lang='lat' dir='ltr'><strong>Nescio</strong></span> <span class='ocrx_word' id='word_1_435' title='bbox 2580 2768 2763 2838; x_wconf 90' lang='lat' dir='ltr'><strong>itaque</strong></span> <span class='ocrx_word' id='word_1_436' title='bbox 2805 2776 2986 2824; x_wconf 88' lang='lat' dir='ltr'><strong>utrum</strong></span> <span class='ocrx_word' id='word_1_437' title='bbox 3030 2768 3231 2832; x_wconf 87' lang='lat' dir='ltr'><strong>sciens,</strong></span> <span class='ocrx_word' id='word_1_438' title='bbox 3276 2782 3347 2822; x_wconf 86' lang='lat' dir='ltr'><strong>an</strong></span> <span class='ocrx_word' id='word_1_439' title='bbox 3386 2767 3649 2830; x_wconf 90' lang='lat' dir='ltr'><strong>nesciens,</strong></span> <span class='ocrx_word' id='word_1_440' title='bbox 3709 2778 3768 2823; x_wconf 86' lang='lat' dir='ltr'><strong>te</strong></span> 
     </span>
    </p>
   </div>
   <div class='ocr_carea' id='block_1_59' title="bbox 2178 2861 3767 2927">
    <p class='ocr_par' dir='ltr' id='par_1_59' title="bbox 2178 2861 3767 2927">
     <span class='ocr_line' id='line_1_59' title="bbox 2178 2861 3767 2927; baseline -0.002 -8"><span class='ocrx_word' id='word_1_441' title='bbox 2178 2865 2486 2927; x_wconf 88' lang='lat' dir='ltr'><strong>immaniter</strong></span> <span class='ocrx_word' id='word_1_442' title='bbox 2508 2865 2562 2918; x_wconf 92' lang='lat' dir='ltr'><strong>in</strong></span> <span class='ocrx_word' id='word_1_443' title='bbox 2583 2863 2856 2918; x_wconf 87' lang='lat' dir='ltr'><strong>vinculum</strong></span> <span class='ocrx_word' id='word_1_444' title='bbox 2884 2861 3462 2918; x_wconf 80' lang='lat' dir='ltr'><strong>excommunicationis</strong></span> <span class='ocrx_word' id='word_1_445' title='bbox 3481 2862 3767 2916; x_wconf 68' lang='lat' dir='ltr'><strong>canonica:</strong></span> 
     </span>
    </p>
   </div>
   <div class='ocr_carea' id='block_1_60' title="bbox 2177 2951 3764 3025">
    <p class='ocr_par' dir='ltr' id='par_1_60' title="bbox 2177 2951 3764 3025">
     <span class='ocr_line' id='line_1_60' title="bbox 2177 2951 3764 3025; baseline -0.003 -13"><span class='ocrx_word' id='word_1_446' title='bbox 2177 2955 2481 3025; x_wconf 83' lang='lat' dir='ltr'><strong>conjecisti,</strong></span> <span class='ocrx_word' id='word_1_447' title='bbox 2529 2968 2598 3009; x_wconf 89' lang='lat' dir='ltr'><strong>eo</strong></span> <span class='ocrx_word' id='word_1_448' title='bbox 2634 2952 2779 3023; x_wconf 86' lang='lat' dir='ltr'><strong>quod</strong></span> <span class='ocrx_word' id='word_1_449' title='bbox 2822 2952 2948 3008; x_wconf 88' lang='lat' dir='ltr'><strong>ﬁdei</strong></span> <span class='ocrx_word' id='word_1_450' title='bbox 2991 2953 3314 3024; x_wconf 67' lang='lat' dir='ltr'><strong>evangelicae</strong></span> <span class='ocrx_word' id='word_1_451' title='bbox 3340 2952 3405 3007; x_wconf 92' lang='lat' dir='ltr'><strong>de</strong></span> <span class='ocrx_word' id='word_1_452' title='bbox 3432 2960 3525 3007; x_wconf 91' lang='lat' dir='ltr'><strong>tuo</strong></span> <span class='ocrx_word' id='word_1_453' title='bbox 3550 2951 3764 3022; x_wconf 89' lang='lat' dir='ltr'><strong>aliquid</strong></span> 
     </span>
    </p>
   </div>
   <div class='ocr_carea' id='block_1_61' title="bbox 2178 3043 3762 3118">
    <p class='ocr_par' dir='ltr' id='par_1_61' title="bbox 2178 3043 3762 3118">
     <span class='ocr_line' id='line_1_61' title="bbox 2178 3043 3762 3118; baseline -0.003 -17"><span class='ocrx_word' id='word_1_454' title='bbox 2178 3046 2541 3118; x_wconf 84' lang='lat' dir='ltr'><strong>superaddere</strong></span> <span class='ocrx_word' id='word_1_455' title='bbox 2567 3044 3000 3115; x_wconf 70' lang='lat' dir='ltr'><strong>pmsumpseris.</strong></span> <span class='ocrx_word' id='word_1_456' title='bbox 3031 3043 3285 3098; x_wconf 89' lang='lat' dir='ltr'><strong>Deﬁnitio</strong></span> <span class='ocrx_word' id='word_1_457' title='bbox 3313 3045 3509 3114; x_wconf 89' lang='lat' dir='ltr'><strong>quippe</strong></span> <span class='ocrx_word' id='word_1_458' title='bbox 3537 3052 3762 3098; x_wconf 65' lang='lat' dir='ltr'><strong>sanctu-</strong></span> 
     </span>
    </p>
   </div>
   <div class='ocr_carea' id='block_1_62' title="bbox 499 3129 3762 3208">
    <p class='ocr_par' dir='ltr' id='par_1_62' title="bbox 499 3129 3762 3208">
     <span class='ocr_line' id='line_1_62' title="bbox 499 3129 3762 3208; baseline 0.001 -21"><span class='ocrx_word' id='word_1_459' title='bbox 499 3134 782 3200; x_wconf 86' lang='lat' dir='ltr'><strong>struimus,</strong></span> <span class='ocrx_word' id='word_1_460' title='bbox 832 3149 1024 3188; x_wconf 90' lang='lat' dir='ltr'><strong>cruces</strong></span> <span class='ocrx_word' id='word_1_461' title='bbox 1069 3141 1281 3198; x_wconf 89' lang='lat' dir='ltr'><strong>autem,</strong></span> <span class='ocrx_word' id='word_1_462' title='bbox 1314 3132 1399 3187; x_wconf 86' lang='lat' dir='ltr'><strong>vel</strong></span> <span class='ocrx_word' id='word_1_463' title='bbox 1434 3131 1502 3186; x_wconf 89' lang='lat' dir='ltr'><strong>ad</strong></span> <span class='ocrx_word' id='word_1_464' title='bbox 1547 3133 1864 3187; x_wconf 89' lang='lat' dir='ltr'><strong>memoriam</strong></span> <span class='ocrx_word' id='word_1_465' title='bbox 1894 3132 2075 3188; x_wconf 90' lang='lat' dir='ltr'><strong>Domi-</strong></span> <span class='ocrx_word' id='word_1_466' title='bbox 2101 3129 2146 3191; x_wconf 86' lang='lat' dir='ltr'>C</span> <span class='ocrx_word' id='word_1_467' title='bbox 2179 3154 2297 3193; x_wconf 88' lang='lat' dir='ltr'><strong>rum</strong></span> <span class='ocrx_word' id='word_1_468' title='bbox 2328 3145 2540 3208; x_wconf 86' lang='lat' dir='ltr'><strong>patrum</strong></span> <span class='ocrx_word' id='word_1_469' title='bbox 2569 3137 2622 3191; x_wconf 87' lang='lat' dir='ltr'><strong>in</strong></span> <span class='ocrx_word' id='word_1_470' title='bbox 2650 3135 2879 3191; x_wconf 89' lang='lat' dir='ltr'><strong>concilio</strong></span> <span class='ocrx_word' id='word_1_471' title='bbox 2904 3135 3331 3191; x_wconf 81' lang='lat' dir='ltr'><strong>Chalcedonensi</strong></span> <span class='ocrx_word' id='word_1_472' title='bbox 3360 3149 3523 3205; x_wconf 89' lang='lat' dir='ltr'><strong>super</strong></span> <span class='ocrx_word' id='word_1_473' title='bbox 3548 3135 3633 3191; x_wconf 89' lang='lat' dir='ltr'><strong>his</strong></span> <span class='ocrx_word' id='word_1_474' title='bbox 3658 3138 3762 3207; x_wconf 84' lang='lat' dir='ltr'><strong>qui</strong></span> 
     </span>
    </p>
   </div>
   <div class='ocr_carea' id='block_1_63' title="bbox 500 3222 2074 3293">
    <p class='ocr_par' dir='ltr' id='par_1_63' title="bbox 500 3222 2074 3293">
     <span class='ocr_line' id='line_1_63' title="bbox 500 3222 2074 3293; baseline 0.002 -17"><span class='ocrx_word' id='word_1_475' title='bbox 500 3223 635 3277; x_wconf 59' lang='lat' dir='ltr'><strong>nica;</strong></span> <span class='ocrx_word' id='word_1_476' title='bbox 682 3224 953 3293; x_wconf 84' lang='lat' dir='ltr'><strong>passionis</strong></span> <span class='ocrx_word' id='word_1_477' title='bbox 1000 3238 1123 3281; x_wconf 89' lang='lat' dir='ltr'><strong>cum</strong></span> <span class='ocrx_word' id='word_1_478' title='bbox 1184 3223 1391 3277; x_wconf 90' lang='lat' dir='ltr'><strong>honore</strong></span> <span class='ocrx_word' id='word_1_479' title='bbox 1439 3236 1677 3292; x_wconf 86' lang='lat' dir='ltr'><strong>congruo</strong></span> <span class='ocrx_word' id='word_1_480' title='bbox 1726 3223 1782 3277; x_wconf 93' lang='lat' dir='ltr'><strong>in</strong></span> <span class='ocrx_word' id='word_1_481' title='bbox 1830 3222 2074 3279; x_wconf 89' lang='lat' dir='ltr'><strong>ecclesiis</strong></span> 
     </span>
    </p>
   </div>
   <div class='ocr_carea' id='block_1_64' title="bbox 497 3310 2073 3383">
    <p class='ocr_par' dir='ltr' id='par_1_64' title="bbox 497 3310 2073 3383">
     <span class='ocr_line' id='line_1_64' title="bbox 497 3310 2073 3383; baseline 0.001 -16"><span class='ocrx_word' id='word_1_482' title='bbox 497 3312 834 3377; x_wconf 83' lang='lat' dir='ltr'><strong>stabilimus,</strong></span> <span class='ocrx_word' id='word_1_483' title='bbox 874 3312 957 3367; x_wconf 89' lang='lat' dir='ltr'><strong>vel</strong></span> <span class='ocrx_word' id='word_1_484' title='bbox 993 3310 1147 3381; x_wconf 82' lang='lat' dir='ltr'><strong>juxta</strong></span> <span class='ocrx_word' id='word_1_485' title='bbox 1193 3313 1338 3382; x_wconf 89' lang='lat' dir='ltr'><strong>quod</strong></span> <span class='ocrx_word' id='word_1_486' title='bbox 1383 3311 1439 3366; x_wconf 92' lang='lat' dir='ltr'><strong>in</strong></span> <span class='ocrx_word' id='word_1_487' title='bbox 1485 3311 1769 3367; x_wconf 85' lang='lat' dir='ltr'><strong>Ezechiele</strong></span> <span class='ocrx_word' id='word_1_488' title='bbox 1812 3313 2073 3383; x_wconf 87' lang='lat' dir='ltr'><strong>propheta</strong></span> 
     </span>
    </p>
   </div>
   <div class='ocr_carea' id='block_1_65' title="bbox 497 3402 2071 3475">
    <p class='ocr_par' dir='ltr' id='par_1_65' title="bbox 497 3402 2071 3475">
     <span class='ocr_line' id='line_1_65' title="bbox 497 3402 2071 3475; baseline 0.003 -18"><span class='ocrx_word' id='word_1_489' title='bbox 497 3402 782 3460; x_wconf 83' lang='lat' dir='ltr'><strong>didicimus</strong></span> <span class='ocrx_word' id='word_1_490' title='bbox 808 3403 1023 3475; x_wconf 80' lang='lat' dir='ltr'><strong>(Ezech.</strong></span> <span class='ocrx_word' id='word_1_491' title='bbox 1053 3403 1156 3475; x_wconf 76' lang='lat' dir='ltr'><strong>ix),</strong></span> <span class='ocrx_word' id='word_1_492' title='bbox 1193 3402 1401 3459; x_wconf 82' lang='lat' dir='ltr'><strong>foribus</strong></span> <span class='ocrx_word' id='word_1_493' title='bbox 1429 3404 1649 3470; x_wconf 88' lang='lat' dir='ltr'><strong>nostris,</strong></span> <span class='ocrx_word' id='word_1_494' title='bbox 1681 3404 1737 3459; x_wconf 93' lang='lat' dir='ltr'><strong>id</strong></span> <span class='ocrx_word' id='word_1_495' title='bbox 1763 3413 1879 3469; x_wconf 90' lang='lat' dir='ltr'><strong>est,</strong></span> <span class='ocrx_word' id='word_1_496' title='bbox 1919 3404 2071 3461; x_wconf 80' lang='lat' dir='ltr'><strong>tron-</strong></span> 
     </span>
    </p>
   </div>
   <div class='ocr_carea' id='block_1_66' title="bbox 502 3492 2072 3571">
    <p class='ocr_par' dir='ltr' id='par_1_66' title="bbox 502 3492 2072 3571">
     <span class='ocr_line' id='line_1_66' title="bbox 502 3492 2072 3571; baseline 0.003 -24"><span class='ocrx_word' id='word_1_497' title='bbox 502 3494 671 3571; x_wconf 83' lang='lat' dir='ltr'><strong>tibus,</strong></span> <span class='ocrx_word' id='word_1_498' title='bbox 715 3502 880 3564; x_wconf 87' lang='lat' dir='ltr'><strong>atque</strong></span> <span class='ocrx_word' id='word_1_499' title='bbox 912 3494 1150 3565; x_wconf 86' lang='lat' dir='ltr'><strong>quinque</strong></span> <span class='ocrx_word' id='word_1_500' title='bbox 1179 3495 1424 3565; x_wconf 88' lang='lat' dir='ltr'><strong>corporis</strong></span> <span class='ocrx_word' id='word_1_501' title='bbox 1466 3492 1719 3551; x_wconf 75' lang='lat' dir='ltr'><strong>sensibus</strong></span> <span class='ocrx_word' id='word_1_502' title='bbox 1747 3494 1817 3550; x_wconf 90' lang='lat' dir='ltr'><strong>ob</strong></span> <span class='ocrx_word' id='word_1_503' title='bbox 1848 3496 2072 3552; x_wconf 87' lang='lat' dir='ltr'><strong>tutelam</strong></span> 
     </span>
    </p>
   </div>
   <div class='ocr_carea' id='block_1_67' title="bbox 497 3585 1498 3655">
    <p class='ocr_par' dir='ltr' id='par_1_67' title="bbox 497 3585 1498 3655">
     <span class='ocr_line' id='line_1_67' title="bbox 497 3585 1498 3655; baseline 0.002 -17"><span class='ocrx_word' id='word_1_504' title='bbox 497 3593 737 3641; x_wconf 87' lang='lat' dir='ltr'><strong>nostram</strong></span> <span class='ocrx_word' id='word_1_505' title='bbox 763 3586 1114 3655; x_wconf 62' lang='lat' dir='ltr'><strong>praetigimus.</strong></span> <span class='ocrx_word' id='word_1_506' title='bbox 1150 3585 1354 3641; x_wconf 89' lang='lat' dir='ltr'><strong>Deinde</strong></span> <span class='ocrx_word' id='word_1_507' title='bbox 1380 3586 1498 3640; x_wconf 87' lang='lat' dir='ltr'><strong>ais:</strong></span> 
     </span>
    </p>
   </div>
   <div class='ocr_carea' id='block_1_68' title="bbox 572 3677 2069 3751">
    <p class='ocr_par' dir='ltr' id='par_1_68' title="bbox 572 3677 2069 3751">
     <span class='ocr_line' id='line_1_68' title="bbox 572 3677 2069 3751; baseline 0.005 -23"><span class='ocrx_word' id='word_1_508' title='bbox 572 3697 590 3728; x_wconf 75' lang='grc' dir='ltr'><strong>ι</strong></span> <span class='ocrx_word' id='word_1_509' title='bbox 616 3677 926 3734; x_wconf 82' lang='lat' dir='ltr'><strong>Adorentur</strong></span> <span class='ocrx_word' id='word_1_510' title='bbox 946 3687 1000 3734; x_wconf 91' lang='lat' dir='ltr'><strong>et</strong></span> <span class='ocrx_word' id='word_1_511' title='bbox 1019 3679 1189 3749; x_wconf 70' lang='lat' dir='ltr'><strong>spina:</strong></span> <span class='ocrx_word' id='word_1_512' title='bbox 1211 3677 1494 3745; x_wconf 89' lang='lat' dir='ltr'><strong>ruborum,</strong></span> <span class='ocrx_word' id='word_1_513' title='bbox 1516 3679 1643 3749; x_wconf 89' lang='lat' dir='ltr'><strong>quia</strong></span> <span class='ocrx_word' id='word_1_514' title='bbox 1665 3679 1860 3735; x_wconf 81' lang='lat' dir='ltr'><strong>exinde</strong></span> <span class='ocrx_word' id='word_1_515' title='bbox 1883 3680 2069 3751; x_wconf 89' lang='lat' dir='ltr'><strong>spinea</strong></span> 
     </span>
    </p>
   </div>
   <div class='ocr_carea' id='block_1_69' title="bbox 501 3768 2063 3841">
    <p class='ocr_par' dir='ltr' id='par_1_69' title="bbox 501 3768 2063 3841">
     <span class='ocr_line' id='line_1_69' title="bbox 501 3768 2063 3841; baseline 0.005 -22"><span class='ocrx_word' id='word_1_516' title='bbox 501 3788 519 3819; x_wconf 75' lang='grc' dir='ltr'><strong>ι</strong></span> <span class='ocrx_word' id='word_1_517' title='bbox 550 3782 748 3825; x_wconf 89' lang='lat' dir='ltr'><strong>corona</strong></span> <span class='ocrx_word' id='word_1_518' title='bbox 770 3778 1013 3839; x_wconf 89' lang='lat' dir='ltr'><strong>tempore</strong></span> <span class='ocrx_word' id='word_1_519' title='bbox 1040 3770 1307 3840; x_wconf 87' lang='lat' dir='ltr'><strong>passionis</strong></span> <span class='ocrx_word' id='word_1_520' title='bbox 1329 3770 1490 3841; x_wconf 88' lang='lat' dir='ltr'><strong>capiti</strong></span> <span class='ocrx_word' id='word_1_521' title='bbox 1513 3768 1631 3841; x_wconf 92' lang='lat' dir='ltr'><strong>ejus</strong></span> <span class='ocrx_word' id='word_1_522' title='bbox 1651 3771 1899 3840; x_wconf 89' lang='lat' dir='ltr'><strong>imposita</strong></span> <span class='ocrx_word' id='word_1_523' title='bbox 1920 3780 2022 3828; x_wconf 91' lang='lat' dir='ltr'><strong>est.</strong></span> <span class='ocrx_word' id='word_1_524' title='bbox 2045 3794 2063 3827; x_wconf 72' lang='grc' dir='ltr'><strong>ι</strong></span> 
     </span>
    </p>
   </div>
   <div class='ocr_carea' id='block_1_70' title="bbox 493 3857 2072 3931">
    <p class='ocr_par' dir='ltr' id='par_1_70' title="bbox 493 3857 2072 3931">
     <span class='ocr_line' id='line_1_70' title="bbox 493 3857 2072 3931; baseline 0.005 -20"><span class='ocrx_word' id='word_1_525' title='bbox 493 3857 666 3926; x_wconf 85' lang='lat' dir='ltr'><strong>Quam</strong></span> <span class='ocrx_word' id='word_1_526' title='bbox 706 3860 843 3915; x_wconf 88' lang='lat' dir='ltr'><strong>bene</strong></span> <span class='ocrx_word' id='word_1_527' title='bbox 885 3874 1157 3929; x_wconf 87' lang='lat' dir='ltr'><strong>quamque</strong></span> <span class='ocrx_word' id='word_1_528' title='bbox 1194 3860 1471 3930; x_wconf 80' lang='lat' dir='ltr'><strong>eleganter</strong></span> <span class='ocrx_word' id='word_1_529' title='bbox 1500 3868 1663 3931; x_wconf 89' lang='lat' dir='ltr'><strong>atque</strong></span> <span class='ocrx_word' id='word_1_530' title='bbox 1690 3862 1897 3918; x_wconf 85' lang='lat' dir='ltr'><strong>urbane</strong></span> <span class='ocrx_word' id='word_1_531' title='bbox 1924 3878 2072 3919; x_wconf 88' lang='lat' dir='ltr'><strong>com-</strong></span> 
     </span>
    </p>
   </div>
   <div class='ocr_carea' id='block_1_71' title="bbox 495 3950 2072 4021">
    <p class='ocr_par' dir='ltr' id='par_1_71' title="bbox 495 3950 2072 4021">
     <span class='ocr_line' id='line_1_71' title="bbox 495 3950 2072 4021; baseline 0.004 -18"><span class='ocrx_word' id='word_1_532' title='bbox 495 3950 830 4021; x_wconf 87' lang='lat' dir='ltr'><strong>parationem</strong></span> <span class='ocrx_word' id='word_1_533' title='bbox 855 3958 910 4005; x_wconf 90' lang='lat' dir='ltr'><strong>et</strong></span> <span class='ocrx_word' id='word_1_534' title='bbox 933 3951 1073 4005; x_wconf 89' lang='lat' dir='ltr'><strong>hanc</strong></span> <span class='ocrx_word' id='word_1_535' title='bbox 1097 3951 1240 4007; x_wconf 90' lang='lat' dir='ltr'><strong>sicut</strong></span> <span class='ocrx_word' id='word_1_536' title='bbox 1259 3961 1485 4006; x_wconf 77' lang='lat' dir='ltr'><strong>caeteras</strong></span> <span class='ocrx_word' id='word_1_537' title='bbox 1505 3951 1870 4017; x_wconf 82' lang='lat' dir='ltr'><strong>contexueris,</strong></span> <span class='ocrx_word' id='word_1_538' title='bbox 1893 3953 2072 4010; x_wconf 88' lang='lat' dir='ltr'><strong>videat</strong></span> 
     </span>
    </p>
   </div>
   <div class='ocr_carea' id='block_1_72' title="bbox 492 4040 2067 4119">
    <p class='ocr_par' dir='ltr' id='par_1_72' title="bbox 492 4040 2067 4119">
     <span class='ocr_line' id='line_1_72' title="bbox 492 4040 2067 4119; baseline 0.003 -25"><span class='ocrx_word' id='word_1_539' title='bbox 492 4040 585 4110; x_wconf 88' lang='lat' dir='ltr'><strong>qui</strong></span> <span class='ocrx_word' id='word_1_540' title='bbox 624 4055 814 4096; x_wconf 66' lang='lat' dir='ltr'><strong>sinum</strong></span> <span class='ocrx_word' id='word_1_541' title='bbox 858 4041 1018 4111; x_wconf 90' lang='lat' dir='ltr'><strong>sapit.</strong></span> <span class='ocrx_word' id='word_1_542' title='bbox 1071 4041 1114 4094; x_wconf 85' lang='lat' dir='ltr'><strong>A</strong></span> <span class='ocrx_word' id='word_1_543' title='bbox 1159 4041 1375 4097; x_wconf 87' lang='lat' dir='ltr'><strong>turbido</strong></span> <span class='ocrx_word' id='word_1_544' title='bbox 1415 4041 1560 4097; x_wconf 90' lang='lat' dir='ltr'><strong>enim</strong></span> <span class='ocrx_word' id='word_1_545' title='bbox 1599 4043 2067 4119; x_wconf 27' lang='lat' dir='ltr'><strong>arrogantim‘tua:</strong></span> 
     </span>
    </p>
   </div>
   <div class='ocr_carea' id='block_1_73' title="bbox 495 4129 2068 4202">
    <p class='ocr_par' dir='ltr' id='par_1_73' title="bbox 495 4129 2068 4202">
     <span class='ocr_line' id='line_1_73' title="bbox 495 4129 2068 4202; baseline 0.004 -19"><span class='ocrx_word' id='word_1_546' title='bbox 495 4129 781 4197; x_wconf 78' lang='lat' dir='ltr'><strong>fonticulo,</strong></span> <span class='ocrx_word' id='word_1_547' title='bbox 825 4138 881 4186; x_wconf 89' lang='lat' dir='ltr'><strong>et</strong></span> <span class='ocrx_word' id='word_1_548' title='bbox 923 4130 1241 4187; x_wconf 89' lang='lat' dir='ltr'><strong>clarissimis</strong></span> <span class='ocrx_word' id='word_1_549' title='bbox 1276 4131 1410 4186; x_wconf 89' lang='lat' dir='ltr'><strong>artis</strong></span> <span class='ocrx_word' id='word_1_550' title='bbox 1448 4132 1819 4202; x_wconf 72' lang='lat' dir='ltr'><strong>grammaticae</strong></span> <span class='ocrx_word' id='word_1_551' title='bbox 1850 4131 2068 4189; x_wconf 84' lang='lat' dir='ltr'><strong>ﬂuentis</strong></span> 
     </span>
    </p>
   </div>
   <div class='ocr_carea' id='block_1_74' title="bbox 491 4222 2068 4298">
    <p class='ocr_par' dir='ltr' id='par_1_74' title="bbox 491 4222 2068 4298">
     <span class='ocr_line' id='line_1_74' title="bbox 491 4222 2068 4298; baseline 0.004 -23"><span class='ocrx_word' id='word_1_552' title='bbox 491 4237 711 4292; x_wconf 88' lang='lat' dir='ltr'><strong>prorsus</strong></span> <span class='ocrx_word' id='word_1_553' title='bbox 741 4222 933 4285; x_wconf 89' lang='lat' dir='ltr'><strong>alieno,</strong></span> <span class='ocrx_word' id='word_1_554' title='bbox 965 4223 1104 4277; x_wconf 88' lang='lat' dir='ltr'><strong>sicut</strong></span> <span class='ocrx_word' id='word_1_555' title='bbox 1132 4222 1251 4278; x_wconf 68' lang='lat' dir='ltr'><strong>alia:</strong></span> <span class='ocrx_word' id='word_1_556' title='bbox 1277 4223 1574 4279; x_wconf 73' lang='lat' dir='ltr'><strong>naeniarum</strong></span> <span class='ocrx_word' id='word_1_557' title='bbox 1606 4232 1819 4279; x_wconf 89' lang='lat' dir='ltr'><strong>tuarum</strong></span> <span class='ocrx_word' id='word_1_558' title='bbox 1849 4241 2068 4298; x_wconf 83' lang='lat' dir='ltr'><strong>compa-</strong></span> 
     </span>
    </p>
   </div>
   <div class='ocr_carea' id='block_1_75' title="bbox 495 4308 2067 4386">
    <p class='ocr_par' dir='ltr' id='par_1_75' title="bbox 495 4308 2067 4386">
     <span class='ocr_line' id='line_1_75' title="bbox 495 4308 2067 4386; baseline 0.005 -20"><span class='ocrx_word' id='word_1_559' title='bbox 495 4314 750 4373; x_wconf 87' lang='lat' dir='ltr'><strong>rationes.</strong></span> <span class='ocrx_word' id='word_1_560' title='bbox 783 4314 858 4368; x_wconf 89' lang='lat' dir='ltr'><strong>ita</strong></span> <span class='ocrx_word' id='word_1_561' title='bbox 886 4322 939 4368; x_wconf 89' lang='lat' dir='ltr'><strong>et</strong></span> <span class='ocrx_word' id='word_1_562' title='bbox 968 4314 1081 4369; x_wconf 67' lang='lat' dir='ltr'><strong>haec</strong></span> <span class='ocrx_word' id='word_1_563' title='bbox 1111 4322 1220 4369; x_wconf 90' lang='lat' dir='ltr'><strong>tam</strong></span> <span class='ocrx_word' id='word_1_564' title='bbox 1251 4313 1506 4370; x_wconf 86' lang='lat' dir='ltr'><strong>indecens</strong></span> <span class='ocrx_word' id='word_1_565' title='bbox 1530 4308 2067 4386; x_wconf 67' lang='lat' dir='ltr'><strong>rationeque&#39;carens</strong></span> 
     </span>
    </p>
   </div>
   <div class='ocr_carea' id='block_1_76' title="bbox 491 4406 2067 4477">
    <p class='ocr_par' dir='ltr' id='par_1_76' title="bbox 491 4406 2067 4477">
     <span class='ocr_line' id='line_1_76' title="bbox 491 4406 2067 4477; baseline 0.004 -19"><span class='ocrx_word' id='word_1_566' title='bbox 491 4406 765 4460; x_wconf 87' lang='lat' dir='ltr'><strong>emanavit</strong></span> <span class='ocrx_word' id='word_1_567' title='bbox 792 4406 1146 4474; x_wconf 87' lang='lat' dir='ltr'><strong>comparatio,</strong></span> <span class='ocrx_word' id='word_1_568' title='bbox 1175 4419 1296 4477; x_wconf 66' lang='lat' dir='ltr'><strong>quae</strong></span> <span class='ocrx_word' id='word_1_569' title='bbox 1322 4406 1677 4476; x_wconf 89' lang='lat' dir='ltr'><strong>proculdubio</strong></span> <span class='ocrx_word' id='word_1_570' title='bbox 1703 4417 1757 4462; x_wconf 90' lang='lat' dir='ltr'><strong>et</strong></span> <span class='ocrx_word' id='word_1_571' title='bbox 1787 4410 1988 4466; x_wconf 89' lang='lat' dir='ltr'><strong>absona</strong></span> <span class='ocrx_word' id='word_1_572' title='bbox 2012 4420 2067 4465; x_wconf 91' lang='lat' dir='ltr'><strong>et</strong></span> 
     </span>
    </p>
   </div>
   <div class='ocr_carea' id='block_1_77' title="bbox 2179 3224 3763 3297">
    <p class='ocr_par' dir='ltr' id='par_1_77' title="bbox 2179 3224 3763 3297">
     <span class='ocr_line' id='line_1_77' title="bbox 2179 3224 3763 3297; baseline -0.001 -15"><span class='ocrx_word' id='word_1_573' title='bbox 2179 3227 2302 3282; x_wconf 85' lang='lat' dir='ltr'><strong>ﬁdei</strong></span> <span class='ocrx_word' id='word_1_574' title='bbox 2330 3226 2655 3297; x_wconf 72' lang='lat' dir='ltr'><strong>evangelica:</strong></span> <span class='ocrx_word' id='word_1_575' title='bbox 2678 3234 2735 3280; x_wconf 91' lang='lat' dir='ltr'><strong>et</strong></span> <span class='ocrx_word' id='word_1_576' title='bbox 2759 3224 3067 3296; x_wconf 63' lang='lat' dir='ltr'><strong>apostolicae</strong></span> <span class='ocrx_word' id='word_1_577' title='bbox 3089 3225 3362 3295; x_wconf 87' lang='lat' dir='ltr'><strong>quidpiam</strong></span> <span class='ocrx_word' id='word_1_578' title='bbox 3390 3226 3763 3295; x_wconf 85' lang='lat' dir='ltr'><strong>superaddere</strong></span> 
     </span>
    </p>
   </div>
   <div class='ocr_carea' id='block_1_78' title="bbox 2174 3315 3761 3397">
    <p class='ocr_par' dir='ltr' id='par_1_78' title="bbox 2174 3315 3761 3397">
     <span class='ocr_line' id='line_1_78' title="bbox 2174 3315 3761 3397; baseline -0.003 -20"><span class='ocrx_word' id='word_1_579' title='bbox 2174 3326 2527 3397; x_wconf 68' lang='lat' dir='ltr'><strong>praesumunt,</strong></span> <span class='ocrx_word' id='word_1_580' title='bbox 2551 3315 2923 3386; x_wconf 90' lang='lat' dir='ltr'><strong>hujuscemodi</strong></span> <span class='ocrx_word' id='word_1_581' title='bbox 2944 3315 3178 3388; x_wconf 79' lang='lat' dir='ltr'><strong>est(Act.</strong></span> <span class='ocrx_word' id='word_1_582' title='bbox 3194 3318 3318 3386; x_wconf 85' lang='lat' dir='ltr'><strong>xv):</strong></span> <span class='ocrx_word' id='word_1_583' title='bbox 3342 3317 3543 3372; x_wconf 84' lang='lat' dir='ltr'><strong>Statuit</strong></span> <span class='ocrx_word' id='word_1_584' title='bbox 3565 3328 3761 3373; x_wconf 81' lang='lat' dir='ltr'><strong>sancta</strong></span> 
     </span>
    </p>
   </div>
   <div class='ocr_carea' id='block_1_79' title="bbox 2175 3407 3762 3479">
    <p class='ocr_par' dir='ltr' id='par_1_79' title="bbox 2175 3407 3762 3479">
     <span class='ocr_line' id='line_1_79' title="bbox 2175 3407 3762 3479; baseline 0.001 -15"><span class='ocrx_word' id='word_1_585' title='bbox 2175 3417 2231 3464; x_wconf 88' lang='lat' dir='ltr'><strong>et</strong></span> <span class='ocrx_word' id='word_1_586' title='bbox 2274 3408 2603 3464; x_wconf 85' lang='lat' dir='ltr'><strong>universalis</strong></span> <span class='ocrx_word' id='word_1_587' title='bbox 2648 3408 2886 3479; x_wconf 88' lang='lat' dir='ltr'><strong>synodus</strong></span> <span class='ocrx_word' id='word_1_588' title='bbox 2928 3407 3157 3463; x_wconf 87' lang='lat' dir='ltr'><strong>alteram</strong></span> <span class='ocrx_word' id='word_1_589' title='bbox 3204 3408 3362 3464; x_wconf 88' lang='lat' dir='ltr'><strong>ﬁdem</strong></span> <span class='ocrx_word' id='word_1_590' title='bbox 3413 3408 3541 3463; x_wconf 88' lang='lat' dir='ltr'><strong>nulli</strong></span> <span class='ocrx_word' id='word_1_591' title='bbox 3585 3407 3762 3465; x_wconf 81' lang='lat' dir='ltr'><strong>licere</strong></span> 
     </span>
    </p>
   </div>
   <div class='ocr_carea' id='block_1_80' title="bbox 2172 3500 3757 3573">
    <p class='ocr_par' dir='ltr' id='par_1_80' title="bbox 2172 3500 3757 3573">
     <span class='ocr_line' id='line_1_80' title="bbox 2172 3500 3757 3573; baseline -0.001 -16"><span class='ocrx_word' id='word_1_592' title='bbox 2172 3502 2416 3573; x_wconf 80' lang='lat' dir='ltr'><strong>proferre</strong></span> <span class='ocrx_word' id='word_1_593' title='bbox 2439 3502 2518 3557; x_wconf 81' lang='lat' dir='ltr'><strong>vel</strong></span> <span class='ocrx_word' id='word_1_594' title='bbox 2544 3501 2907 3568; x_wconf 86' lang='lat' dir='ltr'><strong>conscribere,</strong></span> <span class='ocrx_word' id='word_1_595' title='bbox 2930 3509 3025 3555; x_wconf 92' lang='lat' dir='ltr'><strong>aut</strong></span> <span class='ocrx_word' id='word_1_596' title='bbox 3045 3510 3391 3571; x_wconf 78' lang='lat' dir='ltr'><strong>compunere,</strong></span> <span class='ocrx_word' id='word_1_597' title='bbox 3413 3511 3506 3555; x_wconf 88' lang='lat' dir='ltr'><strong>aut</strong></span> <span class='ocrx_word' id='word_1_598' title='bbox 3524 3500 3757 3563; x_wconf 84' lang='lat' dir='ltr'><strong>sentire,</strong></span> 
     </span>
    </p>
   </div>
   <div class='ocr_carea' id='block_1_81' title="bbox 2178 3592 3755 3662">
    <p class='ocr_par' dir='ltr' id='par_1_81' title="bbox 2178 3592 3755 3662">
     <span class='ocr_line' id='line_1_81' title="bbox 2178 3592 3755 3662; baseline -0.002 -13"><span class='ocrx_word' id='word_1_599' title='bbox 2178 3601 2269 3649; x_wconf 86' lang='lat' dir='ltr'><strong>aut</strong></span> <span class='ocrx_word' id='word_1_600' title='bbox 2295 3594 2491 3647; x_wconf 90' lang='lat' dir='ltr'><strong>docere</strong></span> <span class='ocrx_word' id='word_1_601' title='bbox 2530 3592 2707 3647; x_wconf 90' lang='lat' dir='ltr'><strong>aliter.</strong></span> <span class='ocrx_word' id='word_1_602' title='bbox 2755 3593 2863 3647; x_wconf 89' lang='lat' dir='ltr'><strong>Eos</strong></span> <span class='ocrx_word' id='word_1_603' title='bbox 2899 3600 3081 3648; x_wconf 87' lang='lat' dir='ltr'><strong>autem</strong></span> <span class='ocrx_word' id='word_1_604' title='bbox 3111 3594 3202 3662; x_wconf 90' lang='lat' dir='ltr'><strong>qui</strong></span> <span class='ocrx_word' id='word_1_605' title='bbox 3231 3594 3349 3647; x_wconf 88' lang='lat' dir='ltr'><strong>ausi</strong></span> <span class='ocrx_word' id='word_1_606' title='bbox 3378 3601 3504 3648; x_wconf 90' lang='lat' dir='ltr'><strong>sunt</strong></span> <span class='ocrx_word' id='word_1_607' title='bbox 3526 3607 3755 3662; x_wconf 83' lang='lat' dir='ltr'><strong>compo-</strong></span> 
     </span>
    </p>
   </div>
   <div class='ocr_carea' id='block_1_82' title="bbox 2172 3683 3759 3754">
    <p class='ocr_par' dir='ltr' id='par_1_82' title="bbox 2172 3683 3759 3754">
     <span class='ocr_line' id='line_1_82' title="bbox 2172 3683 3759 3754; baseline 0.001 -15"><span class='ocrx_word' id='word_1_608' title='bbox 2172 3699 2304 3741; x_wconf 90' lang='lat' dir='ltr'><strong>nere</strong></span> <span class='ocrx_word' id='word_1_609' title='bbox 2336 3684 2494 3740; x_wconf 90' lang='lat' dir='ltr'><strong>ﬁdem</strong></span> <span class='ocrx_word' id='word_1_610' title='bbox 2522 3691 2783 3748; x_wconf 86' lang='lat' dir='ltr'><strong>alteram,</strong></span> <span class='ocrx_word' id='word_1_611' title='bbox 2828 3692 2922 3739; x_wconf 90' lang='lat' dir='ltr'><strong>aut</strong></span> <span class='ocrx_word' id='word_1_612' title='bbox 2964 3683 3232 3754; x_wconf 78' lang='lat' dir='ltr'><strong>proferre,</strong></span> <span class='ocrx_word' id='word_1_613' title='bbox 3282 3692 3377 3739; x_wconf 89' lang='lat' dir='ltr'><strong>aut</strong></span> <span class='ocrx_word' id='word_1_614' title='bbox 3418 3685 3615 3739; x_wconf 85' lang='lat' dir='ltr'><strong>docere</strong></span> <span class='ocrx_word' id='word_1_615' title='bbox 3657 3696 3759 3741; x_wconf 87' lang='lat' dir='ltr'><strong>aut</strong></span> 
     </span>
    </p>
   </div>
   <div class='ocr_carea' id='block_1_83' title="bbox 2172 3776 3756 3847">
    <p class='ocr_par' dir='ltr' id='par_1_83' title="bbox 2172 3776 3756 3847">
     <span class='ocr_line' id='line_1_83' title="bbox 2172 3776 3756 3847; baseline -0.001 -15"><span class='ocrx_word' id='word_1_616' title='bbox 2172 3777 2388 3832; x_wconf 86' lang='lat' dir='ltr'><strong>tradere</strong></span> <span class='ocrx_word' id='word_1_617' title='bbox 2417 3777 2651 3832; x_wconf 88' lang='lat' dir='ltr'><strong>alterum</strong></span> <span class='ocrx_word' id='word_1_618' title='bbox 2682 3776 2987 3847; x_wconf 84' lang='lat' dir='ltr'><strong>symbolum</strong></span> <span class='ocrx_word' id='word_1_619' title='bbox 3016 3777 3323 3832; x_wconf 88' lang='lat' dir='ltr'><strong>volentibus</strong></span> <span class='ocrx_word' id='word_1_620' title='bbox 3360 3777 3600 3831; x_wconf 88' lang='lat' dir='ltr'><strong>converti</strong></span> <span class='ocrx_word' id='word_1_621' title='bbox 3620 3818 3635 3842; x_wconf 88' lang='lat'><strong>,</strong></span> <span class='ocrx_word' id='word_1_622' title='bbox 3665 3779 3756 3831; x_wconf 85' lang='lat' dir='ltr'><strong>vel</strong></span> 
     </span>
    </p>
   </div>
   <div class='ocr_carea' id='block_1_84' title="bbox 2170 3866 3751 3938">
    <p class='ocr_par' dir='ltr' id='par_1_84' title="bbox 2170 3866 3751 3938">
     <span class='ocr_line' id='line_1_84' title="bbox 2170 3866 3751 3938; baseline 0.001 -16"><span class='ocrx_word' id='word_1_623' title='bbox 2170 3882 2236 3922; x_wconf 76' lang='lat' dir='ltr'><strong>ex</strong></span> <span class='ocrx_word' id='word_1_624' title='bbox 2274 3866 2564 3938; x_wconf 81' lang='lat' dir='ltr'><strong>gentilibus</strong></span> <span class='ocrx_word' id='word_1_625' title='bbox 2609 3866 2677 3921; x_wconf 91' lang='lat' dir='ltr'><strong>ad</strong></span> <span class='ocrx_word' id='word_1_626' title='bbox 2720 3866 3083 3937; x_wconf 76' lang='lat' dir='ltr'><strong>cognitionem</strong></span> <span class='ocrx_word' id='word_1_627' title='bbox 3123 3868 3368 3923; x_wconf 85' lang='lat' dir='ltr'><strong>veritatis</strong></span> <span class='ocrx_word' id='word_1_628' title='bbox 3403 3870 3624 3933; x_wconf 86' lang='lat' dir='ltr'><strong>venire,</strong></span> <span class='ocrx_word' id='word_1_629' title='bbox 3663 3872 3751 3925; x_wconf 86' lang='lat' dir='ltr'><strong>vel</strong></span> 
     </span>
    </p>
   </div>
   <div class='ocr_carea' id='block_1_85' title="bbox 2169 3959 3749 4033">
    <p class='ocr_par' dir='ltr' id='par_1_85' title="bbox 2169 3959 3749 4033">
     <span class='ocr_line' id='line_1_85' title="bbox 2169 3959 3749 4033; baseline -0.001 -16"><span class='ocrx_word' id='word_1_630' title='bbox 2169 3978 2236 4017; x_wconf 83' lang='lat' dir='ltr'><strong>ex</strong></span> <span class='ocrx_word' id='word_1_631' title='bbox 2269 3959 2500 4026; x_wconf 77' lang='lat' dir='ltr'><strong>Judteis,</strong></span> <span class='ocrx_word' id='word_1_632' title='bbox 2530 3960 2615 4015; x_wconf 89' lang='lat' dir='ltr'><strong>vel</strong></span> <span class='ocrx_word' id='word_1_633' title='bbox 2650 3960 2845 4016; x_wconf 67' lang='lat' dir='ltr'><strong>haeresi</strong></span> <span class='ocrx_word' id='word_1_634' title='bbox 2877 3975 3231 4031; x_wconf 89' lang='lat' dir='ltr'><strong>quacunque,</strong></span> <span class='ocrx_word' id='word_1_635' title='bbox 3280 3962 3379 4017; x_wconf 91' lang='lat' dir='ltr'><strong>hos</strong></span> <span class='ocrx_word' id='word_1_636' title='bbox 3421 3961 3467 4015; x_wconf 93' lang='lat' dir='ltr'><strong>si</strong></span> <span class='ocrx_word' id='word_1_637' title='bbox 3509 3961 3749 4033; x_wconf 80' lang='lat' dir='ltr'><strong>episcopi</strong></span> 
     </span>
    </p>
   </div>
   <div class='ocr_carea' id='block_1_86' title="bbox 2173 4051 3755 4137">
    <p class='ocr_par' dir='ltr' id='par_1_86' title="bbox 2173 4051 3755 4137">
     <span class='ocr_line' id='line_1_86' title="bbox 2173 4051 3755 4137; baseline -0.001 -28"><span class='ocrx_word' id='word_1_638' title='bbox 2173 4054 2372 4111; x_wconf 79' lang='lat' dir='ltr'><strong>fuerint</strong></span> <span class='ocrx_word' id='word_1_639' title='bbox 2416 4064 2509 4110; x_wconf 89' lang='lat' dir='ltr'><strong>aut</strong></span> <span class='ocrx_word' id='word_1_640' title='bbox 2551 4051 2776 4137; x_wconf 61' lang='lat' dir='ltr'><strong>clerici,</strong></span> <span class='ocrx_word' id='word_1_641' title='bbox 2824 4052 3032 4109; x_wconf 85' lang='lat' dir='ltr'><strong>alienos</strong></span> <span class='ocrx_word' id='word_1_642' title='bbox 3077 4065 3199 4107; x_wconf 87' lang='lat' dir='ltr'><strong>esse</strong></span> <span class='ocrx_word' id='word_1_643' title='bbox 3233 4052 3303 4107; x_wconf 82' lang='lat' dir='ltr'><strong>al)</strong></span> <span class='ocrx_word' id='word_1_644' title='bbox 3334 4052 3646 4122; x_wconf 85' lang='lat' dir='ltr'><strong>episcopatu</strong></span> <span class='ocrx_word' id='word_1_645' title='bbox 3697 4063 3755 4108; x_wconf 87' lang='lat' dir='ltr'><strong>et</strong></span> 
     </span>
    </p>
   </div>
   <div class='ocr_carea' id='block_1_87' title="bbox 2169 4130 3749 4217">
    <p class='ocr_par' dir='ltr' id='par_1_87' title="bbox 2169 4130 3749 4217">
     <span class='ocr_line' id='line_1_87' title="bbox 2169 4130 3749 4217; baseline -0.003 -16"><span class='ocrx_word' id='word_1_646' title='bbox 2169 4145 2449 4217; x_wconf 90' lang='lat' dir='ltr'><strong>episcopos</strong></span> <span class='ocrx_word' id='word_1_647' title='bbox 2473 4160 2504 4199; x_wconf 89' lang='lat' dir='ltr'><strong>a</strong></span> <span class='ocrx_word' id='word_1_648' title='bbox 2527 4130 2705 4209; x_wconf 83' lang='lat' dir='ltr'><strong>clero;</strong></span> <span class='ocrx_word' id='word_1_649' title='bbox 2738 4130 2784 4198; x_wconf 83' lang='lat' dir='ltr'><strong>si</strong></span> <span class='ocrx_word' id='word_1_650' title='bbox 2804 4158 2934 4198; x_wconf 90' lang='lat' dir='ltr'><strong>vero</strong></span> <span class='ocrx_word' id='word_1_651' title='bbox 2961 4142 3226 4205; x_wconf 90' lang='lat' dir='ltr'><strong>monachi,</strong></span> <span class='ocrx_word' id='word_1_652' title='bbox 3257 4151 3351 4196; x_wconf 92' lang='lat' dir='ltr'><strong>aut</strong></span> <span class='ocrx_word' id='word_1_653' title='bbox 3378 4142 3497 4198; x_wconf 87' lang='lat' dir='ltr'><strong>laici</strong></span> <span class='ocrx_word' id='word_1_654' title='bbox 3519 4140 3749 4209; x_wconf 79' lang='lat' dir='ltr'><strong>fuerint,</strong></span> 
     </span>
    </p>
   </div>
   <div class='ocr_carea' id='block_1_88' title="bbox 2170 4234 3753 4304">
    <p class='ocr_par' dir='ltr' id='par_1_88' title="bbox 2170 4234 3753 4304">
     <span class='ocr_line' id='line_1_88' title="bbox 2170 4234 3753 4304; baseline -0.001 -11"><span class='ocrx_word' id='word_1_655' title='bbox 2170 4238 2615 4293; x_wconf 85' lang='lat' dir='ltr'><strong>anathematizari</strong></span> <span class='ocrx_word' id='word_1_656' title='bbox 2666 4236 3028 4292; x_wconf 89' lang='lat' dir='ltr'><strong>decernimus.</strong></span> <span class='ocrx_word' id='word_1_657' title='bbox 3096 4234 3233 4303; x_wconf 83' lang='lat' dir='ltr'><strong>Quia</strong></span> <span class='ocrx_word' id='word_1_658' title='bbox 3286 4251 3418 4304; x_wconf 83' lang='lat' dir='ltr'><strong>ergo</strong></span> <span class='ocrx_word' id='word_1_659' title='bbox 3467 4236 3753 4292; x_wconf 87' lang='lat' dir='ltr'><strong>evidenter</strong></span> 
     </span>
    </p>
   </div>
   <div class='ocr_carea' id='block_1_89' title="bbox 2168 4325 3749 4397">
    <p class='ocr_par' dir='ltr' id='par_1_89' title="bbox 2168 4325 3749 4397">
     <span class='ocr_line' id='line_1_89' title="bbox 2168 4325 3749 4397; baseline -0.002 -12"><span class='ocrx_word' id='word_1_660' title='bbox 2168 4340 2478 4385; x_wconf 90' lang='lat' dir='ltr'><strong>sanctorum</strong></span> <span class='ocrx_word' id='word_1_661' title='bbox 2501 4328 2723 4383; x_wconf 84' lang='lat' dir='ltr'><strong>Patrum</strong></span> <span class='ocrx_word' id='word_1_662' title='bbox 2755 4328 3100 4382; x_wconf 89' lang='lat' dir='ltr'><strong>anathemate</strong></span> <span class='ocrx_word' id='word_1_663' title='bbox 3128 4326 3459 4396; x_wconf 88' lang='lat' dir='ltr'><strong>percelleris,</strong></span> <span class='ocrx_word' id='word_1_664' title='bbox 3486 4325 3685 4397; x_wconf 87' lang='lat' dir='ltr'><strong>quibus</strong></span> <span class='ocrx_word' id='word_1_665' title='bbox 3717 4347 3749 4382; x_wconf 87' lang='lat' dir='ltr'><strong>a</strong></span> 
     </span>
    </p>
   </div>
   <div class='ocr_carea' id='block_1_90' title="bbox 2168 4418 3749 4490">
    <p class='ocr_par' dir='ltr' id='par_1_90' title="bbox 2168 4418 3749 4490">
     <span class='ocr_line' id='line_1_90' title="bbox 2168 4418 3749 4490; baseline -0.001 -13"><span class='ocrx_word' id='word_1_666' title='bbox 2168 4422 2394 4477; x_wconf 90' lang='lat' dir='ltr'><strong>Domino</strong></span> <span class='ocrx_word' id='word_1_667' title='bbox 2423 4421 2623 4490; x_wconf 80' lang='lat' dir='ltr'><strong>ligandi</strong></span> <span class='ocrx_word' id='word_1_668' title='bbox 2668 4420 3019 4488; x_wconf 88' lang='lat' dir='ltr'><strong>solvendique</strong></span> <span class='ocrx_word' id='word_1_669' title='bbox 3064 4427 3149 4473; x_wconf 91' lang='lat' dir='ltr'><strong>est</strong></span> <span class='ocrx_word' id='word_1_670' title='bbox 3193 4418 3456 4474; x_wconf 88' lang='lat' dir='ltr'><strong>attributa</strong></span> <span class='ocrx_word' id='word_1_671' title='bbox 3497 4427 3749 4490; x_wconf 86' lang='lat' dir='ltr'><strong>potestas</strong></span> 
     </span>
    </p>
   </div>
   <div class='ocr_carea' id='block_1_91' title="bbox 492 4492 3749 4582">
    <p class='ocr_par' dir='ltr' id='par_1_91' title="bbox 492 4492 3749 4582">
     <span class='ocr_line' id='line_1_91' title="bbox 492 4492 3749 4582; baseline 0.006 -37"><span class='ocrx_word' id='word_1_672' title='bbox 492 4492 626 4549; x_wconf 78' lang='lat' dir='ltr'><strong>falsa</strong></span> <span class='ocrx_word' id='word_1_673' title='bbox 655 4510 776 4550; x_wconf 87' lang='lat' dir='ltr'><strong>esse</strong></span> <span class='ocrx_word' id='word_1_674' title='bbox 800 4497 1204 4565; x_wconf 87' lang='lat' dir='ltr'><strong>comprobatur.</strong></span> <span class='ocrx_word' id='word_1_675' title='bbox 1234 4495 1450 4551; x_wconf 85' lang='lat' dir='ltr'><strong>Absona</strong></span> <span class='ocrx_word' id='word_1_676' title='bbox 1479 4498 1717 4567; x_wconf 88' lang='lat' dir='ltr'><strong>quidem,</strong></span> <span class='ocrx_word' id='word_1_677' title='bbox 1743 4502 1869 4569; x_wconf 89' lang='lat' dir='ltr'><strong>quia</strong></span> <span class='ocrx_word' id='word_1_678' title='bbox 1897 4502 2064 4571; x_wconf 64' lang='lat' dir='ltr'><strong>spina:</strong></span> <span class='ocrx_word' id='word_1_679' title='bbox 2088 4506 2142 4566; x_wconf 88' lang='lat' dir='ltr'><strong>D</strong></span> <span class='ocrx_word' id='word_1_680' title='bbox 2168 4512 2381 4582; x_wconf 75' lang='lat' dir='ltr'><strong>(Matth.</strong></span> <span class='ocrx_word' id='word_1_681' title='bbox 2411 4511 2521 4582; x_wconf 77' lang='lat' dir='ltr'><strong>xvi)</strong></span> <span class='ocrx_word' id='word_1_682' title='bbox 2540 4553 2554 4575; x_wconf 94' lang='lat'><strong>,</strong></span> <span class='ocrx_word' id='word_1_683' title='bbox 2586 4512 2633 4565; x_wconf 91' lang='lat' dir='ltr'><strong>si</strong></span> <span class='ocrx_word' id='word_1_684' title='bbox 2658 4510 2741 4565; x_wconf 87' lang='lat' dir='ltr'><strong>vis</strong></span> <span class='ocrx_word' id='word_1_685' title='bbox 2767 4509 2949 4564; x_wconf 90' lang='lat' dir='ltr'><strong>salvus</strong></span> <span class='ocrx_word' id='word_1_686' title='bbox 2978 4508 3094 4562; x_wconf 89' lang='lat' dir='ltr'><strong>ﬁeri</strong></span> <span class='ocrx_word' id='word_1_687' title='bbox 3113 4548 3129 4574; x_wconf 88' lang='lat'><strong>,</strong></span> <span class='ocrx_word' id='word_1_688' title='bbox 3168 4508 3285 4563; x_wconf 78' lang='lat' dir='ltr'><strong>redi</strong></span> <span class='ocrx_word' id='word_1_689' title='bbox 3315 4509 3385 4564; x_wconf 88' lang='lat' dir='ltr'><strong>ad</strong></span> <span class='ocrx_word' id='word_1_690' title='bbox 3412 4509 3540 4564; x_wconf 92' lang='lat' dir='ltr'><strong>illud</strong></span> <span class='ocrx_word' id='word_1_691' title='bbox 3565 4513 3749 4580; x_wconf 66' lang='grc' dir='ltr'><strong>βοειιί-</strong></span> 
     </span>
    </p>
   </div>
   <div class='ocr_carea' id='block_1_92' title="bbox 490 4586 2062 4665">
    <p class='ocr_par' dir='ltr' id='par_1_92' title="bbox 490 4586 2062 4665">
     <span class='ocr_line' id='line_1_92' title="bbox 490 4586 2062 4665; baseline 0.006 -25"><span class='ocrx_word' id='word_1_692' title='bbox 490 4586 638 4642; x_wconf 87' lang='lat' dir='ltr'><strong>nullo</strong></span> <span class='ocrx_word' id='word_1_693' title='bbox 665 4587 824 4643; x_wconf 90' lang='lat' dir='ltr'><strong>modo</strong></span> <span class='ocrx_word' id='word_1_694' title='bbox 851 4588 999 4643; x_wconf 89' lang='lat' dir='ltr'><strong>cruci</strong></span> <span class='ocrx_word' id='word_1_695' title='bbox 1029 4596 1154 4643; x_wconf 90' lang='lat' dir='ltr'><strong>sunt</strong></span> <span class='ocrx_word' id='word_1_696' title='bbox 1178 4587 1533 4656; x_wconf 67' lang='lat' dir='ltr'><strong>conferendae,</strong></span> <span class='ocrx_word' id='word_1_697' title='bbox 1561 4591 1701 4646; x_wconf 92' lang='lat' dir='ltr'><strong>sicut</strong></span> <span class='ocrx_word' id='word_1_698' title='bbox 1737 4593 1793 4647; x_wconf 94' lang='lat' dir='ltr'><strong>in</strong></span> <span class='ocrx_word' id='word_1_699' title='bbox 1830 4608 2062 4665; x_wconf 89' lang='lat' dir='ltr'><strong>sequen-</strong></span> 
     </span>
    </p>
   </div>
   <div class='ocr_carea' id='block_1_93' title="bbox 489 4675 2058 4751">
    <p class='ocr_par' dir='ltr' id='par_1_93' title="bbox 489 4675 2058 4751">
     <span class='ocr_line' id='line_1_93' title="bbox 489 4675 2058 4751; baseline 0.006 -20"><span class='ocrx_word' id='word_1_700' title='bbox 489 4675 655 4743; x_wconf 83' lang='lat' dir='ltr'><strong>tibus,</strong></span> <span class='ocrx_word' id='word_1_701' title='bbox 679 4678 904 4733; x_wconf 92' lang='lat' dir='ltr'><strong>Domino</strong></span> <span class='ocrx_word' id='word_1_702' title='bbox 922 4678 1203 4750; x_wconf 82' lang='lat' dir='ltr'><strong>largiente,</strong></span> <span class='ocrx_word' id='word_1_703' title='bbox 1224 4679 1696 4736; x_wconf 88' lang='lat' dir='ltr'><strong>demonstrabitur.</strong></span> <span class='ocrx_word' id='word_1_704' title='bbox 1730 4683 1887 4740; x_wconf 85' lang='lat' dir='ltr'><strong>Falsa</strong></span> <span class='ocrx_word' id='word_1_705' title='bbox 1905 4701 2058 4751; x_wconf 89' lang='lat' dir='ltr'><strong>vero,</strong></span> 
     </span>
    </p>
   </div>
   <div class='ocr_carea' id='block_1_94' title="bbox 487 4769 2056 4843">
    <p class='ocr_par' dir='ltr' id='par_1_94' title="bbox 487 4769 2056 4843">
     <span class='ocr_line' id='line_1_94' title="bbox 487 4769 2056 4843; baseline 0.006 -21"><span class='ocrx_word' id='word_1_706' title='bbox 487 4769 613 4839; x_wconf 88' lang='lat' dir='ltr'><strong>quia</strong></span> <span class='ocrx_word' id='word_1_707' title='bbox 660 4770 713 4824; x_wconf 93' lang='lat' dir='ltr'><strong>in</strong></span> <span class='ocrx_word' id='word_1_708' title='bbox 764 4771 925 4824; x_wconf 87' lang='lat' dir='ltr'><strong>trium</strong></span> <span class='ocrx_word' id='word_1_709' title='bbox 974 4771 1461 4841; x_wconf 85' lang='lat' dir='ltr'><strong>evangelistarum,</strong></span> <span class='ocrx_word' id='word_1_710' title='bbox 1505 4771 1736 4828; x_wconf 77' lang='lat' dir='ltr'><strong>Matthzei</strong></span> <span class='ocrx_word' id='word_1_711' title='bbox 1773 4775 2056 4843; x_wconf 87' lang='lat' dir='ltr'><strong>videlicet,</strong></span> 
     </span>
    </p>
   </div>
   <div class='ocr_carea' id='block_1_95' title="bbox 488 4852 2055 4932">
    <p class='ocr_par' dir='ltr' id='par_1_95' title="bbox 488 4852 2055 4932">
     <span class='ocr_line' id='line_1_95' title="bbox 488 4852 2055 4932; baseline 0.003 -18"><span class='ocrx_word' id='word_1_712' title='bbox 488 4860 654 4915; x_wconf 82' lang='lat' dir='ltr'><strong>Marci</strong></span> <span class='ocrx_word' id='word_1_713' title='bbox 683 4869 737 4915; x_wconf 91' lang='lat' dir='ltr'><strong>et</strong></span> <span class='ocrx_word' id='word_1_714' title='bbox 762 4852 1011 4924; x_wconf 71' lang='lat' dir='ltr'><strong>Joannis,</strong></span> <span class='ocrx_word' id='word_1_715' title='bbox 1045 4862 1261 4931; x_wconf 88' lang='lat' dir='ltr'><strong>scriptis</strong></span> <span class='ocrx_word' id='word_1_716' title='bbox 1289 4859 1503 4932; x_wconf 79' lang='lat' dir='ltr'><strong>(Matth.</strong></span> <span class='ocrx_word' id='word_1_717' title='bbox 1533 4877 1715 4929; x_wconf 77' lang='lat' dir='ltr'><strong>xxv&quot;;</strong></span> <span class='ocrx_word' id='word_1_718' title='bbox 1754 4863 1923 4918; x_wconf 79' lang='lat' dir='ltr'><strong>Marc.</strong></span> <span class='ocrx_word' id='word_1_719' title='bbox 1956 4881 2055 4932; x_wconf 83' lang='lat' dir='ltr'><strong>xv;</strong></span> 
     </span>
    </p>
   </div>
   <div class='ocr_carea' id='block_1_96' title="bbox 485 4951 2055 5026">
    <p class='ocr_par' dir='ltr' id='par_1_96' title="bbox 485 4951 2055 5026">
     <span class='ocr_line' id='line_1_96' title="bbox 485 4951 2055 5026; baseline 0.004 -19"><span class='ocrx_word' id='word_1_720' title='bbox 485 4952 645 5007; x_wconf 85' lang='lat' dir='ltr'><strong>Joan.</strong></span> <span class='ocrx_word' id='word_1_721' title='bbox 674 4951 810 5025; x_wconf 73' lang='lat' dir='ltr'><strong>xxx),</strong></span> <span class='ocrx_word' id='word_1_722' title='bbox 840 4955 1033 5021; x_wconf 91' lang='lat' dir='ltr'><strong>quibus</strong></span> <span class='ocrx_word' id='word_1_723' title='bbox 1061 4954 1374 5009; x_wconf 86' lang='lat' dir='ltr'><strong>salutariter</strong></span> <span class='ocrx_word' id='word_1_724' title='bbox 1400 4954 1621 5018; x_wconf 88' lang='lat' dir='ltr'><strong>utimur,</strong></span> <span class='ocrx_word' id='word_1_725' title='bbox 1667 4963 1722 5010; x_wconf 89' lang='lat' dir='ltr'><strong>et</strong></span> <span class='ocrx_word' id='word_1_726' title='bbox 1764 4955 1818 5010; x_wconf 87' lang='lat' dir='ltr'><strong>in</strong></span> <span class='ocrx_word' id='word_1_727' title='bbox 1859 4958 2055 5026; x_wconf 90' lang='lat' dir='ltr'><strong>quibus</strong></span> 
     </span>
    </p>
   </div>
   <div class='ocr_carea' id='block_1_97' title="bbox 485 5044 2054 5120">
    <p class='ocr_par' dir='ltr' id='par_1_97' title="bbox 485 5044 2054 5120">
     <span class='ocr_line' id='line_1_97' title="bbox 485 5044 2054 5120; baseline 0.004 -21"><span class='ocrx_word' id='word_1_728' title='bbox 485 5046 777 5099; x_wconf 87' lang='lat' dir='ltr'><strong>anchoram</strong></span> <span class='ocrx_word' id='word_1_729' title='bbox 799 5044 920 5099; x_wconf 87' lang='lat' dir='ltr'><strong>ﬁdei</strong></span> <span class='ocrx_word' id='word_1_730' title='bbox 946 5056 1143 5100; x_wconf 70' lang='lat' dir='ltr'><strong>nostrae</strong></span> <span class='ocrx_word' id='word_1_731' title='bbox 1166 5046 1394 5101; x_wconf 90' lang='lat' dir='ltr'><strong>ﬁrmiter</strong></span> <span class='ocrx_word' id='word_1_732' title='bbox 1413 5045 1733 5112; x_wconf 89' lang='lat' dir='ltr'><strong>stabilimus,</strong></span> <span class='ocrx_word' id='word_1_733' title='bbox 1754 5049 1844 5117; x_wconf 90' lang='lat' dir='ltr'><strong>qui</strong></span> <span class='ocrx_word' id='word_1_734' title='bbox 1869 5050 2054 5120; x_wconf 87' lang='lat' dir='ltr'><strong>utique</strong></span> 
     </span>
    </p>
   </div>
   <div class='ocr_carea' id='block_1_98' title="bbox 483 5137 2053 5212">
    <p class='ocr_par' dir='ltr' id='par_1_98' title="bbox 483 5137 2053 5212">
     <span class='ocr_line' id='line_1_98' title="bbox 483 5137 2053 5212; baseline 0.006 -22"><span class='ocrx_word' id='word_1_735' title='bbox 483 5137 809 5191; x_wconf 90' lang='lat' dir='ltr'><strong>mentionem</strong></span> <span class='ocrx_word' id='word_1_736' title='bbox 835 5137 1034 5205; x_wconf 70' lang='lat' dir='ltr'><strong>spinea:</strong></span> <span class='ocrx_word' id='word_1_737' title='bbox 1059 5152 1275 5192; x_wconf 69' lang='lat' dir='ltr'><strong>corona:</strong></span> <span class='ocrx_word' id='word_1_738' title='bbox 1301 5139 1463 5207; x_wconf 89' lang='lat' dir='ltr'><strong>capiti</strong></span> <span class='ocrx_word' id='word_1_739' title='bbox 1489 5139 1765 5195; x_wconf 91' lang='lat' dir='ltr'><strong>Dominico</strong></span> <span class='ocrx_word' id='word_1_740' title='bbox 1790 5144 2053 5212; x_wconf 61' lang='lat' dir='ltr'><strong>impositae</strong></span> 
     </span>
    </p>
   </div>
   <div class='ocr_carea' id='block_1_99' title="bbox 484 5227 2047 5302">
    <p class='ocr_par' dir='ltr' id='par_1_99' title="bbox 484 5227 2047 5302">
     <span class='ocr_line' id='line_1_99' title="bbox 484 5227 2047 5302; baseline 0.005 -19"><span class='ocrx_word' id='word_1_741' title='bbox 484 5227 709 5295; x_wconf 83' lang='lat' dir='ltr'><strong>faciunt,</strong></span> <span class='ocrx_word' id='word_1_742' title='bbox 738 5230 957 5284; x_wconf 90' lang='lat' dir='ltr'><strong>minime</strong></span> <span class='ocrx_word' id='word_1_743' title='bbox 988 5231 1212 5300; x_wconf 88' lang='lat' dir='ltr'><strong>reperiri</strong></span> <span class='ocrx_word' id='word_1_744' title='bbox 1240 5239 1418 5299; x_wconf 90' lang='lat' dir='ltr'><strong>potest</strong></span> <span class='ocrx_word' id='word_1_745' title='bbox 1444 5232 1588 5302; x_wconf 90' lang='lat' dir='ltr'><strong>quod</strong></span> <span class='ocrx_word' id='word_1_746' title='bbox 1612 5235 1801 5289; x_wconf 88' lang='lat' dir='ltr'><strong>eadem</strong></span> <span class='ocrx_word' id='word_1_747' title='bbox 1828 5251 2047 5301; x_wconf 88' lang='lat' dir='ltr'><strong>corona,</strong></span> 
     </span>
    </p>
   </div>
   <div class='ocr_carea' id='block_1_100' title="bbox 483 5321 2048 5399">
    <p class='ocr_par' dir='ltr' id='par_1_100' title="bbox 483 5321 2048 5399">
     <span class='ocr_line' id='line_1_100' title="bbox 483 5321 2048 5399; baseline 0.004 -25"><span class='ocrx_word' id='word_1_748' title='bbox 483 5321 621 5375; x_wconf 86' lang='lat' dir='ltr'><strong>sicut</strong></span> <span class='ocrx_word' id='word_1_749' title='bbox 656 5329 710 5375; x_wconf 92' lang='lat' dir='ltr'><strong>tu</strong></span> <span class='ocrx_word' id='word_1_750' title='bbox 743 5330 1137 5399; x_wconf 81' lang='lat' dir='ltr'><strong>commentatus</strong></span> <span class='ocrx_word' id='word_1_751' title='bbox 1162 5335 1243 5384; x_wconf 86' lang='lat' dir='ltr'><strong>es,</strong></span> <span class='ocrx_word' id='word_1_752' title='bbox 1288 5337 1355 5375; x_wconf 84' lang='lat' dir='ltr'><strong>ex</strong></span> <span class='ocrx_word' id='word_1_753' title='bbox 1401 5322 1569 5391; x_wconf 87' lang='lat' dir='ltr'><strong>spinis</strong></span> <span class='ocrx_word' id='word_1_754' title='bbox 1611 5325 1868 5380; x_wconf 87' lang='lat' dir='ltr'><strong>ruborum</strong></span> <span class='ocrx_word' id='word_1_755' title='bbox 1898 5341 2048 5380; x_wconf 85' lang='lat' dir='ltr'><strong>com-</strong></span> 
     </span>
    </p>
   </div>
   <div class='ocr_carea' id='block_1_101' title="bbox 483 5411 2049 5482">
    <p class='ocr_par' dir='ltr' id='par_1_101' title="bbox 483 5411 2049 5482">
     <span class='ocr_line' id='line_1_101' title="bbox 483 5411 2049 5482; baseline 0.005 -17"><span class='ocrx_word' id='word_1_756' title='bbox 483 5422 639 5481; x_wconf 89' lang='lat' dir='ltr'><strong>pacta</strong></span> <span class='ocrx_word' id='word_1_757' title='bbox 676 5411 874 5478; x_wconf 77' lang='lat' dir='ltr'><strong>fuerit,</strong></span> <span class='ocrx_word' id='word_1_758' title='bbox 921 5414 1015 5470; x_wconf 92' lang='lat' dir='ltr'><strong>sed</strong></span> <span class='ocrx_word' id='word_1_759' title='bbox 1054 5412 1371 5482; x_wconf 83' lang='lat' dir='ltr'><strong>simpliciter</strong></span> <span class='ocrx_word' id='word_1_760' title='bbox 1405 5430 1525 5469; x_wconf 91' lang='lat' dir='ltr'><strong>eam</strong></span> <span class='ocrx_word' id='word_1_761' title='bbox 1566 5418 1847 5472; x_wconf 89' lang='lat' dir='ltr'><strong>memorati</strong></span> <span class='ocrx_word' id='word_1_762' title='bbox 1878 5420 2049 5473; x_wconf 86' lang='lat' dir='ltr'><strong>sancti</strong></span> 
     </span>
    </p>
   </div>
   <div class='ocr_carea' id='block_1_102' title="bbox 481 5505 2051 5579">
    <p class='ocr_par' dir='ltr' id='par_1_102' title="bbox 481 5505 2051 5579">
     <span class='ocr_line' id='line_1_102' title="bbox 481 5505 2051 5579; baseline 0.004 -21"><span class='ocrx_word' id='word_1_763' title='bbox 481 5505 823 5573; x_wconf 75' lang='lat' dir='ltr'><strong>evangelista:</strong></span> <span class='ocrx_word' id='word_1_764' title='bbox 848 5507 1087 5575; x_wconf 78' lang='lat' dir='ltr'><strong>Spineam</strong></span> <span class='ocrx_word' id='word_1_765' title='bbox 1113 5520 1365 5560; x_wconf 88' lang='lat' dir='ltr'><strong>coronam</strong></span> <span class='ocrx_word' id='word_1_766' title='bbox 1394 5508 1562 5575; x_wconf 90' lang='lat' dir='ltr'><strong>capiti</strong></span> <span class='ocrx_word' id='word_1_767' title='bbox 1588 5509 1703 5579; x_wconf 90' lang='lat' dir='ltr'><strong>ejus</strong></span> <span class='ocrx_word' id='word_1_768' title='bbox 1732 5525 1763 5563; x_wconf 90' lang='lat' dir='ltr'><strong>a</strong></span> <span class='ocrx_word' id='word_1_769' title='bbox 1791 5510 2051 5565; x_wconf 89' lang='lat' dir='ltr'><strong>militibus</strong></span> 
     </span>
    </p>
   </div>
   <div class='ocr_carea' id='block_1_103' title="bbox 483 5592 2045 5667">
    <p class='ocr_par' dir='ltr' id='par_1_103' title="bbox 483 5592 2045 5667">
     <span class='ocr_line' id='line_1_103' title="bbox 483 5592 2045 5667; baseline 0.006 -22"><span class='ocrx_word' id='word_1_770' title='bbox 483 5592 746 5650; x_wconf 86' lang='lat' dir='ltr'><strong>illusionis</strong></span> <span class='ocrx_word' id='word_1_771' title='bbox 800 5600 971 5666; x_wconf 86' lang='lat' dir='ltr'><strong>gratia</strong></span> <span class='ocrx_word' id='word_1_772' title='bbox 1026 5598 1331 5667; x_wconf 84' lang='lat' dir='ltr'><strong>impositam</strong></span> <span class='ocrx_word' id='word_1_773' title='bbox 1388 5596 1554 5654; x_wconf 83' lang='lat' dir='ltr'><strong>fuisse</strong></span> <span class='ocrx_word' id='word_1_774' title='bbox 1604 5612 2045 5659; x_wconf 85' lang='lat' dir='ltr'><strong>commemorant.</strong></span> 
     </span>
    </p>
   </div>
   <div class='ocr_carea' id='block_1_104' title="bbox 469 5679 2052 5765">
    <p class='ocr_par' dir='ltr' id='par_1_104' title="bbox 469 5679 2052 5765">
     <span class='ocr_line' id='line_1_104' title="bbox 469 5679 2052 5765; baseline 0.006 -26"><span class='ocrx_word' id='word_1_775' title='bbox 469 5679 638 5743; x_wconf 67' lang='lat' dir='ltr'><strong>Patet</strong></span> <span class='ocrx_word' id='word_1_776' title='bbox 662 5699 790 5756; x_wconf 82' lang='lat' dir='ltr'><strong>ergo</strong></span> <span class='ocrx_word' id='word_1_777' title='bbox 816 5688 1052 5759; x_wconf 86' lang='lat' dir='ltr'><strong>nullique</strong></span> <span class='ocrx_word' id='word_1_778' title='bbox 1078 5690 1295 5745; x_wconf 88' lang='lat' dir='ltr'><strong>dubium</strong></span> <span class='ocrx_word' id='word_1_779' title='bbox 1319 5698 1418 5755; x_wconf 89' lang='lat' dir='ltr'><strong>est,</strong></span> <span class='ocrx_word' id='word_1_780' title='bbox 1445 5691 1573 5762; x_wconf 86' lang='lat' dir='ltr'><strong>quin</strong></span> <span class='ocrx_word' id='word_1_781' title='bbox 1604 5693 1775 5749; x_wconf 92' lang='lat' dir='ltr'><strong>hostis</strong></span> <span class='ocrx_word' id='word_1_782' title='bbox 1798 5694 2052 5765; x_wconf 82' lang='lat' dir='ltr'><strong>antiquus</strong></span> 
     </span>
    </p>
   </div>
   <div class='ocr_carea' id='block_1_105' title="bbox 2163 4599 3742 4673">
    <p class='ocr_par' dir='ltr' id='par_1_105' title="bbox 2163 4599 3742 4673">
     <span class='ocr_line' id='line_1_105' title="bbox 2163 4599 3742 4673; baseline -0.001 -16"><span class='ocrx_word' id='word_1_783' title='bbox 2163 4604 2352 4673; x_wconf 83' lang='lat' dir='ltr'><strong>tentia,</strong></span> <span class='ocrx_word' id='word_1_784' title='bbox 2375 4603 2430 4656; x_wconf 92' lang='lat' dir='ltr'><strong>in</strong></span> <span class='ocrx_word' id='word_1_785' title='bbox 2454 4602 2609 4672; x_wconf 90' lang='lat' dir='ltr'><strong>cujus</strong></span> <span class='ocrx_word' id='word_1_786' title='bbox 2631 4601 2812 4655; x_wconf 89' lang='lat' dir='ltr'><strong>verbis</strong></span> <span class='ocrx_word' id='word_1_787' title='bbox 2839 4600 3053 4664; x_wconf 88' lang='lat' dir='ltr'><strong>errasti,</strong></span> <span class='ocrx_word' id='word_1_788' title='bbox 3078 4608 3137 4654; x_wconf 91' lang='lat' dir='ltr'><strong>ut</strong></span> <span class='ocrx_word' id='word_1_789' title='bbox 3160 4599 3230 4654; x_wconf 89' lang='lat' dir='ltr'><strong>ab</strong></span> <span class='ocrx_word' id='word_1_790' title='bbox 3250 4599 3354 4655; x_wconf 89' lang='lat' dir='ltr'><strong>hac</strong></span> <span class='ocrx_word' id='word_1_791' title='bbox 3375 4599 3742 4669; x_wconf 86' lang='lat' dir='ltr'><strong>perculsione.</strong></span> 
     </span>
    </p>
   </div>
   <div class='ocr_carea' id='block_1_106' title="bbox 2162 4690 3741 4763">
    <p class='ocr_par' dir='ltr' id='par_1_106' title="bbox 2162 4690 3741 4763">
     <span class='ocr_line' id='line_1_106' title="bbox 2162 4690 3741 4763; baseline -0.001 -16"><span class='ocrx_word' id='word_1_792' title='bbox 2162 4693 2304 4748; x_wconf 88' lang='lat' dir='ltr'><strong>illius</strong></span> <span class='ocrx_word' id='word_1_793' title='bbox 2338 4706 2565 4746; x_wconf 89' lang='lat' dir='ltr'><strong>munere</strong></span> <span class='ocrx_word' id='word_1_794' title='bbox 2596 4691 2689 4760; x_wconf 92' lang='lat' dir='ltr'><strong>qui</strong></span> <span class='ocrx_word' id='word_1_795' title='bbox 2726 4705 2914 4745; x_wconf 89' lang='lat' dir='ltr'><strong>omnes</strong></span> <span class='ocrx_word' id='word_1_796' title='bbox 2945 4690 3193 4746; x_wconf 89' lang='lat' dir='ltr'><strong>homines</strong></span> <span class='ocrx_word' id='word_1_797' title='bbox 3224 4690 3340 4744; x_wconf 92' lang='lat' dir='ltr'><strong>vult</strong></span> <span class='ocrx_word' id='word_1_798' title='bbox 3373 4690 3548 4745; x_wconf 87' lang='lat' dir='ltr'><strong>salvos</strong></span> <span class='ocrx_word' id='word_1_799' title='bbox 3584 4691 3703 4763; x_wconf 73' lang='lat' dir='ltr'><strong>ﬁeri</strong></span> <span class='ocrx_word' id='word_1_800' title='bbox 3726 4734 3741 4754; x_wconf 91' lang='lat'><strong>,</strong></span> 
     </span>
    </p>
   </div>
   <div class='ocr_carea' id='block_1_107' title="bbox 2158 4782 3742 4856">
    <p class='ocr_par' dir='ltr' id='par_1_107' title="bbox 2158 4782 3742 4856">
     <span class='ocr_line' id='line_1_107' title="bbox 2158 4782 3742 4856; baseline -0.001 -14"><span class='ocrx_word' id='word_1_801' title='bbox 2158 4795 2213 4843; x_wconf 88' lang='lat' dir='ltr'><strong>et</strong></span> <span class='ocrx_word' id='word_1_802' title='bbox 2231 4787 2298 4841; x_wconf 88' lang='lat' dir='ltr'><strong>ad</strong></span> <span class='ocrx_word' id='word_1_803' title='bbox 2322 4784 2646 4856; x_wconf 76' lang='lat' dir='ltr'><strong>agnitionem</strong></span> <span class='ocrx_word' id='word_1_804' title='bbox 2661 4784 2904 4838; x_wconf 89' lang='lat' dir='ltr'><strong>veritatis</strong></span> <span class='ocrx_word' id='word_1_805' title='bbox 2927 4782 3135 4848; x_wconf 85' lang='lat' dir='ltr'><strong>venire,</strong></span> <span class='ocrx_word' id='word_1_806' title='bbox 3159 4783 3449 4839; x_wconf 90' lang='lat' dir='ltr'><strong>salubriter</strong></span> <span class='ocrx_word' id='word_1_807' title='bbox 3474 4786 3742 4840; x_wconf 83' lang='lat' dir='ltr'><strong>merearis</strong></span> 
     </span>
    </p>
   </div>
   <div class='ocr_carea' id='block_1_108' title="bbox 2159 4872 3738 4943">
    <p class='ocr_par' dir='ltr' id='par_1_108' title="bbox 2159 4872 3738 4943">
     <span class='ocr_line' id='line_1_108' title="bbox 2159 4872 3738 4943; baseline -0.002 -11"><span class='ocrx_word' id='word_1_808' title='bbox 2159 4876 2361 4933; x_wconf 88' lang='lat' dir='ltr'><strong>sanari.</strong></span> <span class='ocrx_word' id='word_1_809' title='bbox 2411 4873 2624 4929; x_wconf 89' lang='lat' dir='ltr'><strong>Scimus</strong></span> <span class='ocrx_word' id='word_1_810' title='bbox 2661 4882 2843 4929; x_wconf 89' lang='lat' dir='ltr'><strong>autem</strong></span> <span class='ocrx_word' id='word_1_811' title='bbox 2882 4882 2937 4928; x_wconf 91' lang='lat' dir='ltr'><strong>et</strong></span> <span class='ocrx_word' id='word_1_812' title='bbox 2973 4872 3228 4929; x_wconf 84' lang='lat' dir='ltr'><strong>ﬂebiliter</strong></span> <span class='ocrx_word' id='word_1_813' title='bbox 3265 4873 3519 4939; x_wconf 83' lang='lat' dir='ltr'><strong>fatemur,</strong></span> <span class='ocrx_word' id='word_1_814' title='bbox 3545 4872 3738 4943; x_wconf 83' lang='lat' dir='ltr'><strong>justis-</strong></span> 
     </span>
    </p>
   </div>
   <div class='ocr_carea' id='block_1_109' title="bbox 2160 4966 3736 5037">
    <p class='ocr_par' dir='ltr' id='par_1_109' title="bbox 2160 4966 3736 5037">
     <span class='ocr_line' id='line_1_109' title="bbox 2160 4966 3736 5037; baseline -0.004 -12"><span class='ocrx_word' id='word_1_815' title='bbox 2160 4970 2296 5025; x_wconf 86' lang='lat' dir='ltr'><strong>sime</strong></span> <span class='ocrx_word' id='word_1_816' title='bbox 2324 4983 2355 5021; x_wconf 90' lang='lat' dir='ltr'><strong>a</strong></span> <span class='ocrx_word' id='word_1_817' title='bbox 2388 4966 2493 5021; x_wconf 89' lang='lat' dir='ltr'><strong>Deo</strong></span> <span class='ocrx_word' id='word_1_818' title='bbox 2534 4966 2742 5020; x_wconf 88' lang='lat' dir='ltr'><strong>illatum</strong></span> <span class='ocrx_word' id='word_1_819' title='bbox 2773 4966 2979 5020; x_wconf 91' lang='lat' dir='ltr'><strong>homini</strong></span> <span class='ocrx_word' id='word_1_820' title='bbox 3017 4967 3262 5037; x_wconf 87' lang='lat' dir='ltr'><strong>peccanti</strong></span> <span class='ocrx_word' id='word_1_821' title='bbox 3300 4981 3400 5036; x_wconf 88' lang='lat' dir='ltr'><strong>pro</strong></span> <span class='ocrx_word' id='word_1_822' title='bbox 3428 4979 3586 5035; x_wconf 61' lang='lat' dir='ltr'><strong>paena</strong></span> <span class='ocrx_word' id='word_1_823' title='bbox 3611 5006 3626 5030; x_wconf 92' lang='lat'><strong>,</strong></span> <span class='ocrx_word' id='word_1_824' title='bbox 3675 4976 3736 5019; x_wconf 89' lang='lat' dir='ltr'><strong>ut</strong></span> 
     </span>
    </p>
   </div>
   <div class='ocr_carea' id='block_1_110' title="bbox 2160 5042 3734 5130">
    <p class='ocr_par' dir='ltr' id='par_1_110' title="bbox 2160 5042 3734 5130">
     <span class='ocr_line' id='line_1_110' title="bbox 2160 5042 3734 5130; baseline -0.003 -15"><span class='ocrx_word' id='word_1_825' title='bbox 2160 5069 2303 5115; x_wconf 89' lang='lat' dir='ltr'><strong>terra</strong></span> <span class='ocrx_word' id='word_1_826' title='bbox 2331 5059 2448 5128; x_wconf 89' lang='lat' dir='ltr'><strong>ejus</strong></span> <span class='ocrx_word' id='word_1_827' title='bbox 2477 5058 2660 5129; x_wconf 87' lang='lat' dir='ltr'><strong>spinas</strong></span> <span class='ocrx_word' id='word_1_828' title='bbox 2693 5066 2747 5112; x_wconf 90' lang='lat' dir='ltr'><strong>et</strong></span> <span class='ocrx_word' id='word_1_829' title='bbox 2784 5058 3009 5112; x_wconf 87' lang='lat' dir='ltr'><strong>tribulos</strong></span> <span class='ocrx_word' id='word_1_830' title='bbox 3038 5059 3371 5130; x_wconf 82' lang='lat' dir='ltr'><strong>germinaret</strong></span> <span class='ocrx_word' id='word_1_831' title='bbox 3402 5058 3485 5120; x_wconf 89' lang='lat' dir='ltr'><strong>ci,</strong></span> <span class='ocrx_word' id='word_1_832' title='bbox 3536 5066 3597 5111; x_wconf 91' lang='lat' dir='ltr'><strong>ut</strong></span> <span class='ocrx_word' id='word_1_833' title='bbox 3637 5042 3734 5127; x_wconf 82' lang='lat' dir='ltr'><strong>qui</strong></span> 
     </span>
    </p>
   </div>
   <div class='ocr_carea' id='block_1_111' title="bbox 2158 5146 3733 5218">
    <p class='ocr_par' dir='ltr' id='par_1_111' title="bbox 2158 5146 3733 5218">
     <span class='ocr_line' id='line_1_111' title="bbox 2158 5146 3733 5218; baseline -0.002 -14"><span class='ocrx_word' id='word_1_834' title='bbox 2158 5149 2331 5204; x_wconf 90' lang='lat' dir='ltr'><strong>noluit</strong></span> <span class='ocrx_word' id='word_1_835' title='bbox 2360 5149 2607 5204; x_wconf 87' lang='lat' dir='ltr'><strong>subditus</strong></span> <span class='ocrx_word' id='word_1_836' title='bbox 2645 5163 2765 5203; x_wconf 86' lang='lat' dir='ltr'><strong>esse</strong></span> <span class='ocrx_word' id='word_1_837' title='bbox 2806 5147 2933 5213; x_wconf 87' lang='lat' dir='ltr'><strong>Deo,</strong></span> <span class='ocrx_word' id='word_1_838' title='bbox 2981 5160 3038 5203; x_wconf 90' lang='lat' dir='ltr'><strong>et</strong></span> <span class='ocrx_word' id='word_1_839' title='bbox 3078 5149 3132 5202; x_wconf 90' lang='lat' dir='ltr'><strong>in</strong></span> <span class='ocrx_word' id='word_1_840' title='bbox 3170 5149 3343 5218; x_wconf 87' lang='lat' dir='ltr'><strong>patria</strong></span> <span class='ocrx_word' id='word_1_841' title='bbox 3379 5146 3629 5210; x_wconf 80' lang='lat' dir='ltr'><strong>feliciter,</strong></span> <span class='ocrx_word' id='word_1_842' title='bbox 3675 5156 3733 5201; x_wconf 88' lang='lat' dir='ltr'><strong>et</strong></span> 
     </span>
    </p>
   </div>
   <div class='ocr_carea' id='block_1_112' title="bbox 2155 5242 3704 5313">
    <p class='ocr_par' dir='ltr' id='par_1_112' title="bbox 2155 5242 3704 5313">
     <span class='ocr_line' id='line_1_112' title="bbox 2155 5242 3704 5313; baseline -0.001 -15"><span class='ocrx_word' id='word_1_843' title='bbox 2155 5244 2358 5313; x_wconf 85' lang='lat' dir='ltr'><strong>absque</strong></span> <span class='ocrx_word' id='word_1_844' title='bbox 2385 5243 2568 5297; x_wconf 88' lang='lat' dir='ltr'><strong>labore</strong></span> <span class='ocrx_word' id='word_1_845' title='bbox 2597 5243 2914 5305; x_wconf 86' lang='lat' dir='ltr'><strong>consistere,</strong></span> <span class='ocrx_word' id='word_1_846' title='bbox 2949 5242 3217 5313; x_wconf 85' lang='lat' dir='ltr'><strong>projectus</strong></span> <span class='ocrx_word' id='word_1_847' title='bbox 3247 5244 3301 5297; x_wconf 92' lang='lat' dir='ltr'><strong>in</strong></span> <span class='ocrx_word' id='word_1_848' title='bbox 3329 5244 3606 5307; x_wconf 75' lang='lat' dir='ltr'><strong>exsilium,</strong></span> <span class='ocrx_word' id='word_1_849' title='bbox 3638 5260 3704 5297; x_wconf 86' lang='lat' dir='ltr'><strong>eo</strong></span> 
     </span>
    </p>
   </div>
   <div class='ocr_carea' id='block_1_113' title="bbox 2155 5326 3727 5407">
    <p class='ocr_par' dir='ltr' id='par_1_113' title="bbox 2155 5326 3727 5407">
     <span class='ocr_line' id='line_1_113' title="bbox 2155 5326 3727 5407; baseline -0.003 -17"><span class='ocrx_word' id='word_1_850' title='bbox 2155 5344 2371 5407; x_wconf 85' lang='lat' dir='ltr'><strong>geretur</strong></span> <span class='ocrx_word' id='word_1_851' title='bbox 2398 5334 2714 5405; x_wconf 87' lang='lat' dir='ltr'><strong>punctiones</strong></span> <span class='ocrx_word' id='word_1_852' title='bbox 2742 5334 3022 5402; x_wconf 84' lang='lat' dir='ltr'><strong>spinarum</strong></span> <span class='ocrx_word' id='word_1_853' title='bbox 3049 5332 3304 5403; x_wconf 84' lang='lat' dir='ltr'><strong>perferre.</strong></span> <span class='ocrx_word' id='word_1_854' title='bbox 3350 5332 3433 5386; x_wconf 83' lang='lat' dir='ltr'><strong>Ab</strong></span> <span class='ocrx_word' id='word_1_855' title='bbox 3460 5326 3563 5387; x_wconf 84' lang='lat' dir='ltr'><strong>hac</strong></span> <span class='ocrx_word' id='word_1_856' title='bbox 3597 5348 3727 5404; x_wconf 83' lang='lat' dir='ltr'><strong>ergo</strong></span> 
     </span>
    </p>
   </div>
   <div class='ocr_carea' id='block_1_114' title="bbox 2154 5421 3728 5494">
    <p class='ocr_par' dir='ltr' id='par_1_114' title="bbox 2154 5421 3728 5494">
     <span class='ocr_line' id='line_1_114' title="bbox 2154 5421 3728 5494; baseline -0.003 -16"><span class='ocrx_word' id='word_1_857' title='bbox 2154 5423 2583 5494; x_wconf 85' lang='lat' dir='ltr'><strong>peregrinatione</strong></span> <span class='ocrx_word' id='word_1_858' title='bbox 2623 5422 2870 5477; x_wconf 87' lang='lat' dir='ltr'><strong>Salvator</strong></span> <span class='ocrx_word' id='word_1_859' title='bbox 2908 5437 3030 5475; x_wconf 88' lang='lat' dir='ltr'><strong>eum</strong></span> <span class='ocrx_word' id='word_1_860' title='bbox 3071 5421 3499 5476; x_wconf 86' lang='lat' dir='ltr'><strong>misericorditer</strong></span> <span class='ocrx_word' id='word_1_861' title='bbox 3540 5421 3728 5475; x_wconf 82' lang='lat' dir='ltr'><strong>volens</strong></span> 
     </span>
    </p>
   </div>
   <div class='ocr_carea' id='block_1_115' title="bbox 2152 5510 3723 5583">
    <p class='ocr_par' dir='ltr' id='par_1_115' title="bbox 2152 5510 3723 5583">
     <span class='ocr_line' id='line_1_115' title="bbox 2152 5510 3723 5583; baseline -0.001 -15"><span class='ocrx_word' id='word_1_862' title='bbox 2152 5510 2406 5581; x_wconf 80' lang='lat' dir='ltr'><strong>liberare,</strong></span> <span class='ocrx_word' id='word_1_863' title='bbox 2435 5530 2651 5572; x_wconf 83' lang='lat' dir='ltr'><strong>crucem</strong></span> <span class='ocrx_word' id='word_1_864' title='bbox 2683 5515 2932 5583; x_wconf 84' lang='lat' dir='ltr'><strong>dignatus</strong></span> <span class='ocrx_word' id='word_1_865' title='bbox 2960 5522 3043 5568; x_wconf 90' lang='lat' dir='ltr'><strong>est</strong></span> <span class='ocrx_word' id='word_1_866' title='bbox 3070 5514 3455 5576; x_wconf 80' lang='lat' dir='ltr'><strong>conscendere,</strong></span> <span class='ocrx_word' id='word_1_867' title='bbox 3493 5524 3547 5568; x_wconf 85' lang='lat' dir='ltr'><strong>et</strong></span> <span class='ocrx_word' id='word_1_868' title='bbox 3578 5514 3632 5567; x_wconf 90' lang='lat' dir='ltr'><strong>in</strong></span> <span class='ocrx_word' id='word_1_869' title='bbox 3661 5528 3723 5567; x_wconf 86' lang='lat' dir='ltr'><strong>ea</strong></span> 
     </span>
    </p>
   </div>
   <div class='ocr_carea' id='block_1_116' title="bbox 2155 5602 3726 5675">
    <p class='ocr_par' dir='ltr' id='par_1_116' title="bbox 2155 5602 3726 5675">
     <span class='ocr_line' id='line_1_116' title="bbox 2155 5602 3726 5675; baseline -0.001 -16"><span class='ocrx_word' id='word_1_870' title='bbox 2155 5606 2435 5661; x_wconf 88' lang='lat' dir='ltr'><strong>inimicum</strong></span> <span class='ocrx_word' id='word_1_871' title='bbox 2478 5605 2828 5675; x_wconf 87' lang='lat' dir='ltr'><strong>triumphare.</strong></span> <span class='ocrx_word' id='word_1_872' title='bbox 2887 5602 3117 5673; x_wconf 49' lang='lat' dir='ltr'><strong>(Equum</strong></span> <span class='ocrx_word' id='word_1_873' title='bbox 3162 5613 3245 5658; x_wconf 77' lang='lat' dir='ltr'><strong>est</strong></span> <span class='ocrx_word' id='word_1_874' title='bbox 3288 5619 3418 5674; x_wconf 86' lang='lat' dir='ltr'><strong>ergo</strong></span> <span class='ocrx_word' id='word_1_875' title='bbox 3463 5614 3522 5657; x_wconf 90' lang='lat' dir='ltr'><strong>ut</strong></span> <span class='ocrx_word' id='word_1_876' title='bbox 3564 5620 3726 5674; x_wconf 58' lang='lat' dir='ltr'><strong>pana</strong></span> 
     </span>
    </p>
   </div>
   <div class='ocr_carea' id='block_1_117' title="bbox 2155 5694 3725 5765">
    <p class='ocr_par' dir='ltr' id='par_1_117' title="bbox 2155 5694 3725 5765">
     <span class='ocr_line' id='line_1_117' title="bbox 2155 5694 3725 5765; baseline -0.001 -13"><span class='ocrx_word' id='word_1_877' title='bbox 2155 5696 2329 5752; x_wconf 75' lang='lat' dir='ltr'><strong>exsilii</strong></span> <span class='ocrx_word' id='word_1_878' title='bbox 2354 5694 2601 5752; x_wconf 87' lang='lat' dir='ltr'><strong>similiter</strong></span> <span class='ocrx_word' id='word_1_879' title='bbox 2623 5696 2692 5751; x_wconf 90' lang='lat' dir='ltr'><strong>sit</strong></span> <span class='ocrx_word' id='word_1_880' title='bbox 2720 5696 2786 5750; x_wconf 88' lang='lat' dir='ltr'><strong>ad</strong></span> <span class='ocrx_word' id='word_1_881' title='bbox 2813 5695 3041 5765; x_wconf 88' lang='lat' dir='ltr'><strong>patriam</strong></span> <span class='ocrx_word' id='word_1_882' title='bbox 3066 5695 3350 5753; x_wconf 64' lang='lat' dir='ltr'><strong>redeunti?</strong></span> <span class='ocrx_word' id='word_1_883' title='bbox 3389 5695 3471 5749; x_wconf 84' lang='lat' dir='ltr'><strong>Et.</strong></span> <span class='ocrx_word' id='word_1_884' title='bbox 3498 5704 3555 5749; x_wconf 90' lang='lat' dir='ltr'><strong>ut</strong></span> <span class='ocrx_word' id='word_1_885' title='bbox 3583 5697 3725 5763; x_wconf 79' lang='lat' dir='ltr'><strong>quod</strong></span> 
     </span>
    </p>
   </div>
  </div>
