4030 6190
248 306 334 361 36!

1269 308 1355 365 DE
1398 306 1621 366 CULTU
1670 308 2029 369 lMAGlNUM.
2067 344 2096 353 -
2127 343 2136 351 -
2173 312 2297 367 LIB.
2344 313 2388 367 ll

3352 312 3455 368 362

246 419 356 473 o’ico
380 415 575 471 clarius
602 416 693 471 sit.
738 415 989 488 Nunquid
1021 418 1135 475 ﬁeri
1177 429 1355 490 potest
1390 430 1450 476 ut
1488 437 1554 478 eo
1598 436 1782 477 amore
1808 427 1861 485 Α
1885 424 2151 492 passionis
2179 424 2338 480 beato
2373 422 2533 479 Petro
2572 424 2768 480 dixerit
2793 438 2809 477 :
2833 420 3026 480 Omnes
3052 426 3142 496 qui
3165 426 3456 496 acceperint

246 502 620 579 complectatur
657 510 780 580 quis
819 512 1031 581 spinam
1072 512 1418 566 tribulantem
1446 527 1553 581 quo
1582 512 1787 583 ample-
1887 512 2139 582 gladium.
2160 513 2334 584 gladio
2357 515 2594 584 peribunt
2629 514 2853 583 (Matth.
2881 517 3050 591 xxvi);
3071 517 3118 572 si
3140 517 3285 571 enim
3301 531 3457 586 aqua

246 598 400 654 ctitur
421 611 478 654 se
502 612 532 652 a
559 597 771 654 diabolo
793 598 1132 666 liberantem,
1160 608 1214 657 et
1239 601 1477 657 cmlestis
1502 602 1653 672 regni
1699 601 1792 656 ad-

248 688 364 742 itum
404 685 944 756 aperientem?me
982 706 1213 761 namque
1250 695 1352 745 ttxa
1393 700 1477 746 est
1522 700 1581 745 ut
1625 692 1792 761 spiam

249 777 495 831 inculatns
525 777 694 831 nostri
720 787 1184 834 consumerentur.
1232 778 1363 835 Nam
1394 781 1476 835 vis
1512 782 1713 837 certius
1740 781 1791 835 id

251 869 433 923 nosse?
476 866 610 923 Cum
649 868 867 939 angelus
913 870 965 923 in
1000 885 1226 940 persona
1264 872 1473 927 Domini
1509 872 1578 927 ad
1612 870 1793 928 Mosen

249 974 334 1028 pro
363 958 646 1013 eductioue
672 958 853 1028 populi
887 957 1202 1037 loqueretur
1227 960 1422 1030 (Exod.
1450 959 1556 1034 ιιι),
1601 961 1687 1015 cui
1706 960 1797 1015 ile-

250 1065 352 1119 gem
383 1049 608 1104 daturus
646 1059 763 1104 erat
784 1090 799 1113 ,
848 1058 904 1106 et
940 1052 1171 1122 plurima
1211 1052 1315 1107 alia
1342 1052 1603 1109 beneﬁcia
1634 1053 1799 1109 colla-

252 1152 417 1206 turus,
455 1142 630 1196 visum
665 1151 750 1197 est
782 1138 949 1215 Moysi
987 1146 1176 1200 rubum
1208 1146 1434 1209 ardere,
1478 1160 1579 1201 nec
1618 1155 1796 1202 tamen

249 1231 516 1295 consumi,
568 1232 671 1287 buc
711 1231 825 1302 jam
871 1240 985 1287 tum
1032 1235 1190 1289 rebus
1230 1234 1623 1303 clamantibus,
1673 1238 1799 1306 quia

248 1324 413 1395 populi
457 1334 675 1395 peccata
720 1326 808 1382 lex
853 1328 1068 1396 quidem
1120 1345 1217 1400 per
1243 1333 1607 1389 ostensionem
1639 1342 1801 1404 atque

250 1417 706 1485 reprehensionem
731 1427 850 1472 erat
878 1418 1288 1487 inﬂammatura,
1319 1440 1420 1480 nec
1450 1436 1626 1481 tamen
1654 1441 1802 1498 cum:

251 1505 481 1560 bustura.
537 1506 716 1562 Satius
760 1524 888 1581 ergo
929 1526 1062 1565 crux
1104 1524 1395 1569 veneratur
1420 1530 1581 1585 quam
1611 1516 1797 1585 spina,

249 1599 358 1667 quia
390 1600 507 1654 lucc
534 1599 801 1669 captivum
831 1611 884 1656 et
910 1603 1147 1659 exsulem
1183 1605 1419 1670 cruciat,
1462 1621 1596 1661 crux
1624 1615 1802 1661 autem

249 1696 296 1740 et
317 1688 684 1758 captivitatem
719 1690 912 1761 eripit,
955 1699 1006 1747 et
1044 1693 1253 1763 spinam
1284 1694 1628 1750 tribulantem
1654 1711 1804 1751 com-

252 1779 399 1833 burit.
434 1779 565 1834 Post
591 1781 706 1836 hmo
732 1780 885 1837 addis
910 1799 923 1836 :

314 1887 331 1918 ι
360 1870 673 1925 Adurentur
724 1882 779 1926 et
834 1872 1147 1940 arundines,
1209 1875 1334 1945 quia
1391 1877 1460 1931 ab
1522 1877 1602 1933 eis
1669 1877 1811 1935 cula-

252 1958 413 2026 pbisa
454 1959 720 2016 militibus
768 1970 931 2032 caput
976 1962 1093 2033 ejus
1144 1979 1342 2021 caesum
1396 1974 1501 2021 est.
1533 1986 1552 2018 ι
1606 1966 1812 2022 Caetera

249 2048 450 2116 quidem
500 2049 582 2104 vel
645 2052 773 2106 risui
840 2054 1102 2108 movendo
1144 2063 1269 2125 apta
1324 2064 1471 2120 sunt,
1532 2055 1616 2111 vel
1686 2056 1809 2126 quia

250 2142 478 2196 arrident
553 2142 711 2198 alicui
780 2143 1071 2201 Dominicte
1135 2145 1531 2218 signiﬁcationi,
1590 2154 1814 2216 p05sunt

253 2243 510 2306 utcunque
548 2235 744 2291 audiri.
791 2235 958 2292 Porro
1008 2238 1331 2293 arundinum
1370 2248 1425 2294 et
1469 2238 1648 2294 crucis
1670 2253 1814 2293 com-

250 2327 441 2395 paratio
516 2336 624 2381 tam
685 2328 839 2401 longe
902 2331 1223 2398 secernitur,
1261 2338 1322 2386 ut
1350 2340 1564 2402 putetur
1613 2345 1813 2402 nequa-

251 2429 391 2482 quam
421 2416 512 2470 vel
543 2433 573 2471 a
604 2418 877 2489 vigilante,
908 2419 1046 2474 vela
1072 2436 1203 2475 sana
1229 2424 1406 2477 mente
1432 2422 1694 2493 profecta,
1713 2423 1811 2479 sed

253 2506 416 2573 potius
444 2506 518 2561 ab
544 2508 716 2577 coqui
750 2509 922 2578 impos
964 2509 1159 2564 mentis
1213 2508 1430 2567 funibus
1476 2510 1814 2582 Hippocratis

252 2597 561 2653 vinciendus
587 2598 834 2653 traditur.
866 2600 1114 2670 Legimus
1139 2617 1368 2672 namque
1398 2603 1451 2656 in
1487 2602 1654 2674 ﬁgura
1704 2604 1810 2658 Do-

254 2689 461 2745 minica:
489 2689 668 2744 crucis
710 2706 922 2744 amaras
972 2706 1137 2760 aquas
1176 2693 1486 2749 eremiticas
1534 2710 1633 2765 per
1681 2694 1813 2767 ligni

256 2780 637 2837 inumissionem
710 2783 969 2853 insipidos
1029 2784 1157 2840 olim
1222 2786 1529 2856 deposuisse
1594 2803 1814 2858 sapores

256 2868 446 2939 (Exod.
505 2870 640 2942 xv).
700 2869 951 2941 Nunquid
998 2888 1103 2928 non
1149 2874 1309 2930 aliter
1351 2877 1593 2946 nequivit
1643 2878 1816 2934 virtus

253 2958 637 3029 Omnipotentis
671 2974 856 3017 earum
886 2961 1167 3018 dulcorare
1193 2972 1427 3035 gustum,
1463 2966 1566 3021 nisi
1602 2982 1695 3022 eas
1734 2976 1815 3022 at-

253 3049 449 3118 tigisset
477 3064 577 3119 per
597 3051 833 3123 lignum?
868 3050 971 3107 Sed
997 3053 1135 3108 sicut
1172 3055 1427 3124 poscebat
1464 3063 1692 3125 tempus,
1722 3073 1814 3110 va-

1890 600 2041 657 lance
2077 603 2361 671 pensanda:
2385 611 2566 658 essent
2589 619 2720 657 crux
2743 602 3016 668 etlancea,
3039 603 3180 661 sicut
3198 605 3457 661 Dominus

1890 693 2023 747 dixit
2048 712 2059 746 :
2094 692 2283 748 Omnes
2304 695 2393 764 qui
2415 692 2647 764 gladium
2667 695 2974 764 acceperint,
3002 693 3176 765 gladio
3195 696 3455 767 peribunt.

1892 780 1966 834 ita
1986 780 2319 838 subinferret
2344 796 2358 835 :
2382 779 2581 837 Omnes
2600 781 2691 851 qui
2716 783 3022 852 acceperint
3035 798 3274 849 crucem,
3303 798 3463 838 cruce

1893 881 1948 925 et
1976 871 2252 939 peribunt;
2284 871 2541 941 itemque,
2592 887 2715 927 cum
2759 873 3032 943 discipulis
3078 873 3322 930 diceret:
3356 872 3460 941 Qui

1893 960 2000 1016 vult
2023 970 2135 1030 post
2166 978 2246 1016 me
2270 963 2460 1027 renire,
2486 963 2698 1034 abneget
2723 965 3072 1033 semetipsum,
3106 974 3154 1020 et
3177 966 3325 1020 tollat
3345 983 3467 1020 cru-

1894 1068 2003 1104 cem
2027 1069 2201 1117 suam,
2231 1061 2278 1107 et
2307 1062 2551 1123 sequatur
2583 1070 2698 1120 me;
2730 1061 2819 1109 et:
2847 1052 2949 1119 Qui
2984 1071 3088 1110 nou
3116 1055 3316 1127 bajulat
3351 1075 3469 1111 cru-

1898 1157 2005 1193 cem
2032 1158 2204 1205 suam,
2229 1151 2277 1195 et
2298 1142 2529 1212 sequitur
2551 1159 2654 1208 me,
2694 1159 2797 1197 non
2838 1152 2913 1197 est
2951 1160 3030 1199 me
3068 1144 3259 1215 dignus
3296 1146 3460 1218 (Luc.

1900 1229 2055 1301 xxv),
2084 1245 2149 1285 eo
2172 1232 2330 1285 modo
2354 1231 2559 1287 diceret
2589 1249 2601 1285 :
2632 1231 2735 1299 Qui
2759 1231 2871 1286 vult
2893 1242 3012 1302 post
3038 1249 3124 1289 me
3148 1234 3356 1300 venire,
3379 1249 3469 1288 ac-

1900 1318 2063 1388 cipiat
2088 1319 2327 1374 lanceam
2368 1336 2520 1375 suam
2555 1321 2609 1376 in
2653 1337 2836 1388 manu,
2877 1330 3227 1393 etsequaturr
3255 1340 3362 1381 me.
3404 1326 3471 1379 Et

1900 1410 1992 1479 qui
2030 1410 2271 1464 lanceam
2301 1426 2451 1465 suam
2475 1426 2580 1466 non
2607 1420 2787 1482 portat
2812 1413 2867 1467 iu
2895 1429 3078 1481 manu,
3109 1430 3215 1470 non
3255 1423 3339 1472 est
3383 1432 3470 1470 me

1903 1497 2115 1566 dignus.
2142 1497 2274 1552 Nam
2302 1497 2496 1554 Petrus
2526 1500 2831 1571 increpatus
2857 1510 2941 1557 est
2962 1517 3084 1559 cum
3115 1503 3355 1575 gladium
3383 1520 3474 1560 ac-

1903 1587 2155 1658 cepisset,
2193 1597 2248 1643 et
2272 1590 2578 1646 admonitus
2606 1599 2666 1645 ut
2695 1608 2908 1648 crucem
2937 1593 3123 1680 ferret,
3151 1597 3366 1665 quando
3393 1597 3472 1651 di-

1904 1690 2049 1738 ctum
2076 1692 2159 1737 est
2194 1684 2243 1737 ei
2274 1701 2287 1736 :
2319 1683 2547 1754 Sequere
2572 1702 2671 1740 me.
2704 1687 2758 1740 ln
2781 1702 2889 1758 quo
2933 1696 3110 1743 autem
3161 1702 3285 1744 eum
3324 1691 3475 1760 sequi

1838 1773 1885 1831 B
1911 1772 2151 1836 deberet,
2199 1773 2481 1830 manifeste
2508 1777 2764 1833 Dominus
2783 1777 2832 1832 ei
2856 1780 3110 1844 ostendit,
3148 1795 3269 1835 cum
3305 1781 3473 1837 dicit:

1912 1861 2042 1917 Cum
2068 1881 2202 1919 esses
2216 1866 2418 1935 junior,
2445 1867 2682 1938 cingebas
2711 1880 2781 1935 te,
2803 1879 2852 1923 et
2874 1869 3180 1927 ambulabas
3213 1871 3297 1926 ubi
3343 1872 3478 1927 rale-

1911 1951 2025 2018 bas,
2049 1962 2152 2009 etc.
2190 1952 2381 2027 (Joan.
2410 1957 2567 2028 ιω).
2610 1957 2676 2013 Ει
2701 1973 2768 2013 ne
2793 1958 2952 2014 dubia
2979 1960 3242 2016 sententia
3280 1962 3336 2017 in
3374 1963 3478 2017 hac

1911 2059 1972 2102 re
1994 2046 2207 2102 animus
2239 2056 2424 2103 noster
2451 2048 2759 2116 duceretur,
2804 2052 3135 2121 evangelista
3159 2055 3479 2112 subsecutus

1909 2142 2032 2191 est:
2063 2134 2178 2190 Hoc
2202 2147 2397 2202 autem,
2425 2139 2617 2209 inquit,
2639 2141 2794 2204 dixit,
2825 2142 3127 2213 signiﬁcem
3167 2159 3272 2215 qua
3315 2156 3478 2201 morte

1910 2224 2297 2295 clariﬁcaturus
2338 2239 2468 2284 esset
2509 2228 2676 2285 Deum
2705 2229 2881 2303 (Ibid.
2896 2232 2940 2305 ).
2981 2232 3181 2291 Adoret
3207 2250 3337 2307 ergo
3366 2236 3478 2292 hu:-

1909 2318 2112 2374 reticus
2138 2319 2362 2389 quilibet
2388 2320 2652 2387 lanceam,
2674 2323 2940 2394 dogmatis
2971 2324 3220 2381 videlicet
3256 2326 3340 2381 sui
3390 2341 3476 2381 ne-

1910 2409 2161 2479 quitiam,
2204 2410 2555 2483 admistisque
2587 2414 2888 2487 agminibus
2915 2413 3032 2487 Gog
3060 2425 3116 2471 et
3141 2416 3349 2490 Magog,
3388 2418 3480 2488 qui

1911 2501 2340 2573 interpretantur
2364 2515 2574 2571 tectum,
2605 2504 2687 2561 vel
2714 2506 2778 2560 de
2805 2515 2959 2573 tecto,
3003 2515 3191 2563 contra
3237 2518 3477 2565 sanctam

1912 2591 2207 2648 Ecclesium
2236 2607 2429 2664 magno
2462 2610 2582 2650 cum
2615 2596 2898 2666 supercilio
2921 2606 2976 2653 et
2990 2613 3185 2669 pompa
3205 2615 3477 2655 armorqu

1910 2681 2226 2747 bellaturus,
2257 2685 2546 2753 pauperina
2569 2684 2589 2756 [
2605 2682 2761 2740 Forte
2788 2687 3163 2761 pauperrima]
3189 2686 3306 2757 ejus
3331 2704 3480 2743 arma

1913 2780 2262 2827 contemnens
2280 2781 2552 2842 procedat.
2594 2772 2724 2844 Ejus
2743 2784 2922 2831 autem
2945 2776 3051 2832 erit
3079 2777 3145 2831 de
3167 2776 3482 2834 fortitudine

1914 2863 2057 2934 regis
2085 2863 2169 2917 sui
2197 2863 2488 2929 conﬁdere,
2529 2872 2583 2919 et
2622 2866 2801 2923 crucis
2845 2867 3040 2924 vexillo
3079 2882 3198 2924 sese
3248 2869 3479 2932 munire,

1913 2962 2073 3022 atque
2095 2954 2176 3007 eis
2199 2954 2534 3025 expugnatis,
2567 2968 2750 3011 corum
2780 2970 2928 3011 arma
2947 2971 3044 3026 per
3076 2966 3280 3028 septem
3306 2974 3477 3015 annos

1915 3043 2024 3115 igni
2056 3045 2403 3111 succendere,
2432 3044 2484 3099 id
2504 3052 2609 3112 est,
2657 3047 2710 3101 in
2744 3048 3047 3117 septenario
3094 3036 3331 3104 numero
3361 3046 3484 3119 Spi-

255 3141 340 3195 riis
375 3141 673 3213 ﬁgurarum
716 3141 920 3198 umbris
945 3150 1001 3196 et,
1025 3142 1402 3215 allegorian)“;
1448 3144 1634 3217 ﬁguris
1654 3145 1816 3202 .ulilj-
1841 3142 1885 3205 C
1919 3138 2053 3192 ritus
2073 3137 2245 3192 sancti
2273 3137 2426 3192 donis
2454 3146 2666 3194 sacrato
2691 3146 2852 3209 atque
2890 3138 3151 3211 perfecto,
3178 3149 3484 3196 armaturas

256 3241 399 3288 tatem
426 3233 562 3303 ligni
589 3232 1015 3290 victoriosissimi
1053 3235 1427 3301 adumbrabat,
1477 3234 1630 3306 cujus
1678 3245 1817 3293 atta-

253 3332 332 3377 ctu
373 3324 514 3396 legis
551 3324 751 3390 littera,
798 3325 1015 3390 dudum,
1064 3327 1418 3382 amaritudine
1464 3327 1805 3398 impediente,

254 3415 616 3487 impussibilis,
648 3432 793 3471 nunc
825 3415 940 3485 ejus
969 3426 1218 3473 contactu
1247 3416 1387 3472 facta
1414 3427 1499 3489 est
1543 3428 1670 3489 potu
1719 3421 1817 3475 ha-

253 3507 381 3561 bilis.
412 3507 672 3578 Legimus
711 3507 872 3561 etiam
917 3507 984 3562 de
1025 3522 1184 3563 cruce
1221 3507 1533 3578 prtedictum
1564 3526 1577 3562 :
1611 3509 1680 3563 Et
1717 3511 1814 3565 erit

259 3597 421 3667 (haud
448 3598 678 3653 dubium
701 3596 830 3666 quin
859 3580 974 3651 sive
997 3598 1186 3653 beatus
1214 3597 1299 3651 vir
1319 3612 1349 3651 a
1378 3613 1484 3668 quo
1522 3598 1814 3655 beatitudi-

256 3704 366 3744 nem
386 3690 768 3759 adipiscuntur
789 3703 975 3744 omnes
1000 3689 1090 3758 qui
1112 3689 1252 3744 beati
1275 3698 1419 3754 sunt,
1444 3690 1557 3745 sive
1593 3690 1817 3760 quilibet

256 3781 610 3834 membrorum
635 3777 784 3850 ejus)
814 3786 1061 3849 tanquam
1108 3778 1305 3848 tignum
1349 3778 1487 3849 quod
1524 3777 1817 3851 plumatum

252 3882 388 3921 acus
410 3871 669 3922 decursus
695 3883 951 3938 aquarum
977 3865 1156 3939 (Psal.
1190 3866 1259 3940 ι).
1310 3867 1687 3939 Nunquidnam
1733 3870 1812 3925 di-

254 3958 417 4013 citur?
441 3960 511 4014 Et
528 3960 636 4015 erit
653 3969 908 4028 tanquam
934 3959 1139 4013 arundo
1167 3974 1323 4015 secus
1355 3960 1501 4031 ripas
1537 3960 1818 4018 ﬂuviorum

255 4048 749 4117 palustrium?Scio
772 4058 941 4115 certe,
980 4049 1091 4104 scio
1122 4051 1250 4118 quid
1297 4051 1352 4105 in
1395 4051 1483 4106 his
1527 4052 1621 4107 tibi
1664 4053 1816 4109 velis.

258 4134 538 4193 ltecoluisti
592 4137 838 4193 fortassis
900 4138 1198 4193 siccitatem
1244 4139 1495 4211 {Egyptio
1542 4142 1749 4196 calamo
1788 4159 1819 4197 a

256 4225 471 4280 Domino
490 4227 831 4291 comminari,
860 4226 914 4281 id
940 4235 1042 4292 est,
1073 4242 1321 4291 sermone
1373 4243 1540 4283 vacuo
1586 4240 1641 4284 et
1682 4230 1818 4303 nillil

255 4315 307 4369 in
329 4317 634 4372 seselidum
661 4316 899 4382 babenti,
923 4316 1050 4371 dum
1083 4317 1151 4371 de
1198 4331 1263 4371 eo
1304 4317 1539 4372 dicitur:
1569 4321 1821 4374 Attenua-

256 4406 437 4460 buutur
464 4417 513 4461 et
537 4408 875 4461 siccabuntur
894 4406 987 4460 rivi
1010 4422 1278 4477 aggerum,
1305 4405 1536 4461 calamus
1562 4417 1609 4462 et
1624 4407 1819 4477 juncus

1914 3238 2100 3283 eorum
2133 3242 2321 3284 omnes
2341 3227 2680 3295 comburere,
2716 3238 2923 3296 contos,
2953 3241 3007 3285 et
3029 3232 3260 3296 lanceas,
3301 3241 3356 3286 et
3391 3231 3486 3286 ba—

1912 3318 2081 3384 culus,
2109 3333 2321 3383 manus,
2351 3319 2491 3374 sicut
2516 3320 2778 3392 scriptum
2805 3330 2890 3377 est
2916 3340 2932 3377 :
2960 3324 3150 3377 Arcum
3187 3334 3409 3379 conteret
3433 3333 3484 3378 et

1913 3409 2198 3479 confringet
2224 3425 2394 3475 arma,
2416 3419 2466 3464 et
2495 3420 2640 3465 scuta
2675 3412 2934 3468 comburet
2964 3415 3074 3485 igni
3100 3412 3280 3486 (Psal.
3306 3416 3440 3485 xcv)
3468 3427 3483 3475 ;

1913 3500 2101 3554 eodem
2122 3500 2284 3555 etiam
2326 3516 2432 3555 non
2484 3501 2878 3571 momentaneo,
2926 3506 3018 3560 sed
3067 3514 3286 3569 aeterno,
3336 3516 3485 3561 arma

1917 3594 2021 3642 tua:
2048 3601 2318 3658 perversa:
2346 3587 2604 3650 doctrinae
2642 3591 3000 3647 cumburenda
3048 3601 3172 3648 sunt
3203 3593 3330 3666 igni.
3355 3593 3486 3648 llae-

1917 3683 2070 3730 tenus
2094 3676 2234 3747 style
2266 3679 2658 3745 prosecutionis
2689 3689 2889 3736 nostrae
2932 3696 3003 3736 ex
3051 3685 3370 3738 auctoritate
3408 3685 3458 3739 di

1915 3766 2040 3820 vina
2060 3775 2115 3821 et
2140 3778 2449 3823 sanctorum
2475 3768 2692 3823 Patrum
2722 3771 2984 3836 doctrina,
3028 3780 3086 3827 et
3135 3789 3203 3828 ex
3244 3774 3327 3828 bis
3367 3790 3488 3844 quae

1915 3859 2174 3915 Dominus
2208 3860 2384 3914 sobrie
2421 3860 2829 3916 subministrare
2859 3863 3109 3933 dignatus
3148 3872 3250 3928 est,
3285 3865 3411 3932 tuis,
3453 3880 3487 3919 o

1917 3935 2123 4014 Claudi,
2157 3949 2353 4018 ineptis
2378 3958 2433 4003 et
2468 3950 2828 4008 stulidissimis
2873 3955 3298 4024 uppositiouibus
3323 3957 3483 4013 ratio-

1917 4040 2167 4094 nabiliter
2192 4041 2442 4095 obviasse
2478 4039 2724 4096 sulliciat.
2751 4042 2902 4099 Nunc
2930 4053 3108 4101 autem
3154 4048 3279 4117 quia
3322 4048 3490 4118 liquet

1916 4128 1988 4182 ob
2007 4128 2441 4197 praedicationem
2492 4130 2880 4188 adorandorum
2929 4135 3200 4192 asinorum
3242 4147 3297 4192 et
3330 4148 3490 4195 caete-

1919 4234 2101 4274 rarum
2130 4220 2523 4275 insensatarum
2551 4236 2753 4289 rerum,
2784 4238 2919 4294 quas
2944 4241 3096 4295 mque
3123 4237 3183 4282 ut
3230 4243 3490 4285 veneran-

1919 4309 2041 4364 dam
2061 4325 2274 4367 crucem
2288 4310 2586 4369 adorandus
2603 4317 2907 4374 vecorditer
2926 4313 3315 4390 dogmatizasti,
3341 4331 3486 4378 tuam
3573 4322 3579 4329 ’

1921 4398 2217 4454 doctrinam
2242 4400 2386 4456 nullo
2409 4412 2567 4472 pacto
2589 4404 2818 4461 conferri
2848 4422 3006 4477 posse
3032 4408 3123 4463 ulli
3145 4425 3290 4467 sana:
3318 4428 3488 4467 verm-

254 4510 529 4554 marcescat
553 4497 701 4561 (lsa.
734 4498 878 4568 xix).
912 4498 1140 4570 ideoque
1183 4499 1448 4556 calamum
1498 4509 1648 4554 tuum
1674 4541 1689 4567 ,
1728 4516 1811 4555 va-

1921 4504 2026 4559 que
2051 4488 2174 4545 ﬁdei
2199 4491 2473 4558 doctrinm,
2501 4497 2845 4563 quaerendum
2887 4496 3043 4554 nobis
3084 4500 3296 4555 videtur
3337 4504 3489 4573 cujus

251 4605 408 4644 cuum
442 4604 675 4660 prorsus
706 4590 934 4654 ratione,
963 4590 1066 4645 hoc
1104 4591 1368 4646 consolari
1398 4591 1609 4646 voluisti
1638 4592 1814 4655 modo,

255 4687 308 4732 ut
336 4680 620 4734 conareris
654 4695 777 4734 eum
824 4679 1051 4733 similem
1082 4681 1232 4734 cruci
1267 4682 1576 4748 ostendere;
1616 4689 1669 4736 et
1700 4682 1819 4752 pari

254 4771 426 4835 modo,
454 4778 519 4824 ut
540 4786 675 4825 crux
700 4785 732 4823 a
772 4769 1017 4824 ﬁdelibus
1040 4771 1312 4838 aduratur,
1349 4780 1406 4826 tu
1433 4787 1647 4844 quoque
1672 4772 1819 4827 cala-

253 4877 392 4916 mum
424 4873 579 4916 tuum
603 4876 698 4917 eos
723 4875 946 4931 cogeres
968 4863 1210 4917 adorare.
1249 4861 1331 4917 Ad
1362 4864 1628 4929 ultimum,
1666 4865 1820 4934 quasi

255 4964 460 5010 tuarum
496 4956 734 5025 palmam
777 4955 1094 5019 naeniarum,
1137 4953 1415 5025 adjungis.

323 5062 342 5095 ι
362 5044 678 5099 Adoreutur
697 5051 753 5098 et
772 5044 994 5107 lanceae,
1020 5044 1142 5113 quia
1172 5059 1310 5098 unus
1330 5044 1559 5098 militum
1582 5042 1635 5098 in
1660 5059 1820 5099 cruce

262 5135 434 5192 «latus
465 5135 588 5205 ejus
614 5137 846 5206 aperuit,
873 5135 1015 5190 unde
1043 5134 1195 5190 ﬂuxit
1215 5136 1433 5206 sanguis
1452 5144 1506 5191 et
1526 5151 1689 5204 aqua,
1733 5152 1819 5190 sa-

260 5236 585 5283 ccramenta
628 5228 769 5281 unde
812 5226 1079 5281 formatur
1114 5225 1371 5281 Ecclesia.
1396 5245 1415 5277 ι
1462 5224 1581 5278 iam
1621 5226 1816 5288 dudum

258 5315 306 5370 in
327 5320 404 5372 tui
429 5316 789 5372 admiratione
817 5316 1066 5379 attonito,
1102 5317 1395 5371 constricto
1433 5325 1668 5387 gutture,
1712 5333 1820 5387 pra:

260 5409 421 5463 multo
449 5418 673 5477 stupore
701 5409 865 5463 verba
892 5406 1167 5472 deﬁciunt,
1202 5417 1261 5461 et
1300 5407 1633 5462 solummodo
1674 5416 1821 5462 tanta

260 5497 327 5552 rei
353 5497 607 5552 novitate
634 5505 910 5567 permotus
936 5496 1124 5551 haesito
1149 5514 1163 5548 :
1188 5495 1445 5565 quidnam
1491 5494 1621 5549 illud
1661 5484 1824 5549 fue'rit

260 5588 388 5654 quod
413 5587 621 5641 lanceae
648 5585 940 5641 Dominicaz
963 5584 1230 5654 passionis
1255 5582 1459 5638 iaciens
1498 5582 1820 5637 mentionem

260 5692 357 5728 non
386 5676 663 5730 recoluisti
691 5676 819 5745 quid
864 5675 1119 5749 Dominus
1152 5674 1220 5730 de
1242 5673 1417 5746 gladio
1446 5687 1546 5727 suo
1581 5681 1821 5743 tempore

699 5770 973 5829 Punct.
1026 5766 1183 5827 CVI.

1923 4579 2223 4648 comparari
2247 4582 2416 4651 possit
2439 4580 2588 4639 falsae
2625 4584 2903 4642 doctrinas.
2949 4588 3016 4642 Et
3043 4590 3168 4658 quia
3212 4593 3488 4649 catholicae

1924 4667 2046 4723 ﬁdei
2077 4670 2385 4725 doctoribus
2407 4674 2671 4742 comquari
2708 4683 2763 4729 et
2778 4675 2844 4751 in
2882 4677 3027 4733 nullo
3064 4680 3349 4735 assimilari
3393 4698 3490 4752 po-

1925 4767 2051 4823 test,
2074 4759 2267 4815 merito
2293 4776 2480 4817 eorum
2506 4764 2598 4832 qui
2618 4772 2770 4818 extra
2816 4766 3111 4822 Ecelesiam
3158 4780 3284 4825 sunt
3329 4771 3488 4828 dictis

1924 4857 1981 4903 et
2008 4849 2162 4904 factis
2204 4850 2514 4920 applicanda
2534 4860 2636 4907 est.
2662 4851 2796 4920 Quia
2823 4870 2951 4924 ergo
2971 4858 3339 4926 compellimur
3361 4876 3489 4930 gen—

1924 4939 2097 4994 tilium
2127 4940 2280 4996 iactis
2306 4950 2361 4997 et
2405 4943 2563 4997 dictis
2600 4944 2996 5011 praedicationis
3043 4957 3147 5003 tua:
3188 4951 3488 5007 assimilarc

1926 5032 2262 5097 documenta,
2296 5034 2491 5088 nullius
2524 5036 2698 5104 aptius
2742 5039 3230 5109 cengruentiusque
3262 5041 3404 5095 dicto
3433 5050 3485 5096 et

1925 5119 2065 5177 facto
2089 5123 2357 5193 aquuar‘i
2384 5130 2556 5192 potest
2589 5139 2748 5194 quam
2796 5124 2961 5180 Sileni
3004 5129 3143 5182 vatis
3188 5128 3481 5193 temulenti,

1924 5213 2179 5267 simillimi
2212 5214 2310 5278 tui,
2341 5213 2407 5268 de
2429 5228 2535 5282 quo
2562 5216 2748 5271 scribit
2767 5216 2913 5272 Naso
2938 5235 2954 5272 :

2048 5343 2222 5407 Ebrius
2247 5357 2364 5392 ecce
2386 5357 2537 5394 senex
2569 5346 2721 5407 pando
2745 5347 2942 5396 Silenus
2961 5347 3113 5397 asello

2114 5405 2201 5454 Vix
2223 5406 2384 5467 sedet,
2409 5415 2459 5454 et
2474 5405 2674 5468 pressas
2696 5418 2911 5458 continet
2933 5421 3038 5460 arte
3060 5422 3242 5461 (nautas.

1926 5508 2001 5564 De
2030 5524 2136 5579 quo
2170 5509 2243 5563 ita
2269 5507 2416 5564 Maro
2437 5508 2651 5581 (Eclog.
2677 5524 2759 5572 vr,
2823 5513 2913 5584 l3)
2942 5531 2955 5566 :

2052 5621 2270 5687 Pergite,
2293 5622 2534 5673 Pierides.
2554 5622 2769 5687 Chromis
2791 5629 2843 5670 et
2865 5623 3101 5687 Mnasylus
3122 5626 3172 5673 in
3197 5633 3349 5685 antro,

2052 5684 2267 5733 Silenum
2294 5689 2433 5746 pueri
2457 5697 2622 5733 somno
2647 5686 2810 5732 videre
2832 5684 3097 5745 jacentem,

3020 5772 3092 5828 12
