4030 6190
480 313 580 365 565

605 421 819 469 Inﬂatum
846 425 1075 466 necterno
1096 430 1262 477 venas,
1281 422 1341 478 ut,
1352 427 1569 478 semper,
1592 414 1759 462 laccho
1781 427 1794 462 :

602 482 744 531 Seria
766 481 928 541 procul
952 482 1135 527 tantum
1152 479 1297 541 capiti
1314 476 1508 541 delapsa
1532 476 1772 536 iacebant,
1828 504 1829 507 η

607 542 665 592 Et
688 538 850 605 gravis
871 547 1032 589 attrita
1049 539 1293 600 pendebat
1314 538 1573 586 cantharus
1594 548 1728 585 ansa.

483 664 550 717 Et
580 672 698 734 post
727 654 894 731 putica
924 678 937 715 :

607 780 789 831 Solvite
809 794 908 842 me,
931 783 1097 842 pueri;
1116 781 1232 830 satis
1249 786 1326 829 est
1351 781 1563 838 potuisse
1582 779 1754 842 videri.

607 843 823 896 Carmina
846 840 954 904 quae
979 841 1122 890 vultis
1139 845 1438 903 cognoscite,
1461 841 1671 890 carmina
1690 840 1849 889 vobis.

549 943 804 1014 Cogimur
826 944 978 997 vanis
1013 959 1173 1006 vana,
1220 943 1413 1013 ineptis
1453 943 1655 1010 inepta,
1692 930 1857 997 falsis.
1883 954 2046 1010 oppo-

482 1046 610 1088 nere
636 1032 1066 1100 falsa.’Qnoniam
1088 1042 1314 1102 uterque
1340 1040 1498 1102 poeta
1534 1033 1783 1087 eumdem
1804 1032 2042 1087 Silenum

481 1122 690 1178 ebrium
734 1122 972 1177 vanitate
1017 1108 1361 1192 descripserit
1412 1121 1663 1190 poetica:
1694 1120 1829 1199 alter
1876 1120 2043 1185 enim,

482 1212 687 1269 scilicet
707 1214 883 1282 pando
909 1200 1073 1269 asello
1096 1213 1392 1278 sedentem,
1420 1221 1472 1268 et
1488 1228 1599 1283 pra:
1613 1212 1775 1265 nimia
1787 1211 2045 1266 ebrietate

481 1307 571 1360 vix
601 1307 893 1371 sedentem,
922 1314 977 1359 et
1002 1305 1215 1360 amissis
1237 1303 1463 1359 habenis
1488 1300 1683 1372 quibus
1708 1302 1848 1355 idem
1870 1299 2047 1355 fuerat

481 1395 838 1451 moderandus
857 1390 1074 1459 asellus,
1105 1391 1439 1448 solummodo
1463 1400 1580 1445 arte
1608 1390 2046 1460 imbecilli,pres-

472 1488 555 1543 'sis
582 1486 817 1555 ejusdem
852 1486 1019 1540 comis
1062 1484 1237 1549 aselli,
1263 1498 1323 1538 se
1350 1497 1417 1537 ne
1447 1481 1716 1536 laberetur
1767 1481 2046 1550 continen-

479 1586 619 1642 tem;
650 1576 787 1631 alter
810 1591 962 1639 vero,
998 1583 1057 1630 ut
1103 1573 1295 1642 conjici
1328 1581 1520 1643 potest,
1550 1572 1670 1643 jam
1718 1587 1838 1627 eum
1887 1572 2044 1627 modo

478 1666 664 1720 eodem
694 1665 858 1719 asello
884 1664 1111 1733 lapsum,
1146 1672 1200 1718 et
1232 1672 1290 1717 ut
1330 1662 1382 1718 ei
1423 1662 1588 1717 moris
1630 1671 1746 1715 erat
1791 1662 2043 1716 hesterno

1528 302 1719 359 JONAS
1758 298 2307 356 AUllEl.lANE.\SIS
2344 296 2644 351 EI’ISCOPI

2066 416 2112 472 Α
2140 420 2187 465 et
2205 410 2432 463 homines
2459 407 2663 484 (Judic.
2700 408 2804 479 Ix),
2845 409 2937 462 scd
2971 408 3060 461 illo
3085 408 3263 477 potius
3292 406 3356 459 de
3377 422 3484 474 quo
3508 405 3562 458 in
3583 420 3714 484 can-

3598 291 3706 343 565

2150 501 2256 554 tico
2282 498 2448 571 Moysi
2477 499 2669 568 legitur
2696 516 2708 551 :
2746 496 2840 550 Fel
2865 499 3149 551 draconum
3192 498 3367 550 vinum
3412 483 3613 559 eorum,
3664 504 3712 547 et

2148 606 2395 643 venenum
2420 587 2657 658 aspidem
2680 586 2966 640 insanabile
2981 584 3001 655 (
3017 586 3168 640 Deut.
3198 601 3347 639 xxx"
3365 591 3381 653 )
3401 625 3415 648 ,
3437 600 3713 654 nunquam

2148 679 2214 731 ab
2238 676 2622 732 ecclesiasticis
2666 676 3040 751 traditionibus
3072 684 3124 729 te
3151 676 3454 739 avertisses,
3504 684 3559 730 et
3600 675 3711 729 asi-

2146 783 2246 822 nos
2270 775 2325 822 et
2349 778 2543 822 caetera
2576 766 2752 835 inepta
2796 781 2915 836 quae
2961 765 3221 835 scripsisti
3265 764 3535 819 adoranda
3588 780 3716 835 pro-

2144 856 2438 926 posuisses.
2468 855 2671 910 Pueros
2712 870 2940 923 namque
2963 855 3055 923 qui
3081 862 3131 908 te
3152 855 3338 935 eodem
3381 852 3548 907 fellito
3584 854 3714 906 vino

2147 944 2411 1010 inﬂatum,
2434 953 2489 1000 et
2526 944 2591 997 ad
2620 944 3019 1004 similitudinem
3068 944 3262 998 mortui
3293 942 3563 1013 jacentem
3620 959 3710 998 re-

2145 1042 2419 1104 pererunt,
2478 1034 2687 1101 tuisque
2750 1033 2978 1103 prepriis
3048 1033 3277 1087 restibus
3335 1033 3711 1096 devinxerunt,

2146 1122 2320 1177 nullos
2347 1123 2536 1177 melius
2563 1138 2722 1191 quam
2755 1123 3002 1193 spiritum
3046 1131 3215 1187 tuum,
3265 1124 3380 1192 qui,
3419 1124 3710 1178 secundum

2143 1213 2454 1284 Apostolum
2479 1213 2703 1285 (Ephes.
2729 1214 2814 1286 IV)
2836 1216 3105 1277 renovari,
3120 1222 3174 1269 et
3196 1230 3388 1270 novum
3412 1215 3708 1281 hominem,

2144 1303 2417 1359 Christum
2464 1304 2712 1358 videlicet
2747 1304 3026 1358 Dominum
3067 1312 3328 1368 nostrum,
3373 1303 3615 1369 induere,
3655 1315 3712 1360 et

2146 1393 2494 1457 intellectum,
2525 1393 2615 1462 qui
2637 1408 2821 1446 sanam
2840 1393 3134 1447 doctrinam
3159 1391 3400 1462 proferre
3426 1394 3706 1457 debuerat.

2146 1482 2389 1551 accipere
2409 1496 2711 1550 possumus.
2743 1480 2958 1535 Eisdem
2986 1480 3148 1550 igitur
3184 1481 3367 1549 pueris
3390 1482 3524 1538 adeo
3565 1482 3709 1538 ludi-

2143 1571 2261 1625 brio
2284 1579 2340 1625 et
2385 1570 2618 1624 irrisioni
2662 1568 2827 1634 fuisti,
2877 1576 2939 1623 ut
2986 1570 3123 1624 sicut
3150 1568 3387 1624 aSileno
3426 1574 3708 1627 memorati

2143 1662 2294 1732 pueri
2314 1661 2551 1715 carmina
2580 1661 2755 1729 inepta
2779 1660 2878 1714 sibi
2900 1658 3016 1714 ﬁeri
3047 1669 3407 1727 extorserunt,
3454 1662 3527 1717 ita
3553 1672 3607 1717 et
3632 1666 3708 1718 tui

479 1754 666 1809 laccho
695 1768 859 1808 venas
878 1752 1139 1817 inﬂatum,
1170 1760 1383 1806 mortuo
1402 1751 1731 1806 simillimum
1749 1749 2040 1818 jacentem,
2070 1776 2117 1834 Β
2144 1753 2317 1822 pueri,
2349 1752 2569 1820 spiritus
2611 1750 2858 1806 videlicet
2887 1759 3010 1805 tuus
3055 1765 3358 1821 parvusque
3406 1752 3711 1809 intellectus

478 1851 533 1897 et
558 1843 675 1913 ejus
698 1841 864 1896 nimia
892 1840 1165 1911 potatione
1189 1852 1378 1896 ansam
1411 1840 1553 1895 illius
1581 1840 1760 1911 gravis
1798 1840 2043 1894 canthari

428 1960 439 1965 -
477 1931 724 1997 fractam,
752 1940 1000 2001 sertaque
1026 1931 1218 2002 capitis
1246 1929 1363 2000 ejus
1402 1929 1589 1999 procul
1625 1929 1837 1999 delapsa
1859 1928 2044 1998 jacen-

479 2024 574 2086 tia,
622 2029 677 2077 et
722 2022 947 2077 duorum
998 2037 1286 2092 puerorum
1349 2020 1538 2077 fraude
1597 2022 2039 2085 circumventum,

477 2126 803 2182 suorumque
840 2120 1110 2166 sertorum
1140 2112 1372 2166 restibus
1402 2112 1470 2166 ab
1497 2111 1574 2165 cis
1602 2112 1859 2175 vinctum,
1888 2121 1945 2165 et
1983 2119 2043 2165 ut

476 2201 642 2256 nimio
676 2214 827 2256 mero
854 2200 1166 2255 vacantibus
1212 2208 1371 2269 atque
1396 2200 1739 2255 stertentibus
1761 2215 1792 2254 a
1831 2197 2042 2255 lascivis

474 2290 658 2371 pueris
691 2289 805 2345 ﬁeri
830 2290 1024 2345 assolet
1048 2289 1286 2355 illusum,
1317 2290 1609 2358 eademque
1638 2290 1879 2345 illusione
1902 2291 2043 2345 exci-

477 2389 670 2446 tatum,
692 2380 1090 2450 pollicitumque
1114 2379 1313 2435 eisdem
1332 2380 1511 2448 pueris
1530 2379 1768 2434 carmina
1793 2395 1911 2448 qua:
1930 2380 2040 2432 vel-

372 2500 377 2507 -
477 2469 586 2524 lem
608 2484 668 2524 se
693 2468 981 2531 facturum.
1010 2484 1128 2539 quae
1153 2470 1357 2539 utique,
1402 2469 1543 2525 sicut
1582 2470 1860 2538 sequentia
1900 2469 2043 2524 illius

474 2559 597 2614 libri
627 2568 912 2624 testantur,
939 2560 1073 2615 fecit
1101 2578 1115 2612 :
1145 2574 1252 2614 non
1280 2560 1377 2614 abs
1424 2573 1483 2614 re
1528 2567 1708 2614 tamen
1755 2558 1869 2628 ejus
1915 2560 2039 2614 facti

473 2656 783 2721 similitudo,
808 2658 1113 2729 quamdam,
1135 2666 1195 2713 ut
1222 2657 1441 2729 quidam
1467 2657 1670 2722 volunt,
1709 2657 1763 2710 in
1810 2669 2041 2726 persona

475 2748 639 2803 Sileni
670 2750 957 2822 allegorice
992 2751 1246 2824 Virgilius
1265 2751 1490 2807 alterius
1518 2766 1804 2822 personam
1855 2752 2041 2806 subin-

474 2840 637 2912 teiligi
663 2841 910 2905 voluerit,
942 2841 1036 2898 tibi
1062 2857 1170 2898 non
1192 2841 1264 2896 ab
1284 2841 1428 2914 jure,
1478 2840 1687 2906 Claudi,
1735 2840 1907 2912 aptari
1946 2856 2042 2910 po-

474 2941 599 2988 test.
633 2933 840 2989 Videris
863 2935 1044 3004 itaque
1066 2935 1138 2991 ad
1176 2934 1349 2990 instar
1373 2929 1612 3004 ejuSdem
1655 2931 1911 2987 simillimi
1962 2931 2039 2985 tui

474 3021 638 3077 Sileni
664 3024 837 3093 pando
862 3025 1052 3080 sedere
1079 3023 1266 3089 asello,
1293 3031 1348 3078 et
1377 3022 1511 3078 adeo
1560 3020 1729 3076 nimio
1764 3035 1917 3075 mero
1955 3018 2038 3073 in-

2143 1841 2195 1895 in
2216 1848 2377 1896 tantze
2408 1840 2838 1911 praesumptionis
2859 1846 2913 1894 et
2936 1841 3370 1911 praecipitationis
3391 1842 3707 1897 barathrum

2141 1940 2195 1985 te
2222 1930 2613 1996 demerserunt,
2637 1938 2697 1984 ut
2717 1944 2902 1984 eorum
2926 1930 3274 1999 persuasione
3298 1940 3353 1985 et
3372 1928 3727 1997 assensione,

2141 2021 2249 2077 imo
2276 2021 2606 2092 subripiente
2629 2003 2789 2091 atque
2810 2021 3131 2091 prmvalente
3158 2024 3378 2099 antiquo
3417 2022 3593 2090 hoste,
3642 2040 3707 2079 ea

2139 2112 2460 2182 praedicares
2483 2113 2678 2182 quibus
2724 2121 2776 2168 te
2802 2120 2856 2168 et
2898 2122 3112 2183 captum
3159 2122 3337 2168 mente
3384 2123 3440 2169 et
3483 2114 3709 2170 rationis

2141 2209 2393 2270 impotem
2421 2202 2751 2257 ostenderes.
2794 2200 3049 2273 Catalogo
3076 2201 3305 2256 ﬁliorum
3334 2202 3584 2258 Ecclesiae
3606 2219 3706 2259 ex-

2143 2302 2343 2347 torrem
2383 2302 2434 2347 te
2469 2292 2753 2348 infeliciter
2775 2292 3027 2359 eﬂiceres,
3057 2296 3181 2365 quia
3210 2304 3296 2349 tua
3322 2294 3478 2364 plena
3506 2299 3711 2354 erroris

2139 2382 2700 2453 blasphemiarumque
2719 2384 2965 2454 dogmata
2982 2400 3085 2439 una
3104 2395 3278 2440 tecum
3292 2384 3703 2456 ﬂoccipendunt,

2116 2480 2194 2553 _et
2218 2471 2500 2553 ruderibus
2533 2472 2784 2527 socianda
2826 2474 3137 2528 decernunt.
3182 2473 3352 2528 Tuum
3388 2490 3546 2545 porro
3581 2491 3709 2530 can-

2141 2562 2354 2616 tharum
2377 2546 2496 2617 cum
2519 2576 2649 2618 ansa
2680 2562 2868 2629 fracta,
2905 2564 2971 2618 de
2993 2579 3118 2634 quo,
3161 2572 3219 2617 ut
3249 2573 3371 2634 pote
3396 2565 3561 2620 calice
3604 2565 3709 2619 Ba—

2139 2651 2374 2722 bylonio,
2417 2660 2599 2723 potum
2628 2650 2961 2707 mortiferum
2988 2651 3234 2717 hausisti,
3267 2662 3321 2708 et
3354 2668 3512 2720 quem
3538 2668 3710 2724 usque

2140 2741 2208 2795 ad
2228 2740 2386 2799 faeces
2429 2741 2646 2812 potasti,
2687 2740 2900 2807 merito,
2953 2740 3069 2810 juia
3112 2741 3258 2797 nullo
3305 2757 3427 2797 usu.
3472 2743 3709 2797 humano

2140 2840 2321 2903 aptum
2350 2840 2564 2897 norunt,
2600 2832 2886 2900 abjiciunt;
2914 2840 2970 2887 et
2987 2848 3053 2888 ne
3075 2847 3140 2888 ex
3172 2848 3237 2888 eo
3262 2834 3543 2905 quisquam
3562 2850 3709 2890 same

2138 2923 2333 2977 mentis
2386 2924 2634 2977 haustum
2680 2932 2874 2988 sumat,
2922 2924 3021 2977 sub
3071 2932 3327 2994 perpetua
3381 2926 3709 2980 contritione

2138 3016 2381 3071 inutilem
2406 3023 2459 3070 et
2487 3015 2775 3070 inhabilem
2804 3015 3096 3071 subsistere
3120 3015 3437 3086 dijudicant.
3466 3017 3606 3074 Sane
3654 3020 3703 3074 si

473 3111 724 3177 dulsisse,
773 3112 1083 3184 ingentique
1130 3111 1408 3180 potatione
1461 3118 1693 3165 mentem
1743 3116 1888 3162 tuam
1932 3107 2028 3162 be—
2058 3117 2102 3178 ε
2133 3107 2309 3163 sobria
2348 3107 2832 3176 ecclesiasticaaque
2873 3106 3119 3178 dignitati
3166 3108 3535 3163 convenientia
3571 3125 3709 3180 pra:-

472 3199 707 3264 betasse,
755 3207 810 3255 et
863 3199 1101 3255 habenas
1152 3198 1536 3254 moderationis
1591 3205 1647 3252 et
1706 3196 2043 3251 discretionis

466 3286 742 3352 annisisse,
780 3294 835 3342 et
868 3297 1061 3343 caetera
1101 3301 1219 3356 quae
1240 3287 1305 3341 de
1327 3300 1394 3341 eo
1426 3285 1565 3339 idem
1610 3282 1752 3338 Naso
1795 3281 2043 3351 exsequi—

475 3391 580 3447 tur,
619 3381 886 3453 exegisse,
915 3378 1130 3451 quando
1163 3378 1372 3433 asinum
1419 3391 1570 3446 teque
1607 3385 1665 3429 ut
1694 3390 1907 3429 crucem
1947 3373 2042 3427 ad-

472 3468 734 3523 orandum
779 3468 1028 3524 docuisti.
1060 3466 1317 3523 Eum'dcm
1340 3481 1501 3536 porro
1527 3464 1749 3520 asellum
1780 3463 1864 3518 cui
1897 3462 2041 3517 sede-

471 3560 589 3626 bas,
617 3575 723 3615 non
753 3560 905 3625 alios,
932 3560 999 3615 ad
1045 3559 1374 3615 adorandum
1412 3572 1713 3629 preponere
1750 3557 1902 3611 nobis
1948 3557 2041 3612 de—

474 3651 695 3717 bueras;
733 3650 827 3706 sed
861 3665 1006 3718 reor,
1048 3649 1174 3721 quia
1216 3649 1424 3719 pandos
1479 3657 1614 3715 erat,
1669 3656 1760 3703 tua
1802 3648 2041 3704 sessione

472 3738 690 3809 dignum
724 3751 952 3795 :nostra
993 3750 1120 3797 Vero
1161 3739 1474 3794 adoratione
1524 3752 1630 3793 non
1668 3738 1893 3808 pandos,
1945 3738 2040 3792 sed

471 3844 759 3900 generosos
786 3845 1207 3901 magnorumque
1250 3844 1534 3899 corporum
1568 3828 1766 3892 asinos,
1797 3828 2040 3897 beneque

469 3923 674 3977 auritos
713 3932 785 3977 et
814 3922 1005 3976 turrita
1050 3922 1262 3977 cervice
1300 3921 1626 3982 incedentes,
1673 3928 1936 3989 caputque
1984 3919 2040 3972 in

470 4012 639 4066 altum
668 4012 1024 4082 subrigentes,
1049 4010 1583 4082 optimejudicaveris
1595 4006 2035 4079 dignos.Verum,

472 4104 765 4159 secundum
800 4102 1103 4173 Virgilium,
1144 4101 1387 4171 ejusdem
1433 4100 1601 4155 Sileni
1636 4098 2038 4154 similitudinem

473 4196 728 4253 habuisse
752 4197 1137 4268 comprobaris,
1180 4195 1307 4265 quia
1352 4194 1454 4249 nisi
1498 4192 1666 4248 multo
1712 4190 2038 4259 madefactus

472 4268 668 4342 fuisses
693 4287 836 4353 vino,
866 4303 973 4342 non
1009 4288 1101 4343 illo
1121 4288 1307 4357 utique
1329 4288 1394 4341 de
1438 4303 1544 4356 quo
1588 4285 1870 4341 Psalmista
1919 4284 2033 4337 ait:

420 4364 423 4367 λ
482 4372 670 4429 Vinum
697 4375 928 4446 lwtiﬁcat
950 4394 1041 4431 cor
1065 4377 1287 4432 hominis
1334 4375 1513 4448 (Paul.
1542 4375 1701 4445 cm),
1750 4389 1925 4444 neque
1972 4375 2037 4429 de

2141 3198 2398 3263 dicasses,
2433 3196 2555 3265 jure
2578 3198 2631 3252 in
2658 3199 2831 3267 capite
2875 3208 2964 3253 tuo
3012 3208 3235 3264 sertum,
3286 3200 3460 3267 idest,
3506 3216 3706 3257 corona

2139 3289 2427 3343 mansisset
2452 3286 2817 3343 sacerdotalis.
2869 3287 3145 3359 Sedqnia
3187 3300 3375 3345 contra
3416 3292 3712 3348 auctorita-

2139 3386 2245 3433 tem
2300 3379 2718 3451 religionemque
2764 3391 2965 3436 sanctte
3010 3382 3103 3436 Dei
3155 3381 3404 3438 Ecclesiae
3430 3440 3439 3450 ,
3466 3385 3713 3441 scribere

2135 3470 2542 3539 praesumpsisti,
2588 3470 2788 3525 idcirco
2830 3471 2897 3525 ad
2931 3471 3277 3540 ignominiam
3323 3472 3707 3529 dehonoratio.

2136 3575 2365 3630 nemque
2395 3569 2542 3616 tuam
2578 3562 2898 3632 przesnlatus
2925 3563 2998 3617 tui
3030 3578 3283 3618 coronam
3319 3579 3348 3620 a
3383 3566 3560 3637 capite
3610 3577 3707 3622 tuo

2135 3649 2322 3719 procul
2344 3651 2633 3722 delapsam,
2658 3652 2752 3719 tibi
2774 3653 2925 3708 valde
2946 3653 3254 3709 indecenter
3281 3655 3471 3710 abesse
3508 3654 3708 3712 fecisti.

2136 3740 2284 3796 Hanc
2329 3756 2457 3812 ergo
2490 3742 2895 3797 similitudinem
2915 3732 2983 3798 es
3018 3743 3210 3800 fabulis
3237 3752 3515 3824 poetarum
3559 3749 3747 3804 sum~‘

2134 3836 2299 3898 ptam,
2359 3830 2455 3885 tibi
2500 3846 2605 3885 non
2650 3831 3088 3888 inconvenienter
3131 3842 3388 3904 aptatam,
3421 3850 3454 3890 o
3491 3834 3708 3903 Claudi,

2135 3932 2385 3990 agnosce,
2407 3928 2460 3974 et
2486 3935 2554 3974 ne
2583 3919 2806 3975 ulterius
2842 3931 3081 3977 sanctam
3130 3923 3225 3978 Dei
3255 3922 3552 3979 Ecclesiam
3599 3927 3711 3982 tuis

2136 4009 2416 4064 virulentis
2462 4009 2850 4079 objectionibus
2891 4010 3154 4068 lacessere
3198 4028 3512 4083 praesumas,
3550 4031 3705 4072 cave.

2133 4088 2203 4155 At
2225 4116 2351 4155 vero
2379 4116 2446 4156 ne
2473 4100 2633 4171 hujus
2661 4101 2825 4157 libelli
2844 4104 3085 4159 extensio
3117 4112 3172 4158 et
3208 4105 3555 4160 immoderata
3578 4122 3709 4176 pro-

2136 4194 2317 4248 lixitas
2368 4194 2667 4266 legentibus
2709 4205 2928 4266 generet
2975 4197 3210 4263 tredium,
3252 4213 3444 4253 cursus
3485 4198 3565 4253 sui
3616 4199 3709 4254 hic

2135 4289 2391 4341 sortiatur
2414 4288 2702 4342 terminum
2723 4302 2737 4340 :
2762 4287 2966 4358 reliqua
2989 4304 3116 4343 vero
3139 4289 3318 4359 operis
3330 4290 3429 4354 tui,
3442 4304 3474 4343 ο
3489 4288 3704 4353 Claudi,

2137 4376 2190 4430 in
2228 4378 2388 4432 tertio
2414 4379 2557 4432 hunc
2586 4379 2849 4448 sequenti,
2877 4379 3102 4435 Domino
3138 4380 3451 4447 auxiliante,
3497 4380 3705 4435 exurrxi-

470 4467 563 4527 illo
595 4470 660 4524 de
695 4484 803 4540 quo
827 4470 880 4524 in
921 4470 1058 4526 libro
1100 4469 1368 4537 Iudicum,
1408 4472 1550 4541 quod
1589 4471 1751 4525 Deum
1805 4471 2035 4539 laetiﬁcat
2058 4463 2110 4521 D
2136 4469 2404 4522 nabuntur
2427 4467 2622 4522 libello.

492 4633 808 4654 *αι’-ι..-

815 4632 3692 4663 -—'——————-———————-——-r——-——_-———————_‘

1434 4764 1710 4865 LIBRI
1765 4784 2115 4861 TERTII
2178 4785 2724 4862 PBZEFATIO.

544 5030 599 5088 In
621 5030 828 5091 duobus
856 5029 946 5099 qui
976 5030 1116 5086 hunc
1140 5032 1447 5100 pmcedunt
1465 5035 1671 5088 exactis
1697 5034 1907 5100 libellis,
1932 5051 2036 5090 non

470 5142 539 5182 ex
563 5139 702 5187 asse,
735 5122 859 5186 tuis,
885 5137 918 5176 ο
946 5120 1150 5186 Claudi,
1181 5121 1505 5193 refragatum
1536 5136 1619 5179 est
1639 5127 2038 5183 absurdissimis

470 5225 525 5271 et
560 5210 1008 5269 inhoneStissimis
1052 5213 1525 5282 propositionibus.
1567 5212 1820 5271 Attamen
1859 5218 1925 5271 ad
1971 5232 2035 5272 ea

475 5303 759 5359 refellenda
794 5311 851 5357 et
884 5303 1236 5374 improbanda
1260 5320 1379 5372 quae
1412 5320 1565 5375 mque
1588 5315 1647 5361 ut
1674 5308 2034 5362 venerandam

470 5410 685 5450 crucem
729 5395 1003 5450 adoranda
1046 5394 1490 5465 prmdicaregnon
1551 5398 1835 5462 erubuisti,
1896 5397 2028 5452 satis

474 5483 807 5552 abundeque,
850 5490 1108 5553 quantum
1159 5482 1301 5537 Deus
1346 5485 1550 5550 annuit,
1599 5494 1659 5540 ut
1697 5502 1841 5549 reor,
1890 5486 2028 5555 stylo

471 5571 793 5625 obviationis
818 5579 1015 5625 nostra:
1041 5580 1381 5640 prosecutum
1408 5581 1509 5627 est.
1539 5573 1763 5629 Restant
1784 5575 1946 5644 igitur
1964 5589 2028 5629 ea

476 5657 695 5719 orbibus
721 5657 1105 5727 limpidissimis
1126 5675 1189 5715 ac
1232 5661 1565 5731 simplicibus
1603 5664 1904 5718 contuenda
1945 5675 2027 5719 at-

2137 5050 2241 5104 que
2271 5035 2531 5097 rimando,
2564 5041 2618 5087 et
2644 5033 2711 5086 ad
2738 5032 2994 5101 liquidum
3038 5051 3171 5092 sano
3218 5040 3503 5111 sobrioque
3539 5045 3700 5104 intel-

2138 5124 2276 5180 lectu
2307 5125 2652 5186 discutienda,
2685 5141 2748 5180 ac
2778 5126 2896 5182 telis
2943 5130 3245 5185 sanctarum
3293 5131 3695 5203 Scripturarum

2136 5224 2188 5269 et
2237 5216 2445 5286 paginis
2495 5216 2810 5270 eximiorum
2864 5218 3139 5273 doctorum
3186 5222 3517 5291 perimeuda,
3573 5244 3697 5300 qua:

2137 5305 2418 5360 immemor
2443 5306 2757 5360 reverentim
2780 5308 3127 5363 sacerdotalis
3153 5309 3508 5383 fraternaeque
3553 5317 3690 5374 dile-

2135 5396 2328 5450 Ctionis
2386 5396 2639 5461 existens,
2700 5396 2954 5457 adversus
2990 5398 3101 5467 jam
3150 5416 3289 5470 sape
3334 5416 3689 5464 memoratum

2130 5490 2486 5546 venerabilem
2506 5491 2678 5545 virum
2710 5492 3114 5547 Theodemirum
3151 5494 3419 5563 abbatem,
3462 5506 3536 5565 te,
3582 5501 3686 5555 im-

2129 5587 2350 5646 perante
2372 5578 2654 5643 charitate,
2698 5590 3024 5647 monentem,
3073 5589 3128 5637 et
3155 5598 3184 5636 a
3215 5588 3688 5653 superstitionibus

2086 5704 2101 5713 ι
2131 5668 2254 5734 tuis,
2292 5668 2486 5739 quibus
2546 5669 2805 5725 inutiliter
2854 5670 3177 5727 inserviebas
3200 5681 3256 5728 et
3303 5675 3684 5734 miserabiliter
