3956 6186
151 363 236 422 ses
955 343 958 346 ’
1195 363 1280 418 DE
1320 362 1544 418 CULTU
1586 322 1942 416 lil.\t‘.lNiT.\l.
1986 391 2044 397 —
2090 359 2211 412 Lm.
2251 357 2333 411 Ill.

3291 361 3393 416 366

151 476 488 541 irretiebaris,
517 477 784 531 remeare
811 475 1096 537 volentem,
1139 476 1340 544 absque
1367 476 1479 529 ullo
1523 454 1721 529 disere-
1751 485 1795 540 Α
1826 472 2048 534 rientur,
2075 486 2195 539 quae
2226 471 2484 524 adversus
2513 480 2754 524 sanctam
2787 481 3014 526 matrem
3057 481 3113 526 et
3151 472 3395 528 altricem

152 571 294 624 tionis
319 579 372 622 et
396 567 795 622 moderationis
813 565 1104 628 obstaculo,
1134 575 1207 630 et,
1237 575 1296 619 ut
1324 567 1502 620 verius
1530 565 1723 626 dicam,

155 657 614 727 impudentissimo
635 672 734 710 ore
756 646 1060 726 specialiter
1082 657 1355 710 eructasti.
1384 656 1439 710 Si
1466 656 1627 726 igitur
1653 663 1730 708 tot

155 751 406 816 tantisque
454 761 731 816 nugarum
777 754 988 799 tuarum
1037 745 1227 800 naeniis
1260 761 1378 814 quae
1424 745 1731 814 supradicto

155 842 481 895 continentur
506 848 793 908 excerpta,
828 854 934 892 non
979 839 1083 892 nisi
1135 839 1306 892 tribus
1345 839 1557 900 libellis,
1608 855 1731 909 pro-

159 942 257 998 pter
296 932 688 985 enormitatem
720 930 1162 983 inconcinnarum
1195 938 1249 984 et
1277 930 1597 983 vitiosarum
1651 930 1733 983 di-

159 1023 369 1074 ctionum
397 1033 623 1074 tuarum
655 1021 973 1075 resultatum
1014 1029 1118 1084 est,
1153 1029 1368 1089 quantae
1407 1029 1566 1090 putas
1606 1035 1733 1090 pro-

167 1110 384 1170 lixitatis,
415 1119 643 1178 quantm
669 1110 1051 1179 magnitudinis
1081 1109 1204 1164 libri
1251 1111 1558 1164 necessario
1607 1124 1735 1163 con-

165 1200 353 1267 gerendi
381 1211 440 1254 et
477 1200 742 1254 exarandi
766 1207 946 1265 erunt,
975 1215 1096 1254 cum
1119 1200 1326 1271 integer
1339 1199 1500 1255 totius
1515 1201 1734 1270 hujusce

168 1292 306 1362 inepti
332 1302 391 1347 et
416 1291 782 1346 exsecrabilis
808 1292 987 1361 operis
1012 1292 1086 1344 tui
1110 1291 1301 1357 codex,
1345 1303 1505 1362 quem
1545 1301 1732 1347 contra

166 1381 526 1436 auctoritatem
570 1389 628 1434 et
670 1380 1071 1449 simplicitatem
1121 1380 1506 1436 ecclesiastica:
1569 1381 1732 1437 disci-

164 1475 292 1542 plina:
315 1474 628 1544 digessisti,
663 1482 719 1526 et
756 1487 867 1540 1am
909 1472 1019 1526 fato
1060 1473 1356 1527 venerabili
1397 1474 1516 1528 viro
1559 1474 1736 1528 Theo-

164 1565 341 1618 deniro
369 1564 562 1618 abbati
593 1563 806 1627 misisti,
840 1563 891 1616 in
925 1578 1115 1616 manus
1150 1564 1445 1633 peritorum
1493 1565 1734 1618 virorum

164 1654 448 1708 devenerit?
488 1651 648 1708 Sicut
676 1653 819 1708 enim
857 1668 920 1707 ea
965 1661 1253 1717 testantur,
1302 1662 1356 1707 et
1390 1654 1735 1708 cernentibus

165 1756 296 1815 atque
317 1745 634 1817 legentibus
666 1745 826 1799 fidem
849 1747 1164 1808 attribuunt,
1197 1761 1314 1813 qua:
1334 1760 1364 1799 a
1391 1754 1442 1799 te
1466 1745 1519 1798 in
1543 1745 1733 1799 eodem

1829 571 2066 617 nostram
2092 561 2408 616 catholicam
2439 562 2785 631 apostolicam
2810 563 3105 618 Ecclesiam
3134 563 3403 634 vitupera-

1829 653 1989 707 tionis
2017 661 2072 706 et
2108 652 2466 707 insultationis
2494 653 2664 722 gratia
2689 654 3020 723 scriptitasti.
3062 653 3402 724 Quapropter

1829 759 2049 797 necesse
2095 751 2177 796 est
2221 751 2279 796 ut
2305 743 2348 796 si
2376 743 2550 796 adhuc
2585 743 2636 796 in
2668 745 2902 798 tenebris
2923 745 3192 799 involutus
3217 745 3405 800 delite-

1832 834 1955 894 scit,
1986 834 2038 886 in
2066 833 2241 887 lucem
2269 832 2596 903 proferatur,
2627 840 2684 886 ut
2714 829 2977 896 videattIr,
3011 834 3237 904 legatur,
3276 848 3402 888 exa-

1831 925 2098 988 minetnr,
2148 933 2204 976 et
2240 924 2494 992 quidquid
2529 924 2730 978 erroris
2757 932 2812 976 et
2836 924 3181 994 blasphemiae
3214 933 3404 980 contra

1831 1031 1932 1068 nos
1952 1030 1980 1067 a
2021 1025 2072 1068 te
2101 1014 2396 1084 jaculatum
2429 1016 2692 1078 continet,
2717 1015 2932 1077 sciatur,
2965 1016 3122 1084 eique
3143 1016 3402 1070 ecclesia-

1833 1105 1986 1159 sticis
2013 1091 2426 1173 allegationibus
2460 1103 2604 1172 juste
2642 1105 3142 1178 rationabiliterque
3169 1105 3406 1176 refrageq

1837 1205 1944 1248 tur.
2009 1195 2272 1262 Quoniam
2321 1196 2424 1250 nisi
2466 1196 2726 1251 moderno
2777 1205 3035 1265 tempore.
3087 1204 3408 1264 maturoque

1833 1289 2059 1359 quaisitu
2092 1291 2342 1345 inventus
2373 1298 2427 1344 et
2455 1290 2509 1344 in
2541 1291 2771 1344 medium
2811 1289 3050 1358 prolatus
3073 1288 3408 1372 ,_solertique

1833 1383 2014 1437 studio
2057 1384 2398 1437 examinatus
2445 1390 2498 1437 et
2541 1381 2890 1453 repudiatus,
2935 1381 3149 1452 ignique
3177 1381 3408 1436 traditus

1836 1471 2020 1537 fuerit,
2045 1473 2338 1526 verendum
2368 1483 2449 1527 est
2478 1487 2546 1527 ne
2568 1474 2613 1526 si
2645 1472 2843 1528 futuris
2869 1472 3199 1541 temporibus
3223 1471 3288 1525 ad
3312 1485 3410 1529 no-

1836 1565 2011 1618 titiam
2067 1563 2392 1634 simplicium
2441 1564 2669 1618 fratrum
2719 1563 2927 1617 delatus
2983 1563 3174 1626 fuerit,
3232 1571 3412 1623 textus

1838 1654 1982 1708 illius
2031 1655 2322 1709 exitiabilis
2375 1656 2442 1708 ab
2484 1656 2565 1709 eis
2611 1655 2784 1709 lectus
2830 1665 2991 1722 atque
3027 1653 3404 1723 praecognitus,

1837 1744 2114 1800 mortifero
2137 1747 2218 1799 sui
2250 1746 2454 1800 erroris
2480 1747 2668 1801 morbo
2688 1761 2782 1801 eos
2811 1745 3140 1800 contaminet
3165 1745 3408 1799 saucios-

161 1847 394 1906 excerpta
435 1837 644 1906 scripta
670 1835 918 1906 leguntur
941 1836 1108 1890 multo
1138 1836 1483 1890 sceleratiora
1513 1844 1567 1889 et
1593 1837 1738 1900 dcte-
1767 1842 1815 1914 B’
1841 1851 1945 1903 que
1969 1835 2186 1900 efﬁciat,
2211 1845 2266 1890 et
2305 1836 2614 1905 pestiferam
2662 1834 2955 1904 perniciem
2999 1834 3282 1890 animabus
3316 1850 3411 1897 eo—

161 1926 416 1980 subiliora
457 1927 519 1980 in
559 1923 754 1978 eodem
790 1925 1196 1992 perversissimo
1219 1925 1404 1979 codice
1434 1934 1526 1979 tuo
1580 1939 1734 1994 repe—

1842 1941 1962 1979 runi
1990 1924 2238 1981 ﬂebiliter
2261 1926 2525 1981 infundat.

177 2069 3407 2094 mm

1335 2191 1630 2269 LIBER
1702 2193 2209 2271 TERTIUS:

209 2413 352 2470 Ecce
378 2405 496 2482 iam
527 2420 738 2486 tempus
765 2412 932 2468 instat
958 2421 1014 2467 et
1038 2414 1170 2468 ordo
1205 2414 1283 2469 rei
1320 2414 1385 2470 de
1413 2429 1515 2484 qua
1546 2418 1724 2492 agitur

154 2506 390 2574 uposcit
432 2514 494 2558 ut
532 2505 746 2559 tandem
780 2505 1057 2558 veniamus
1083 2506 1148 2558 ad
1182 2519 1243 2559 ea
1269 2522 1386 2575 quae
1417 2508 1726 2577 specialiter

159 2603 455 2648 meinorato
504 2593 859 2649 Theodemiro
885 2595 1172 2649 venerabili
1219 2598 1417 2662 abbati,
1458 2597 1722 2666 oClaudi,

155 2684 394 2751 «eiecisti
422 2726 437 2749 ,
487 2693 542 2738 et
583 2701 677 2754 per
706 2701 826 2738 cum
863 2687 1050 2739 eadem
1095 2685 1148 2739 in
1198 2704 1295 2742 nos
1336 2688 1526 2743 callide
1554 2697 1724 2744 retor-

152 2777 360 2842 qsienda
408 2777 721 2846 prmparasti
746 2817 760 2839 ,
809 2778 933 2847 quia
973 2778 1098 2831 dum
1133 2779 1320 2834 missili
1361 2789 1450 2835 tuo
1476 2783 1641 2838 alium
1673 2792 1727 2841 te

154 2868 306 2920 ferire
333 2867 605 2922 simulasti
624 2909 638 2931 ,
680 2870 868 2923 eodem
899 2884 995 2922 nos
1022 2878 1205 2940 aperte
1243 2870 1724 2951 fraudplentcrque

153 2956 402 3010 lanoer
446 2957 659 3012 voluisti
691 2973 705 3010 :
738 2974 860 3012 nam
909 2967 964 3012 et
1011 2975 1131 3012 cum
1171 2960 1355 3015 multis
1391 2962 1512 3017 aliis
1546 2964 1726 3030 insani

152 3046 420 3117 dogmatis
448 3047 521 3100 tui
546 3049 728 3102 nzeniis
758 3063 857 3102 nos
891 3047 1110 3103 inficere
1141 3051 1460 3114 tentaveris,
1513 3054 1648 3109 adeo
1678 3063 1730 3108 te

156 3140 314 3193 etiam
365 3139 640 3192 inimicum
669 3140 1142 3208 adversariumque
1181 3151 1378 3196 sanetae
1414 3140 1513 3197 Dei.
1545 3145 1728 3200 Eccle-
1754 3133 1799 3195 C

154 3231 240 3284 sic
260 3229 630 3294 constituisti,
660 3240 718 3284 ut
745 3230 914 3284 divini
948 3230 1125 3285 cultus
1150 3232 1432 3298 honorem,
1462 3250 1619 3303 quem
1645 3250 1731 3290 re-

153 3318 325 3391 ligiosi
363 3328 611 3374 tenemus
635 3329 688 3376 et
712 3335 1052 3402 veneramur,
1091 3323 1402 3390 annullare,
1436 3333 1490 3380 et
1515 3337 1730 3383 sancto—
1767 3318 1772 3321 ’

154 3427 260 3466 rum
285 3411 397 3466 Dei
428 3409 872 3466 intercessionem
915 3413 1130 3481 penitus
1162 3423 1214 3467 et
1240 3407 1730 3484 parvipendendaui

151 3501 519 3556 inverecunda
536 3499 709 3555 fronte
723 3515 1075 3571 praesumeres
1088 3502 1470 3572 dogmatizare.
1500 3505 1732 3560 Proinde

149 3592 372 3661 scriptis
385 3592 494 3646 tuis
508 3592 702 3664 sensim
717 3591 938 3662 legendo
949 3594 1245 3662 peragratis
1259 3603 1312 3650 et
1325 3596 1730 3669 animadversis,

151 3697 338 3740 contra
364 3671 572 3755 singula
603 3695 687 3738 tua
715 3684 848 3740 falso
870 3683 1103 3753 objecta,
1139 3695 1193 3742 et
1212 3695 1311 3757 pro
1335 3689 1520 3754 nobis,
1557 3697 1611 3744 et
1635 3704 1734 3762 pro

148 3778 342 3831 eadem
377 3777 672 3833 venerabili
697 3777 912 3841 abbate,
935 3777 1042 3832 imo
1066 3792 1163 3847 pro
1197 3777 1505 3833 defensione
1532 3790 1735 3836 sancta:

152 3871 352 3924 matris
401 3869 657 3922 Ecclesiae
703 3877 901 3924 nostra:
931 3870 1238 3935 catholicae,
1271 3871 1558 3944 incongrua
1587 3874 1736 3928 veri-

150 3971 373 4032 taleque
395 3960 591 4016 referta
616 3977 890 4034 responsa,
915 3971 968 4015 et
991 3963 1114 4018 lima
1139 3965 1307 4018 sancti
1333 3963 1565 4034 Spiritus
1584 3981 1734 4021 arma

148 4052 450 4132 apostolica
500 4063 726 4108 exacuta
751 4095 766 4118 ,
819 4054 872 4107 in
917 4056 1018 4109 hoc
1054 4055 1232 4110 libello
1260 4066 1446 4110 contra
1479 4058 1725 4126 ponenda

143 4147 460 4198 statuimus.
508 4143 800 4199 Processus
834 4159 962 4199 sane
998 4145 1390 4216 prosecutionis
1430 4156 1532 4200 tuae
1555 4163 1658 4217 qua
1683 4155 1737 4201 te

146 4247 316 4290 totum
358 4236 409 4289 in
434 4235 552 4303 jam
583 4237 785 4290 dictum
823 4236 1183 4291 venerabilem
1215 4237 1462 4292 abbatem
1494 4237 1736 4291 Theode-

145 4329 346 4381 mirum
395 4326 686 4384 eﬂ’renitcr
739 4341 802 4382 ac
841 4327 1244 4399 pmcipitanter
1286 4328 1525 4393 invehis,
1573 4328 1647 4382 ita
1678 4343 1736 4383 se

146 4419 318 4475 habet
343 4439 358 4473 :

218 4533 238 4564 σ
268 4513 434 4584 Quod
459 4529 592 4568 vero
614 4514 696 4566 ais
717 4513 858 4584 quod
887 4528 985 4584 ego
1007 4516 1319 4584 prohibeam
1348 4517 1590 4570 homines
1614 4531 1728 4586 pm-
1753 4496 1805 4552 D

147 4623 164 4652 ι
210 4603 471 4658 nitentia!
491 4620 655 4658 causa
679 4615 902 4674 pergere
941 4603 1189 4668 Romam,
1218 4606 1408 4662 falsum
1450 4618 1504 4660 tu
1544 4607 1728 4677 loque-

153 4712 167 4740 ι
215 4695 320 4746 ris.
349 4713 368 4744 ι
415 4692 602 4758 Valde,
653 4708 753 4747 nec
794 4702 972 4747 tamen
1019 4695 1130 4748 scio
1177 4696 1220 4749 si
1261 4697 1439 4766 digne,
1472 4699 1724 4768 admiror,

143 4786 278 4840 adeo
305 4794 365 4839 te
391 4795 580 4839 mente
609 4777 846 4853 captant,
896 4793 990 4838 aut
1023 4794 1168 4840 certe
1206 4787 1278 4839 ita
1317 4787 1601 4843 bebetasse
1632 4791 1728 4845 tibi

149 4888 393 4932 mentem
423 4877 730 4940 oblivione,
779 4885 838 4928 ut
877 4876 990 4931 haec
1027 4878 1358 4948 praemittens
1391 4895 1728 4952 nequaquam

150 4967 198 5019 in
222 4968 682 5038 pracedentibus
708 4980 893 5019 eorum
914 4968 1242 5022 memineris.
1279 4969 1539 5026 lnveniris
1578 4987 1731 5026 nam-

160 5074 256 5125 que
283 5061 343 5112 in
379 5057 781 5128 posterioribus
806 5056 910 5110 tuis
929 5057 1108 5120 dictis,
1141 5075 1244 5112 non
1271 5061 1429 5114 modo
1457 5061 1559 5115 iter
1579 5060 1728 5122 illud,

159 5161 423 5216 quantum
462 5149 516 5202 in
543 5156 596 5201 te
623 5145 749 5212 fuit,
778 5148 1116 5217 prohibuisse
1136 5190 1150 5213 ,
1182 5151 1274 5204 sed
1301 5151 1462 5205 etiam
1501 5151 1730 5206 Romam

163 5254 477 5314 pergentes,
522 5251 578 5295 et
605 5255 702 5311 per
729 5241 861 5293 illud
890 5241 992 5294 iter
1019 5241 1364 5311 apostolicam
1391 5243 1734 5297 intercessio-

167 5344 263 5385 nem
292 5339 654 5402 querentes,
700 5330 872 5400 ruptis
910 5329 1290 5386 moderationis
1330 5333 1576 5396 habenis,
1623 5342 1734 5386 toto

170 5423 396 5476 setiusus
423 5421 548 5476 felle
570 5461 585 5486 ,
633 5421 688 5474 in
719 5436 906 5475 eorum
947 5423 1326 5476 contumeliam
1353 5422 1731 5487 debacchasse,

170 5509 598 5581 insipientiqu
633 5524 798 5578 atque
828 5511 1066 5564 stultitiae
1108 5521 1287 5564 notam
1318 5512 1398 5564 eis
1432 5511 1732 5580 impegissc.

169 5601 249 5657 Sed
273 5606 405 5677 agit
431 5605 534 5659 hoc
560 5603 890 5674 lymphatica
914 5611 969 5657 et
993 5603 1168 5656 inanis
1201 5602 1616 5671 stabilitatisque
1653 5617 1738 5657 ne-

163 5695 255 5748 scia
293 5694 524 5753 levitas,
559 5708 679 5761 qua:
706 5692 849 5762 quod
893 5693 1147 5746 radicitus
1174 5701 1426 5761 tanquam
1466 5693 1627 5746 arbor
1655 5709 1739 5746 sa-

156 5786 381 5856 μηῖειιὶξε
431 5787 582 5852 aqu;
633 5799 736 5835 non
787 5783 1038 5851 irrigatur
1081 5784 1274 5837 divinis
1304 5825 1316 5844 ,
1369 5783 1528 5838 veluti
1563 5785 1734 5859 pulvis

1830 2417 2128 2487 pertennis,
2157 2422 2212 2471 et
2234 2413 2363 2469 flatu
2386 2413 2624 2470 levitatis
2643 2415 2941 2486 raptabilis,
2969 2433 3398 2494 quaquaversum

1830 2511 2004 2564 visum
2044 2506 2210 2562 fuerit
2238 2506 2452 2560 incaute
2489 2504 2889 2576 inscienterQuc
2930 2507 3204 2563 discurrit.
3245 2509 3398 2572 Unde

1830 2610 1887 2656 et
1910 2611 2094 2656 notam
2123 2599 2407 2664 falsitatis,
2433 2613 2594 2666 quam
2630 2595 2786 2652 fratri
2821 2607 2912 2653 tuo
2954 2599 3208 2656 invehere
3240 2619 3408 2661 cena--

1831 2695 1924 2756 ris,
1966 2708 2031 2747 ex
2077 2692 2256 2747 verbis
2300 2690 2406 2744 tuis
2452 2689 2746 2744 incurrisse
2786 2691 3140 2755 convinceris,
3175 2689 3236 2750 et
3260 2711 3416 2754 cuius
3477 2706 3482 2711 “

1831 2782 1954 2846 dem
1978 2776 2339 2844 venerabilem
2365 2785 2540 2839 virum
2568 2784 2846 2858 effugisse,
2875 2796 3130 2854 quantum
3169 2790 3237 2843 ad
3267 2805 3404 2864 pra:-

1831 2889 2037 2935 sentem
2063 2879 2326 2934 rationem
2351 2877 2566 2942 attinet,
2600 2873 2835 2931 testaris.
2879 2873 2946 2930 Et
2971 2878 3083 2951 ipse
3110 2881 3251 2934 enim
3278 2881 3410 2944 alie-

1835 2986 1936 3025 nus
1988 2985 2018 3024 a
2065 2967 2296 3023 falsitate
2324 2967 2563 3030 exstitit,
2607 2966 2731 3038 quia
2774 2967 2915 3035 quod
2963 2977 3018 3021 tu
3057 2968 3110 3021 in
3149 2968 3405 3026 dictando

1837 3058 2122 3115 detestaris
2145 3097 2161 3122 ,
2211 3064 2264 3111 te
2308 3055 2647 3136 prohibuisse
2685 3056 2860 3110 dixit:
2890 3064 2945 3110 et
2981 3057 3208 3133 teipsnm
3245 3059 3407 3117 falsa-

1832 3151 1970 3206 rium
2000 3149 2318 3222 comprobas
2341 3189 2355 3213 ,
2391 3148 2515 3220 quia
2550 3147 2691 3218 quod
2743 3145 2828 3201 hic
2855 3149 3194 3217 prohibuisse
3226 3159 3278 3205 te
3313 3168 3410 3206 ne-

1834 3260 1952 3314 gas,
1986 3243 2038 3297 in
2079 3233 2429 3311 sequentibus
2476 3239 2792 3295 detestaudo
2825 3249 2879 3294 et
2922 3239 3247 3307 insultando,
3277 3246 3409 3314 quid

1833 3333 1899 3389 de
1935 3331 2037 3388 hac
2067 3347 2126 3386 re
2161 3331 2385 3395 sentias,
2429 3333 2612 3399 aperte
2645 3329 3004 3390 demonstras.
3051 3331 3204 3399 Quod
3230 3333 3409 3390 autem

1833 3424 1988 3495 quasi
2019 3423 2282 3480 rationem
2308 3418 2617 3478 redditurus
2646 3422 2921 3478 subnectis
2952 3441 2964 3478 :

1909 3535 1927 3567 ‹
1970 3516 2083 3588 Ego
2121 3515 2265 3570 enim
2311 3514 2415 3574 iter
2455 3508 2583 3567 illud
2638 3528 2740 3568 non
2779 3515 3036 3586 approbo.
3073 3535 3092 3567 ι
3136 3517 3205 3574 Ει
3239 3518 3406 3574 veluti

1834 3589 2106 3678 exponens
2129 3618 2296 3678 quare
2323 3602 2544 3667 dixeris,
2578 3602 2747 3662 infers
2772 3621 2784 3657 :

1913 3716 1930 3747 ‹
1976 3695 2109 3762 Quia
2135 3693 2244 3755 scio
2272 3694 2412 3764 quod
2437 3710 2536 3751 nec
2558 3695 2814 3751 omnibus
2839 3696 3011 3763 obest,
3040 3713 3139 3760 nec
3162 3701 3414 3760 omnibus

1842 3807 1861 3840 ι
1906 3789 2169 3858 prodest,
2224 3801 2326 3841 nec
2387 3786 2637 3844 omnibus
2688 3785 2944 3857 proficit,
3004 3803 3105 3844 nec
3161 3789 3414 3845 omnibus

1842 3899 1859 3930 ι
1903 3878 2087 3937 allicit.
2136 3897 2154 3928 ι
2197 3876 2336 3948 Quid
2367 3877 2449 3930 his
2476 3874 2658 3930 verbis
2682 3876 2930 3930 stolidius
2964 3879 3189 3946 reperiri
3218 3879 3408 3950 possit,

1837 3975 1945 4026 nun
1976 3969 2132 4028 facile
2177 3967 2496 4022 invenerim.
2535 3965 2672 4032 Quid
2704 3966 2884 4020 enim?
2921 3965 3169 4044 Nunquid
3200 3984 3260 4024 ea
3293 3985 3412 4039 qua:

1837 4061 2012 4115 media
2045 4061 2102 4113 in
2136 4059 2260 4112 vita:
2296 4067 2495 4115 nostra:
2535 4057 2744 4111 actibus
2776 4057 3042 4119 dicuntur,
3075 4058 3128 4113 id
3152 4068 3256 4125 est,
3295 4075 3414 4129 qua:

1838 4153 1892 4210 in
1930 4153 2128 4206 bonam
2159 4149 2422 4202 malamve
2460 4156 2668 4218 partem
2701 4163 2731 4201 a
2763 4161 2882 4203 sese
2913 4149 3186 4210 utentibus
3215 4151 3410 4207 inﬂecti

1839 4255 2060 4316 queunt,
2092 4255 2430 4314 nequaquam
2456 4248 2580 4294 sunt
2604 4241 2978 4314 approbanda;
3021 4241 3408 4312 nunquidnam,

1838 4345 1898 4390 ut
1929 4335 2092 4390 multa
2120 4331 2436 4404 prmteriens
2477 4331 2543 4385 de
2570 4329 2838 4401 aliquibus
2876 4331 3114 4387 breviter
3152 4335 3411 4406 perstrin-

1839 4440 1980 4497 gam,
2010 4422 2307 4496 abjicienda
2345 4429 2470 4476 sunt
2508 4420 2732 4494 jejunia,
2756 4421 3105 4494 corporisque
3132 4425 3409 4483 extenuati

1832 4515 2173 4601 abstinentiae
2192 4555 2204 4579 ,
2247 4513 2372 4584 quia
2415 4512 2533 4566 aliis
2573 4513 2788 4580 quidem
2834 4513 3054 4584 gloriam
3106 4527 3409 4592 prteparant

1830 4606 2063 4658 futuram
2114 4612 2480 4671 :eternamque
2536 4603 2882 4668 satietatem,
2934 4604 3145 4664 dicente
3179 4603 3400 4673 judice:

1843 4695 2035 4759 Venite,
2069 4695 2320 4752 benedicti
2351 4691 2531 4747 Patris
2579 4696 2703 4758 mei,
2745 4695 2988 4764 percipite
3024 4713 3236 4767 regnum
3265 4701 3403 4770 quod

1830 4785 1968 4839 vobis
1999 4795 2240 4854 paratum
2281 4793 2355 4837 est
2392 4784 2455 4836 ab
2485 4785 2682 4857 origine
2711 4784 2924 4845 mundi;
2953 4787 3146 4840 csurivt’
3169 4789 3327 4849 enim,
3353 4799 3403 4841 et

1830 4877 2045 4930 dedistis
2081 4876 2208 4928 mihi
2234 4874 2582 4938 manducare,
2622 4883 2726 4928 etc.
2752 4891 2765 4938 ;
2797 4875 2931 4928 alios
2958 4884 3138 4931 autem
3161 4892 3257 4947 per
3284 4877 3401 4931 ina-

1833 4981 1953 5019 nem
1983 4963 2417 5026 ostentationem,
2443 4972 2496 5016 et
2525 4971 2745 5031 prepter
2763 4978 2910 5016 aura:
2934 4965 3207 5033 pepularis
3237 4981 3400 5035 appe-

1834 5056 1986 5108 titum
2014 5064 2250 5122 peracta,
2291 5067 2487 5107 vacuos
2519 5051 2761 5114 mercede
2787 5051 3076 5108 detrudam
3101 5069 3159 5108 se
3189 5065 3398 5111 sectan~

1835 5156 1914 5200 tes
1936 5145 1988 5199 in
2009 5161 2222 5215 poenam
2245 5142 2617 5213 gehennalcm,
2632 5140 2842 5196 dicente
2863 5144 3042 5198 cordis
3065 5146 3398 5214 inspectore:

1834 5235 2034 5299 Amen,
2089 5235 2204 5287 dico
2261 5233 2397 5286 vobis
2423 5273 2438 5296 ,
2506 5234 2767 5301 recepistis
2821 5233 3102 5290 mercedem
3155 5244 3396 5290 vestram.

1835 5325 2082 5399 Nunquid
2119 5327 2339 5380 castitas
2379 5323 2714 5398 reprobatur,
2768 5341 2887 5399 qua:
2932 5336 3226 5380 sectatores
3273 5343 3402 5384 suos

1836 5433 1939 5472 non
1969 5419 2142 5474 solum
2183 5417 2234 5470 in
2272 5414 2450 5468 futura
2487 5417 2821 5471 beatitudine
2848 5416 3050 5487 angelis
3076 5419 3396 5488 cozequabit,
3462 5453 3492 5497 ς

1837 5509 1929 5564 sed
1943 5510 2105 5564 etiam
2124 5509 2176 5561 in
2193 5506 2508 5562 mortalibus
2523 5508 2698 5563 adhuc
2710 5507 3023 5577 corporibus
3040 5507 3396 5565 imitationem

1837 5603 2130 5673 angelicam
2169 5602 2350 5655 videre
2387 5601 2680 5666 contendit,
2716 5601 2928 5656 dicente
2959 5600 3184 5656 Domino
3213 5615 3228 5656 :
3258 5601 3395 5669 Quia

1839 5693 1928 5749 lilii
1946 5693 2352 5746 resurrectionis
2367 5708 2466 5744 non
2480 5692 2690 5755 nubent,
2705 5707 2865 5760 neque
2879 5691 3157 5755 nubentur,
3175 5692 3265 5746 sed
3277 5702 3398 5754 sunt

1840 5777 1968 5837 sicut
1993 5782 2158 5856 angeli
2186 5782 2274 5834 Dei
2305 5783 2362 5837 in
2383 5781 2519 5834 caelis
2549 5781 2758 5852 (Matth.
2785 5783 2934 5853 uti),
2957 5795 3236 5860 prepterea
3265 5787 3391 5862 quia
