4030 6190
373 319 482 372 369

1411 318 1495 370 DE
1535 282 2166 373 animuin—temnit.
2211 349 2275 357 —
2321 319 2447 373 un.
2494 320 2579 375 ιιι.

3498 325 3605 380 370

368 432 740 492 conturbatur,
779 441 831 485 et
861 440 913 484 ιιι
949 433 1000 484 in
1034 433 1334 517 cubiculum
1366 431 1628 500 Virginis,
1661 431 1922 496 virginem
1953 439 2002 489 Α
2027 437 2122 480 aut
2146 406 2613 498 regionenfplacet
2643 432 2913 502 subjectos
2933 447 3054 489 esse
3081 433 3352 507 episcopo,
3378 446 3432 490 et
3455 439 3604 507 quie-

370 524 693 590 decepturus
719 522 941 590 iri-epis?
966 522 1031 574 Et
1059 533 1178 590 post
1199 537 1366 591 pauca
1397 541 1408 574 :
1435 522 1636 574 Deinde
1664 519 1836 572 curris
1864 519 1930 571 ad

367 623 644 681 pastorum
675 614 868 672 locum,
899 621 954 666 et
974 611 1281 680 angelorum
1298 612 1536 678 desuper
1560 609 1781 678 strepitu
1806 623 1931 662 eon-

366 704 606 766 ciuente,
637 703 690 755 in
713 703 898 755 eadem
941 702 1104 755 verba
1135 701 1368 754 testaris.
1406 700 1642 768 itemque
1674 707 1795 767 post
1825 713 1928 751 non

368 794 537 845 multa
569 807 582 844 :
612 790 733 844 Jam
762 792 866 846 iter
903 791 1205 860 depositum
1225 831 1239 854 ,
1271 791 1488 845 decreta
1519 789 1762 858 navigia,
1800 802 1929 841 con-

366 884 511 937 dicta
537 883 683 946 dies,
720 882 840 950 fuga
870 881 1049 935 animo
1077 888 1421 950 pertractata.
1455 880 1519 932 Et
1543 893 1670 933 ecce
1705 877 1929 949 angelus

366 974 457 1027 ille
488 972 715 1026 cubiculi
743 969 1160 1039 Marirejanitor,
1191 985 1448 1025 cunarum
1482 968 1692 1022 Domini
1723 974 1925 1029 custos,

363 1076 421 1118 et.
451 1063 671 1118 infantis
707 1062 907 1118 Christi
945 1062 1192 1131 gerulus,
1224 1076 1407 1117 coram
1432 1075 1538 1130 quo
1575 1066 1722 1113 tanta
1764 1057 1929 1112 facie-

365 1154 496 1218 bas,
528 1155 642 1222 ipse
667 1163 718 1208 te
745 1154 999 1223 prodidit.
1047 1154 1206 1216 Certe
1243 1163 1302 1208 ut
1349 1153 1416 1208 ad
1445 1150 1711 1221 apostolos
1744 1149 1928 1203 venia-

365 1261 507 1306 mus,
539 1244 784 1298 novimus
810 1258 923 1306 eos,
953 1243 1186 1311 quandin
1225 1240 1752 1311 Hierosolymiticum
1788 1248 1923 1294 tem-

365 1336 513 1403 pium
559 1335 725 1398 stetit,
757 1335 947 1389 crebro
985 1335 1109 1389 illuc
1147 1335 1333 1388 orandi
1372 1335 1544 1404 gratia
1585 1331 1922 1393 convenisse,

365 1427 508 1479 unde
553 1435 607 1478 et
652 1426 701 1478 in
732 1424 953 1479 Actibus
983 1425 1345 1494 apostolorum
1381 1423 1632 1494 leguntur
1655 1422 1803 1476 omni
1838 1421 1925 1477 die

366 1515 419 1566 in
455 1514 648 1582 templo
683 1507 738 1568 et
765 1514 909 1568 circa
951 1514 1137 1568 domos
1174 1514 1434 1576 docuisse,
1463 1521 1518 1568 et
1543 1512 1596 1566 in
1624 1514 1780 1582 panis
1810 1513 1922 1568 fra-

363 1604 544 1658 ctione
571 1605 821 1674 mysteria
851 1605 1092 1672 corporis
1120 1604 1328 1658 Domini
1359 1605 1661 1660 celebrasse
1679 1645 1694 1668 ,
1737 1613 1791 1659 et
1827 1619 1923 1674 po-

362 1694 504 1763 pulis
537 1694 796 1749 sumenda
840 1695 1138 1748 tradidisse.
1169 1694 1294 1749 Inde
1319 1701 1401 1749 est
1424 1696 1564 1764 quod
1591 1709 1730 1749 nona
1767 1696 1919 1759 hora,

2035 528 2141 571 tem
2181 519 2430 588 diligere,
2458 531 2512 574 et
2548 523 2785 577 intentos
2829 538 2948 580 esse
2988 528 3360 582 tantummodo
3397 526 3604 597 jejunio

2030 620 2084 661 et
2110 611 2461 676 orationibus,
2491 613 2544 667 in
2577 613 2707 670 locis
2733 616 2928 684 quibus
2957 619 3382 674 renuntiaverint
3408 621 3605 677 saeculo

2033 709 2408 768 permanentes
2454 721 2465 754 τ
2521 717 2620 758 nec
2646 704 3024 762 ecclesiasticis
3051 723 3178 763 vero
3198 749 3214 776 ,
3244 725 3342 764 nec
3379 711 3604 766 swcula-

2030 791 2177 844 ribus
2214 793 2440 863 negotiis
2463 797 2893 862 communicent,
2929 799 3012 854 vel
3036 799 3196 856 alicui
3228 802 3336 857 sint
3364 803 3596 868 molesti,

2029 882 2240 949 propria
2268 883 2577 940 deserentes
2598 888 2956 954 monasteria,
2990 890 3094 944 nisi
3135 889 3272 948 forte
3298 894 3377 947 eis
3408 895 3598 963 prteci-

2026 971 2206 1037 piatur
2231 983 2450 1042 propter
2478 989 2612 1044 opus
2637 978 2998 1032 necessarium
3031 979 3099 1034 ab
3136 982 3386 1052 episcopo
3415 985 3598 1038 civita-

2027 1063 2115 1117 tis.
2152 1065 2216 1118 Et
2240 1075 2358 1135 post
2389 1081 2495 1122 non
2525 1070 2690 1125 multa
2722 1088 2735 1125 :
2768 1071 3278 1143 Transgredientcm
3310 1091 3434 1130 vero
3459 1077 3599 1132 hanc

2025 1162 2264 1209 nostram
2310 1156 2673 1214 definitionem
2705 1163 3229 1219 excommunicatum
3269 1180 3390 1220 esse
3419 1168 3601 1222 decre-

2023 1249 2220 1312 vimus,
2251 1265 2322 1328 ne
2339 1266 2533 1306 nomen
2564 1254 2654 1308 Dei
2687 1255 3105 1325 blasphematur.
3145 1257 3208 1312 Hi
3237 1275 3469 1328 namque
3506 1263 3596 1330 qni

2025 1338 2126 1392 liae
2160 1339 2494 1408 professione
2524 1357 2630 1396 non
2664 1353 2933 1410 arcentur,
2974 1347 3126 1403 siob
3167 1362 3404 1403 amorem
3438 1351 3601 1404 coele-

2021 1431 2122 1485 stis
2149 1433 2335 1499 patria:
2362 1440 2633 1488 tantorum
2663 1436 2911 1490 itinerum
2939 1437 3168 1494 subeunt
3198 1438 3460 1493 laboriosa
3489 1443 3600 1496 dis-

2021 1520 2246 1576 crimina
2279 1563 2292 1587 ,
2347 1532 2403 1578 et
2447 1525 2570 1593 quia
2620 1527 2847 1581 necdum
2895 1528 3175 1599 Spiritibus
3221 1547 3405 1585 eorum
3445 1531 3594 1603 jungi

2020 1621 2240 1680 queunt,
2275 1622 2456 1668 terunt
2488 1623 2667 1670 tamen
2701 1617 3060 1687 apostolorum
3088 1619 3362 1684 basilicas,
3404 1633 3456 1675 et
3499 1624 3594 1674 liu-

2021 1701 2220 1755 militer
2272 1703 2509 1771 ipsorum
2557 1715 2812 1776 expetunt
2866 1706 3140 1776 suffragia,
3199 1708 3355 1763 laude
3407 1712 3595 1779 dignes

362 1795 420 1838 ut
456 1801 513 1840 se
555 1787 714 1841 habet
751 1802 865 1841 mos
899 1788 1327 1852 ecclesiasticus,
1361 1788 1614 1857 templum
1650 1789 1920 1842 adoraturi
1949 1777 1996 1836 Β
2023 1790 2177 1846 duco.
2221 1791 2359 1858 Quia
2413 1803 2466 1849 et
2508 1796 2549 1850 si
2595 1795 2880 1864 Apostolus
2909 1795 3039 1852 dicit
3082 1812 3096 1850 :
3154 1795 3278 1851 Volo
3322 1816 3409 1853 vos
3458 1777 3593 1854 uiros

366 1878 560 1931 Petrus
581 1887 634 1930 et
655 1875 889 1931 Joannes
915 1877 1132 1942 adeunt,
1158 1878 1404 1931 claudum
1435 1880 1502 1932 ad
1529 1877 1709 1931 limina
1731 1877 1922 1932 domus

360 1969 574 2023 Domini
599 1967 866 2036 iacentem
897 1969 1178 2039 imperiosa
1218 1972 1538 2027 auctoritate
1569 1974 1764 2027 divinis
1801 1973 1922 2026 vin-

357 2070 506 2113 etnin
556 2059 783 2113 vinculis
813 2059 1091 2114 absolvunt
1137 2060 1272 2131 (Act.
1327 2064 1427 2128 ιιι),
1479 2061 1612 2116 llinc
1662 2062 1919 2131 estquod

357 2149 560 2202 Paulus
587 2163 908 2220 magnopere
937 2159 1173 2220 exoptat.
1205 2161 1260 2206 et
1292 2160 1402 2206 toto
1438 2152 1554 2206 nisu
1589 2147 1823 2214 festinat,
1864 2161 1922 2204 ut

355 2240 504 2292 diem
529 2238 866 2294 l’entecostes
889 2239 1273 2311 Hierosolymis
1298 2239 1474 2294 faciat.
1517 2242 1650 2294 Dum
1682 2255 1812 2311 ergo
1849 2240 1920 2293 ita

355 2346 418 2382 se
451 2329 699 2392 habeant,
730 2328 976 2394 facessat,
1006 2338 1066 2384 ut
1092 2332 1163 2384 ita
1189 2332 1382 2396 dicam,
1414 2332 1626 2385 tandem
1656 2339 1743 2384 tua
1783 2331 1919 2384 irra-

359 2421 638 2476 tionabilis
663 2421 818 2486 ratio,
840 2437 946 2491 qua
972 2422 1408 2477 muliercularum
1431 2423 1676 2480 sensibus
1702 2438 1923 2494 persua-

355 2515 492 2566 dere
514 2514 722 2578 niteris,
752 2521 807 2568 et
832 2515 1128 2584 scorpionis
1151 2530 1322 2580 more,
1343 2529 1436 2570 ore
1471 2515 1752 2586 palpando,
1773 2514 1922 2568 clan-

353 2603 481 2657 culo
502 2605 670 2657 cauda
699 2620 960 2659 venenum
989 2604 1268 2661 infundere
1296 2607 1528 2671 conaris,
1563 2616 1620 2662 ut
1649 2608 1714 2662 ab
1741 2622 1923 2662 amore

356 2704 669 2748 sanctorum
696 2695 933 2750 locorum
964 2705 1123 2765 atque
1153 2697 1513 2766 apostolorum
1556 2698 1763 2752 animos
1789 2698 1919 2752 fide-

360 2787 493 2839 lium
522 2796 763 2842 avertere
806 2789 997 2856 possis.
1038 2787 1278 2844 Posthtec
1307 2791 1458 2859 quasi
1489 2800 1772 2844 cornutum
1800 2806 1922 2858 per-

363 2875 606 2943 plectens
649 2876 1034 2945 syllogismum,
1060 2877 1304 2932 eumdem
1348 2878 1710 2933 venerabilem
1751 2879 1921 2931 virum

360 2975 438 3026 te,
482 2971 737 3033 quantum
781 2965 832 3018 in
880 2965 973 3018 tali
1009 2971 1130 3019 actu
1177 2964 1399 3036 intelligi
1441 2966 1614 3029 decet,
1644 2965 1924 3020 eharitatis

355 3055 535 3111 oﬂicio
564 3057 964 3137 corripientcm,
1001 3057 1270 3113 involvere
1304 3059 1519 3113 conaris
1545 3059 1646 3114 hoc
1677 3059 1871 3114 modo:

439 3247 456 3279 ι
499 3227 749 3298 Teipsum
772 3228 1001 3298 primum
1033 3229 1360 3300 interrogare
1383 3229 1501 3284 volo
1526 3247 1538 3282 :
1573 3227 1628 3284 Si
1659 3229 1918 3298 pmniten-

361 3340 384 3371 ι
432 3319 559 3373 tiam
583 3335 739 3390 agere
759 3334 879 3376 esse
900 3318 1125 3374 Romam
1143 3335 1362 3392 pergere
1383 3322 1547 3385 nosti,
1573 3337 1670 3378 cur
1689 3315 1744 3376 tu
1769 3333 1918 3378 tanto

360 3433 380 3463 ι
433 3422 670 3481 tempore
699 3420 870 3466 tantas
912 3413 1117 3466 animas
1145 3414 1438 3483 perdidisti,
1485 3431 1618 3484 quas
1640 3415 1694 3469 in
1725 3431 1916 3471 mona-

361 3524 379 3553 ι
427 3503 590 3556 sterio
625 3502 922 3568 retinuisti,
948 3511 998 3558 et
1029 3505 1352 3573 paenitentiae
1377 3519 1535 3560 causa
1565 3507 1617 3560 in
1650 3516 1916 3562 monaste-

359 3616 378 3643 ι
431 3593 512 3648 rio
543 3595 813 3664 recepisti,
840 3603 895 3650 et
937 3611 1042 3650 non
1068 3611 1160 3652 eas
1189 3596 1413 3650 Romam
1445 3597 1670 3661 misisti,
1701 3597 1795 3652 sed
1823 3612 1916 3666 po-

359 3706 379 3735 ι
429 3686 534 3739 tius
563 3685 656 3738 tibi
682 3685 885 3740 servire
923 3683 1138 3740 fecisti?
1170 3705 1189 3738 ι
1221 3684 1407 3743 Omnis
1433 3687 1524 3756 qui
1546 3702 1677 3742 sano
1714 3686 1918 3741 intellec

351 3786 479 3830 ctus
525 3777 748 3830 cerebro
791 3785 987 3832 sanctae
1032 3776 1282 3834 Ecclesia:
1328 3778 1532 3848 gremio
1585 3779 1914 3844 continetur,

351 3866 523 3919 variis
567 3866 954 3934 professionum
995 3867 1271 3924 ordinibus
1294 3909 1307 3934 ,
1348 3883 1454 3924 non
1509 3869 1722 3924 diversa
1753 3867 1912 3934 'ﬂde,

353 3956 579 4011 distanti
607 3965 784 4011 tamen
807 3959 1231 4025 conversatione,
1255 3975 1372 4014 eam
1399 3961 1694 4016 consistere
1720 3961 1868 4016 novit
1897 3980 1908 4014 :

354 4047 598 4116 aliosque
625 4063 743 4112 esse
771 4049 863 4118 qui
912 4048 1157 4120 conjugio
1207 4064 1421 4119 operam
1451 4051 1598 4115 dent,
1645 4051 1778 4105 alios
1821 4052 1913 4119 qui

354 4137 625 4192 celibatui
651 4146 863 4203 vacent,
906 4138 1040 4193 alios
1058 4139 1148 4209 qui
1175 4140 1531 4195 obedientiam
1560 4141 1794 4210 praelatis
1820 4156 1913 4195 ex-

358 4226 600 4292 hibeant,
637 4226 771 4282 alios
801 4236 976 4282 autem
1005 4229 1096 4299 qui
1147 4229 1386 4284 subditos
1435 4229 1537 4283 sibi
1585 4245 1773 4302 greges
1811 4231 1912 4287 sub

357 4332 545 4370 norma
571 4315 829 4372 divinitus
852 4317 1046 4372 tradita
1067 4319 1456 4390 constringant,
1477 4319 1609 4375 alios
1635 4321 1724 4390 qui
1756 4322 1913 4377 liber-

358 4414 468 4460 tate
511 4407 748 4476 generali
793 4422 1217 4478 quaquaversum
1249 4425 1346 4480 pro
1391 4409 1542 4464 lihitu
1569 4428 1666 4467 suo
1706 4430 1800 4483 per
1828 4415 1903 4469 di-

355 4511 510 4551 versa
529 4497 680 4552 orbis
705 4497 915 4552 climata
938 4499 1259 4565 discurrunt,
1284 4507 1443 4569 atque
1477 4501 1608 4557 alios
1630 4505 1720 4572 qui
1753 4504 1906 4562 freno

354 4586 588 4656 regulari
617 4594 778 4656 atque
802 4589 1057 4644 canonico
1084 4591 1322 4656 coerciti,
1351 4591 1550 4645 nullum
1580 4609 1686 4662 quo
1718 4596 1902 4662 pedem

351 4676 533 4731 ferant
561 4676 900 4748 referantque
929 4681 1028 4734 sibi
1068 4681 1397 4750 reliquerunt
1423 4669 1646 4746 aditum,
1675 4701 1770 4754 per
1792 4703 1904 4739 ma-

344 4767 528 4836 jorum
550 4781 614 4822 ac
639 4767 738 4823 sibi
763 4768 1341 4839 praelatorumjussnm.
1395 4773 1488 4828 llis
1516 4775 1586 4827 ita
1617 4791 1674 4830 se
1705 4778 1902 4830 habcu~

352 4860 648 4925 tibus,voce
666 4860 902 4929 ejusdem
925 4864 1238 4919 venerabilis
1257 4865 1466 4921 abbatis
1491 4868 1900 4935 respondemus:

345 4951 494 5016 Ideo,
530 4969 564 5007 ο
591 4951 803 5019 Claudi,
842 4962 987 5009 tanto
1013 4964 1248 5026 tempore
1277 4967 1355 5012 tot
1382 4960 1587 5015 animas
1626 4975 1732 5014 non
1779 4976 1900 5030 per-

346 5045 481 5108 didi,
519 5061 654 5114 quas
679 5047 731 5100 in
758 5047 1081 5102 monasterio
1115 5049 1344 5115 retinui,
1376 5051 1499 5120 quia
1534 5053 1702 5120 patris
1733 5054 1902 5107 nostri

345 5143 616 5204 praecepta
641 5143 888 5202 secutus,
932 5136 1177 5192 videlicet
1225 5139 1364 5194 beati
1404 5138 1690 5206 Benedicti,
1737 5141 1901 5197 oiiici-

344 5241 477 5281 nam
503 5226 594 5280 ubi
639 5227 993 5283 instrumenta
1039 5227 1298 5282 bonorum
1333 5240 1710 5296 exerceantur,
1755 5231 1900 5286 elau-

345 5328 463 5374 stra
509 5320 852 5384 monasterii,
907 5329 963 5374 et
1003 5319 1348 5375 stabilitatem
1393 5323 1446 5376 in
1489 5324 1900 5399 congregatione

347 5409 495 5464 novi.
528 5407 633 5463 Sed
658 5417 712 5463 et
739 5411 1053 5465 sententiam
1076 5424 1362 5475 canonum,
1390 5426 1549 5481 quam
1580 5419 1633 5465 tu
1665 5413 1900 5482 periculo

349 5501 548 5555 anima:
576 5509 676 5554 tua:
703 5504 905 5557 nescire
931 5504 1196 5571 probaris,
1231 5503 1354 5557 huic
1381 5502 1655 5557 sententia
1680 5518 1900 5560 concor-

347 5592 568 5645 dantem
592 5594 811 5656 retineo,
836 5610 952 5663 qua:
980 5595 1029 5648 in
1051 5594 1252 5664 synodo
1272 5593 1708 5658 Chalcedonensi,
1727 5601 1900 5659 act...,

353 5681 427 5737 ita
457 5681 647 5752 legitur
673 5703 683 5737 :
734 5685 1015 5739 Monachus
1045 5700 1139 5754 per
1175 5700 1599 5754 unamquamque
1634 5685 1899 5740 civitatem

2025 1894 2177 1932 orare
2204 1881 2260 1933 in
2301 1883 2440 1935 omni
2472 1883 2616 1947 loco,
2644 1882 2870 1938 levantes
2899 1901 3056 1954 puras
3084 1902 3266 1941 manus
3299 1889 3409 1941 sine
3433 1889 3510 1942 ira
3543 1900 3591 1942 ct
3622 1918 3625 1919 ν

2027 1971 2398 2038 disceptatione
2426 1972 2478 2044 (Ι
2503 1972 2635 2026 Tim.
2671 1972 2764 2046 ιι),
2793 1984 3011 2044 propter
3037 1990 3130 2031 eos
3165 1978 3363 2032 dictum
3388 1979 3591 2048 accipio

2022 2061 2114 2125 qui
2152 2061 2396 2116 nesciunt
2423 2078 2599 2128 orare,
2648 2065 2750 2118 nisi
2779 2066 2867 2119 ubi
2896 2066 3124 2121 viderint
3153 2078 3390 2142 erectum
3418 2070 3588 2125 altare

2023 2156 2116 2201 aut
2142 2159 2290 2205 certe
2333 2163 2642 2208 sanctorum
2679 2154 2932 2225 reliquias
2965 2157 3173 2214 adesse.
3213 2157 3383 2226 Quam
3412 2169 3590 2215 autem

2021 2239 2325 2306 Opinionem
2356 2242 2578 2311 hujusce
2605 2246 2679 2299 rei
2727 2246 2974 2302 habuerit
3014 2243 3126 2318 ipse
3155 2249 3309 2305 testis
3351 2259 3458 2317 est,
3497 2251 3590 2322 qui

2023 2329 2276 2398 templum
2308 2333 2625 2387 adoraturus
2649 2335 2819 2400 adiit,
2862 2336 2914 2390 in
2951 2352 3060 2407 quo
3085 2345 3139 2392 et
3165 2340 3586 2409 comprehensus

2022 2426 2123 2481 est,
2149 2419 2214 2472 ad
2238 2422 2459 2490 quodut
2485 2423 2624 2477 diem
2647 2425 3015 2482 Pentecostem
3038 2428 3169 2483 inihi
3197 2429 3416 2496 faceret,
3447 2431 3590 2486 festi-

2022 2508 2185 2563 nabat
2211 2509 2348 2581 (Act.
2382 2510 2514 2583 xxi).
2535 2513 2599 2569 lli
2627 2524 2805 2569 autem
2831 2517 2921 2586 qui
2951 2527 3008 2571 ut
3037 2519 3210 2574 securi
3247 2521 3315 2574 ab
3345 2521 3588 2576 externis

2021 2601 2335 2658 tumultibus
2368 2620 2489 2660 esse
2523 2615 2722 2676 queant
2749 2609 3057 2665 monasterii
3087 2619 3349 2666 secretum
3377 2619 3584 2683 petunt,

2023 2691 2068 2745 si
2118 2708 2278 2747 causa
2331 2696 2632 2766 vagationis
2683 2699 2999 2756 extrinseca:
3049 2702 3326 2757 saecularia
3376 2705 3586 2774 negotia

2023 2781 2174 2835 adire
2198 2785 2544 2850 tentaverint,
2570 2787 2833 2856 improbo,
2871 2792 3203 2860 reprehendo
3233 2801 3287 2847 et
3312 2793 3379 2847 ad
3405 2794 3588 2864 perdi-

2023 2875 2219 2932 tionem
2267 2875 2566 2930 animarum
2629 2879 2839 2934 illorum
2890 2882 3157 2950 pertinere
3203 2899 3309 2938 non
3348 2885 3580 2957 ambigo,

2022 2963 2149 3032 quia
2172 2964 2411 3033 magistri
2441 2967 2545 3020 mei
2575 2967 2802 3023 dicentis
2823 2972 3141 3026 sententiam
3171 2973 3367 3040 recolo,
3389 2983 3449 3030 ut
3477 2991 3581 3030 non

2023 3061 2092 3114 sit
2124 3060 2416 3116 necessitas
2445 3063 2719 3119 monachis
2742 3060 2969 3136 vagandi
3003 3066 3148 3123 foras
3168 3110 3182 3134 ,
3215 3070 3338 3141 quia
3363 3071 3583 3129 omnino

1948 3126 1992 3188 (ί
2022 3165 2128 3204 ιιοιι
2153 3151 2368 3221 expedit
2391 3151 2671 3210 animabus
2701 3169 2909 3210 eorum.
2953 3156 3104 3225 Quod
3131 3168 3311 3216 autem
3337 3161 3472 3217 dicis
3493 3176 3584 3217 eos

2019 3241 2150 3296 mihi
2177 3243 2380 3298 servire
2401 3243 2613 3311 fecisse,
2643 3261 2949 3318 quanquam
2976 3265 3060 3305 me
3085 3250 3153 3306 ab
3177 3252 3278 3307 hac
3303 3268 3361 3308 re
3389 3254 3583 3308 immu-

2018 3349 2139 3390 nem
2167 3351 2272 3390 non
2295 3334 2549 3404 judicem,
2573 3345 2630 3391 ut
2652 3346 2772 3408 pote
2798 3339 2884 3394 cui
2913 3341 3094 3397 multa:
3121 3353 3246 3397 sunt
3277 3342 3576 3398 deformita-

2018 3429 2098 3477 tes
2135 3438 2342 3478 morum
2393 3425 2588 3493 quibus
2631 3428 2832 3482 serviat
2859 3428 2914 3483 in
2957 3429 3323 3499 supportando
3369 3431 3581 3486 devotio

2016 3515 2102 3584 pia
2130 3513 2356 3570 fratrum
2379 3556 2392 3580 ,
2421 3523 2599 3572 tamen
2628 3508 3012 3574 auctoritatem
3039 3520 3274 3575 divinam
3307 3521 3359 3575 in
3390 3522 3492 3576 hac
3524 3539 3581 3578 re

2014 3607 2166 3676 sequi
2212 3622 2378 3662 conor
2425 3607 2500 3662 ita
2545 3607 2814 3665 dicentis:
2857 3608 2958 3678 Qui
2995 3610 3111 3665 vult
3157 3611 3298 3667 inter
3331 3627 3424 3668 vos
3461 3629 3582 3668 esse

2015 3693 2207 3762 major,
2233 3697 2302 3750 sit
2323 3705 2502 3751 vester
2544 3697 2839 3765 minimus;
2868 3707 2925 3754 et
2963 3718 2977 3753 :
3009 3699 3109 3767 Qui
3145 3716 3436 3770 prmeessor
3474 3712 3575 3766 est,

2013 3786 2151 3840 sicut
2188 3785 2539 3842 ministrator.
2591 3787 2687 3842 Est
2725 3789 2888 3844 etiam
2925 3791 3080 3846 nobis
3110 3793 3380 3863 reciproca
3410 3796 3579 3849 servi-

2015 3885 2121 3941 tus,
2148 3876 2214 3931 de
2249 3892 2355 3946 qua
2398 3878 2748 3933 institutionis
2779 3888 2975 3937 nostrae
2998 3892 3262 3952 praecepta
3299 3885 3577 3939 continent

2013 3966 2086 4018 ita
2115 3981 2130 4018 :
2164 3964 2379 4020 Fratres
2409 3966 2635 4021 invicem
2665 3967 2766 4023 sibi
2805 3953 3044 4025 serviant
3073 3988 3088 4036 ;
3128 3981 3182 4028 et
3211 3972 3334 4029 alibi
3371 3993 3383 4027 :
3415 3975 3576 4029 Infir-

2011 4054 2226 4108 mitates
2251 4069 2396 4118 suas,
2423 4055 2537 4109 sive
2563 4070 2868 4126 corporum.
2899 4059 3011 4115 sive
3035 4076 3266 4128 morum,
3298 4063 3575 4134 patientis-

2012 4145 2144 4199 sime
2195 4145 2438 4200 tolerent.
2495 4145 2732 4215 ltemque
2787 4149 3145 4206 obedientiam
3177 4152 3276 4208 sibi
3323 4155 3571 4208 certatim

2010 4234 2335 4302 impendant.
2375 4234 2479 4291 Sed
2523 4244 2577 4290 et
2623 4238 2904 4307 Apostolus
2945 4258 2959 4294 :
3005 4239 3108 4295 Per
3135 4244 3458 4308 charitatem,
3491 4245 3574 4299 itt-

2009 4329 2153 4396 quit,
2184 4329 2392 4398 spiritus
2423 4331 2604 4384 servile
2635 4331 2847 4385 invicem
2878 4331 3018 4404 (Gal.
3052 4335 3127 4405 v).
3180 4335 3289 4391 Hac
3313 4351 3443 4407 ergo
3477 4354 3577 4393 ex-

2008 4426 2183 4486 cepta,
2216 4419 2471 4488 privatam
2503 4435 2585 4474 me
2613 4423 2944 4489 servitutem,
2972 4440 3069 4481 nec
3095 4426 3370 4497 imponere
3395 4431 3577 4484 subdi-

2011 4509 2076 4562 tis
2100 4508 2294 4561 delzere
2324 4510 2453 4572 scio,
2479 4525 2577 4564 nec
2606 4511 2920 4580 imposuisse
2952 4515 3146 4580 recolo,
3174 4518 3268 4573 sed
3303 4535 3430 4575 voce
3460 4519 3568 4576 Ge-

2005 4599 2190 4653 dcouis
2241 4600 2382 4654 circa
2424 4601 2664 4657 subditos
2723 4614 2844 4658 utor
2883 4624 2896 4658 :
2948 4605 3069 4662 Non
3117 4609 3424 4665 dominabor
3467 4619 3569 4683 ego

2005 4692 2153 4742 vestri
2181 4731 2193 4752 ,
2235 4709 2323 4743 nec
2373 4692 2727 4747 dominabitur
2771 4697 2825 4749 in
2871 4698 3022 4752 vobis
3059 4698 3201 4767 ﬁlius
3248 4720 3420 4767 meus,
3477 4708 3568 4759 sed

2002 4779 2352 4834 dominabitur
2377 4783 2643 4838 Dominus.
2687 4786 2884 4841 Vereor
2907 4805 3136 4860 namque
3174 4809 3239 4848 ne
3272 4797 3398 4849 mihi
3439 4813 3560 4852 eum

2002 4873 2246 4939 superbis
2277 4873 2682 4945 infidelibusque
2707 4881 3009 4946 pastoribus
3031 4898 3096 4950 pa
3109 4899 3158 4936 rs
3185 4896 3427 4952 ponatur,
3461 4899 3511 4941 et
3534 4908 3564 4942 a

2001 4972 2274 5032 pastorum
2303 4976 2517 5034 pastore
2548 4967 2599 5019 in
2628 4969 2848 5021 terribili
2877 4973 3138 5036 examine,
3168 4991 3290 5030 eum
3311 4979 3388 5032 eis
3413 4979 3554 5032 dica-

2002 5062 2090 5109 tur
2123 5074 2135 5108 :
2159 5055 2296 5111 Cum
2325 5057 2642 5112 auctoritate
2673 5059 3016 5128 imperabatis
3043 5064 3122 5118 eis
3145 5075 3198 5119 et
3228 5082 3352 5120 cum
3372 5073 3556 5138 p’otcn-

2003 5148 2090 5202 tia.
2110 5148 2238 5212 imo,
2269 5148 2311 5202 si
2335 5148 2621 5202 voluntatis
2649 5147 2869 5205 effectus
2891 5167 2993 5206 non
3021 5165 3263 5223 negetur,
3292 5168 3416 5228 opto
3439 5175 3558 5214 eum

1998 5237 2250 5307 Apostolo
2281 5239 2545 5291 veraciter
2581 5239 2756 5294 dicere
2794 5259 2805 5294 :
2853 5240 2984 5307 Quis
3023 5243 3336 5312 inﬁrmatur,
3376 5255 3422 5300 et
3464 5265 3556 5319 ego

2000 5341 2100 5379 non
2130 5326 2366 5394 inﬁrmor
2379 5326 2413 5378 2⁷-
2444 5324 2573 5393 Quis
2613 5328 3021 5395 scandalizatur,
3068 5341 3114 5385 et
3145 5349 3235 5401 ego
3258 5351 3360 5391 non
3387 5352 3511 5389 uror
3535 5339 3561 5391 .’

2001 5415 2084 5488 (11
2113 5414 2232 5471 Cor.
2257 5415 2614 5487 x1.)ltemque
2643 5435 2656 5472 :
2687 5417 2881 5474 Factus
2903 5437 3015 5475 sum
3037 5423 3281 5491 parvulus
3310 5427 3363 5479 in
3388 5427 3557 5481 medio

2001 5515 2238 5560 vestrum.
2263 5516 2508 5576 tanquam
2533 5509 2578 5560 si
2600 5509 2773 5562 nutrix
2794 5508 2960 5577 fovent
2981 5510 3115 5566 ﬁlios
3137 5528 3262 5568 suos
3279 5511 3330 5586 (1
3378 5513 3555 5571 Thess.

2005 5595 2087 5663 ιι).
2127 5595 2231 5650 Sed
2256 5605 2310 5649 et
2347 5597 2723 5663 sapientissimi
2761 5599 2858 5651 viri
2892 5599 3104 5656 salubre
3126 5603 3408 5658 consilium
3433 5606 3554 5661 audi

2007 5688 2228 5740 dicentis
2254 5703 2266 5739 :
2308 5686 2570 5741 Rectorem
2597 5700 2642 5742 te
2665 5689 3080 5746 constituerunt?
3113 5693 3216 5753 noli
3241 5695 3439 5759 extolli,
3466 5698 3554 5751 sed
