3956 6186
503 315 598 374 571

1518 323 1710 377 3οΝᾸΞ
1749 321 2296 376 Αυιιειιλκειιδιε
2334 320 2632 376 EPISCOI’I

3613 319 3712 374 372

499 448 606 491 esto
641 437 695 490 in
739 452 810 488 eis
843 436 993 504 quasi
1032 450 1165 491 unus
1199 450 1262 487 ea:
1289 435 1412 504 ipsis
1445 412 1631 506 (Eceli.
1674 434 1865 504 xxxii).
1911 433 2060 499 Quod
2090 438 2134 493 Α
2164 431 2284 485 culo
2322 429 2643 485 transfertur
2676 431 2842 490 locis?
2878 431 2940 503 Et
2973 445 3182 486 rursum
3225 448 3236 482 :
3277 429 3413 497 Quid
3458 429 3715 499 pulverem

501 543 628 582 vero
662 525 922 593 adjungis,
948 524 1100 591 quasi
1133 524 1266 577 meis
1289 525 1470 578 verbis
1499 543 1510 576 :

577 635 595 666 ι
640 614 846 668 Habere
874 627 958 664 nte
987 620 1257 665 catervam
1281 613 1663 666 monachorum
1693 620 1906 666 centum
1933 626 2064 680 qua-

508 727 526 759 ι
568 707 829 775 draginta,
861 705 950 772 qui
975 719 1163 757 omnes
1196 703 1522 772 paenitentiae
1547 720 1707 759 causa
1751 704 1819 758 ad
1854 719 1938 757 me
1979 718 2064 755 ve-

508 818 526 848 ‹
560 785 750 850 ιιιπὶηῑ
773 811 788 859 ;
822 814 838 844 ι
867 809 1146 848 numerum
1170 809 1298 847 vero
1322 809 1665 863 recognosco,
1687 794 2066 862 subsequentia

504 897 681 942 autem
711 903 815 948 non
842 887 997 941 modo
1033 902 1062 940 a
1094 902 1178 940 me
1202 883 1346 940 dicta
1375 887 1602 954 abnego,
1631 885 1726 940 sed
1746 886 1848 938 dici
1874 886 1941 939 ab
1964 886 2067 940 alio

502 979 875 1047 perhorresco.
939 975 1128 1030 Cuncti
1186 989 1416 1043 namque
1468 975 1541 1028 illi
1598 974 1688 1042 qui
1739 974 2068 1041 paenitentiae

506 1085 688 1134 causa,
719 1077 777 1134 ut
803 1084 860 1124 se
905 1068 1064 1125 habet
1096 1066 1329 1127 veritas,
1357 1065 1681 1121 monasterio
1717 1065 2066 1126 tradiderunt,

507 1179 612 1217 non
641 1163 706 1216 ad
735 1177 841 1224 me,
867 1167 926 1214 ut
961 1169 1013 1212 tu
1044 1159 1262 1221 asseris,
1299 1165 1577 1217 venerunt,
1619 1154 1712 1209 sed
1755 1155 1819 1207 ad
1860 1155 2067 1208 Domini

508 1250 933 1305 misericordiam
987 1247 1439 1308 convolaverunt,
1473 1246 1559 1298 cui
1605 1261 1700 1314 per
1734 1243 2068 1298 Psalmistam

510 1342 704 1395 dicitur
734 1357 747 1392 :
783 1339 862 1406 Ad
886 1337 1118 1396 teamnis
1145 1352 1264 1388 caro
1295 1335 1455 1388 veniet
1482 1332 1653 1404 (Psal.
1685 1334 1859 1400 LXIV);
1891 1342 1946 1387 et
1985 1334 2070 1386 cui

511 1431 775 1502 pmnitens
803 1430 854 1498 in
879 1428 1080 1498 psalmo
1119 1426 1434 1494 loquebatur
1463 1443 1475 1476 :
1509 1424 1751 1488 Domine,
1784 1425 1851 1476 ad
1879 1434 1926 1476 te
1952 1440 2074 1476 con-

513 1521 645 1593 fugi,
683 1521 808 1584 doce
853 1535 932 1582 me
982 1517 1152 1585 facere
1203 1515 1518 1567 voluntatem
1559 1522 1737 1576 tuam,
1783 1513 1905 1580 quia
1935 1511 2074 1564 Deus

512 1627 657 1666 meus
681 1627 733 1682 es
761 1619 815 1662 tu
845 1605 1016 1678 (Psal.
1040 1602 1203 1674 cmi)
1229 1621 1242 1665 ;
1279 1615 1329 1658 et
1361 1603 1444 1656 cui
1470 1617 1566 1672 per
1598 1601 1886 1656 Jeremiam
1919 1619 1932 1653 :
1964 1601 2073 1654 Do—

513 1703 668 1762 mine,
697 1699 947 1770 fortitudo
977 1714 1112 1756 mea,
1138 1707 1183 1748 et
1208 1695 1364 1749 robur
1385 1711 1575 1761 meum,
1601 1694 1667 1746 ad
1689 1703 1738 1746 te
1759 1710 1932 1746 omnes
1954 1709 2075 1762 gen—

2161 523 2474 576 linteamine
2495 524 2881 577 circumdatum
2908 524 3174 578 adoranda
3195 522 3494 576 oscularis?
3521 522 3592 576 ita
3612 522 3721 590 ejus

2165 597 2354 666 insano
2383 614 2606 666 cerebro
2636 612 2884 666 malleum
2907 613 3056 665 verbi
3088 611 3248 666 illidit
3281 630 3294 664 :
3331 609 3461 676 Quis
3488 611 3660 674 enim,
3692 625 3722 663 ο

2165 703 2412 755 insanum
2448 711 2638 772 caput,
2674 703 2960 772 aliquando
2996 711 3256 772 martyres
3291 702 3570 755 adoravit?
3603 701 3726 768 Quis

2165 791 2439 846 hominem
2485 793 2693 861 putavit
2733 793 2936 847 Deum?
2982 792 3046 845 Et
3075 800 3194 860 post
3233 806 3401 861 pauca
3432 809 3444 843 :
3481 791 3614 856 Quid
3649 801 3729 845 est

2166 883 2297 936 illud
2332 902 2350 932 ‹
2387 885 2571 939 nescio
2598 885 2724 952 quid
2760 885 2818 936 )?
2853 884 2988 938 scire
3020 883 3282 946 desidero,
3313 896 3520 950 expone
3561 883 3728 936 mani-

2167 971 2385 1038 festius,
2418 982 2476 1028 ut
2515 982 2624 1027 tota
2667 973 2915 1027 libertate
2951 972 3306 1040 blasphemes.
3341 970 3728 1033 Pulvisculum,

2168 1065 2370 1133 inquit,
2418 1065 2470 1118 in
2512 1065 2719 1119 modico
2763 1064 2976 1118 vasculo
3015 1063 3250 1132 pretioso
3279 1061 3588 1116 linteamine
3629 1061 3732 1115 cir-

2169 1155 2502 1209 cumdatum.
2543 1153 2696 1208 Dolet
2726 1164 3020 1224 martyrum
3057 1152 3310 1219 reliquias
3346 1150 3582 1219 pretioso
3609 1164 3733 1217 ope—

2169 1244 2263 1299 riri
2296 1243 2581 1307 velamine,
2613 1252 2667 1297 et
2696 1258 2802 1296 non
2833 1241 2914 1295 vel
2940 1240 3132 1310 pannis
3164 1239 3246 1293 vel
3274 1238 3452 1292 cilicio
3481 1237 3735 1306 colligari,

2171 1334 2254 1388 vel
2303 1334 2489 1404 projici
2545 1335 2596 1388 in
2631 1331 3075 1401 'sterquiliuium,
3126 1337 3184 1381 ut
3232 1328 3374 1382 solus
3420 1325 3735 1397 Vigilantius

2171 1425 2354 1478 ebrius
2387 1432 2441 1479 et
2483 1423 2755 1478 dormiens
2790 1423 3061 1476 adoretur.
3103 1420 3241 1487 Ergo
3270 1417 3515 1486 sacrilegi
3559 1431 3740 1471 sumus

2175 1517 2390 1586 quando
2419 1516 2781 1586 apostolorum
2822 1513 3070 1567 basilicas
3102 1510 3470 1580 ingredimur?
3513 1509 3742 1564 Sacrile-

2175 1623 2274 1677 gus
2302 1606 2400 1659 fuit
2427 1606 2772 1660 Constantius
2809 1606 3118 1671 imperator,
3153 1602 3242 1672 qui
3280 1601 3449 1656 sancti
3493 1601 3742 1668 reliquias

2175 1698 2427 1761 Andreae,
2461 1697 2628 1752 Lucae.
2647 1705 2702 1750 et
2731 1694 3030 1756 Timothei,
3069 1692 3344 1747 transtulit
3373 1691 3744 1746 Constantino-

516 1807 589 1846 tes
621 1767 815 1854 venient
837 1789 899 1842 ab
927 1787 1166 1841 extremis
1197 1796 1348 1840 terrm
1379 1783 1511 1856 (Jer.
1549 1785 1678 1855 xvi).
1724 1783 1888 1837 Recte
1921 1799 2071 1836 nam-
2105 1776 2146 1833 Β
2176 1786 2368 1854 polim,
2411 1786 2548 1856 apud
2579 1801 2715 1854 quas
2739 1786 3008 1840 daemones
3037 1783 3282 1853 rugiunt,
3321 1767 3376 1836 et
3417 1781 3746 1835 habitatores

516 1895 620 1950 que
664 1877 936 1950 Scriptura
960 1875 1136 1936 divina
1165 1872 1267 1945 (IV
1300 1873 1425 1943 Reg.
1452 1873 1544 1936 xx)
1575 1872 1866 1942 principem
1895 1869 2081 1938 justis-

505 1974 710 2042 simum
741 1978 899 2038 atque
939 1967 1232 2036 piissimum
1274 1965 1581 2033 (Ezechiam
1613 1963 1754 2032 dico)
1794 1963 1877 2018 his
1906 1960 2081 2015 verbis

513 2041 800 2133 Dominum
828 2055 1112 2110 oﬂ‘endisse
1138 2055 1354 2109 indicat.
1380 2053 1673 2122 Postquam
1702 2053 1844 2106 enim
1876 2061 2080 2104 natura:

515 2149 908 2224 quodammodo
930 2148 1019 2217 jus
1055 2146 1310 2209 abstulit,
1355 2154 1409 2200 et
1446 2147 1632 2215 rapido
1666 2145 1794 2221 solis
1837 2144 2080 2197 discursu

515 2256 615 2312 pro
650 2240 800 2304 libitu
845 2253 942 2294 suo
979 2237 1244 2299 obviavit,
1276 2235 1612 2302 venientibus
1638 2235 1702 2288 de
1732 2234 1973 2304 prodigio
2003 2233 2082 2286 in-

519 2342 792 2402 terrogare
826 2338 1059 2385 externae
1101 2329 1275 2396 gentis
1312 2327 1532 2391 nuntiis,
1576 2343 1696 2388 cum
1729 2327 2082 2393 interrogare-

519 2433 608 2475 tur
642 2438 670 2475 a
707 2422 963 2490 propheta
1000 2419 1141 2472 unde
1172 2419 1416 2472 venerint
1444 2418 1546 2483 viri
1591 2417 1684 2480 illi,
1731 2431 1834 2469 non
1875 2424 1932 2468 ut
1965 2431 2083 2470 sese

519 2509 752 2583 habebat
777 2509 994 2582 veritas,
1023 2509 1088 2561 ad
1115 2508 1396 2573 Dominum
1419 2507 1853 2576 interrogandum
1878 2510 2083 2561 venisse

518 2613 614 2667 eos
639 2597 932 2672 respondit,
967 2599 1058 2662 sed
1096 2598 1328 2664 elatione
1359 2597 1645 2651 tumidiore
1671 2597 1932 2651 distentus
1960 2598 2036 2650 ait
2067 2615 2079 2650 :

519 2688 599 2765 De
617 2698 755 2758 terra
776 2688 1055 2760 longinqua
1075 2698 1321 2742 venerunt
1345 2689 1413 2742 ad
1434 2705 1533 2750 me,
1560 2689 1623 2741 de
1636 2688 1918 2758 Babylone,
1945 2689 2084 2757 quod

520 2795 589 2848 ne
614 2777 793 2850 forsan
829 2794 946 2833 meo
971 2795 1130 2848 sensu
1161 2779 1362 2851 dictum
1381 2820 1396 2845 ,
1427 2788 1484 2833 et
1512 2794 1617 2832 non
1647 2780 1968 2833 auctoritate
1993 2795 2082 2832 ar-

518 2871 719 2941 bitrere
762 2871 962 2934 divina,
1006 2871 1128 2924 audi
1175 2869 1368 2925 librum
1413 2870 1855 2940 Paralipomenon
1901 2871 2086 2925 dicen-

520 2970 628 3034 tem
662 2980 674 3013 :
703 2959 769 3014 In
798 2960 974 3028 diebus
997 2960 1099 3013 illis
1122 2961 1386 3029 a'grotauit
1406 2960 1654 3025 Ezechias
1672 2978 1834 3031 usque
1854 2962 1922 3030 ad
1949 2978 2086 3013 mor-

521 3061 641 3115 tem,
665 3061 713 3104 et
747 3052 907 3103 orarit
936 3050 1238 3115 Dominum,
1267 3051 1644 3120 exaudiritque,
1685 3061 1731 3104 et
1779 3051 1916 3104 dedit
1943 3052 1988 3102 ei
2017 3052 2087 3103 si-

2184 1875 2452 1946 V'igilantii
2486 1875 2695 1930 illorum
2720 1889 2778 1929 se
2801 1874 3000 1929 sentire
3028 1873 3366 1942 praesentiam
3393 1869 3748 1924 confitentur?

2183 1964 2486 2034 Sacrilegus
2511 1979 2652 2018 nunc
2677 1964 2932 2018 dicendus
2963 1971 3047 2016 est
3083 1971 3138 2015 et
3164 1961 3432 2030 Augustus
3462 1959 3746 2020 Arcadius,

2180 2055 2268 2124 qui
2300 2069 2421 2109 ossa
2454 2053 2594 2108 beati
2631 2051 2895 2106 Samuells
2938 2050 3093 2120 longe
3130 2057 3248 2119 post
3284 2058 3520 2118 tempore
3557 2048 3621 2103 de
3661 2047 3750 2101 Ju-

2182 2149 2293 2201 dma
2341 2146 2616 2200 transtulit
2661 2145 2711 2199 iu
2753 2143 3075 2198 Thraciam?
3122 2140 3590 2210 Omnesepiscopi
3644 2155 3747 2194 non

2181 2237 2351 2290 solum
2379 2235 2645 2304 sacrilegi,
2669 2234 2763 2288 sed
2783 2241 2836 2287 et
2863 2232 2992 2286 fatui
3015 2231 3310 2298 iudicandi,
3337 2231 3426 2301 qui
3459 2245 3568 2286 rem
3601 2231 3752 2284 vilis-

2181 2327 2392 2388 simam,
2425 2335 2479 2379 et
2504 2326 2712 2389 cineres
2752 2323 3062 2387 dissolutos,
3111 2331 3166 2377 et
3213 2323 3265 2376 in
3310 2322 3480 2376 serico
3521 2330 3575 2375 et
3621 2335 3751 2374 vase

2183 2431 2346 2471 aureo
2381 2415 2766 2486 portaverunt?
2811 2412 2967 2476 Stulti
2996 2414 3233 2467 omnium
3262 2412 3618 2469 Ecclesiarum
3654 2425 3752 2483 po-

2183 2509 2323 2579 puli,
2365 2509 2455 2577 qui
2485 2514 2839 2562 occurrerunt
2871 2505 3074 2560 sanctis
3102 2504 3362 2573 reliquiis,
3399 2512 3454 2556 et
3483 2511 3628 2556 tanta
3667 2504 3754 2555 la.»

2186 2601 2302 2654 titia
2333 2600 2486 2669 quasi
2515 2608 2829 2668 priesentem
2855 2598 3227 2664 viventemque
3253 2601 3536 2649 cernerent
3561 2610 3753 2649 susce-

2185 2699 2405 2760 perunt,
2447 2699 2504 2744 ut
2539 2691 2604 2743 de
2633 2689 2909 2742 Palaestina
2944 2703 3115 2757 usque
3142 2686 3529 2741 Cbalcedonem
3555 2685 3753 2756 junge-

2187 2791 2370 2836 rentur
2393 2781 2707 2850 populorum
2742 2780 3011 2841 examina,
3039 2785 3094 2832 et
3128 2778 3180 2830 in
3211 2777 3407 2832 Christi
3435 2777 3619 2831 laudes
3651 2793 3756 2830 una

2186 2891 2316 2930 voce
2349 2875 2694 2929 resonarent?
2730 2873 2988 2927 Videlicet
3027 2871 3319 2924 a-Yorabant
3363 2869 3673 2923 Samuelem
3704 2879 3757 2922 ct

2187 2982 2292 3020 non
2321 2965 2593 3020 Christum
2613 3005 2626 3028 ,
2667 2962 2816 3031 cujus
2841 2961 3054 3017 Samuel
3083 2970 3138 3014 et
3164 2960 3344 3014 Levita
3374 2968 3427 3014 et
3467 2960 3758 3030 prophetes

2190 3057 2304 3110 fuit.
2361 3055 2623 3109 Mortuum
2678 3053 2985 3123 suspicaris,
3041 3059 3095 3104 et
3143 3051 3340 3104 idcirco
3390 3048 3753 3117 blasphemas.

523 3156 702 3215 gnum,
733 3142 822 3194 sed
852 3158 952 3194 non
977 3142 1132 3210 juxta
1177 3142 1422 3208 beneﬁcia
1462 3159 1576 3212 quw
1611 3151 1894 3211 acceperat,
1940 3141 2082 3194 retri-

2185 3151 2324 3221 che
2351 3148 2691 3217 Evangelium
2721 3166 2732 3200 :
2761 3147 2897 3199 Deus
2922 3145 3205 3206 Abraham,
3240 3143 3375 3196 Deus
3403 3141 3578 3198 Isaac,
3615 3140 3760 3193 Deus

521 3231 630 3291 buit
661 3249 679 3286 :
708 3232 831 3301 quia
888 3231 1137 3283 eleuatum
1163 3240 1236 3282 est
1267 3247 1356 3304 cor
1375 3230 1486 3304 ejus
1506 3270 1521 3293 ,
1561 3241 1606 3283 et
1639 3231 1778 3298 facta
1803 3239 1877 3282 est
1903 3240 2083 3282 contra

521 3338 638 3374 eum
673 3309 860 3383 ira,iet
895 3329 1074 3373 contra
1112 3318 1310 3394 ludam
1355 3328 1402 3372 et
1440 3318 1805 3396 Hierusalem;
1846 3320 2086 3386 humilius

521 3420 703 3482 (usque
728 3421 801 3484 est
837 3420 1012 3482 postea
1041 3427 1099 3478 eo
1129 3409 1264 3480 quod
1294 3409 1578 3463 exaltatum
1625 3409 1804 3478 fuisset
1834 3427 1923 3463 cor
1947 3411 2081 3479 ejus,

521 3513 627 3581 tam
653 3503 759 3572 ipse
787 3517 941 3572 quant
961 3500 1273 3554 habitatores
1305 3499 1654 3565 Hierusalem,
1681 3510 1726 3553 et
1757 3500 1950 3570 idcirco
1981 3516 2084 3564 non

521 3593 655 3669 uenit
675 3609 830 3660 super
856 3608 941 3644 eos
970 3593 1050 3644 ira
1079 3591 1287 3644 Domini
1311 3591 1363 3644 in
1390 3591 1570 3644 diebus
1603 3591 1878 3655 Ezechiaz;
1901 3601 1954 3644 et
1981 3607 2084 3646 non

521 3693 642 3754 post
665 3683 829 3737 multa
858 3697 873 3735 :
915 3685 1153 3735 Attamen
1176 3683 1229 3734 in
1264 3680 1519 3750 legatione
1542 3682 1831 3751 principum
1856 3679 2086 3750 Babylo-

523 3777 603 3836 uis
652 3775 741 3845 qui
793 3774 938 3844 missi
990 3773 1201 3842 fuerant
1251 3774 1318 3826 ad
1341 3790 1458 3826 eum
1489 3782 1546 3826 ut
1598 3773 1975 3842 interrogarent
2022 3773 2086 3826 de

519 3875 762 3937 portento
825 3865 961 3934 quod
1012 3865 1271 3936 acciderat
1324 3879 1480 3932 super
1534 3873 1760 3927 terram,
1813 3861 2086 3932 dereliquit

519 3943 638 4030 eum
671 3954 811 4032 Deus
855 3967 910 4010 ut
959 3966 1268 4029 tentaretur,
1307 3965 1355 4009 et
1395 3965 1516 4009 nota
1547 3956 1728 4024 ﬁerent
1761 3956 1935 4010 omnia
1970 3969 2085 4024 qua:

519 4055 669 4122 erant
718 4047 769 4100 in
817 4047 969 4101 corde
1007 4048 1121 4116 ejus
1171 4045 1269 4119 (Il
1332 4045 1458 4099 Par.
1509 4045 1719 4114 χχχιι).
1784 4045 1899 4102 Non
1958 4058 2086 4114 ergo

520 4153 614 4204 eos
655 4138 721 4192 ad
768 4153 855 4204 me
905 4137 1113 4192 venisse
1163 4137 1424 4201 dixerim,
1467 4137 1559 4205 qui
1596 4121 1702 4190 non
1752 4136 1853 4190 mei
1901 4151 2082 4195 causa,

522 4229 615 4283 sed
668 4229 852 4307 salutis
903 4245 1044 4294 sum,
1107 4229 1302 4284 szeeulo
1352 4230 1810 4284 renuntiaverunt.
1865 4228 1978 4282 Non
2019 4209 2084 4280 ad

521 4334 608 4392 me
654 4335 747 4374 eos
777 4318 1080 4391 confugisse
1113 4335 1345 4388 unquam
1378 4319 1586 4373 fatebor
1612 4359 1628 4382 ,
1675 4319 1816 4388 quod
1847 4327 1928 4373 est
1966 4333 2087 4388 pro-

522 4412 638 4488 prie
676 4411 1026 4483 superberum
1077 4418 1130 4464 et
1177 4412 1258 4464 sui
1300 4412 1532 4466 nominis
1565 4410 1802 4466 favorem
1838 4427 2076 4480 quzeren-

525 4477 655 4579 lium
678 4540 693 4564 ,
723 4477 857 4574 quos
881 4477 1166 4570 Apostolus
1186 4499 1298 4568 jam
1327 4501 1526 4555 dudum
1548 4509 1724 4564 notat,
1765 4511 1821 4556 et
1850 4477 2080 4571 pseudo-
2109 4477 2160 4544 D

521 4591 756 4664 christos
787 4592 1055 4660 nominat,
1087 4593 1176 4661 qui
1208 4593 1260 4646 in
1297 4593 1398 4648 hoc
1431 4593 1678 4648 laborant
1707 4603 1766 4648 ut
1797 4595 2086 4664 discipulos

523 4690 643 4752 post
677 4697 735 4737 se
776 4683 1043 4737 adducant
1071 4682 1154 4752 (11
1184 4681 1304 4737 Cor.
1343 4681 1440 4754 χι).
1483 4683 1593 4737 Non
1620 4699 1749 4754 ergo
1777 4699 1951 4738 meam
1986 4699 2084 4754 ego

523 4761 590 4826 ab
618 4773 697 4828 eis
721 4773 875 4843 exigo
900 4773 1230 4838 servitutem,
1259 4773 1381 4843 quia
1409 4789 1500 4827 eos
1527 4774 1579 4827 in
1608 4774 1933 4828 monasterio
1965 4774 2087 4828 reti-

524 4877 646 4923 neo,
679 4861 773 4916 sed
808 4867 867 4914 ut
899 4875 929 4913 a
961 4875 1044 4914 me
1075 4870 1129 4914 et
1153 4860 1221 4914 ab
1244 4862 1323 4915 eis
1361 4871 1545 4916 noster
1573 4862 1902 4932 compleatur
1931 4853 2081 4927 ordo,

522 4952 788 5006 contendo
811 4970 822 5004 :
848 4965 954 5030 quo
981 4959 1156 5011 autem
1179 4951 1363 5008 favore
1385 4951 1740 5023 Hieronymus
1763 4970 1931 5008 sacra:
1960 4955 2090 5022 legis

523 5045 808 5114 interpres,
841 5051 913 5109 et,
942 5051 1002 5096 ut
1025 5045 1095 5098 ita
1123 5043 1321 5110 dicam,
1353 5043 1670 5099 bibliotheca
1698 5047 1884 5099 matris
1910 5046 2092 5112 Eccle-

522 5132 638 5196 siae,
663 5141 957 5202 martyrum
981 5148 1203 5202 corpora
1231 5121 1634 5203 complectatur,
1661 5144 1713 5188 et
1737 5144 1920 5190 contra
1945 5137 2091 5190 obla-

522 5231 750 5277 trantem
794 5214 1165 5298 Consuetudini
1211 5223 1588 5288 ecclesiasticae
1635 5227 2088 5295 consanguineum

521 5298 670 5368 luunt
703 5320 758 5366 et
789 5297 1022 5382 nequitia
1047 5297 1255 5380 parem,
1289 5326 1392 5378 qua
1418 5315 1736 5382 auctoritate
1771 5327 1955 5370 eorum
1990 5316 2086 5368 ho-

524 5418 708 5456 norem
752 5389 1033 5478 defendat,
1073 5403 1195 5456 audi
1239 5419 1251 5454 :
1291 5414 1315 5441 ⁸
1346 5401 1438 5475 illo
1474 5405 1616 5458 enim
1655 5404 1869 5458 dicente
1903 5423 1915 5457 :
1951 5403 2087 5470 Quid

527 5508 748 5547 necesse
777 5503 858 5547 est
887 5502 1035 5548 tanto
1065 5494 1266 5546 honore
1303 5507 1408 5565 non
1453 5495 1620 5548 solum
1660 5496 1925 5549 honorare
1946 5535 1960 5556 ,
1996 5495 2087 5548 sed

522 5585 685 5662 etiam
711 5586 952 5648 adorare,
978 5584 1104 5636 illud
1133 5584 1311 5636 nescio
1338 5583 1463 5650 quid
1491 5584 1628 5652 quod
1657 5585 1706 5638 in
1736 5583 1944 5653 modico
1972 5591 2092 5654 vas-

597 5711 624 5739 ιι
658 5699 1015 5769 Hieronymus
1038 5708 1220 5753 contra
1252 5697 1612 5770 Vigilantium.

2184 3241 2347 3294 Jacob
2377 3255 2394 3290 :
2425 3257 2526 3292 non
2552 3249 2626 3292 est
2657 3237 2793 3290 Deus
2816 3246 3159 3297 mortuorum,
3188 3233 3275 3286 sed
3302 3233 3529 3286 riturum
3554 3229 3756 3301 (Ex-od.

2185 3347 2280 3395 Ill;
2315 3329 2502 3382 Matth.
2544 3329 2697 3397 xvii).
2740 3327 2908 3390 Audi,
2949 3337 3150 3394 quaeso,
3185 3323 3628 3398 consuetudinem
3656 3363 3670 3385 ,
3710 3330 3764 3374 et

2185 3421 2464 3490 antiquunm
2489 3427 2686 3472 sancta:
2707 3417 2960 3470 ECCleSlIB
2985 3423 3208 3477 marem,
3239 3423 3292 3468 et
3323 3413 3424 3466 noli
3455 3410 3760 3480 transgredi

2187 3514 2447 3566 terminos
2473 3527 2606 3582 quos
2632 3518 2927 3580 posuerunt
2957 3517 3140 3578 patres
3175 3508 3251 3561 tui
3279 3506 3458 3577 (Prov.
3498 3504 3662 3576 χχιι),
3697 3521 3765 3558 ne

2185 3601 2367 3655 forsan
2391 3601 2479 3670 qui
2514 3601 2732 3654 humilia
2758 3615 2940 3653 eorum
2967 3598 3289 3667 despiciens,
3317 3597 3382 3650 ad
3406 3595 3509 3649 alta
3543 3596 3642 3648 tibi
3671 3610 3766 3646 vo-

2186 3694 2296 3748 lare
2322 3693 2538 3757 videris,
2565 3708 2670 3761 quo
2701 3691 2860 3744 altius
2899 3689 3034 3758 apud
3067 3689 3402 3756 temetipsum
3431 3681 3762 3745 sublevaris,

2183 3800 2250 3840 co
2295 3783 2608 3853 profundius
2648 3799 2678 3835 a
2725 3783 3037 3834 damnatore
3084 3777 3498 3847 superbientium
3543 3775 3595 3827 in
3656 3775 3766 3828 ima

2186 3872 2375 3926 tartari
2426 3871 2776 3941 demergaris.
2833 3869 2927 3923 His
2978 3868 3120 3923 enim
3179 3865 3366 3920 instrui
3418 3863 3767 3917 documentis

2185 3965 2390 4034 poteris
2425 3961 2493 4034 (si
2523 3963 2669 4017 laevas
2695 3961 2891 4016 duritia
2933 3977 3038 4016 non
3069 3958 3341 4014 obstiterit
3375 3956 3588 4022 mentis)
3631 3956 3766 4025 quia

2188 4056 2240 4108 in
2279 4055 2621 4109 veneratione
2655 4061 2958 4107 sanctarum
2994 4050 3333 4118 reliquiarum
3368 4063 3398 4102 a
3436 4055 3621 4104 sancta
3666 4047 3772 4100 Ec-

2187 4145 2347 4201 clesia
2384 4143 2630 4199 Christus
2669 4145 2925 4198 adoratur
2961 4142 3326 4196 sanctiﬁcator
3361 4146 3413 4193 et
3454 4137 3773 4192 viviticator

2188 4252 2391 4290 earum.
2441 4235 2496 4288 In
2535 4235 2753 4288 homilia
2801 4235 2866 4288 de
2908 4233 3236 4288 Ascensione
3274 4229 3480 4284 Domini
3519 4226 3773 4282 Joannes

2187 4331 2642 4400 Chrysostomus:
2683 4326 2905 4394 Quando
2951 4326 3015 4380 de
3061 4339 3220 4378 cruce
3270 4331 3448 4377 nostra
3492 4321 3778 4390 processit

2190 4420 2384 4481 oratio,
2419 4417 2548 4472 foris
2586 4418 2853 4472 civitatem
2885 4415 3275 4470 solemnitatem
3306 4412 3671 4475 celebramus,
3718 4420 3779 4466 et

2188 4524 2328 4564 nunc
2351 4509 2564 4579 quando
2589 4508 2653 4563 de
2674 4507 2926 4562 Crucilixi
2951 4505 3264 4560 ascensione
3282 4511 3594 4561 tractamus.
3623 4517 3778 4572 prte-

2187 4600 2389 4653 clarum
2420 4599 2559 4654 diem
2584 4606 2638 4656 et
2663 4598 2807 4652 omni
2832 4596 3011 4650 laetitia
3037 4602 3430 4654 coruscantem,
3463 4590 3596 4644 lines
3631 4591 3782 4646 civi—

2189 4689 2314 4741 tatis
2353 4688 2583 4757 cgressi,
2623 4701 2828 4740 summa
2857 4700 2976 4739 cum
3015 4684 3368 4754 gratulatione
3393 4681 3778 4744 celebramus,

2186 4785 2241 4830 et
2267 4791 2369 4830 non
2395 4777 2462 4830 ad
2485 4775 2856 4831 contumeliam
2884 4774 3139 4837 civitatis,
3171 4773 3263 4837 sed
3292 4773 3355 4827 ad
3379 4772 3638 4825 honorem
3671 4771 3785 4824 ob-

2191 4875 2434 4920 servatur
2475 4875 2812 4928 sanctorum,
2864 4879 2932 4918 ne
2978 4879 3072 4918 eos
3114 4878 3274 4917 causa
3318 4859 3782 4916 dissimulationis

2195 4966 2447 5010 accusent
2466 4999 2479 5020 ,
2511 4957 2747 5010 dicentes
2776 4974 2787 5006 :
2817 4954 2957 5020 Quot
2981 4970 3076 5024 pro
3103 4953 3324 5007 Domino
3353 4951 3616 5004 sensimus
3646 4959 3782 5005 tor-

2195 5048 2414 5100 menta?
2435 5047 2751 5100 Vexantium
2783 5046 3025 5100 manibus
3045 5045 3289 5098 universa
3311 5052 3493 5096 nostra
3517 5041 3782 5094 videmus

2191 5153 2312 5191 ossa
2362 5152 2522 5190 carne
2570 5137 2786 5199 nudata,
2835 5136 3104 5203 patientia:
3151 5145 3345 5187 nostra:
3385 5141 3555 5187 tortor
3597 5133 3784 5186 cessit

2195 5228 2396 5291 iratus,
2451 5227 2634 5281 libenti
2687 5226 2859 5280 anima
2903 5241 2999 5295 pro
3043 5223 3258 5280 Christo
3306 5233 3488 5278 noster
3537 5223 3780 5290 sanguis

2193 5314 2391 5368 etfusus
2417 5326 2528 5380 est,
2567 5316 2743 5370 decisa
2781 5315 2953 5383 capita
2990 5322 3110 5370 sunt
3145 5330 3240 5381 pro
3272 5314 3386 5382 ejus
3413 5313 3608 5383 gloria;
3642 5313 3784 5366 haec

2195 5407 2370 5467 omnia
2397 5406 2688 5458 meruimus
2713 5405 2998 5466 sustinere,
3030 5418 3127 5456 nec
3154 5403 3526 5472 mysteriorum
3558 5414 3778 5454 arcana

2194 5495 2247 5546 in
2272 5495 2471 5550 nostris
2496 5494 2850 5547 tabernaculis
2874 5493 3228 5547 celebrantur.
3257 5493 3398 5555 Ideo,
3423 5491 3784 5547 dilectissimi

2196 5584 2414 5658 fratres,
2454 5585 2609 5638 hodie
2631 5585 2700 5636 ad
2737 5583 2849 5638 loca
2869 5575 3225 5638 convenimus
3253 5586 3529 5642 beatorum
3558 5593 3786 5654 many-
