4030 6190
352 365 456 418 575
944 324 955 329 “
1404 369 1490 424 m3
1527 365 1754 424 CULTU
1793 361 2155 419 macmuu.
2202 394 2270 403 —
2303 364 2429 419 us.
2472 366 2554 420 tu.

3472 360 3575 414 37$

350 491 497 540 mm,
533 475 601 528 ad
639 482 948 529 sanctorum
982 476 1285 532 habitacula
1321 476 1666 541 festinamus,
1698 486 1758 531 ut
1786 492 1913 531 con-
1940 474 1991 534 A
2020 495 2040 527 ‹
2075 477 2376 561 dalizaverit
2408 497 2566 533 unum
2592 478 2655 533 de
2682 477 2885 548 pusillis
2911 477 3022 531 istis
3045 475 3132 547 qui
3158 476 3211 530 in
3238 490 3318 530 me
3338 478 3573 544 credunt,

350 576 533 621 ventus
560 575 743 620 noster
766 567 1001 636 ipsorum
1024 583 1235 637 quoque
1258 568 1538 637 praesentia
1565 567 1760 621 clarior
1791 566 1910 621 red—

351 658 579 712 deretur.
611 656 727 711 Non
753 658 894 711 enim
933 659 984 711 in
1024 658 1126 712 hoc
1164 659 1375 713 theatro
1404 667 1609 712 tantum
1649 664 1911 727 martyres

350 753 603 817 przesunt,
637 746 730 799 sed
770 746 1080 816 angelorum
1119 746 1372 801 instantia
1416 747 1565 801 locus
1605 747 1907 809 decoratur,

351 851 469 889 nam
503 843 558 889 et
593 835 766 905 angeli
794 818 1048 904 praesunt.
1084 834 1153 890 Et
1191 836 1235 889 si
1268 843 1532 906 martyres
1555 836 1739 890 videre
1771 836 1914 890 desi—

351 926 522 989 deras,
552 925 598 979 si
627 924 847 994 angelos
874 926 1024 994 cupis
1060 925 1343 996 inspicere,
1377 926 1523 996 aperi
1557 925 1738 981 oculos
1765 925 1910 989 ﬁdei,

350 1022 399 1066 et
420 1013 548 1067 illud
575 1014 669 1067 tibi
698 1015 969 1068 theatrum
995 1014 1149 1069 facile
1178 1016 1572 1070 demonstratur
1597 1030 1612 1068 :
1642 1031 1764 1069 nam
1790 1031 1911 1069 cum

351 1106 399 1157 in
436 1106 581 1158 omni
625 1120 749 1160 aere
787 1106 1104 1177 angelorum.
1135 1087 1419 1171 multitudo
1448 1115 1710 1171 versetur,
1749 1107 1915 1162 multo

341 1197 514 1267 magis
534 1200 587 1250 in
609 1198 859 1261 ecclesia,
883 1199 1047 1252 multo
1071 1200 1298 1270 amplius
1320 1200 1579 1255 hodierno
1600 1201 1685 1254 die
1702 1203 1915 1270 quando

347 1304 529 1342 comm
559 1290 816 1345 Dominus
843 1291 1083 1345 ascendit
1109 1292 1161 1344 in
1186 1293 1400 1346 coelum.
1426 1291 1493 1345 Et
1521 1300 1580 1345 ut
1607 1292 1747 1346 scias
1774 1294 1916 1361 quod

348 1378 517 1448 angeli
558 1379 754 1448 ubique
796 1389 1099 1446 versantur,
1141 1382 1262 1435 audi
1311 1383 1439 1451 quid
1486 1378 1675 1437 beatus
1721 1381 1917 1436 Paulus

349 1467 573 1522 femineo
595 1470 782 1539 pudori
806 1472 1120 1541 przecipiens
1144 1477 1220 1526 ait
1244 1491 1257 1525 :
1292 1473 1485 1527 Debent
1510 1472 1746 1527 mulieres
1780 1472 1917 1527 uela-

348 1577 454 1613 men
480 1560 690 1623 habere,
720 1572 927 1632 propter
955 1562 1183 1631 angelos,
1214 1581 1366 1633 super
1388 1574 1542 1633 caput
1576 1563 1627 1635 (Ι
1656 1561 1775 1617 Cor.
1802 1561 1911 1634 1|);

348 1636 395 1703 et
421 1648 616 1702 iterum
649 1647 814 1704 Jacob
844 1669 856 1703 :
890 1650 1133 1720 Angelus,
1159 1652 1252 1716 ait,
1280 1653 1369 1722 qui
1395 1669 1473 1710 me
1507 1652 1740 1705 liberavit
1766 1670 1798 1706 a
1824 1652 1917 1721 ju-

347 1749 545 1794 rentute
569 1756 684 1794 mea
712 1739 863 1811 (Gen.
891 1740 1098 1811 XLVIII).
1142 1742 1208 1796 Et
1248 1742 1322 1796 illi
1361 1743 1450 1811 qui
1481 1759 1602 1797 cum
1639 1743 1915 1813 apostolis,

348 1839 519 1894 erant,
547 1831 700 1883 aiunt
731 1816 813 1884 ad'
835 1829 1060 1885 Rhodon
1093 1849 1106 1883 :
1140 1831 1361 1902 Angelus
1390 1832 1505 1901 ejus
1539 1843 1613 1887 est
1645 1832 1911 1905 (Act.xu).
1943 1821 1991 1880 Β

349 1921 408 1975 Et
428 1918 627 1974 Iacob:
654 1918 791 1986 Vidi,
814 1920 1004 1989 inquit,
1029 1931 1202 1974 castra
1222 1921 1523 1991 angelorum
1544 1919 1696 1993 (Gen.
1720 1923 1913 1992 xxxn).

347 2011 409 2065 Et
448 2011 651 2066 merito
692 2010 1001 2081 angelorum
1048 2020 1224 2067 castra
1267 1993 1588 2066 videbantur
1627 2013 1679 2067 in
1720 2020 1860 2067 terra
1900 2032 1913 2066 :

350 2119 465 2157 nam
496 2103 639 2157 sicut
660 2102 999 2172 imperatoris
1022 2103 1207 2172 optimi
1235 2104 1396 2159 urbes
1420 2119 1625 2169 omnes,
1657 2106 1919 2161 universa:

347 2196 620 2258 civitates,
662 2194 880 2248 castella
920 2195 1156 2265 singula,
1204 2209 1365 2248 manu
1408 2194 1627 2249 militari
1664 2196 1922 2252 adversus

351 2291 595 2345 hostilem
634 2289 948 2343 muniuntur
986 2278 1307 2352 adventum,
1350 2295 1405 2343 et
1443 2289 1620 2343 omnia
1654 2288 1769 2344 loca
1802 2289 1920 2344 dili-

350 2389 539 2451 genter
560 2386 859 2443 armantur,
890 2392 956 2432 ne
978 2378 1258 2433 barbarica
1285 2378 1589 2434 incursione
1620 2379 1914 2445 deleantur,

350 2472 416 2525 ita
464 2479 524 2525 et
568 2470 738 2533 Deus,
779 2469 1033 2539 quoniam
1078 2467 1360 2524 barbarica
1402 2476 1458 2523 et
1499 2470 1696 2540 agresti
1740 2480 1919 2527 mente

354 2564 623 2634 rapientes
651 2564 919 2618 dzcmones
944 2562 1009 2616 ad
1040 2563 1188 2631 pacis
1221 2564 1552 2618 eversionem
1579 2566 1775 2636 ubique
1804 2580 1921 2620 ver-

354 2665 562 2721 santur,
607 2656 672 2710 ad
709 2654 926 2709 tutelam
961 2661 1198 2708 nostram
1228 2654 1500 2709 constituit
1527 2655 1795 2711 exercitus
1823 2671 1919 2710 an-

352 2747 616 2819 gelorum,
636 2752 697 2799 ut
720 2760 906 2800 eorum
926 2744 1209 2814 praesentia
1232 2745 1530 2800 diemonum
1551 2745 1920 2819 confringatur
1968 2765 1971 2767 ’

355 2837 597 2899 audacia,
635 2844 691 2891 et
724 2848 819 2905 per
858 2850 950 2890 eos
990 2835 1141 2889 nobis
1172 2836 1321 2905 pacis
1358 2836 1527 2906 gratia
1562 2837 1915 2892 ministretur.

359 2926 518 2982 Vides
554 2927 695 2996 quod
734 2924 906 2997 angeli
940 2933 1207 2995 praesunt,
1253 2926 1510 2979 assistunt
1547 2934 1828 2997 martyres,
1866 2934 1921 2980 et

356 3022 553 3090 ubique
582 3022 735 3076 nobis
769 3029 1139 3091 praeparantur
1168 3020 1393 3080 auxilia;
1433 3021 1559 3090 quid
1587 3022 1727 3076 enim
1760 3023 1919 3077 mise-

358 3114 466 3169 rius
494 3122 576 3169 est
610 3114 719 3169 illis
746 3115 837 3185 qui
864 3123 1183 3170 conventum
1215 3115 1374 3170 istum
1410 3115 1743 3186 splendidum
1769 3116 1923 3173 dere-

2016 589 2034 621 ‹
2070 571 2271 641 expedit
2294 572 2339 624 ei
2363 580 2419 624 ut
2439 569 2783 639 suspendatur
2803 566 2940 622 mola
2962 566 3194 621 asinaria
3214 567 3268 620 in
3289 565 3419 621 collo
3440 567 3572 636 ejus,

2015 679 2034 710 ‹
2070 669 2117 715 et
2144 659 2473 729 demergatur
2497 660 2553 712 in
2590 657 2905 729 profundum
2937 657 3119 721 maris,
3154 672 3312 727 quam
3342 668 3397 711 ut
3426 675 3577 712 scan-

2017 766 2036 797 ι
2071 747 2260 801 dalizet
2301 765 2462 801 unum
2508 747 2572 800 de
2613 745 2816 816 pusillis
2856 747 2970 801 istis
3010 747 3099 816 qui
3142 748 3196 801 in
3241 764 3322 801 me
3362 749 3576 802 credunt

2018 857 2035 889 ‹
2072 837 2282 910 (Matth.
2314 854 2476 903 xvut;
2507 838 2677 892 Marc.
2706 835 2820 907 1x)?
2848 856 2865 888 ι
2898 837 3190 905 Divipitate
3214 839 3464 909 propitia,
3494 855 3577 894 re-

2013 928 2086 980 tia
2118 934 2207 980 tua
2246 926 2443 982 frustra
2481 935 2607 980 ante
2642 926 2856 981 nostros
2885 926 3067 981 oculos
3098 925 3302 995 jactata
3337 930 3576 984 transili-

2013 1033 2153 1083 mus,
2180 1017 2303 1086 quia
2333 1018 2655 1072 auctoritate
2680 1014 2963 1086 multiplici
2995 1025 3247 1086 tanquam
3270 1012 3461 1088 pennze
3487 1020 3580 1074 ad-

2007 1110 2209 1180 jutorio
2253 1108 2368 1164 fulti
2425 1108 2784 1163 sublevamur.
2838 1110 2997 1163 Juxta
3047 1109 3378 1181 superiorem
3432 1111 3577 1164 enim

2014 1200 2228 1254 modum
2257 1188 2641 1268 respondemus
2675 1200 2817 1269 quod
2858 1199 2936 1253 eis
2966 1199 3055 1267 qui
3101 1212 3208 1268 quo
3239 1213 3461 1269 pergere
3490 1215 3579 1255 vo.

2014 1288 2211 1345 luerint
2249 1290 2496 1344 libertate
2537 1297 2779 1354 utuntur,
2830 1289 2875 1343 si
2917 1288 2998 1344 eis
3035 1290 3183 1344 cordi
3229 1298 3311 1345 est
3353 1289 3580 1346 Romam

2013 1397 2235 1455 pergere
2278 1382 2593 1451 tumbasque
2639 1388 2950 1436 sanctorum
2996 1380 3146 1434 adire
3192 1379 3578 1451 apostolorum,

2015 1488 2178 1529 causa
2221 1471 2586 1527 deflendorum
2630 1478 2875 1526 reatuum
2915 1471 3286 1541 propriorum,
3332 1479 3387 1525 et
3430 1468 3580 1526 cdm-

2016 1564 2373 1619 mendatiores
2398 1578 2496 1631 per
2519 1562 2635 1616 inec
2663 1576 2722 1615 se
2756 1561 2975 1615 reddere
3002 1560 3213 1640 Domini
3250 1559 3578 1630 conspectui,

2016 1671 2122 1710 non
2150 1653 2321 1708 solum
2348 1668 2452 1707 non
2481 1652 2724 1707 inutilem
2745 1651 3051 1721 judicamus
3075 1650 3232 1705 talem
3263 1648 3466 1716 actum,
3489 1650 3584 1705 sed

2016 1753 2067 1801 et
2114 1744 2268 1799 valde
2312 1752 2561 1813 putamus
2601 1741 2920 1812 proficuum.
2970 1741 3171 1796 Favent
3213 1757 3474 1813 namque,
3525 1749 3584 1796 ut

2017 1837 2222 1907 praefati
2251 1851 2456 1901 sumus,
2487 1844 2685 1890 nostra:
2709 1835 2965 1904 opinioni,
2993 1850 3096 1889 non
3128 1836 3287 1890 modo
3314 1836 3582 1890 institutio

2020 1929 2261 1993 Patrum,
2288 1929 2381 1983 sed
2402 1936 2458 1983 et
2476 1927 2694 1984 oracula
2721 1926 3024 1981 divinorum
3058 1925 3409 1995 eloquiorum,
3427 1924 3580 1994 juxta

2018 2023 2158 2092 quod
2191 2019 2425 2075 Joannes
2460 2019 2847 2090 besostomus
2891 2017 2942 2071 in
2990 2016 3309 2072 allocutione
3350 2016 3580 2071 Actunm

2018 2111 2378 2182 apostolorum
2408 2110 2654 2165 hortatur
2681 2127 2693 2162 :
2724 2107 2989 2163 Caeterum
3022 2113 3079 2162 et
3103 2106 3156 2160 in
3194 2107 3348 2162 nobis
3382 2107 3425 2162 si
3461 2107 3582 2177 quis

2019 2202 2238 2257 claudus
2271 2210 2382 2265 est,
2423 2199 2469 2255 si
2506 2199 2629 2269 quis
2668 2197 2879 2263 luscus,
2916 2196 2962 2251 si
3002 2196 3122 2265 quis
3162 2194 3352 2251 debilis
3381 2204 3492 2261 est,
3527 2196 3581 2249 in

2021 2276 2275 2363 templum
2306 2292 2508 2347 intrare
2535 2306 2638 2345 non
2663 2298 2859 2361 potest,
2891 2288 2987 2345 sed
3013 2288 3139 2343 licet
3164 2287 3365 2343 debiles
3391 2288 3577 2351 simus,

2020 2384 2418 2455 interpellemus
2443 2383 2660 2438 Petrum
2690 2389 2744 2437 et
2768 2379 3027 2437 Joannem
3047 2422 3062 2448 ,
3094 2380 3169 2435 illi
3201 2381 3353 2435 nobis
3380 2379 3582 2434 dabunt

2021 2494 2254 2547 manum,
2278 2476 2353 2531 illi
2378 2490 2476 2531 nos
2498 2474 2872 2541 sublevabunt,
2893 2482 2949 2530 et
2968 2482 3248 2545 postquam
3275 2472 3391 2527 sani
3419 2471 3582 2528 fueri-

2019 2584 2158 2633 mus,
2191 2575 2318 2622 tunc
2346 2566 2640 2637 poterimus
2675 2564 2928 2636 templum
2953 2563 3178 2634 ingredi.
3209 2562 3378 2619 Porro
3402 2568 3580 2618 autem

2022 2674 2115 2714 eos
2156 2673 2291 2728 quos
2327 2658 2379 2712 in
2419 2665 2602 2712 nostro
2628 2655 2951 2721 etenobiolo,
2988 2671 3093 2710 non
3139 2670 3253 2725 ego.
3299 2655 3392 2709 sed
3430 2668 3582 2709 amor

2021 2749 2223 2805 Christi
2251 2744 2462 2811 retine‘t,
2485 2748 2606 2803 ideo
2633 2762 2739 2800 non
2770 2746 3092 2811 scandalizo,
3119 2746 3244 2814 quia
3267 2745 3418 2815 juxta
3442 2759 3583 2815 prte-

2023 2838 2189 2893 fatum
2218 2853 2478 2893 canonem
2504 2836 2912 2907 regularemque
2931 2837 3326 2901 auctoritatem,
3351 2850 3454 2890 non
3475 2835 3582 2890 huc

2023 2930 2251 3001 illucque
2280 2930 2435 2986 nobis
2460 2929 2771 2986 conceditur
2794 2928 3021 3000 vagandi
3047 2928 3339 2993 discursus,
3371 2926 3462 2983 sed
3497 2941 3581 2982 se-

2023 3029 2329 3092 questratns
2356 3021 2663 3094 imperatur
2688 3033 2949 3074 secessus.
2985 3019 3091 3091 Ipsi
3128 3034 3357 3090 namque
3385 3019 3578 3074 molam

2024 3112 2312 3169 asinariam
2347 3111 2461 3183 jam
2498 3110 2696 3166 dudtrm
2741 3110 3023 3180 reliquisse
3062 3125 3118 3165 se
3157 3096 3412 3181 gaudent,
3453 3110 3581 3179 quia

354 3203 634 3273 linquunt?
672 3203 738 3258 Et
762 3171 895 3274 quid
922 3203 1074 3259 vobis
1097 3203 1307 3259 beatius
1335 3171 1454 3269 est:
1478 3206 1577 3274 qui
1610 3206 1677 3261 ad
1716 3214 1919 3260 tantam
1947 3171 1991 3232 C
2021 3203 2301 3259 circuitum
2345 3171 2624 3257 laboriosae
2649 3201 2793 3266 vitae,
2819 3171 3035 3256 Cbristo
3074 3171 3325 3271 provpitio,
3373 3171 3579 3256 mecum

356 3293 747 3349 solemnitatem
773 3309 1059 3363 properare
1088 3293 1367 3350 voluistis?
1402 3295 1507 3350 Sed
1532 3303 1586 3351 et
1609 3294 1918 3367 Gregorius,

356 3389 558 3438 sanctie
589 3383 838 3438 Ecclesia
860 3384 1010 3454 quasi
1042 3384 1309 3455 singulare
1331 3394 1384 3440 et
1414 3386 1737 3457 praecipuum
1762 3388 1922 3443 decus

357 3475 695 3546 eloquentia,
723 3490 820 3529 nec
855 3491 959 3530 non
988 3474 1244 3530 Romanae
1272 3477 1412 3531 sedis
1439 3476 1605 3547 gloria
1644 3487 1765 3548 post
1797 3480 1923 3534 bea-

359 3574 468 3619 tum
494 3564 731 3630 Petrum,
754 3566 806 3619 in
832 3565 968 3621 libro
990 3565 1351 3636 Dialogorum,
1374 3568 1499 3637 quid
1520 3568 1586 3623 de
1610 3572 1924 3639 corporibus

358 3656 779 3726 patrociniisque
812 3665 1116 3713 sanctorum
1147 3658 1377 3723 sentiat,
1416 3659 1500 3714 his
1536 3668 1586 3714 te
1622 3662 1798 3715 verbis
1838 3662 1921 3715 in-

358 3756 552 3803 struat.
590 3747 777 3804 Petrus
804 3766 821 3804 :
846 3750 1106 3817 Quidnam
1130 3766 1247 3806 esse
1273 3751 1500 3806 dicimus
1523 3754 1664 3822 quod
1690 3751 1923 3824 plerum-

360 3855 464 3910 que
499 3841 553 3894 in
591 3840 720 3910 ipsis
758 3855 968 3911 quoque
1008 3842 1316 3911 patrociniis
1360 3852 1651 3914 martyrum
1689 3844 1768 3899 sic
1806 3860 1923 3899 esse

361 3934 639 3996 sentimus,
665 3940 723 3986 ut
744 3949 845 3987 non
872 3941 1018 3989 tanta
1040 3948 1134 4003 per
1158 3949 1254 3988 sua
1275 3948 1522 4004 corpora,
1543 3942 1741 4004 quanta
1762 3936 1925 3990 bene-

364 4022 484 4077 ﬁcia
512 4038 612 4093 per
638 4022 888 4092 reliquias
911 4024 1212 4087 ostendant,
1242 4032 1401 4093 atque
1421 4024 1525 4079 illic
1545 4024 1744 4094 majora
1772 4027 1921 4097 signa

359 4114 589 4183 iaciant,
633 4113 722 4167 ubi
765 4113 983 4168 minime
1022 4130 1118 4184 per
1159 4115 1473 4185 semetipsos
1504 4115 1724 4186 jacent?
1767 4114 1919 4187 Greg.

367 4205 469 4260 Ul'i
513 4205 568 4258 in
609 4204 719 4258 suis
755 4204 1065 4274 corporibus
1094 4204 1267 4260 sancti
1293 4202 1790 4274 martyrcsjacent,
1829 4205 1925 4260 du-

366 4296 534 4357 bium,
561 4294 742 4360 Petre,
766 4310 869 4349 non
891 4303 973 4349 est
993 4295 1133 4365 quod
1160 4294 1325 4348 multa
1344 4293 1555 4348 valeant
1577 4294 1726 4365 signa
1749 4304 1926 4351 osten-

367 4386 513 4449 dere,
555 4386 695 4440 sicut
732 4392 786 4440 et
828 4384 1049 4449 faciunt,
1090 4393 1144 4439 et
1179 4399 1312 4455 pura
1354 4386 1925 4453 mente’quaerentibus

2019 3301 2323 3358 evaserunt,
2349 3308 2507 3370 quem
2536 3293 2709 3347 adhuc
2732 3292 2986 3358 retinent,
3016 3291 3083 3346 de
3107 3291 3299 3362 quibus
3327 3291 3526 3347 dicitur
3557 3308 3571 3345 :

2017 3385 2075 3440 in
2103 3385 2329 3441 circuitu
2360 3384 2509 3454 impii
2548 3383 2822 3438 ambulant
2848 3382 3020 3453 (Psal.
3047 3385 3146 3454 χι).
3190 3380 3332 3438 Sane
3362 3381 3582 3454 profun~

2020 3478 2146 3531 dum
2181 3475 2344 3530 maris
2379 3490 2478 3530 nos
2502 3474 2737 3530 evasisse
2763 3469 3115 3544 gratulamur,
3145 3472 3268 3543 quia
3310 3473 3406 3527 reti
3446 3488 3573 3543 apo-

2020 3565 2207 3621 stolico
2232 3580 2261 3619 a
2292 3563 2612 3619 turbulentis
2641 3563 2820 3618 szeculi
2849 3563 3185 3632 emnosisque
3211 3560 3459 3617 fluctibus
3487 3579 3582 3617 νοω

2020 3654 2279 3724 luptatum
2308 3652 2467 3717 elati,
2499 3661 2659 3722 atque
2683 3653 2749 3708 ad
2776 3651 2927 3706 littus
2960 3650 3337 3707 monasteriale
3365 3651 3577 3706 tandem

2021 3745 2261 3799 videmur
2284 3743 2527 3808 adducti,
2566 3758 2672 3814 quo
2704 3751 2758 3797 et
2790 3743 3042 3798 Dominus
3070 3743 3297 3813 primum
3328 3741 3474 3796 illum
3499 3743 3582 3812 pi-

2021 3844 2199 3890 scatus
2227 3841 2342 3900 est,
2378 3833 2531 3904 cujus
2565 3834 2795 3889 invisere
2832 3833 3132 3903 sepulcrum
3171 3832 3422 3903 prohibes
3461 3833 3581 3906 (Pe-

2023 3934 2162 3978 trum
2192 3919 2400 3994 loquor)
2429 3922 2654 3977 dicendo
2680 3940 2694 3975 :
2726 3920 3030 3994 Quicunque
3056 3921 3313 3993 reliquerit
3347 3922 3577 3986 domum,

2021 4023 2112 4067 aut
2154 4013 2363 4083 fratres,
2406 4022 2496 4065 aut
2533 4028 2754 4076 sorores,
2801 4022 2849 4066 et
2895 4021 3108 4085 caetera,
3147 4025 3352 4084 propter
3397 4030 3581 4069 nomen

2021 4118 2209 4165 meum,
2236 4100 2529 4172 centuplum
2556 4102 2789 4168 accipiet,
2819 4111 2866 4155 et
2889 4102 3045 4156 vitam
3075 4114 3320 4157 aeternam
3351 4104 3581 4175 posside-

2023 4193 2094 4245 bit
2140 4190 2351 4264 (Matth.
2390 4190 2528 4262 vm).
2574 4191 2812 4261 Itemque
2849 4190 3058 4246 cuidam
3098 4193 3334 4263 loquitur
3360 4213 3378 4248 Δε
3420 4193 3478 4249 Si
3506 4196 3580 4250 vis

2021 4282 2272 4352 perfectus
2313 4297 2443 4347 esse,
2483 4280 2633 4343 uade,
2664 4281 2819 4336 vende
2855 4282 3025 4336 omnia
3062 4298 3178 4352 qua:
3212 4282 3389 4348 habes,
3430 4292 3477 4338 et
3509 4284 3578 4338 da

2021 4370 2352 4441 pauperibus,
2375 4380 2424 4424 et
2452 4370 2660 4425 habebis
2687 4371 2984 4425 thesaurum
3005 4372 3057 4426 in
3087 4371 3231 4438 ctelo,
3262 4382 3310 4427 et
3338 4375 3471 4437 veni,
3497 4388 3579 4428 se-

370 4474 650 4529 innumera
681 4472 935 4527 miracula
960 4473 1343 4528 demonstrant.
1386 4470 1492 4527 Sed
1517 4472 1642 4543 quia
1680 4474 1747 4529 ab
1775 4474 1921 4528 infir-

2020 4475 2173 4531 quere
2196 4475 2275 4513 me
2313 4457 2526 4530 (Matth.
2552 4475 2674 4526 xxx,
2708 4460 2834 4535 l‘uc.
2866 4460 3043 4536 xvut).
3079 4462 3456 4534 Evangelicum
3485 4450 3590 4520 an:

371 4565 468 4617 mis
492 4570 672 4632 potest
706 4562 970 4618 mentibus
999 4562 1227 4629 dubitari
1256 4572 1505 4618 utrumne
1538 4564 1606 4618 ad
1637 4565 1922 4621 exaudien-

370 4655 491 4706 dum
523 4654 594 4708 ibi
616 4661 908 4721 praesentes
931 4653 1068 4719 sint,
1093 4654 1183 4708 ubi
1212 4661 1423 4708 constat
1443 4654 1565 4723 quia
1592 4654 1645 4708 in
1671 4655 1780 4708 suis
1807 4671 1923 4709 cor-

330 4759 343 4768 '
368 4747 590 4816 poribus
628 4762 731 4801 non
769 4745 904 4811 sint,
945 4746 1015 4801 ibi
1052 4761 1144 4801 eos
1172 4761 1390 4802 necesse
1422 4755 1505 4802 est
1534 4747 1732 4817 majora
1774 4747 1923 4818 signa

370 4838 682 4902 ostendere,
710 4837 803 4892 ubi
835 4837 901 4892 de
935 4852 1114 4892 eorum
1149 4837 1430 4907 prazsentia
1464 4844 1639 4907 potest
1666 4853 1815 4892 mens
1846 4839 1923 4891 in-

371 4926 524 4982 ﬁrma
554 4927 819 4983 dubitare.
849 4926 1085 4993 Quorum
1109 4940 1236 4982 vero
1271 4942 1423 4982 mens
1459 4927 1513 4981 in
1541 4928 1650 4981 Deo
1689 4926 1791 4981 lixa
1819 4936 1923 4992 est,

373 5027 521 5073 tanto
565 5018 734 5089 magis
775 5017 935 5072 habet
974 5016 1094 5072 fidei
1131 5019 1408 5083 meritum,
1448 5026 1645 5086 quanto
1684 5016 1793 5071 illic
1833 5032 1926 5071 eos

372 5105 542 5170 novit,
570 5114 622 5160 et
651 5122 752 5161 non
771 5105 954 5175 jacere
983 5119 1221 5174 corpore,
1243 5113 1297 5159 et
1320 5114 1496 5159 tamen
1522 5120 1625 5160 non
1651 5106 1833 5161 deesse
1860 5105 1927 5160 ab

373 5198 729 5254 exauditione.
764 5197 860 5251 liis
888 5210 1014 5266 ergo
1044 5195 1305 5266 repagulis
1330 5210 1390 5250 os
1416 5203 1564 5257 tuum
1597 5196 1923 5260 obstruatur,

376 5298 437 5343 ut
481 5289 670 5342 amodo
711 5287 943 5358 dignitas
978 5295 1276 5355 martyrum
1321 5301 1425 5339 non
1474 5284 1751 5361 laceretur.
1787 5284 1925 5339 Sane

374 5378 648 5433 Conclusio
671 5386 779 5442 tua,
815 5385 873 5431 ut
904 5376 999 5431 tibi
1025 5375 1233 5431 videtur
1260 5374 1597 5447 syllogistica,
1629 5374 1697 5428 ita
1727 5375 1793 5428 ad
1821 5375 1927 5429 cal-

376 5484 496 5523 cem
520 5469 842 5539 perducitur.
1498 5461 1508 5475 ⁴

459 5578 477 5609 ι
513 5558 569 5613 Si
603 5560 737 5622 bzec,
770 5560 964 5629 inquis,
998 5560 1067 5611 ita
1097 5572 1154 5612 se
1182 5556 1378 5610 habent
1407 5563 1465 5615 ut
1495 5562 1548 5607 tu
1574 5554 1707 5608 dicis
1735 5563 1787 5607 et
1816 5568 1927 5622 pm-

392 5667 412 5701 s
448 5650 719 5707 nitentiam
744 5666 920 5720 agere,
948 5650 1167 5703 Romam
1193 5662 1412 5717 pergere
1438 5655 1540 5706 est,
1563 5644 1687 5713 quid
1715 5654 1929 5697 acturus

394 5756 416 5800 t
450 5755 506 5796 es
529 5730 593 5796 de
621 5742 881 5796 sententia
912 5740 994 5793 illa
1022 5756 1127 5807 qua
1162 5738 1415 5793 Dominus
1445 5734 1574 5791 dicit
1607 5753 1617 5787 :
1653 5733 1755 5799 Qui
1782 5751 1929 5788 scan-.-

2024 4558 2129 4607 tem
2159 4550 2518 4607 testimonium
2538 4592 2553 4616 ,
2585 4560 2643 4606 ut
2672 4552 2767 4607 tibi
2795 4554 2961 4609 moris
2997 4557 3429 4621 est,secundum
3458 4559 3580 4612 nul-

2021 4641 2131 4695 lum
2171 4641 2614 4715 evangelistamm
2651 4643 2934 4711 protulisse
2962 4646 3232 4715 reperiris,
3268 4648 3361 4702 sed
3388 4664 3486 4719 pro
3515 4648 3578 4703 li-

2023 4741 2138 4794 bitu
2166 4749 2256 4794 tuo
2283 4740 2385 4795 alia
2413 4740 2480 4796 de
2507 4741 2611 4796 alio
2641 4742 3020 4809 intermittens,
3051 4745 3153 4800 alia
3181 4746 3251 4807 de
3288 4746 3394 4803 alio
3422 4762 3581 4802 assu-

2026 4843 2196 4893 mens,
2225 4837 2393 4883 totum
2427 4831 2732 4886 confudisse
2772 4832 2986 4888 videris.
3012 4832 3229 4890 Etenim
3255 4839 3309 4890 in
3338 4849 3403 4891 co
3434 4836 3578 4906 quod

2024 4922 2104 4976 ais
2135 4941 2146 4975 :
2180 4922 2281 4988 Qui
2307 4923 2733 4977 scandalizaverit
2759 4916 2918 4978 unum
2947 4927 3010 4980 de
3034 4926 3237 4996 pusillis
3267 4929 3378 4983 istis
3409 4929 3498 4997 qui
3526 4930 3579 4982 in

2027 5029 2105 5066 me
2126 5009 2371 5078 credunt,
2406 5013 2605 5081 expedit
2629 5014 2677 5065 ei
2713 5021 2769 5066 ut
2817 5015 3160 5086 suspendatur
3182 5016 3319 5071 mola
3347 5017 3579 5071 asinaria

2026 5102 2080 5154 in
2109 5099 2240 5154 collo
2264 5100 2397 5169 ejus,
2426 5110 2473 5153 et
2495 5100 2824 5171 demergatur
2848 5103 2902 5158 in
2930 5104 3244 5177 profundum
3268 5106 3449 5171 maris,
3473 5115 3576 5161 etc.

2029 5189 2240 5263 (Matth.
2276 5189 2450 5260 xvut).
2503 5182 2653 5263 Quod
2701 5190 3009 5253 intermittis
3048 5193 3230 5259 maris,
3271 5208 3393 5249 cum
3436 5180 3589 5251 nullo.

2027 5280 2470 5351 evangelistamm
2496 5279 2821 5346 concordare
2843 5281 3198 5349 cognosceris.
3227 5281 3376 5350 Quod
3402 5292 3579 5339 autem

2029 5368 2304 5440 subjungis
2328 5385 2341 5421 :
2363 5384 2517 5438 quam
2539 5377 2595 5431 ut
2619 5368 2932 5422 scandalizet
2956 5385 3113 5423 unum
3138 5369 3201 5424 de
3220 5370 3421 5441 pusillis
3444 5373 3575 5439 istis,

2036 5477 2065 5516 a
2088 5457 2231 5512 Luca
2260 5458 2530 5522 mutu'asse
2559 5456 2783 5520 videris,
2820 5457 2908 5527 qui
2948 5456 3065 5511 ideo
3097 5457 3237 5512 istud
3272 5467 3392 5535 post
3425 5476 3578 5530 supe-

2031 5552 2172 5605 riora
2212 5549 2370 5604 verba
2416 5548 2639 5618 adjecit,
2684 5549 2806 5617 quia
2843 5550 3255 5617 comparationis
3299 5551 3450 5608 factae
3492 5569 3579 5608 su-

2032 5640 2211 5709 perius
2239 5639 2369 5692 nibil
2402 5638 2724 5706 protulerat,
2759 5638 3001 5693 videlicet
3027 5641 3258 5695 scaudali
3294 5652 3345 5695 et
3374 5645 3578 5699 demer-

2033 5731 2197 5786 sionis
2224 5744 2345 5783 cum
2377 5728 2514 5783 mola
2542 5730 2767 5782 asinaria
2795 5731 2846 5783 in
2876 5729 3210 5798 profundum.
3249 5732 3589 5801 Subnecteus
