4030 6190
508 325 610 360 ὒιί

509 305 610 360 δῖε
1143 378 1147 386 ι
1458 262 1468 270 ι
1559 303 1749 360 ΙΟΝέΕ
1789 304 2334 360 Αυιιίξιξλὶςεκδιδ
2371 304 2672 359 EPlSCOPl

3545 349 3550 356 -
3629 315 3733 369 576

506 441 655 490 vero,
677 427 766 496 qui
800 426 854 479 in
887 440 965 476 me
990 422 1228 484 credunt,
1260 423 1328 476 ab
1358 421 1597 476 omnium
1622 420 2069 492 evangelistarum
2098 427 2147 482 Α
2174 420 2328 475 dibus
2349 422 2439 489 qui
2466 421 2677 476 cateris
2703 430 2957 490 praestare
2979 433 3291 480 cernuntur.
3339 397 3452 480 Hoc
3477 433 3561 482 est
3590 431 3728 485 enim

508 516 796 570 dictatione
815 512 1174 567 alienissimus
1192 510 1477 565 admodum
1500 511 1751 580 reperiris
1768 520 1825 565 et
1842 525 2001 565 sensu
2019 523 2064 562 α.

507 608 694 662 Cesset
723 620 852 676 ergo
879 603 992 671 jam
1021 603 1236 658 tandem
1270 611 1357 655 tua
1386 601 1710 670 compilatio,
1750 617 1870 671 qua
1898 610 1954 656 et
1988 617 2071 656 se-

509 699 738 753 cundum
761 696 942 751 saculi
968 695 1172 749 litteras
1200 694 1444 769 arguitur
1467 693 1812 761 ignorantiae;
1842 691 2069 761 etjuxta

509 792 929 848 ecclesiasticam
957 789 1332 859 disciplinam,
1376 796 1470 842 aut
1510 785 1773 841 vecordia:
1806 793 1899 839 aut
1925 793 2071 840 certe

511 884 747 943 insaniae.
794 868 978 953 Neque
1017 883 1160 937 enim
1211 882 1328 937 sani
1379 880 1575 948 capitis
1611 889 1695 934 est
1738 887 1888 932 tanto
1935 892 2069 931 ausu

510 976 906 1045 Scripturarum
945 975 1244 1030 divinarum
1282 972 1529 1026 mutilare
1573 971 1886 1027 sententias.
1917 969 2069 1037 Quod

508 1075 687 1129 autem
715 1066 781 1120 ad
807 1066 1053 1120 ultimum
1079 1064 1214 1119 dicis
1245 1083 1258 1116 :
1523 1121 1532 1130 ο

584 1177 602 1210 ‹
647 1157 860 1213 Nullum
894 1156 1204 1212 scandalum
1241 1153 1412 1224 majus
1443 1167 1565 1210 esse
1597 1167 1759 1220 quam
1796 1151 2066 1206 hominem

515 1269 532 1301 ι
571 1250 713 1304 illam
739 1249 1022 1318 prohibere
1049 1261 1272 1318 pergere
1301 1246 1441 1299 viam
1480 1259 1578 1314 per
1605 1257 1766 1311 quam
1801 1242 1968 1310 possit
1999 1241 2067 1295 ad

514 1361 531 1391 ι
568 1341 759 1411 gaudia
775 1355 995 1412 pergere
1011 1338 1361 1408 sempiterna,
1384 1356 1402 1388 ι
1421 1349 1587 1406 purus
1610 1335 1883 1388 videretur
1902 1332 2068 1386 ﬂuere

511 1434 655 1488 rivus
673 1431 976 1496 locutionis,
1008 1430 1109 1486 nisi
1139 1437 1391 1500 corrupta
1419 1429 1710 1484 sentiretur
1737 1441 1871 1482 vena
1894 1426 2070 1480 inten-

512 1523 688 1578 tionis.
713 1522 758 1582 Α
778 1522 1050 1576 contrario
1068 1521 1212 1575 enim
1237 1520 1369 1575 mihi
1395 1531 1681 1574 succenses
1708 1517 1849 1586 quod
1875 1525 1926 1572 te
1946 1531 2068 1571 cor-

451 1661 455 1664 ,
508 1616 762 1684 ripuerim
798 1614 1132 1686 prohibuisse
1171 1620 1536 1669 commeantes
1569 1610 1792 1668 Romam
1821 1623 2063 1687 pergere,

507 1703 658 1772 quasi
690 1702 782 1772 qui
813 1703 953 1756 aliud
977 1701 1192 1768 faciam,
1221 1709 1276 1756 et
1295 1701 1523 1769 idipsum
1554 1699 1840 1754 facientem
1865 1708 1916 1753 te
1939 1715 2061 1754 cor-

2172 511 2312 579 qnod
2333 525 2492 580 agere
2512 510 2746 574 conaris,
2766 511 2949 565 dicens
2968 528 3089 567 cum
3113 515 3435 585 arrogantia
3455 513 3616 583 fastu,
3638 519 3733 574 im-

2169 601 2398 670 peritum
2427 602 2700 656 hominum
2730 617 2896 671 genus
2919 620 3016 674 pro
3042 607 3366 674 acquirenda
3392 606 3502 662 vita
3529 617 3730 676 aeterna

2169 703 2491 763 postponere
2524 710 2736 749 onmem
2778 696 3069 764 spiritalem
3109 699 3509 770 intelligentiam
3551 705 3732 759 verbis

2170 786 2482 852 Dominicis,
2516 795 2570 842 et
2596 787 2730 842 velle
2761 803 2986 874 pergere
3027 790 3269 846 Romam.
3322 793 3470 848 Multi
3501 807 3730 867 namque

2168 884 2223 929 et
2250 891 2386 945 pene
2411 892 2598 931 omnes
2626 885 2833 946 petram
2857 894 3016 948 super
3041 895 3202 948 quam
3226 881 3521 938 adiﬁcatur
3545 885 3730 940 Eccle-

2168 967 2246 1020 sia
2274 965 2432 1021 ﬁdem
2475 967 2779 1039 intelligunt
2810 970 2951 1024 beati
2984 970 3150 1036 Petri,
3175 988 3292 1042 qua
3318 979 3616 1032 communis
3647 986 3730 1032 est

2169 1057 2332 1112 totius
2357 1065 2555 1112 sancta
2576 1058 2849 1125 Ecclesia,
2870 1060 3116 1118 videlicet
3135 1075 3251 1117 eam
3277 1081 3395 1134 qua
3420 1068 3578 1134 paulo
3602 1080 3730 1124 ante

2165 1135 2573 1215 promissionem
2602 1148 2739 1202 hanc
2770 1159 3136 1217 praeesserat,
3165 1150 3216 1204 id
3240 1162 3322 1206 est
3352 1168 3366 1206 :
3399 1153 3475 1207 Tu
3499 1171 3553 1208 es
3577 1153 3728 1210 Chri-

2165 1248 2275 1291 stus
2305 1235 2353 1288 F
2356 1237 2477 1291 ilius
2508 1237 2602 1292 Dei
2627 1240 2724 1293 vivi
2759 1239 2972 1310 (Matth.
2998 1249 3108 1300 XVI)
3136 1285 3152 1306 ,
3214 1253 3268 1297 et
3298 1245 3422 1300 huic
3449 1255 3614 1315 petra
3639 1225 3730 1302 sn-

2164 1328 2627 1398 peradiﬁcandam
2671 1330 2964 1384 Eeclesiam
3019 1345 3170 1385 suam
3199 1334 3479 1388 Dominum
3527 1339 3728 1406 promi-

2165 1419 2342 1472 sisset.
2367 1418 2496 1485 Quis
2521 1426 2605 1474 est
2629 1419 2790 1483 enim,
2813 1418 2895 1473 vel
2920 1419 3098 1490 exigui
3127 1421 3446 1488 intellectus,
3470 1426 3561 1494 qui
3587 1425 3727 1482 hanc

2165 1508 2324 1564 fidem
2363 1525 2468 1563 non
2498 1516 2678 1563 teneat
2703 1518 2758 1564 et
2799 1510 2942 1564 dicat
2969 1527 2984 1564 :
3014 1510 3186 1567 Credo
3215 1513 3266 1565 in
3309 1514 3475 1568 Deum
3509 1515 3725 1571 Patrem

2163 1600 2616 1668 omnipotentem,
2650 1608 2706 1654 et
2745 1600 2798 1654 in
2825 1597 3006 1655 Jesum
3044 1602 3311 1657 Christum
3350 1602 3544 1659 Filium
3573 1605 3727 1676 ejus?

2163 1687 2353 1744 Claves
2381 1704 2507 1743 vero
2553 1689 2704 1759 regni
2731 1689 3019 1754 calorum,
3056 1699 3369 1759 potestatem
3409 1693 3604 1764 ligandi
3641 1707 3724 1751 at-

510 1793 724 1861 ripiam;
750 1792 842 1846 sed
873 1807 970 1862 ego
994 1791 1107 1846 scio
1133 1806 1237 1846 non
1264 1805 1382 1845 esse
1409 1790 1625 1859 quidem
1647 1802 1910 1843 summam
1939 1803 2061 1857 per-
2087 1773 2134 1831 Β
2161 1794 2264 1848 quc
2288 1779 2546 1844 solvendi.
2570 1795 2874 1848 quanquam
2902 1795 3009 1835 non
3035 1797 3242 1844 omnes.
3266 1790 3324 1836 ιη
3347 1799 3404 1838 se
3432 1799 3518 1840 res
3539 1786 3721 1850 habet.

507 1883 749 1941 lectionis
773 1882 826 1936 in
854 1882 1042 1936 itinere
1067 1895 1174 1951 quo
1196 1881 1418 1936 Romam
1444 1880 1701 1952 pergitur.
1734 1877 1868 1932 Novi
1895 1877 2058 1946 etiam

505 1973 643 2043 quod
682 1975 873 2029 devote
914 1973 1039 2028 illuc
1077 1980 1425 2043 properantes
1461 1971 1747 2042 plurimum
1781 1968 2058 2040 juvantur,

504 2065 696 2135 quibus
723 2063 984 2136 professio
1018 2080 1124 2118 non
1155 2064 1445 2119 reluctatur
1473 2079 1488 2116 :
1520 2071 1679 2131 atque
1709 2061 1830 2116 ideo
1857 2058 2060 2114 missile

507 2163 608 2209 tua
633 2137 1024 2225 redargutionis
1049 2169 1170 2210 cum
1192 2153 1408 2208 levitate
1435 2150 1794 2206 insultationis
1821 2151 1875 2204 in
1900 2156 2062 2220 caput

506 2244 790 2299 revertitur
824 2245 1100 2315 proprium
1129 2244 1212 2299 sui
1241 2242 1558 2312 jaculatoris
1587 2259 1601 2295 :
1631 2241 1757 2311 quia
1781 2243 2059 2295 obstruere

503 2335 715 2397 conaris
739 2350 835 2389 ora
864 2333 1224 2397 infirmorum,
1267 2349 1332 2388 ne
1364 2341 1548 2402 petant
1578 2347 1760 2386 eorum
1805 2330 2061 2385 interces-

503 2429 705 2482 sionem
730 2426 844 2496 qui,
868 2425 1076 2480 devicto
1097 2425 1312 2490 saculo,
1333 2423 1543 2479 Domini
1567 2430 1852 2490 conspectu
1878 2418 2060 2473 fruun-

505 2526 591 2569 tur
613 2515 791 2570 securi
822 2533 836 2568 :
869 2528 993 2570 cum
1041 2529 1136 2570 eos
1175 2513 1349 2569 adhuc
1388 2512 1691 2582 deprimens
1730 2520 1942 2564 terrena
1978 2509 2061 2563 in-

505 2606 761 2664 habitatio
785 2615 940 2677 cogat
981 2605 1145 2660 multa
1174 2605 1410 2675 cogitare
1433 2617 1618 2657 eorum
1649 2616 1769 2671 qua
1806 2608 1930 2655 sunt
1961 2613 2058 2654 sa-

502 2701 606 2756 euli
646 2699 890 2770 perituri.
930 2698 1024 2753 llis
1051 2699 1117 2753 de
1152 2696 1394 2767 apologia
1425 2692 1764 2750 Theodemiri
1797 2689 2058 2761 explicata

502 2792 698 2856 verbis,
721 2791 994 2846 videamus
1020 2799 1074 2845 et
1093 2799 1287 2846 catera
1308 2803 1426 2858 qua
1445 2794 1740 2856 sequuntur

574 2901 594 2937 ι
643 2881 854 2938 Scimus
897 2881 1040 2935 enim
1083 2879 1223 2950 quod
1273 2894 1378 2933 non
1429 2876 1700 2931 intellecta
1751 2873 2056 2944 evangelica

507 2995 525 3025 ε
561 2975 721 3029 verba
744 2971 952 3026 Domini
980 2970 1295 3034 Salvatoris,
1328 2969 1416 3023 ubi
1448 2967 1522 3021 ait
1549 2950 1707 3020 béato
1737 2963 1896 3019 Petro
1933 2977 2059 3032 apo-

505 3091 521 3118 σ
556 3068 695 3124 stolo
719 3084 732 3120 :
765 3065 840 3120 Tu
862 3082 914 3119 es
942 3064 1145 3128 Petrus,
1167 3073 1216 3117 et
1237 3077 1388 3131 super
1409 3060 1542 3113 hanc
1563 3069 1759 3128 petram
1788 3055 2056 3124 mdiﬁcabo

2160 1871 2485 1942 intelligant,
2515 1882 2692 1928 tamen
2721 1873 2988 1944 imperitia
3023 1876 3371 1930 nescientium
3399 1894 3504 1932 non
3530 1879 3726 1949 praju—

2159 1961 2303 2016 dicat
2329 1963 2566 2017 scientia
2602 1962 3050 2033 dignoscentium.
3103 1965 3326 2034 Ideoque
3369 1965 3564 2021 frustra
3615 1985 3724 2024 non

2159 2051 2312 2120 quasi
2338 2051 2658 2120 singularem
2686 2051 2781 2106 tibi
2807 2052 3042 2108 scientia
3067 2052 3258 2108 tribuis
3288 2053 3538 2124 palmam,
3570 2057 3721 2122 dum,

2158 2152 2413 2212 quantum
2440 2143 2505 2196 ad
2533 2144 2693 2196 verba
2724 2152 2813 2197 tua
2839 2144 3060 2209 attinet,
3092 2159 3280 2199 omnes
3305 2147 3537 2201 tenebris
3565 2148 3722 2217 igno-

2158 2230 2346 2284 rantia
2374 2229 2655 2285 obvolvere
2681 2231 2888 2286 niteris.
2921 2231 3057 2298 Quid
3082 2241 3164 2287 est
3193 2234 3334 2287 enim
3362 2250 3530 2304 genus
3553 2236 3724 2292 homi-

2158 2334 2285 2372 num
2332 2319 2636 2387 imperitum
2675 2320 2781 2375 nisi
2826 2336 3014 2376 omnes
3061 2321 3304 2377 homines
3351 2323 3620 2393 imperiti?
3663 2326 3721 2382 Si

2157 2410 2300 2464 enim
2329 2410 2604 2466 hominum
2639 2411 3006 2482 imperitorum
3035 2412 3278 2473 dixisses.
3312 2409 3582 2486 utaunque
3616 2417 3721 2471 ali-

2157 2512 2290 2566 quos
2311 2499 2651 2568 excepisses:
2686 2514 2829 2553 nunc
2849 2514 2978 2555 vero
2999 2499 3123 2554 dum
3151 2501 3474 2573 generaliter
3497 2513 3723 2560 cunctos

2157 2594 2438 2663 imperitia
2469 2594 2677 2665 arguis,
2709 2608 2810 2649 nec
2837 2602 2889 2648 te
2917 2594 3190 2663 excepisse
3216 2593 3442 2662 videris;
3470 2597 3572 2651 nisi
3614 2598 3724 2652 for-

2157 2686 2296 2741 sitan
2325 2686 2392 2740 ab
2419 2685 2691 2741 hominum
2731 2699 2924 2756 genere
2954 2685 3190 2740 dividere
3235 2695 3287 2741 te
3330 2688 3539 2761 nitaris.
3579 2689 3722 2762 Ergo

2156 2777 2475 2847 sapientium
2505 2777 2741 2832 virorum
2780 2776 2834 2830 in
2867 2785 3067 2832 sancta
3091 2777 3341 2833 Ecclesia
3366 2781 3568 2850 gremio
3595 2798 3700 2837 con

2157 2867 2457 2923 sistentium
2505 2875 2619 2932 est,
2657 2867 2801 2923 dicta
2851 2865 3146 2922 Salvatoris
3176 2867 3488 2939 intelligere,
3532 2879 3588 2925 et
3623 2888 3722 2941 pro

2156 2957 2488 3014 absolutione
2530 2957 2722 3012 anima
2755 2972 2867 3012 sua
2899 2958 3117 3012 beatum
3145 2957 3358 3012 Petrum
3387 2969 3724 3032 caterosque

2156 3058 2370 3104 sanctos
2409 3065 2515 3104 non
2543 3049 2696 3119 quasi
2734 3049 2925 3114 Deum,
2973 3050 3064 3104 sed
3106 3051 3260 3119 quasi
3302 3051 3596 3108 familiares
3629 3055 3719 3110 Dei

505 3182 522 3212 ς
552 3143 846 3214 Ecclesium
867 3172 1049 3218 meam,
1079 3164 1129 3208 et
1161 3154 1254 3207 tibi
1288 3152 1421 3206 dabo
1451 3151 1616 3204 claves
1642 3150 1784 3217 regni
1813 3147 2055 3202 calorum
2083 3126 2126 3188 (ἶ
2155 3154 2399 3204 exorare,
2445 3152 2735 3208 eorumque
2779 3137 3130 3194 confessionis
3173 3156 3236 3195 ac
3275 3143 3560 3211 sepultura
3604 3145 3720 3200 loca

507 3270 522 3298 ι
560 3245 772 3319 (Matth.
801 3243 934 3316 xvi),
973 3243 1200 3311 Propter
1225 3242 1326 3296 ista
1351 3238 1464 3308 jam
1491 3238 1630 3292 dicta
1658 3236 1866 3292 Domini
1897 3236 2057 3290 verba

506 3359 523 3388 ι
559 3335 862 3406 imperitum
909 3332 1182 3388 hominum
1227 3345 1410 3399 genus,
1455 3342 1553 3398 pro
1588 3325 1909 3395 acquirenda
1949 3325 2059 3378 vita

507 3448 522 3477 ι
557 3436 786 3488 aterna,
811 3421 1108 3493 postposita
1133 3419 1278 3477 omni
1304 3417 1530 3488 spiritali
1565 3416 1934 3485 intelligentia,
1964 3429 2061 3469 vo-

507 3540 524 3570 ι
561 3518 674 3572 lunt
697 3531 919 3589 pergere
940 3515 1185 3569 Romam.
1218 3530 1237 3564 ι
1267 3509 1453 3567 Fuisse
1474 3517 1670 3566 statuta
1697 3508 2058 3565 ecclesiastica

501 3607 799 3674 iamvellere
822 3604 1122 3667 nitentium,
1150 3615 1212 3658 ca
1237 3595 1449 3671 semper
1469 3615 1588 3670 qua
1608 3598 1908 3654 inﬁrmiora
1934 3606 2060 3654 sunt

505 3705 558 3766 in
591 3699 822 3755 medium
847 3697 1131 3759 adducere,
1163 3701 1222 3748 ut
1243 3707 1340 3762 per
1367 3693 1479 3747 hac
1505 3690 1852 3744 intentionem
1886 3686 2055 3756 majo-

503 3808 620 3860 rum
645 3788 797 3861 quasi
823 3786 1136 3856 quibusdam
1163 3783 1533 3838 machinarum
1563 3795 1778 3836 suarum
1800 3779 2058 3833 arietibus

503 3883 715 3938 valeant
741 3877 1082 3940 labefactare,
1121 3888 1276 3930 nemo
1304 3872 1531 3936 dubitat,
1566 3871 1657 3940 qui
1683 3870 2055 3925 bareticorum

503 3969 862 4027 reminiscitur
895 3965 974 4020 vel
1003 3973 1301 4034 temporum
1321 3962 1406 4018 vel
1435 3970 1667 4016 actuum.
1697 3961 1924 4029 Ideoque
1947 3974 2055 4014 non

500 4065 764 4128 miramur
798 4069 878 4123 te,
923 4057 1290 4128 imperitorum
1320 4063 1376 4110 et
1406 4054 1744 4109 inscientium
1788 4051 2056 4122 imperitia

503 4159 555 4217 in
586 4155 820 4210 medium
849 4151 1093 4213 adducta,
1123 4155 1309 4204 eorum
1333 4147 1494 4203 etiam
1523 4147 1854 4202 devotionem
1889 4145 2056 4200 laces-

501 4263 621 4303 sere
646 4245 829 4302 eonari
855 4244 944 4313 qui
979 4241 1188 4297 cateris
1211 4247 1462 4310 prastare
1487 4239 1753 4293 videntur.
1803 4237 2055 4299 Novimus

503 4349 730 4405 namque
763 4343 818 4389 et
846 4333 914 4387 ab
940 4331 1091 4385 initio
1118 4329 1386 4384 nascentis
1417 4327 1686 4393 Ecclesia,
1717 4336 1772 4381 et
1796 4343 1964 4398 usque
1988 4328 2055 4382 ad

460 4445 462 4447 ‘
501 4427 618 4497 ejus
659 4424 945 4479 terminum
983 4426 1449 4490 perseveraturum
1498 4432 1603 4470 non
1634 4418 1954 4481 dubitamus,
1996 4425 2056 4470 ut

503 4531 702 4588 paucos
728 4513 920 4568 habeat
945 4510 1035 4580 qui
1063 4509 1305 4565 doctrina
1336 4506 1717 4577 praefulgeant,
1751 4508 1929 4578 plures
1959 4525 2054 4563 au-

505 4617 609 4665 tem
653 4601 745 4672 qui
800 4599 1138 4669 simplicitate
1187 4597 1462 4661 contenti,
1510 4611 1572 4663 ea
1622 4611 1740 4666 qua
1785 4597 2052 4666 operanda

505 4701 828 4767 agnoscunt,
875 4692 976 4746 sibi
1019 4689 1259 4744 sullicere
1300 4689 1367 4743 ad
1413 4687 1635 4742 salutem
1658 4729 1672 4753 ,
1723 4688 2053 4744 solummodo

503 4784 744 4844 credant.
784 4781 1021 4849 Quorum
1047 4777 1362 4849 simplicitas
1389 4778 1621 4832 hostium
1648 4787 1847 4832 sancta
1871 4779 2054 4833 Eccle-

505 4879 598 4944 sia
618 4890 828 4946 semper
853 4881 997 4946 patet
1019 4872 1303 4939 derisioni,
1342 4879 1402 4924 ut
1434 4869 1559 4939 quia
1594 4870 1816 4925 minoris
1846 4869 2056 4925 fortitu-

505 4967 644 5024 dinis
689 4966 756 5020 ad
798 4963 1197 5035 repugnandum
1241 4961 1561 5026 creduntur,
1604 4959 1833 5029 primum
1880 4960 1935 5013 in
1977 4960 2057 5014 eis

505 5058 665 5118 veluti
696 5055 904 5127 fragilia
949 5061 1292 5123 proterantur
1334 5050 1704 5114 antemuralia,
1737 5058 1796 5104 ut
1841 5050 2058 5104 liberior

505 5157 685 5222 pateat
708 5147 793 5202 via
835 5145 904 5202 ad
946 5145 1294 5200 concutienda
1322 5152 1520 5199 sancta
1547 5142 1778 5197 civitatis
1806 5142 2056 5198 Ecclesia:

507 5241 723 5298 tuatua.
762 5238 990 5307 Ideoque
1030 5244 1106 5303 tu,
1153 5251 1186 5291 ο
1212 5234 1416 5299 Claudi,
1446 5243 1696 5304 tanquam
1723 5233 1893 5289 hostis
1933 5233 2056 5287 reli-

503 5332 752 5405 quiarum
775 5329 1205 5400 apostolicarum,
1234 5326 1464 5395 primum
1487 5324 1552 5378 ab
1570 5339 1753 5379 earum
1772 5323 2053 5380 dilectione

508 5435 756 5476 revocare
802 5420 1008 5474 animos
1047 5415 1241 5486 quaris
1287 5414 1640 5484 simplicium,
1692 5422 1770 5478 ut,
1801 5413 2050 5484 paulatim

506 5518 748 5564 cessante
778 5509 1158 5573 ineruditorum
1189 5504 1505 5574 frequentia,
1544 5504 1731 5560 veneni
1769 5505 1842 5558 tui
1885 5503 2053 5575 frigus

508 5601 844 5660 exstinguere
865 5605 1026 5667 queat
1051 5597 1223 5663 ignem
1248 5595 1444 5650 amoris
1466 5595 1520 5648 in
1538 5609 1723 5649 eorum
1749 5595 1908 5648 etiam
1934 5609 2051 5649 cor-

2077 4478 2130 4536 D

2155 3246 2335 3285 amore
2357 3231 2590 3284 dictante
2617 3229 2867 3294 visitare;
2895 3229 3212 3299 simplicium
3239 3241 3415 3286 autem
3456 3235 3722 3305 majorum

2155 3338 2370 3378 suorum
2394 3322 2617 3391 vestigia
2653 3321 2872 3383 imitari,
2903 3329 2958 3375 et
2985 3328 3250 3389 quatenus
3278 3323 3493 3378 valeant
3521 3325 3573 3378 in
3605 3342 3725 3380 cor-

2152 3433 2282 3488 pore
2319 3424 2519 3472 sancta
2559 3415 2812 3470 Ecclesia
2849 3415 2987 3470 uniri
3018 3433 3031 3469 :
3064 3425 3213 3471 tuum
3244 3432 3370 3473 vero
3399 3427 3726 3490 tuorumque

2155 3507 2462 3576 sequacium
2491 3522 2552 3562 ac
2595 3506 3045 3576 pradecessorum
3073 3516 3259 3563 contra
3299 3517 3526 3564 matrem
3563 3527 3723 3567 suam

2154 3600 2308 3669 quasi
2335 3599 2401 3654 de
2441 3599 2692 3670 singulari
2723 3615 2780 3653 se
2818 3599 3025 3670 jactare
3053 3601 3295 3663 scientia,
3325 3610 3381 3657 et
3408 3602 3526 3672 ejus
3550 3603 3704 3674 despi

2153 3707 2276 3747 cere
2299 3691 2538 3746 membra
2565 3689 2810 3754 humilia,
2853 3698 3014 3760 atque
3044 3690 3098 3745 in
3142 3693 3387 3761 prasenti
3430 3694 3721 3764 aliquando

2151 3781 2326 3851 palam
2353 3780 2599 3850 superbia
2635 3781 2788 3844 duce,
2817 3781 2885 3835 ab
2909 3779 3023 3848 ejus
3044 3796 3268 3852 corpore
3291 3783 3531 3838 abscindi
3557 3825 3572 3849 ,
3605 3795 3667 3841 ut
3691 3803 3720 3840 a
3785 3837 3798 3860 ,

2153 3873 2330 3926 futura
2353 3869 2467 3939 ejus
2487 3871 2835 3937 beatitudine,
2851 3871 2904 3925 in
2929 3886 3032 3940 qua
3053 3872 3344 3928 concordes
3361 3882 3416 3928 et
3439 3875 3724 3932 unanimes

2153 3964 2490 4028 latabuntur,
2517 3961 2831 4017 mereamini
2859 3962 3078 4017 secerni
3103 3981 3115 4016 :
3143 3964 3354 4032 quando
3374 3980 3468 4019 rex
3497 3965 3617 4034 ejus
3641 3976 3722 4020 at-

2152 4068 2254 4122 que
2281 4068 2507 4123 sponsus
2532 4068 2562 4106 a
2589 4053 2833 4121 superbis
2856 4067 2954 4122 per
2991 4053 3331 4122 semetipsum
3359 4057 3568 4110 recedet
3592 4097 3607 4120 ,
3642 4058 3721 4110 di-

2152 4146 2320 4200 cendo
2350 4163 2362 4197 :
2396 4143 2634 4199 Rccedite
2659 4161 2690 4197 a
2713 4161 2794 4197 me
2821 4157 2838 4195 :
2870 4143 3098 4199 humiles
3121 4151 3299 4198 autem
3339 4155 3593 4215 perpetua
3627 4149 3722 4202 do-

2153 4235 2302 4290 nabit
2329 4234 2674 4298 beatitudine,
2704 4232 2944 4288 addendo
2973 4249 2987 4288 :
3029 4231 3226 4297 Venite,
3262 4234 3510 4288 benedicti
3537 4233 3720 4291 Patris

2153 4330 2252 4381 mei
2281 4325 2494 4398 (Matth.
2528 4342 2631 4380 xxv
2657 4325 2698 4397 ),
2724 4334 2828 4380 etc.
2859 4323 2953 4379 His
2980 4325 3053 4378 ita
3080 4324 3258 4389 dictis,
3286 4318 3623 4382 transeamus
3649 4328 3717 4382 ad

2154 4418 2377 4487 reliqua.

2230 4527 2248 4558 ‹
2283 4507 2384 4574 Qui
2414 4508 2516 4561 hoc
2543 4507 2721 4569 modo,
2745 4513 2803 4559 ut
2823 4520 2984 4576 supra
3009 4506 3208 4563 dictum
3229 4514 3330 4570 est,
3357 4505 3534 4561 claves
3562 4509 3715 4580 regni

2156 4619 2174 4651 ‹
2208 4599 2466 4655 calorum
2496 4597 2774 4666 intelligit,
2815 4597 3249 4651 intercessionem
3283 4598 3422 4652 beati
3459 4598 3606 4652 Petri
3638 4600 3716 4654 lo-

2157 4709 2177 4742 c
2213 4691 2400 4745 caliter
2428 4705 2531 4744 non
2561 4689 2806 4757 requirit.
2844 4707 2862 4739 ι
2894 4687 2952 4743 in
2981 4697 3185 4743 tantum
3213 4690 3377 4745 verba
3414 4701 3502 4743 tua
3535 4691 3718 4745 stulti-

2151 4782 2239 4837 tia
2263 4782 2419 4850 plena
2444 4788 2500 4834 et
2540 4778 2796 4834 socordia
2821 4789 3133 4845 noscuntur,
3162 4789 3220 4834 ut
3251 4779 3582 4835 solummodo
3611 4782 3714 4835 ad-

2155 4868 2454 4923 mirationis
2479 4868 2575 4931 sit,
2603 4867 2646 4921 si
2682 4874 2733 4920 te
2765 4866 2879 4920 hac
2905 4867 3207 4936 loquentem
3230 4868 3312 4922 vel
3346 4869 3460 4938 ipse
3498 4869 3712 4924 intelle-

2155 4959 2317 5012 xeris.
2340 4956 2476 5022 Quid
2499 4956 2640 5011 enim
2666 4957 2731 5020 si,
2755 4964 2813 5009 ut
2833 4971 2989 5025 supra
3008 4956 3206 5012 dictum
3232 4965 3336 5022 est,
3359 4957 3536 5013 claves
3558 4960 3707 5029 regni

2155 5047 2408 5102 calorum
2430 5045 2581 5116 quasi
2601 5045 3024 5101 eminentissimo
3047 5055 3245 5102 sancta
3272 5046 3519 5101 Ecclesia
3544 5062 3711 5102 mem-

2155 5138 2254 5192 bro
2280 5134 2516 5205 intelligo
2546 5134 2787 5200 traditas,
2817 5135 2974 5190 beato
3000 5135 3246 5191 videlicet
3284 5134 3460 5200 Petro,
3511 5145 3570 5190 ut
3610 5151 3705 5206 per

2154 5229 2303 5285 illum
2327 5227 2393 5282 ad
2416 5236 2639 5283 cateros
2658 5227 2772 5282 hac
2796 5227 3026 5298 dignitas
3051 5228 3322 5283 transeat?
3343 5227 3479 5282 Num
3506 5227 3706 5283 idcirco

2157 5335 2308 5374 mens
2337 5334 2453 5373 mea
2477 5319 2544 5373 ab
2577 5318 2692 5389 ejus
2724 5332 2905 5372 amore
2932 5327 3193 5388 tepescet,
3231 5334 3390 5388 quem
3431 5318 3597 5389 pluris
3623 5318 3703 5371 vi-

2157 5411 2307 5465 deam
2337 5425 2366 5463 a
2410 5408 2633 5463 Domino
2673 5407 2958 5464 honorari?
3000 5407 3180 5462 Potior
3225 5423 3453 5476 namque
3492 5408 3546 5463 in
3587 5406 3700 5474 ejus

2155 5501 2436 5556 devotione
2476 5499 2673 5552 amoris
2715 5497 3031 5553 concalescit
3076 5497 3235 5568 ignis,
3265 5498 3356 5566 qui
3396 5499 3529 5552 adeo
3561 5497 3700 5550 inter

2156 5591 2386 5659 reliquos
2424 5588 2764 5643 constituitur
2797 5587 3037 5657 insignis,
3074 5596 3134 5640 ut
3173 5589 3315 5658 quod
3347 5589 3584 5644 omnium
3613 5594 3699 5640 est

579 5720 603 5746 ι
643 5706 862 5769 Fallitur
879 5707 1059 5771 Jonas,
1083 5722 1202 5761 cum
1232 5703 1316 5759 illa
1339 5706 1496 5763 verba
1521 5706 1607 5772 qui
1636 5706 1686 5759 in
1707 5722 1786 5759 me
1813 5705 2047 5766 credunt.
2072 5704 2267 5758 diserte
2294 5703 2486 5756 habeat
2519 5701 2811 5761 Matthaus.
2837 5714 2954 5770 cap.
2984 5715 3135 5752 xvm.
