4030 6190
225 325 317 381 377
1263 326 1350 381 DE
1385 325 1470 383 Cll
1479 325 1610 382 LTU
1645 323 1816 380 [MAG

1842 324 2002 382 NUM.
2057 358 2108 368 --
2143 329 2268 384 LIB.
2309 330 2395 386 Ill.
3330 343 3433 400 578

226 455 518 504 commune,
535 438 660 509 ipse
686 440 1081 510 quodammodo
1105 440 1374 510 accepisse
1401 442 1644 496 videatur
1663 440 1773 493 sin—
1799 440 1851 498 Α
1873 443 1929 492 et
1948 440 2208 494 venimus.
2240 440 2478 511 Cumque
2519 447 2674 501 nobis
2717 449 2897 503 omnia
2943 449 3234 519 retulisset,
3275 457 3438 512 etiam

226 531 435 601 gularis.
464 530 726 585 Localiter
749 539 930 585 autem
958 546 1065 585 non
1091 533 1163 585 ita
1188 531 1304 599 ejus
1333 532 1768 587 intercessionem
1871 529 1972 584 hoc
2000 531 2190 599 petivit
2223 541 2282 586 ut
2309 533 2642 590 infoderetur
2675 539 2892 606 alicubi,
2922 551 3082 611 atque
3127 544 3196 599 ibi
3237 551 3438 604 oratio-

228 622 554 690 requirimus,
585 622 737 690 quasi
769 621 858 690 qui
900 636 1005 675 non
1049 622 1165 690 ejus
1203 622 1440 688 aspectui
1467 632 1767 690 pateamus,
1868 636 1994 674 num
2042 621 2192 677 locus
2231 624 2405 688 ﬁeret,
2450 626 2540 680 ubi
2587 629 2750 682 etiam
2792 643 3012 699 possent
3047 633 3335 692 Christiani
3364 641 3430 695 ad

227 713 314 765 nisi
342 712 396 764 in
436 727 500 765 eo
543 710 660 765 loco
685 725 791 779 quo
824 709 1044 766 exuvias
1077 710 1191 780 ejus
1228 713 1472 767 venerari
1519 713 1719 768 scimus
1751 731 1764 764 :
1867 710 2184 766 celebranda
2209 729 2327 781 qua:
2351 715 2442 769 Dei
2467 725 2590 770 sunt
2617 723 2950 790 congregari.
2978 722 3091 776 Non
3114 727 3426 794 restitimus,

228 802 435 856 ﬁrmiter
479 809 722 856 tenentes
763 802 904 870 quod
946 801 1022 855 illi
1060 803 1234 856 omnis
1273 811 1517 857 creatura
1559 803 1630 858 sit
1675 819 1770 856 an—
1866 798 2065 854 factum
2091 811 2194 856 est.
2227 802 2518 872 Perpende,
2549 822 2730 876 quaeso
2755 818 2822 870 te,
2853 809 3061 876 Claudi,
3094 813 3308 871 beatum
3333 820 3439 873 Au-

226 899 393 960 gusta,
429 891 519 960 qui
550 892 816 946 videntem
843 892 1020 947 omnia
1049 893 1220 955 videt,
1260 895 1553 948 continenti
1587 894 1765 948 omnia
1865 890 2135 958 gustinum
2166 894 2294 946 tanti
2326 893 2577 950 habuisse
2623 898 2894 965 pulverem
2941 916 3007 955 ex
3055 903 3436 964 Hierosolymis

228 982 448 1034 inheret.
483 979 589 1035 Sed
638 981 905 1036 ἀενοιίοηί
949 981 1306 1036 salisfacimus
1346 983 1532 1047 animi,
1577 983 1666 1052 qui
1702 1000 1764 1036 ea
1865 979 2121 1044 delatum,
2161 983 2395 1068 utilium
2447 985 2638 1040 alicubi
2673 989 2924 1043 abscondi
2966 965 3314 1064 praeciperet;
3330 1015 3434 1068 quo

227 1086 324 1138 qua:
347 1071 445 1124 sibi
485 1086 668 1134 amare
700 1086 1038 1140 summopere
1079 1073 1364 1140 persuasit,
1412 1073 1570 1126 etiam
1597 1074 1767 1126 conti-
1865 1071 2166 1124 orationum
2198 1073 2310 1126 loca
2339 1074 2548 1139 ﬁerent,
2578 1077 2663 1130 ubi
2689 1079 2850 1132 etiam
2879 1082 2944 1135 ad
2972 1083 3290 1140 celebranda
3315 1105 3434 1156 qum

228 1176 332 1214 uere
355 1161 683 1224 omnimodo,
708 1172 967 1231 quantum
996 1161 1096 1217 sibi
1128 1177 1284 1231 posse
1313 1163 1489 1228 datur,
1525 1166 1719 1234 satagit
1747 1185 1760 1218 ε
1864 1157 1957 1212 Dei
2001 1168 2124 1213 sunt
2165 1171 2343 1229 posset
2387 1167 2697 1236 congregari
2738 1166 2971 1222 ﬁdelium
3001 1171 3300 1228 multitudo.
3331 1177 3432 1242 Qui

228 1254 466 1321 talemque
495 1252 798 1306 devotionis
834 1253 1078 1306 ardorem
1116 1267 1237 1306 eum
1283 1269 1626 1308 remunerare
1647 1271 1766 1309 .cre-
1864 1251 1982 1305 ideo
2037 1255 2169 1307 tanti
2217 1258 2410 1310 meruit
2455 1258 2704 1313 honorari
2751 1266 3104 1333 prmrogativo
3163 1270 3431 1326 miraculi.

225 1345 391 1407 (ﬁmus,
421 1345 514 1412 qui
559 1359 619 1398 se
661 1359 829 1412 usque
863 1345 929 1398 ad
974 1355 1202 1399 mortem
1233 1346 1516 1415 diligentes
1557 1347 1760 1411 dilexit,
1861 1340 1988 1407 quid
2023 1341 2076 1393 in
2108 1358 2172 1395 ea
2202 1344 2366 1398 verba
2411 1355 2599 1400 auctor
2630 1346 2746 1414 ejus
2773 1365 2965 1418 passus
3000 1363 3101 1418 cst,
3135 1363 3430 1416 resurrexit

225 1435 500 1504 sepulcrum
535 1449 688 1488 suum
731 1435 994 1490 adeuntes
1020 1436 1304 1490 et'crebro
1342 1437 1620 1492 visitantes
1649 1453 1763 1491 mu-

1862 1434 1916 1480 et
1963 1439 2152 1484 czetera
2203 1433 2583 1502 redemptionis
2630 1447 2826 1492 nostrze
2873 1444 3127 1510 mysteria
3165 1447 3425 1511 exhibuit,

225 1526 358 1580 lieres
411 1525 556 1580 ultra
613 1541 798 1580 sexum
852 1541 1006 1579 suum
1060 1527 1330 1595 provexit,
1386 1537 1440 1581 et
1500 1526 1763 1595 apostolo-
1860 1533 1982 1572 eum
2031 1519 2144 1589 ipse
2191 1523 2365 1590 pulvis
2405 1525 2538 1578 nihil
2586 1543 2771 1582 eorum
2813 1538 2872 1582 ut
2914 1541 3040 1599 pote
3081 1534 3430 1602 iusensibilis,

225 1631 342 1678 mm,
385 1625 441 1669 ut
485 1615 563 1668 ita
611 1614 818 1678 dicam,
864 1616 1260 1684 praedicatrices
1301 1617 1607 1681 constituit,
1653 1619 1762 1687 pri-
1861 1613 2107 1668 conscius
2153 1615 2334 1668 fuerit.
2387 1617 2452 1670 Et
2497 1618 2617 1672 vide
2658 1629 2859 1688 quanto
2892 1622 3114 1690 majoris
3157 1629 3228 1681 sit
3255 1632 3432 1684 meriti

224 1707 401 1774 misque
447 1705 758 1758 mortalium
809 1721 866 1760 se
905 1707 1268 1762 resurrexisse
1318 1708 1567 1762 innotuit.
1621 1707 1757 1762 Audi
1788 1786 1819 1788 Α
1859 1718 2054 1771 corpus
2101 1707 2322 1774 apostoli
2365 1716 2420 1761 et
2455 1709 2772 1776 potentioris
2821 1715 3158 1771 auctoritatis
3199 1720 3265 1772 ad
3309 1737 3428 1788 pro-

223 1797 419 1864 denique
477 1795 696 1849 beatum
741 1795 1094 1866 Augustinum
1143 1798 1195 1851 in
1245 1797 1380 1852 libro
1425 1799 1490 1852 de
1535 1797 1760 1852 Civitate
1787 1786 1834 1845 Β
1860 1795 2101 1864 pellenda
2141 1798 2321 1862 noxia,
2367 1807 2421 1852 et
2465 1799 2796 1868 impetranda
2836 1802 3135 1871 profutura,
3187 1786 3329 1876 q'uod
3371 1822 3428 1864 et

220 1887 294 1941 Dei
332 1888 505 1956 primo
556 1886 693 1956 (cap.
738 1885 847 1955 l5),
894 1887 1078 1956 quanti
1132 1888 1325 1942 habeat
1363 1903 1585 1957 corpora
1634 1904 1758 1942 san-
1859 1884 2220 1941 habitaculum
2268 1889 2362 1943 Dei
2389 1890 2593 1944 exstitit
2621 1899 2675 1944 et
2719 1892 2939 1961 vestigia
2989 1897 3278 1953 Dominicaa
3305 1915 3430 1969 pas-

219 1988 395 2033 ctorum
443 1996 458 2031 :
516 1977 632 2032 Non
667 1979 1054 2032 contemnenda
1102 1988 1246 2042 sunt,
1290 1979 1481 2047 inquit,
1521 1987 1574 2033 et
1622 1978 1755 2047 abji-
1857 1977 2022 2031 sionis
2067 1993 2164 2046 per
2209 1979 2444 2049 seipsum
2492 1981 2816 2051 experiendo
2855 1989 3262 2042 consummavit.
3308 1989 3426 2044 Jam

217 2071 374 2124 cicada
416 2084 648 2138 corpora
697 2068 1070 2124 defunctorum
1115 2071 1451 2138 maximeque
1491 2069 1756 2138 justorum
1856 2081 1983 2121 vero
2012 2069 2138 2136 quid
2166 2070 2280 2124 ais:

218 2168 352 2228 atque
377 2157 642 2223 ﬁdelium,
672 2158 866 2227 quibus
901 2167 1154 2228 tanquam
1182 2158 1398 2229 organis
1433 2167 1487 2212 et
1525 2159 1664 2212 vasis
1689 2159 1757 2213 ad
1932 2175 1949 2206 ι
1996 2155 2128 2223 Quia
2152 2159 2197 2210 si
2229 2161 2608 2229 proprietatem
2651 2169 2938 2222 verborum
2978 2169 3190 2223 Domini
3221 2170 3430 2224 subtili-

215 2250 364 2304 omnia
385 2249 526 2303 bona
555 2263 719 2318 Opera
741 2256 962 2303 sanctus
991 2264 1119 2303 usus
1141 2257 1222 2302 est
1244 2248 1492 2318 Spiritus.
1526 2247 1582 2302 Si
1609 2249 1753 2302 enim
1861 2265 1880 2297 σ
1920 2255 2003 2301 ter
2027 2249 2445 2316 consideremus,
2480 2269 2582 2308 non
2613 2266 2694 2310 est
2717 2259 2765 2312 ei
2794 2260 2993 2314 dictum
3021 2278 3033 2312 :
3063 2260 3129 2314 Et
3151 2262 3427 2331 quodcum-

214 2349 402 2409 paterna
447 2339 638 2402 vestis,
677 2337 760 2392 vel
795 2339 1046 2404 annulus,
1086 2355 1150 2394 ac
1198 2340 1241 2393 si
1286 2340 1412 2408 quid
1455 2339 1752 2409 hujusmodi
1859 2353 1878 2386 ι
1921 2352 2025 2406 que
2054 2337 2324 2408 ligaveris,
2354 2341 2459 2395 erit
2487 2342 2710 2413 ligatum
2737 2356 2899 2416 super
2925 2357 3145 2414 terram,
3177 2357 3233 2403 et
3255 2351 3426 2419 quod—

215 2429 574 2493 tauto‘charius
613 2439 700 2482 est
730 2429 959 2498 posteris
987 2437 1188 2497 quanto
1215 2444 1340 2498 erga
1363 2439 1613 2499 parentes
1642 2444 1754 2482 ma-
1859 2444 1878 2476 ι
1923 2441 2131 2497 cunque
2151 2429 2374 2485 solveris
2400 2431 2452 2485 in
2477 2434 2638 2499 caelo,
2659 2437 2763 2489 erit
2787 2438 3016 2492 solutum
3039 2448 3094 2493 et
3118 2439 3172 2493 in
3200 2448 3362 2494 terra.
3398 2461 3421 2490 ι

210 2521 278 2590 jor
300 2529 469 2576 exstat
499 2519 744 2584 aﬂ'ectus,
787 2521 930 2575 nullo
969 2521 1127 2575 modo
1164 2521 1277 2590 ipsa
1307 2522 1602 2590 spernenda
1631 2530 1753 2576 sunt
1853 2515 1982 2583 Quis
2029 2533 2134 2572 non
2176 2520 2357 2575 videat
2408 2523 2755 2581 stultissimos
2807 2529 3264 2597 tergiversationis
3321 2539 3428 2584 tute

214 2627 422 2681 corpora,
449 2629 575 2682 quae
597 2613 780 2681 utique
799 2613 966 2668 multo
993 2612 1310 2667 familiarius
1338 2621 1497 2682 atque
1527 2614 1750 2683 conjun-
1852 2607 2158 2664 anfractus?
2201 2611 2441 2681 Repente
2478 2631 2712 2687 namque
2753 2620 2821 2674 ab
2865 2620 3252 2676 intercessione
3303 2637 3428 2676 san-

210 2704 323 2757 ctius
351 2719 511 2774 quam
537 2703 789 2773 qu:elihet
826 2704 1132 2758 indumenta
1160 2713 1449 2774 gestamus.
1483 2703 1606 2759 "th
1650 2704 1752 2758 ita-
1851 2708 2058 2753 ctorum
2104 2702 2301 2756 transis
2341 2704 2408 2758 ad
2439 2703 2776 2773 judiciariam
2804 2709 3116 2780 dignitatem
3157 2711 3425 2780 apostolo-

211 2810 297 2862 que
323 2794 642 2850 venerabilis
675 2793 772 2846 viri
798 2793 960 2847 verba
985 2793 1070 2847 vel
1109 2793 1408 2846 admonitus
1439 2793 1666 2863 percipe,
1697 2801 1752 2847 et
1855 2805 1993 2843 rum.
2027 2791 2094 2844 Et
2117 2801 2176 2845 ut
2205 2793 2486 2847 stultorum
2533 2798 2802 2852 mentibus
2829 2799 3039 2866 illudas,
3067 2809 3122 2854 et
3157 2801 3423 2856 interces-

208 2885 262 2938 δι»
281 2901 449 2940 amore
481 2893 790 2940 sanctorum
823 2897 1109 2952 corporum
1154 2891 1361 2936 mentes
1407 2881 1638 2936 ﬁdelium
1665 2896 1748 2935 rc—
1851 2885 2015 2939 sionis
2057 2901 2206 2955 spem
2246 2887 2471 2952 adimas,
2517 2899 2765 2945 astruere
2805 2893 3020 2946 conaris
3064 2908 3167 2960 non
3204 2908 3298 2947 eos
3325 2909 3426 2961 pro

210 2988 374 3029 vocare
399 2975 679 3028 desuesce.
704 2971 887 3025 Refert
910 2972 1051 3026 idem
1078 2971 1445 3026 sanctissimus
1473 2980 1630 3040 atque
1659 2987 1746 3027 ca-
1851 2975 2005 3030 nobis
2036 2976 2388 3041 intercedere,
2428 2991 2494 3032 eo
2533 2979 2674 3048 quod
2712 2996 2817 3035 non
2848 2989 3125 3036 morentur
3153 2982 3202 3035 in
3234 2997 3422 3036 corru-

209 3063 390 3118 tliolicxe
442 3061 695 3117 defensor
738 3060 860 3116 ﬁdei
908 3062 960 3115 in
1007 3060 1208 3116 eisdem
1248 3059 1399 3115 libris
1442 3060 1592 3130 plura
1629 3077 1748 3130 quae
1849 3062 2022 3133 ptibili
2058 3080 2302 3134 corpore.
2358 3065 2422 3121 Et
2464 3066 2606 3122 sicut
2628 3048 2737 3123 uda
2769 3069 2982 3124 videtur
3012 3069 3203 3124 Petrus
3232 3071 3421 3127 sedere

206 3158 325 3206 tacta
360 3162 484 3207 sunt
511 3152 651 3222 apud
678 3160 983 3205 sanctorum
1021 3150 1274 3219 reliquias
1303 3150 1576 3217 miracula,
1608 3151 1747 3206 inter
1773 3137 1817 3198 C
1848 3157 1901 3209 in
1929 3156 2183 3210 cathedra
2209 3156 2462 3212 Romana:
2490 3159 2657 3221 urbis,
2687 3160 2760 3215 ita
2790 3176 2897 3214 non
2925 3160 3120 3215 habeat
3143 3178 3263 3215 eum
3286 3177 3418 3216 cura

205 3261 304 3312 qua:
327 3246 473 3300 addit
515 3259 739 3314 corpora
786 3245 1060 3299 beatorum
1103 3251 1407 3298 sanctorum
1449 3250 1745 3311 martyrum
1844 3244 2220 3300 ecclesiastica:
2261 3245 2585 3302 defensionis
2623 3266 2636 3302 :
2676 3251 2828 3318 quasi
2880 3267 2984 3305 non
3033 3251 3201 3305 multo
3245 3254 3418 3323 magis

203 3335 416 3393 Genasii
450 3347 616 3407 atque
661 3335 908 3400 Protasii,
959 3351 1080 3390 cum
1133 3336 1383 3398 laterent,
1435 3342 1490 3390 et
1533 3335 1745 3405 penitus
1845 3343 1899 3389 et
1950 3334 2265 3391 familiarius
2308 3352 2407 3406 pro
2447 3339 2601 3394 nobis
2647 3340 2972 3396 intervenire
3011 3344 3179 3414 possit
3215 3344 3349 3398 liber
3385 3362 3416 3399 a

207 3429 541 3493 nescirentur,
571 3428 824 3498 episcopo
855 3427 1136 3483 Ambrosio
1174 3441 1270 3496 per
1297 3427 1558 3481 somnium
1587 3440 1741 3480 reve—
1844 3431 2188 3486 mortalitatis
2217 3432 2472 3496 vanitate,
2518 3434 2850 3502 quam'olim
2885 3435 3172 3504 depressus
3203 3445 3413 3492 terrena

207 3519 316 3581 lata,
345 3530 554 3590 reperta
589 3528 736 3583 sunt,
769 3517 856 3572 ubi
885 3532 1084 3582 ancus,
1113 3515 1345 3586 depulsis
1378 3515 1644 3570 veteribus
1667 3523 1744 3570 te.
1841 3521 2252 3578 inhabitatione.
2284 3521 2388 3577 Sed
2418 3524 2540 3578 audi
2567 3525 2695 3594 quid
2729 3534 2915 3580 contra
2944 3526 3058 3581 hmo
3088 3529 3276 3582 beatus
3298 3529 3410 3584 Au-

204 3611 378 3673 uebris,
412 3611 556 3664 diem
584 3609 736 3663 vidit.
765 3607 927 3674 Quid,
955 3622 1083 3677 rogo
1111 3616 1184 3671 te,
1213 3615 1507 3676 tantopere,
1533 3597 1740 3670 Claudi,
1841 3612 2087 3680 gustinus
2131 3611 2182 3664 in
2229 3611 2365 3665 libro
2408 3612 2472 3666 de
2501 3610 2729 3668 Civitate
2758 3614 2851 3668 Dei
2883 3614 3142 3685 vigesimo
3177 3619 3412 3671 secundo

205 3700 434 3758 Dominus
484 3709 794 3756 sanctorum
838 3715 1054 3754 suorum
1096 3714 1193 3768 per
1231 3696 1595 3752 venerabilem
1627 3696 1740 3766 epi-
1840 3701 2000 3755 dicat.
2041 3699 2168 3755 Post
2201 3703 2662 3757 enumerationem
2687 3704 2829 3756 enim
2875 3704 3253 3759 miraculorum
3291 3721 3410 3774 qua:

203 3807 394 3862 scopum
441 3793 789 3848 Ambrosium
842 3791 1014 3846 voluit
1058 3789 1280 3845 revelari
1329 3804 1581 3858 corpora,
1637 3788 1740 3843 nisi
1839 3792 1977 3860 apud
2020 3792 2332 3849 memoriam
2365 3800 2670 3847 sanctorum
2702 3802 2914 3863 patrata
2956 3805 3100 3860 sunt,
3131 3797 3409 3865 subsequi—

202 3885 343 3939 sciret
375 3901 440 3940 ea
482 3883 797 3939 mortalibus
826 3882 1138 3953 profutura?
1172 3883 1377 3937 Interea
1408 3881 1571 3936 refert
1600 3881 1739 3936 idem
1839 3889 1957 3935 tur:
1985 3879 2106 3946 Cui,
2129 3882 2228 3936 nisi
2251 3883 2374 3936 huic
2402 3882 2544 3946 ﬁdei,
2577 3891 2899 3940 attestantur
2921 3885 3019 3939 ista
3048 3885 3324 3949 miracula,
3356 3885 3408 3939 in

202 3976 506 4032 fortissimus
530 3985 729 4031 sanctae
749 3975 998 4030 Ecclesiae
1026 3977 1228 4038 murus,
1258 3981 1312 4028 et
1339 3973 1482 4028 aliud
1509 3974 1740 4028 miracu-
1837 3991 1940 4044 qua
1975 3977 2293 4045 praedicatur
2334 3976 2580 4031 Christus
2625 3979 2982 4033 resurrexisse
3027 3978 3080 4032 in
3128 3995 3310 4044 carne,
3349 3989 3407 4034 et

201 4066 292 4120 lum
321 4068 622 4138 hujusmodi
654 4068 792 4121 inter
821 4076 1035 4131 caetera,
1071 4066 1204 4121 libro
1227 4066 1482 4136 vigesimo
1507 4065 1737 4120 secundo
1837 4065 1891 4118 in
1919 4066 2113 4121 cmlum
2139 4067 2442 4120 ascendisse
2471 4081 2591 4120 cum
2624 4069 2818 4122 carne?
2845 4065 2980 4122 Nam
3004 4076 3059 4122 et
3081 4069 3180 4138 ipsi
3213 4079 3411 4140 marty—

201 4156 420 4213 Civitatis
451 4158 568 4224 Dei,
611 4158 686 4211 ita
729 4158 911 4212 (licens
945 4174 958 4210 :
992 4155 1159 4211 Habet
1185 4155 1472 4226 Hesperius
1501 4156 1554 4209 in
1586 4156 1741 4209 terri-
1837 4173 1924 4212 res
1973 4158 2126 4227 uujus
2162 4157 2282 4211 ﬁdei
2320 4164 2601 4226 martyres,
2638 4158 2692 4214 id
2733 4167 2834 4223 est,
2873 4159 3031 4228 hujus
3076 4160 3197 4212 ﬁdei
3241 4168 3405 4213 testes

201 4247 321 4300 tirio
345 4247 645 4302 Fussalensi
672 4247 890 4300 fundum
917 4245 1117 4300 Cubedi
1142 4234 1484 4314 appellatum.
1505 4245 1592 4298 ubi
1617 4260 1738 4299 cum
1837 4248 2071 4311 fuerunt,
2125 4251 2249 4304 huic
2287 4250 2410 4303 ﬁdei
2455 4250 2816 4305 testimonium
2861 4250 3226 4320 perhibentcs,
3257 4267 3410 4304 mun-

199 4339 462 4396 uﬂlictiuue
491 4341 801 4395 animalium
841 4349 896 4394 et
940 4353 1214 4392 servorum
1265 4352 1480 4390 suorum
1525 4337 1738 4389 domum
1839 4341 1961 4395 dum
2010 4340 2433 4394 inimicissimum
2471 4349 2526 4393 et
2567 4341 2998 4394 crudelissimum
3025 4340 3407 4409 'pcrtulerunt,

199 4446 335 4483 suam
381 4432 665 4499 spirituum
695 4429 1042 4499 malignorum
1095 4427 1200 4480 vim
1267 4427 1476 4480 noxiam
1535 4428 1735 4496 perpeti
1761 4445 2063 4531 Deumque
2111 4445 2216 4484 non
2253 4429 2617 4500 repugnando,
2680 4431 2772 4484 sed
2818 4429 3096 4484 moriendo
3139 4431 3403 4484 vicerunt.

198 4523 547 4588 comperisset,
581 4519 785 4590 rogavit
816 4528 1046 4582 nostros,
1083 4534 1167 4572 me
1199 4517 1439 4580 absente,
1461 4518 1737 4587 presbyte-
1761 4517 1809 4531 ³¹
1837 4521 1939 4574 Pro
1963 4523 2064 4574 ista
2113 4519 2214 4574 ﬁde
2255 4519 2450 4573 mortui
2479 4529 2624 4583 sunt,
2664 4519 2753 4589 qui
2797 4520 2911 4573 haec
2936 4535 2966 4572 a
3000 4519 3222 4573 Domino
3245 4519 3409 4588 impe-

200 4629 296 4674 ros,
324 4623 379 4667 ut
401 4629 582 4668 eorum
620 4613 811 4683 aliquis
854 4613 944 4666 illo
989 4622 1234 4683 pergeret
1267 4630 1278 4664 :
1309 4612 1458 4682 cujus
1484 4612 1736 4667 orationi-
1839 4619 1978 4664 trare
2001 4619 2240 4680 possunt,
2278 4618 2497 4679 propter
2523 4609 2676 4679 cujus
2701 4624 2892 4663 nomen
2918 4610 3081 4664 occisi
3127 4619 3269 4664 sunt.
3304 4609 3406 4663 Pro

199 4702 285 4756 bes
315 4706 580 4758 cederent.
611 4703 854 4758 Perrexit
893 4718 1050 4768 unus,
1090 4703 1279 4757 obtulit
1317 4703 1387 4756 ibi
1417 4701 1733 4757 sacriﬁcium
1836 4702 1937 4755 hac
1968 4700 2070 4755 ﬁde
2099 4700 2369 4770 praecessit
2396 4716 2581 4754 eorum
2630 4699 2766 4752 mira
2807 4699 3063 4768 patientia
3117 4707 3176 4753 ut
3219 4699 3271 4753 in
3323 4700 3407 4754 his

199 4794 421 4860 corporis
445 4793 662 4853 Christi,
695 4809 856 4847 orans
895 4803 1149 4862 quantum
1195 4793 1365 4862 potuit
1409 4801 1464 4846 ut
1503 4801 1736 4846 cessaret
1835 4791 2108 4846 miraculis
2157 4799 2304 4845 tanta
2350 4791 2453 4845 ista
2502 4791 2741 4860 potentia
2784 4799 3114 4860 sequeretur.
3145 4791 3404 4861 Hierony—

201 4882 275 4937 illa
307 4885 518 4939 vexatio
549 4903 561 4936 :
590 4885 698 4940 Deo
739 4885 979 4952 protinus
1023 4885 1328 4947 miserante,
1357 4885 1604 4938 cessavit.
1634 4883 1734 4937 Ac—
1836 4897 1955 4936 mus
1981 4883 2235 4936 adversus
2266 4881 2612 4950 Vigilantiam
2645 4899 2658 4933 :
2692 4880 2837 4935 Dicis
2867 4881 2918 4934 in
2942 4879 3121 4934 libello
3146 4891 3235 4933 tuo
3261 4883 3402 4950 quod

202 4986 399 5044 ceperat
442 4986 620 5031 autem
665 4977 733 5030 ab
775 4976 948 5030 amico
991 4990 1087 5029 suo
1132 4985 1329 5029 terram
1373 4984 1630 5037 sanctam,
1667 4973 1735 5028 de
1839 4972 1965 5025 dum
2009 4972 2238 5025 vivimus
2283 4981 2470 5025 mutuo
2516 4985 2613 5039 pro
2665 4971 2819 5024 nobis
2873 4985 3031 5024 orare
3086 4981 3398 5039 possumus;

205 5061 564 5137 Hierosolymis
590 5066 824 5128 allatam,
856 5064 943 5118 ubi
970 5063 1204 5132 sepultus
1239 5063 1481 5119 Christus
1514 5064 1599 5118 die
1629 5071 1735 5116 ter-
1837 5073 2118 5133 postquam
2160 5071 2339 5118 autem
2383 5055 2580 5117 mortui
2621 5061 2900 5126 fuerimus,
2941 5063 3138 5116 nullius
3187 5063 3258 5115 sit
3303 5079 3400 5131 pro

208 5151 268 5205 lio
294 5155 603 5220 resurrexit,
629 5169 855 5224 eamque
891 5154 1236 5223 suspenderat
1266 5153 1319 5206 in
1350 5153 1590 5207 cubiculo
1615 5167 1731 5216 suo,
1837 5153 1941 5208 alio
1984 5154 2313 5208 exaudienda
2366 5153 2561 5216 oratio,
2614 5153 2910 5222 praesertim
2963 5167 3083 5206 cum
3135 5161 3399 5222 martyres

209 5253 261 5293 ne
281 5242 405 5310 quid
433 5243 554 5298 mali
576 5244 736 5298 etiam
760 5245 873 5313 ipse
895 5230 1184 5311 pateretur.
1207 5241 1276 5295 At
1301 5244 1387 5296 ubi
1410 5243 1598 5296 domus
1619 5243 1734 5312 ejus
1837 5242 2091 5298 ultionem
2123 5245 2203 5298 sui
2243 5242 2514 5313 sanguinis
2548 5243 2908 5307 obsecrantes,
2959 5243 3249 5310 impetrare
3291 5258 3395 5296 non

211 5328 262 5382 ab
285 5331 368 5386 illa
397 5333 738 5389 infestatione
775 5341 998 5404 purgata
1037 5341 1139 5397 est,
1185 5333 1312 5400 quid
1365 5333 1431 5387 de
1472 5333 1557 5386 illa
1593 5343 1734 5388 terra
1838 5332 2120 5401 quiverint.
2150 5331 2206 5385 Si
2236 5331 2458 5400 apostoli
2487 5339 2543 5386 et
2579 5339 2842 5400 martyres
2885 5330 3059 5385 adhuc
3087 5332 3136 5384 in
3174 5347 3398 5400 corpore

214 5415 359 5485 fleret,
383 5423 668 5492 cogitabat,
697 5440 856 5493 quam
896 5423 1094 5476 diutius
1117 5423 1171 5483 in
1197 5422 1437 5476 cubiculo
1462 5438 1560 5476 suo
1580 5439 1735 5478 reve—
1837 5423 2108 5478 constituti
2147 5431 2368 5498 possunt
2397 5437 2497 5491 pro
2525 5423 2734 5476 caeteris
2773 5438 2928 5476 orare
2955 5423 3166 5491 quando
3215 5439 3311 5491 pro
3337 5441 3396 5479 se

216 5511 373 5565 rentia:
401 5527 556 5567 causa
602 5515 799 5569 habere
843 5514 1074 5569 nolebat.
1118 5513 1278 5568 Forte
1317 5513 1508 5568 accidit
1541 5523 1599 5568 ut
1636 5528 1736 5584 ego
1839 5513 2012 5568 adhuc
2057 5513 2253 5566 debent
2288 5526 2406 5566 esse
2445 5511 2681 5575 solliciti,
2712 5520 2913 5580 quanto
2948 5512 3120 5583 magis
3156 5521 3277 5581 post
3305 5530 3397 5567 co—

213 5600 466 5671 etcollega
493 5611 618 5658 tunc
657 5620 808 5658 meus
833 5604 1110 5674 episcopus
1139 5601 1460 5656 Sinnitensis
1489 5602 1736 5658 Ecclesiae
1839 5620 2016 5666 ronas,
2050 5603 2298 5658 victorias
2325 5613 2379 5656 et
2415 5603 2743 5671 triumphos?
2790 5601 2933 5656 Unus
2981 5603 3139 5659 homo
3188 5604 3393 5675 Moyses

213 5683 460 5745 Stasimus
477 5693 528 5748 in
547 5693 789 5757 proximo
812 5708 1047 5748 essemus
1070 5707 1085 5745 :
1107 5700 1165 5747 ut
1185 5692 1486 5747 veniremus
1511 5693 1733 5762 rogavit,
1841 5693 2109 5752 sexcentis
2161 5693 2396 5755 millibus
2431 5699 2758 5746 armatorum
2790 5691 3039 5764 impetrat
3080 5711 3107 5748 a
3155 5694 3264 5750 Deo
3296 5709 3396 5756 vc:
