4030 6190
556 296 659 352 579

1611 292 1801 350 ΙΟΝᾸΞ
1841 292 2389 352 AURELIANENSIS
2422 292 2727 351 EPISCOPI

3674 298 3783 355 580

555 407 721 471 niam,
747 414 804 461 et
829 403 1134 474 Stephanus
1161 403 1402 458 imitator
1424 404 1632 459 Domini
1670 406 1775 471 sui,
1819 414 1874 461 et
1908 407 2113 475 primus
2140 408 2190 466 A
2214 404 2460 470 nuerint;
2491 420 2592 460 nec
2620 406 2737 461 illos
2765 409 3012 464 amittere
3042 409 3164 475 jura
3201 408 3509 478 iudiciaria,
3541 426 3663 466 cum
3688 412 3783 467 bo-

555 505 761 566 martyr
785 495 840 548 in
865 494 1100 559 Christo,
1122 508 1223 563 pro
1250 495 1678 564 persecutoribus
1698 497 1909 551 veniam
1935 499 2117 566 depreo

556 598 710 642 catur
731 578 814 638 :ét
826 592 1103 655 postquam
1127 600 1249 639 cum
1270 584 1482 646 Christo
1502 600 1620 641 esse
1639 587 1918 656 coeperint,
1939 587 2116 643 minus

555 675 838 736 valebunt?
860 674 1054 729 Paulus
1082 674 1353 744 apostolus
1374 675 1629 729 ducentas
1659 677 1999 746 septuaginta
2020 689 2114 731 sex

553 767 655 820 sibi
685 766 815 821 dicit
836 766 888 820 in
909 766 1029 820 navi
1050 766 1628 830 auimascondonatas,
1649 774 1707 819 et
1729 775 2006 835 postquam
2032 781 2117 821 re-

548 842 758 911 solutus
796 870 915 910 esse
955 856 1178 924 coeperit
1206 872 1328 910 cum
1349 855 1581 920 Christo,
1610 864 1737 911 tunc
1778 872 1871 911 ora
1904 850 2117 912 cla‘usu—
2156 874 2159 875 '

553 963 646 1001 rus
672 956 773 1011 est,
797 961 999 1016 proque
1028 948 1113 1001 his
1140 949 1228 1016 qui
1262 949 1314 1001 in
1344 956 1453 1002 toto
1488 949 1619 1002 orbe
1654 949 1719 1002 ad
1758 965 1914 1024 spum
1945 949 2114 1002 Evan-

553 1041 752 1111 gelium
790 1040 1149 1103 crediderunt,
1188 1041 1382 1095 mutire
1418 1056 1520 1095 non
1552 1042 1783 1111 poterit?
1826 1043 2116 1112 Meliorque

553 1131 659 1184 erit
680 1128 994 1200 Vigilantius
1021 1132 1171 1187 canis
1196 1132 1401 1197 vivens,
1418 1120 1576 1202 quam
1605 1133 1692 1187 ille
1721 1133 1805 1187 leo
1828 1124 2114 1189 mortuus?

554 1224 719 1279 Recte
750 1227 850 1282 hoc
878 1227 942 1281 de
970 1225 1292 1280 Ecclesiaste
1323 1241 1699 1296 proponerem,
1732 1226 1775 1280 si
1804 1226 2026 1280 Paulum
2064 1227 2115 1280 in

552 1317 740 1386 spiritu
771 1324 1037 1371 mortuum
1064 1316 1367 1371 conﬁterer.
1417 1315 1656 1384 Denique
1684 1318 1855 1371 sancti
1883 1333 1987 1371 non
2021 1332 2118 1387 ap-

547 1405 819 1479 pellantur
854 1406 1073 1472 mortui,
1103 1406 1196 1461 sed
1224 1405 1569 1462 dormientes.
1605 1405 1758 1461 Unde
1776 1414 1833 1461 et
1849 1407 2115 1472 Lazarus,

551 1499 645 1568 qui
697 1506 1104 1553 resurrecturus
1161 1505 1309 1562 erat,
1359 1497 1621 1574 dormisse
1671 1498 1999 1568 perhibetur.
2055 1498 2122 1552 Et

548 1589 837 1660 Apostolus
883 1597 1031 1644 vetat
1078 1589 1593 1672 Thess‘alonicenses‘
1628 1591 1694 1644 de
1734 1589 2121 1645 dormientibus

552 1682 880 1738 contristari.
932 1679 1165 1736 Joannes
1215 1680 1631 1752 Chrysostomus
1676 1681 1728 1735 in
1777 1681 1992 1736 humilia
2056 1681 2121 1735 de

2216 499 2416 555 minem
2480 509 2738 555 ementes
2800 502 2866 557 ad
2929 502 3093 556 vitam
3154 511 3435 557 transeunt
3493 503 3782 572 potiorem.
3865 564 3872 571 η

2217 602 2242 630 α
2295 591 2430 658 Quia
2473 593 2617 647 enim
2662 593 2842 663 injusti
2903 594 3207 649 sacerdotes
3258 603 3478 650 careant
3519 604 3789 666 potestate

2216 683 2420 737 sanctis
2453 684 2759 752 pastoribus
2784 685 3060 749 attributa,
3088 685 3132 740 si
3158 685 3433 739 amiserint
3457 686 3597 755 iura,
3630 687 3791 741 testis

2216 781 2300 828 est
2328 774 2515 828 beatus
2547 772 2837 844 Gregorius
2879 775 2952 829 ita
3001 776 3260 831 dicendo:
3289 775 3440 830 Unde
3481 775 3539 830 lit
3568 784 3629 831 ut
3670 778 3791 846 ipse

2217 864 2318 918 hac
2356 862 2552 934 ligandi
2601 873 2656 918 et
2690 865 2927 918 solvendi
2951 873 3217 935 potestate
3241 881 3298 919 se
3324 867 3497 936 privet
3520 868 3612 937 qui
3642 868 3792 923 hanc

2215 971 2314 1025 pro
2336 955 2451 1010 suis
2477 955 2852 1025 voluptatibus,
2891 965 2945 1010 et
2976 972 3077 1011 non
3094 976 3099 981 ι
3117 972 3213 1027 pro
3233 958 3593 1028 subiectorum
3618 960 3793 1015 mori-

2180 1048 2335 1116 bus,
2367 1058 2596 1105 exercet.
2642 1050 2792 1116 Quod
2840 1060 3018 1105 autem
3073 1053 3271 1108 sanctis
3320 1055 3541 1109 exuvias
3594 1057 3796 1111 anima:

2217 1154 2327 1193 suae
2372 1148 2531 1194 terrm
2573 1139 2958 1208 Iinquentibus,
2994 1141 3205 1212 integra
3254 1153 3468 1198 maneat
3512 1145 3793 1215 iudicandi

2216 1224 2588 1299 praerogativa;
2617 1214 2814 1283 Paulus
2840 1237 3070 1285 testatur
3095 1232 3160 1286 de
3184 1248 3240 1287 se
3262 1234 3477 1303 suisque
3501 1214 3793 1290 similibus.

2220 1319 2303 1372 An
2341 1320 2570 1384 nescitis,
2597 1320 2793 1390 inquit,
2831 1322 2955 1392 quia
2994 1320 3202 1392 angelos
3231 1323 3558 1393 judicamus,
3594 1337 3798 1396 quanto

2219 1409 2382 1478 magis
2402 1408 2675 1463 swcularia
2709 1408 2761 1481 (Ι
2790 1408 2913 1463 Cor.
2942 1410 3056 1482 vr)?
3083 1411 3218 1467 Hinc
3246 1413 3411 1468 Isaias
3460 1414 3570 1468 ait:
3601 1414 3798 1469 Domi—

2221 1514 2317 1553 nus
2343 1499 2412 1552 ad
2427 1499 2687 1568 judicium
2715 1502 2876 1554 veniet
2899 1518 3016 1555 cum
3044 1504 3333 1557 senioribus
3351 1504 3528 1573 populi
3548 1505 3631 1558 sui
3652 1500 3796 1575 (Isa.

2220 1591 2323 1661 Ill).
2357 1590 2491 1645 Hinc
2521 1590 2774 1647 Salomon
2805 1593 2871 1648 de
2901 1594 3125 1649 Domino
3150 1596 3340 1650 asserit
3365 1597 3548 1652 dicens
3580 1616 3593 1651 :
3628 1597 3803 1652 Nobi-

2221 1681 2285 1736 lis
2315 1685 2368 1737 in
2394 1685 2557 1754 portis
2597 1687 2676 1739 vir
2715 1685 2828 1755 ejus
2872 1686 3034 1758 (haud
3059 1687 3274 1743 dubium
3319 1689 3445 1758 quin
3473 1699 3674 1747 sanctae
3700 1691 3803 1746 Ec-

550 1774 759 1844 psalmo
781 1773 1226 1845 quinquagesimo
1259 1792 1271 1824 :
1306 1775 1525 1838 Videtis,
1557 1774 1886 1838 charissimi,
1917 1783 2117 1845 quanta
2146 1753 2193 1812 Β
2219 1753 2433 1844 clesia?)
2476 1791 2591 1828 cum
2639 1753 2828 1830 sederit
2869 1753 2985 1830 cum
3042 1753 3367 1833 senatoribus
3416 1789 3568 1834 terra:
3609 1777 3799 1852 (Prov.

551 1872 635 1919 est
662 1864 995 1933 paenitentia:
1021 1865 1211 1930 virtus,
1251 1872 1308 1919 et
1348 1865 1714 1920 conversionis
1756 1866 1821 1920 ad
1857 1865 2020 1920 Deum
2051 1867 2119 1920 ab

553 1956 806 2026 operibus
831 1956 988 2012 malis
1014 1975 1026 2009 :
1059 1956 1147 2012 hic
1179 1957 1322 2011 enim
1356 1964 1573 2012 sanctus
1604 1957 1789 2021 David,
1821 1973 1924 2011 non
1948 1956 2119 2011 solum

552 2054 675 2101 cum
703 2047 756 2101 in
785 2062 1010 2117 corpore
1034 2055 1197 2113 esset,
1224 2047 1427 2118 placuit
1454 2048 1582 2113 Deo,
1613 2049 1706 2103 sed
1735 2056 1791 2103 et
1822 2056 1944 2118 post
1981 2062 2123 2103 mor;

554 2146 665 2192 tem
711 2134 863 2195 suam
917 2140 1052 2196 vivis
1097 2141 1368 2196 invenitur
1415 2143 1729 2211 praestitisse
1782 2142 1981 2214 grande
2036 2159 2163 2199 so--

553 2231 764 2286 latium.
805 2232 1040 2305 Contigit
1083 2250 1313 2304 namque
1365 2236 1692 2306 temporibus
1747 2234 1989 2292 Ezechizc
2031 2252 2121 2292 re-

553 2324 656 2392 gis,
678 2323 1011 2395 ‘Allophylos,
1042 2325 1288 2380 inimicas
1316 2324 1620 2381 Iudaeorum
1658 2334 1867 2396 gentes,
1895 2327 2121 2381 circum-

552 2414 784 2470 vallasse
806 2415 1083 2471 civitatem
1109 2414 1555 2489 Hierosolymam.
1578 2416 1646 2471 Et
1672 2432 1792 2470 cum
1818 2424 1960 2472 esset
1986 2416 2122 2472 Eze-

553 2505 706 2560 chias
744 2504 942 2573 iustus'
969 2507 1076 2573 vir,
1121 2508 1328 2577 rogavit
1372 2507 1684 2572 Dominum,
1734 2514 1789 2562 et
1822 2516 2124 2578 prostratus

473 2606 481 2613 '
555 2592 809 2666 Iacrymis
844 2595 1251 2665 deprecabatur,
1299 2596 1555 2652 ultionem
1582 2596 1650 2652 de
1675 2596 1998 2653 adversariis
2029 2613 2125 2671 po-

554 2684 779 2744 stulans.
811 2684 969 2740 Venit
996 2685 1063 2740 ad
1091 2700 1212 2740 eum
1238 2686 1401 2741 Isaias
1428 2693 1482 2741 et
1507 2687 1655 2752 dicit,
1688 2703 1756 2742 ne
1790 2694 2004 2757 putaret
2037 2687 2126 2743 ille

555 2775 680 2846 quia
704 2774 911 2843 iustitia
946 2792 1041 2831 sua
1077 2778 1359 2833 exauditus
1382 2788 1463 2833 est
1489 2778 1565 2848 (et
1601 2789 1747 2835 certe
1770 2779 1882 2850 iam
1919 2781 2126 2837 defece-

552 2874 640 2921 rat
680 2865 869 2934 David,
910 2876 979 2923 et’
1002 2868 1234 2924 habebat
1275 2870 1470 2925 multos
1510 2885 1680 2926 annos
1726 2870 2121 2945 requnescens);

556 2960 687 3030 quid
712 2976 838 3031 ergo
863 2961 992 3016 dicit
1024 2962 1073 3017 ei
1103 2978 1116 3015 :
1148 2959 1422 3033 Protegam
1450 2963 1704 3018 civitatem
1741 2965 1896 3029 hanc,
1919 2974 2122 3035 propter

555 3067 653 3112 me,
684 3060 730 3104 et
757 3062 965 3122 propter
1006 3052 1177 3106 David
1216 3071 1417 3108 servum
1465 3072 1633 3108 meum
1663 3053 1780 3125 (ΙΙΙ
1810 3054 1937 3125 Reg.
1985 3054 2119 3125 xui).

2222 1862 2398 1935 xxxi).
2426 1863 2529 1937 sed
2557 1872 2611 1919 et
2637 1865 2894 1921 Dominus
2914 1866 2968 1921 in
2990 1867 3275 1940 Evangelio
3303 1870 3499 1924 :Amen
3520 1871 3636 1925 dico
3659 1872 3805 1927 vobis

2221 1954 2358 2025 quod
2386 1970 2471 2009 vos
2494 1957 2583 2025 qui
2617 1955 2897 2027 reliquistis
2929 1959 3127 2024 omnia,
3156 1960 3210 2012 in
3234 1962 3638 2027 regeneratione,
3681 1978 3804 2015 cum

2220 2045 2409 2099 sederit
2430 2044 2477 2098 F
2478 2045 2599 2100 ilius
2619 2048 2843 2103 hominis
2870 2051 2923 2103 in
2950 2050 3069 2104 sede
3089 2052 3376 2120 majestatis
3399 2069 3527 2115 suae,
3556 2052 3804 2107 sedebitis

2222 2140 2267 2189 et
2285 2152 2369 2191 vos
2383 2154 2537 2206 super
2547 2140 2692 2192 sedes
2706 2138 2998 2204 duodecim,
3018 2140 3320 2209 judicantes
3335 2128 3608 2195 duodecim
3632 2144 3804 2197 tribus

2222 2223 2391 2280 Israel
2405 2226 2617 2298 (Matth.
2641 2229 2775 2297 xxx).
2794 2229 2960 2285 Parce
2973 2246 3100 2302 ergo
3117 2231 3225 2302 iam
3243 2240 3349 2285 tam
3367 2232 3543 2287 invide
3558 2232 3806 2290 lacerare

2223 2326 2529 2372 sanctorum
2561 2320 2823 2389 requiem,
2857 2337 3171 2393 eorumque,
3200 2333 3461 2392 quantum
3510 2324 3563 2378 in
3605 2333 3659 2381 te
3700 2335 3801 2390 est,

2224 2411 2502 2467 annullare
2538 2421 2879 2482 potestatem,
2906 2429 2974 2468 ne
3000 2415 3243 2470 invenias
3270 2425 3454 2470 contra
3487 2423 3538 2471 te
3559 2433 3801 2485 severos,

2224 2515 2357 2568 quos
2399 2500 2628 2570 despicis
2668 2503 2819 2571 quasi
2873 2502 3071 2559 nullius
3120 2507 3374 2561 momenti
3426 2506 3801 2563 :estimandos.

2223 2589 2430 2646 Interea
2478 2593 2545 2646 ab
2592 2593 2789 2649 infreni
2840 2593 3184 2667 levitatisque
3231 2595 3388 2669 plena
3433 2598 3806 2669 iniuriosaque

2218 2680 2504 2750 iactantia,
2535 2680 2640 2755 qua
2680 2683 2770 2737 diu
2805 2684 3075 2740 lacessivit
3105 2701 3348 2756 superos,
3381 2688 3513 2743 redit
3550 2687 3618 2743 ad
3647 2704 3803 2744 mor—

2226 2771 2409 2827 talium
2440 2772 2835 2838 lacerationem,
2867 2786 2920 2830 et
2946 2777 3124 2832 verbis
3146 2776 3330 2833 fellitis
3359 2778 3597 2833 omnium
3627 2780 3797 2850 impe~

2226 2862 2290 2917 tit
2313 2862 2547 2918 ﬁdelium
2573 2874 2773 2920 sancta:
2800 2865 3050 2923 Ecclesiae
3073 2876 3249 2922 castra
3277 2868 3540 2923 dicendo:

2302 2973 2321 3006 ε
2368 2954 2578 3020 Redite,
2616 2957 2760 3020 cmci,
2798 2958 2864 3011 ad
2891 2958 3072 3013 lumen
3111 2973 3316 3023 verum,
3360 2959 3501 3028 quod
3528 2958 3798 3014 illuminat

2232 3066 2251 3098 ι
2296 3062 2508 3103 omnem
2550 3048 2822 3103 hominem
2874 3049 3174 3102 venientem
3215 3049 3271 3102 in
3318 3051 3462 3103 hunc
3511 3049 3799 3116 mundum,

559 3140 724 3195 David
770 3147 1015 3197 mortuus
1062 3152 1167 3207 est,
1213 3150 1268 3196 et
1310 3143 1501 3197 merita
1543 3142 1657 3209 ejus
1691 3143 1875 3197 vivunt
1905 3162 1917 3196 :
1949 3159 1981 3198 o
2009 3159 2124 3198 rem
2152 3113 2196 3175 C
2233 3161 2253 3194 ι
2295 3143 2437 3213 quod
2459 3142 2636 3196 lumen
2667 3142 2718 3196 in
2751 3142 3167 3207 tenebrislucet,
3190 3149 3244 3197 et
3269 3144 3505 3197 tenebrae
3532 3157 3653 3196 eum
3685 3159 3798 3196 non

559 3230 960 3285 admirandam!
1010 3247 1043 3287 ο
1073 3231 1392 3286 ineﬂ'abilem
1439 3232 1776 3287 clementiam
1814 3234 1929 3299 Dei,
1969 3234 2127 3289 homo

558 3328 802 3385 mortuus
849 3320 974 3375 vivo
1026 3321 1427 3390 patrocinatur!
1487 3337 1520 3375 ο
1565 3322 1851 3391 iustorum,
1906 3331 1960 3377 et
2005 3331 2127 3394 post

558 3411 1075 3465 consummationem
1138 3406 1562 3481 inexpugnabilis
1620 3426 1799 3481 pugna
1844 3413 2122 3467 virorum!

558 3502 711 3570 Quod
734 3518 864 3559 vero
892 3503 1043 3573 quasi
1071 3503 1411 3572 expositurus
1439 3502 1787 3559 subtilitatem
1816 3510 1921 3558 tua:
1949 3504 2127 3559 consi-

559 3594 849 3649 derationis
877 3595 1050 3659 addis,
1078 3594 1159 3648 ita
1184 3593 1404 3649 dicens:
1762 3636 1771 3643 .

636 3701 655 3734 ‹
700 3684 778 3739 Ac
810 3699 909 3753 per
937 3683 1038 3738 hoc
1067 3684 1340 3738 sciendum
1373 3692 1457 3738 est
1486 3684 1627 3754 quod
1661 3685 1841 3739 tandiu
1872 3685 2127 3740 antistiti-

564 3792 584 3823 c
629 3775 729 3830 bus
775 3774 1031 3829 Ecclesia:
1076 3773 1219 3829 istud
1272 3774 1624 3828 ministerium
1664 3789 1976 3830 concessum
2024 3782 2126 3842 est,

565 3889 584 3921 ε
628 3882 797 3937 usque
827 3867 951 3922 dum
984 3866 1083 3935 ipsi
1114 3865 1531 3936 peregrinantur
1556 3866 1609 3920 in
1638 3867 1740 3921 hoc
1770 3865 1980 3922 mortali
2010 3883 2129 3922 cor—

566 3981 584 4013 ι
632 3975 761 4032 pore
788 3975 803 4013 :
831 3975 950 4015 cum
989 3975 1119 4015 vero
1158 3957 1392 4014 debitum
1435 3960 1623 4014 mortis
1650 3960 1998 4026 exsolverint,
2038 3961 2129 4015 alii

567 4073 584 4105 ε
630 4053 922 4108 succedunt
948 4052 1064 4106 loco
1103 4052 1364 4122 ipsorum,
1398 4051 1486 4119 qui
1516 4051 1759 4105 eamdem
1785 4051 2029 4106 obtinent
2044 4051 2130 4121 iu-

566 4163 585 4195 ι
632 4144 905 4198 diciariam
939 4150 1278 4213 potestatem,
1316 4162 1337 4194 ι
1365 4138 1611 4212 adiungis
1634 4142 1794 4195 etiam
1828 4142 2151 4213 exemplum,

563 4235 700 4289 beati
743 4233 950 4288 David:
996 4231 1103 4286 Pro
1142 4233 1375 4303 patribus
1414 4234 1515 4287 tuis
1549 4234 1657 4287 nati
1702 4242 1822 4287 sunt
1862 4234 1956 4287 tibi
1995 4233 2128 4303 ﬁlii;

561 4325 841 4395 constitues
872 4340 957 4376 eos
992 4324 1248 4392 principes
1281 4339 1435 4391 super
1475 4338 1676 4376 omnem
1720 4331 1913 4376 terram
1954 4321 2125 4396 (Psal.

561 4416 729 4486 κων).
764 4416 961 4470 Verum
991 4413 1207 4482 quidem
1234 4421 1317 4467 est
1350 4414 1553 4467 sanctis
1583 4413 1835 4482 apostolis
1859 4414 2127 4484 apostolo—

566 4522 789 4576 rumque
834 4490 1251 4570 successoribus,
1297 4504 1401 4558 illis
1442 4504 1840 4571 decedentibus,
1880 4505 2013 4560 alios
2046 4520 2133 4559 eo-

565 4613 684 4653 rum
716 4597 831 4653 loco
865 4596 1164 4666 subrogari,
1193 4605 1249 4650 ut
1278 4595 1401 4665 quia
1428 4594 1568 4650 labili
1599 4611 1820 4651 excessu
1851 4604 1905 4651 et
1934 4606 2133 4651 morta-

540 4690 709 4746 Iibus
738 4687 1029 4753 inevitabili
1070 4686 1252 4741 debito
1293 4696 1611 4756 praesentem
1648 4687 1902 4741 deserunt
1937 4687 2129 4753 lucem,

567 4780 657 4849 alii
684 4794 868 4839 eorum
909 4778 1025 4833 vice
1057 4778 1473 4842 substituantur,
1515 4793 1547 4831 a
1586 4778 1779 4847 quibus
1813 4788 1995 4833 sancta
2032 4778 2134 4834 Ec-

568 4870 731 4926 clesia
773 4868 1028 4940 pastorali
1064 4869 1386 4923 auctoritate
1413 4868 1737 4939 gubernetur
1778 4886 1791 4922 :
1828 4884 1927 4923 nec
1955 4876 2133 4923 tamen

565 4961 888 5016 credendum
928 4967 1011 5014 est
1052 4957 1135 5013 vel
1180 4958 1311 5013 istos
1358 4957 1633 5029 percipere
1678 4960 2131 5028 praedecessorum

568 5053 903 5122 dignitatem,
932 5050 1035 5105 nisi
1081 5051 1135 5105 in
1180 5058 1439 5119 quantum
1468 5050 1733 5120 actiuitatis
1760 5050 2018 5106 libramen
2056 5060 2134 5107 te-

641 5182 666 5210 a
694 5169 807 5222 Duo
829 5168 917 5222 hic
938 5166 1164 5237 aliirmat
1186 5165 1353 5237 Jonas
1378 5181 1406 5218 a
1429 5164 1654 5237 sincerae
1690 5164 1943 5237 doctrina;
1972 5180 2132 5237 sensu

570 5238 769 5304 aliena,
810 5239 1040 5309 primum
1082 5234 1304 5309 ipiuStos
1326 5235 1630 5309 sacerdotes
1662 5249 1848 5309 carere
1876 5234 2133 5304 dignitate

571 5318 625 5380 et
645 5303 911 5380 potestate
945 5303 1146 5380 sanctis
1166 5304 1400 5375 prmlatis
1427 5305 1676 5380 attributa
1696 5320 1724 5380 ;_
1733 5303 1960 5380 alterum
1992 5320 2130 5374 pra:-

571 5374 711 5434 latos
730 5377 905 5447 iustos
937 5374 1176 5447 eamdem
1206 5381 1522 5447 potestatem
1554 5374 1944 5444 iurisdictionis
1970 5389 2129 5443 quam

566 5451 700 5504 .dum
731 5444 972 5502 viverent
1000 5444 1284 5507 habebant,
1327 5444 1565 5515 retinere
1582 5459 1793 5515 quoque
1814 5453 1956 5515 post
1991 5459 2132 5515 mor-

577 5528 705 5570 tem.
746 5517 983 5571 Primum
1028 5524 1112 5569 est
1157 5512 1376 5586 hmresis
1413 5510 2042 5586 Hu_ssitarum,_damnata
2076 5513 2129 5566 in

574 5588 801 5639 concilio
833 5584 1250 5648 Constantiensi,
1291 5598 1423 5637 sess.
1454 5582 1539 5646 15,
1573 5584 1624 5638 in
1648 5592 1750 5637 art.
1770 5582 1855 5637 ’22
1880 5592 1934 5637 et
1969 5584 2054 5645 30,
2080 5591 2135 5637 et

575 5654 733 5709 lead.
780 5655 933 5721 llus.,
974 5665 1029 5709 et
1066 5656 1119 5708 in
1151 5653 1376 5708 concilio
1420 5651 1754 5714 Tridentino,
1796 5668 1926 5708 sess.
1952 5654 2004 5715 4,
2036 5654 2134 5707 sub

576 5724 718 5782 Iulio
739 5725 823 5791 ΙΙΙ,
837 5741 1040 5783 canone
1063 5725 1145 5779 l0.
1165 5725 1292 5778 Vide
1309 5723 1567 5778 Thomam
1588 5722 1940 5782 Waldcnscm.
1961 5733 2089 5777 lOltl.
2116 5722 2133 5774 Ι

2153 4459 2206 4518 D

2231 3250 2250 3283 ι
2295 3231 2815 3300 comprehenderunt
2840 3229 3018 3302 (Joan.
3050 3235 3115 3305 ι),
3155 3233 3245 3301 qui
3290 3233 3431 3288 istud
3475 3232 3652 3287 lumen
3686 3249 3799 3287 non
3846 3224 3859 3233 ’

2232 3342 2250 3373 ι
2294 3323 2596 3393 aspicienda
2637 3323 2687 3376 in
2721 3321 2955 3377 tenebris
2979 3324 3129 3388 estis,
3158 3332 3212 3379 et
3255 3325 3308 3378 in
3351 3324 3585 3378 tenebris
3612 3324 3802 3377 ambu-

2232 3432 2251 3465 ι
2295 3414 2440 3477 latis,
2463 3422 2515 3468 et
2537 3413 2755 3478 nescitis
2774 3429 2881 3482 quo
2901 3414 3057 3478 eatis,
3083 3414 3217 3485 quia‘
3230 3415 3464 3469 tenebras
3486 3414 3802 3469 obcaevave—

2232 3524 2251 3558 ι
2296 3514 2420 3560 runt
2443 3504 2629 3559 oculos
2656 3513 2860 3559 vestros
2888 3502 2936 3575 (Ι
2962 3504 3121 3575 Joan.
3166 3503 3249 3575 ιι).
3298 3523 3316 3556 i
3359 3503 3523 3570 Quos,
3555 3500 3688 3575 rogo
3721 3514 3793 3569 te,

2228 3611 2397 3652 caecos
2423 3610 2601 3657 vocas,
2627 3595 2731 3649 nisi
2768 3594 2905 3650 forte
2934 3603 3276 3650 veneratores
3303 3594 3642 3665 reliquiarum
3671 3594 3799 3649 bea-

2226 3696 2403 3747 torum
2448 3686 2840 3759 apostolorum;
2871 3700 2971 3740 nec
3007 3684 3314 3741 difﬁtemur.
3360 3683 3467 3739 Nos
3511 3684 3653 3739 enim
3702 3685 3797 3755 qui

2228 3793 2410 3834 eorum
2450 3778 2657 3832 cineres
2703 3777 2792 3846 pio
2838 3791 3022 3831 amore
3067 3774 3505 3847 complectimur”
3529 3775 3796 3831 submissa

2228 3868 2507 3923 devotione
2539 3882 2878 3933 veneramur,
2919 3882 3104 3922 eorum
3144 3864 3526 3937 praedicatione
3571 3882 3602 3919 a
3638 3868 3799 3922 caeci-

2229 3968 2340 4014 tate
2366 3958 2530 4015 nostri
2561 3959 2736 4013 cordis
2774 3959 2840 4013 ad
2881 3958 3056 4012 lumen
3084 3957 3326 4017 veritatis
3355 3957 3566 4011 adducti
3595 3973 3795 4027 cogno-

2230 4057 2447 4121 scimur,
2477 4062 2611 4114 teste
2628 4054 2788 4119 Isaia,
2817 4053 2905 4123 qui
2921 4053 2987 4108 de
3010 4052 3164 4108 nobis
3183 4051 3309 4106 olim
3334 4051 3494 4106 dixit:
3517 4050 3660 4104 Tunc
3683 4069 3802 4122 ape-

2230 4144 2428 4200 rientur
2466 4145 2614 4198 oculi‘
2641 4160 2897 4199 carcerum
2925 4141 3058 4213 (Isa.
3095 4142 3277 4215 xxxv).
3319 4142 3456 4207 Sed,
3493 4157 3673 4211 qumso
3711 4153 3797 4207 te,

2230 4236 2467 4307 nunquid
2500 4237 2617 4291 ideo
2641 4235 2765 4290 caeci
2795 4249 2997 4297 sumus,
3019 4232 3268 4302 quoniam
3305 4233 3448 4288 circa
3480 4241 3793 4287 sanctorum

2231 4328 2439 4382 cineres
2465 4341 2747 4396 corporum
2770 4323 2959 4380 affectu
2991 4325 3235 4381 ducimur
3256 4323 3506 4397 benigno,
3536 4340 3674 4393 quos
3703 4327 3795 4380 Dei

2229 4418 2397 4473 Filius
2422 4420 2475 4473 in
2506 4427 2711 4472 tantum
2752 4432 2810 4472 se
2857 4417 3106 4473 dilexisse
3146 4418 3357 4486 probat,
3406 4425 3465 4471 ut
3506 4433 3695 4472 eorum
3729 4435 3796 4473 ne

2232 4509 2371 4578 quod
2402 4509 2678 4563 minimum
2703 4516 2785 4562 est
2820 4508 2872 4561 in
2902 4522 3097 4562 vanum
3125 4507 3316 4562 cadere
3338 4507 3494 4571 sinat,
3524 4506 3756 4561 dicendo
3780 4526 3794 4561 :

2232 4599 2301 4656 Et
2324 4600 2541 4672 capillus
2561 4601 2625 4654 de
2645 4600 2808 4670 capite
2834 4608 3000 4653 vestro
3027 4617 3130 4654 non
3154 4599 3337 4667 peribit
3364 4597 3513 4672 (Luc.
3537 4596 3677 4672 xm).
3713 4599 3795 4654 An
3850 4668 3853 4669 ν

2230 4690 2387 4755 forte,
2410 4678 2549 4759 quod
2571 4690 2749 4745 verius
2785 4698 2885 4753 est,
2930 4690 3230 4745 invenimus
3257 4689 3389 4747 velle
3408 4690 3591 4746 vocari
3613 4689 3795 4744 lumen

2232 4796 2437 4843 verum,
2477 4790 2530 4835 et
2566 4780 2855 4836 secundum
2885 4779 3256 4847 Manichaaum,
3296 4781 3428 4836 inte
3454 4780 3798 4836 descendisse

2233 4873 2429 4928 asseris
2452 4872 2818 4927 Paracletnm?
2844 4870 3025 4941 Neque
3046 4872 3191 4926 enim
3229 4880 3337 4925 tam
3377 4870 3690 4925 detestanda
3712 4871 3799 4941 ia-

2190 5032 2193 5039 m
2238 4973 2434 5029 ctares,
2466 4962 2566 5029 nisi
2596 4962 2792 5026 inania,
2819 4970 2912 5016 aut
2936 4971 3083 5017 certe
3100 4952 3163 5016 ἐἰ
3199 4961 3468 5016 simillima
3497 4959 3794 5015 laborares.

2240 5054 2345 5110 Sed
2366 5061 2493 5123 puto
2523 5051 2691 5121 magis
2728 5052 2823 5106 tibi
2847 5050 3196 5121 complacebit
3223 5054 3280 5105 in
3318 5049 3596 5114 Eunomia,
3642 5049 3797 5119 cuius

2238 5164 2332 5219 lib.
2382 5180 2458 5227 ιιι,
2489 5164 2693 5231 can..8l
2728 5172 2783 5218 et
2812 5178 2951 5232 seq.,
2998 5170 3052 5218 et
3097 5162 3427 5232 Alphonsum
3471 5159 3539 5232 de
3581 5158 3795 5232 Castro,

2238 5235 2331 5288 lib.
2361 5250 2459 5298 xu,
2481 5227 2733 5288 adversus
2756 5227 3007 5295 hmréses,
3035 5248 3151 5302 cap.
3164 5227 3454 5302 iPotestas.
3487 5227 3790 5302 Secundum

2237 5318 2366 5358 vero
2409 5310 2606 5375 pugnat
2646 5318 2766 5379 cum
2802 5302 3012 5379 placitis
3054 5299 3442 5379 theologorum,
3476 5299 3568 5369 qui
3600 5300 3796 5379 docent

2303 5371 2547 5428 testatem
2580 5371 2813 5436 ordinis,
2843 5373 2896 5427 id
2936 5380 3020 5426 est
3046 5371 3425 5426 characterem
3450 5382 3688 5423 manere
3735 5371 3795 5421 in

2303 5388 2547 5428 testatcm
2580 5388 2803 5436 ordinis,
2843 5388 2896 5427 iu
2936 5388 3020 5426 ess
3046 5388 3425 5426 :cnaracterem
3450 5388 3688 5423 manere
3735 5388 3794 5421 III

2230 5388 2426 5508 ﬁgatis,
2466 5458 2569 5497 non
2612 5451 2789 5497 tamen
2842 5449 3159 5511 potestatem
3202 5439 3591 5510 iurisdictionis
3628 5452 3794 5507 quam

2238 5514 2329 5568 hic
2370 5513 2423 5567 in
2458 5512 2567 5566 vita
2596 5509 2878 5566 habebant.
2911 5509 3365 5565 Iudiciaria’enim
3400 5517 3637 5579 potestas
3671 5521 3793 5579 qua:

2240 5583 2493 5653 apostolis
2539 5583 2591 5635 in
2635 5580 3148 5653 universaliiudicio
3190 5577 3474 5653 tribuetur,
3506 5592 3642 5632 nova
3689 5577 3796 5643 erit

2235 5649 2291 5709 ct
2316 5653 2534 5708 alterius
2564 5651 2785 5705 rationis
2806 5651 2874 5705 ab
2909 5650 2995 5704 illa
3021 5665 3181 5719 quam
3208 5650 3332 5711 dum
3362 5649 3622 5703 viverent.
