4030 6190
297 347 384 405 381
1350 341 1432 396 DE
1470 339 1693 397 CULTU
1732 337 2090 392 IMAGINUM.
2125 368 2193 376 —
2233 337 2358 391 LIB.
2398 334 2478 391 III.

3402 337 3506 397 589.

296 473 343 519 et
373 469 608 517 sectator
635 474 769 529 pene
811 474 841 512 e
884 458 1105 527 vestigio
1142 455 1420 525 probaris:
1451 455 1541 523 qui
1580 453 1744 507 libros
1795 451 1844 503 in
1876 451 1922 508 Α
1950 448 2076 511 iusti
2101 463 2253 516 super
2273 464 2386 500 eum
2426 448 2544 510 erit,
2579 457 2626 500 et
2662 447 2895 516 impietas
2917 450 3059 519 impii
3085 451 3181 503 erit
3211 467 3364 522 super
3389 470 3506 508 eum

295 553 483 622 quibus
503 563 706 604 venena
746 563 857 601 sua:
899 546 1114 601 malitia:
1144 546 1398 606 evomuit,
1442 543 1659 613 majoris
1687 556 1847 610 quam

295 640 576 709 Evangelia
609 638 943 692 auctoritatis
980 651 1098 691 esse
1137 636 1321 712 voluit.
1369 634 1442 688 Te
1482 649 1608 703 ergo
1654 633 1849 687 asseris

296 731 535 787 fortassis
577 729 755 782 lumen
795 728 850 781 in
890 728 1146 781 mundum
1196 728 1337 780 hunc
1365 725 1594 788 venisse,
1626 739 1724 779 nec
1753 724 1849 777 mi—

296 839 426 887 rum,
461 821 716 891 Apostolo
740 820 948 874 dicente
977 836 989 871 :
1018 817 1134 888 Ipse
1160 820 1293 871 enim
1319 817 1545 872 Satanas
1572 815 1850 884 transﬁgu-

298 922 370 965 rat
400 928 454 964 se
491 913 548 964 in
577 909 818 979 angelum
846 908 975 961 lucis
1012 905 1096 977 (II
1125 906 1245 960 Cor.
1292 906 1389 970 xl).
1437 906 1515 958 Tu
1557 905 1754 968 lumen,
1793 912 1846 956 tu

294 1003 377 1056 lux
418 1003 470 1055 in
501 1001 739 1054 tenebris
761 999 946 1053 luces!
977 998 1032 1052 In
1079 999 1311 1052 tenebris
1357 1005 1459 1050 tum
1488 996 1850 1064 pervcrsitatis

288 1094 489 1162 jacens,
521 1091 617 1144 tibi
644 1091 842 1144 videris
871 1090 1067 1152 lucere,
1093 1105 1214 1143 cum
1249 1089 1423 1158 palam
1452 1089 1520 1141 sit
1543 1088 1710 1158 magis
1734 1103 1848 1140 me—

297 1181 390 1234 rito
421 1188 531 1233 tum
565 1177 934 1248 perversitatis
964 1186 1011 1230 te
1039 1178 1423 1230 tenehreseere.
1464 1176 1718 1229 Tenebrae
1751 1191 1848 1228 au-

295 1284 392 1326 tem
439 1279 492 1325 te
539 1286 642 1324 non
678 1268 1152 1336 comprehendunt,
1182 1268 1304 1335 quia
1351 1267 1405 1320 bi
1445 1267 1532 1335 qui
1580 1265 1851 1319 humiliter

293 1361 468 1415 dicunt
513 1378 527 1412 :
581 1356 827 1411 Habitavi
871 1373 986 1409 cum
1039 1357 1386 1409 habitantibus
1443 1357 1611 1410 Cedar
1663 1354 1845 1424 (Psal.

291 1450 452 1521 cxtx),
477 1448 622 1518 quod
646 1449 1030 1516 interpretatur
1051 1447 1289 1499 tenebrae.
1319 1446 1384 1498 Et
1415 1446 1542 1499 item
1564 1459 1684 1498 cum
1705 1446 1802 1498 Joh
1833 1463 1845 1496 :

294 1541 400 1594 Nos
437 1541 626 1610 quippe
668 1536 980 1591 obvolvimur
1013 1536 1229 1589 tenebris
1263 1533 1381 1605 (Job
1418 1535 1644 1602 xxxv"),
1672 1534 1847 1587 lumen

293 1641 435 1684 tuum
462 1629 816 1697 dedignamur
851 1626 1321 1694 comprehendere.
1351 1626 1494 1680 Istud
1539 1625 1715 1679 lumen
1744 1641 1848 1678 non

292 1717 614 1786 aspiciendo,
647 1717 699 1769 in
729 1716 962 1769 tenebris
1002 1715 1174 1767 adhuc
1198 1723 1480 1768 versantur
1509 1712 1844 1775 humilitatis.

1951 539 2161 608 (Ezech.
2208 539 2382 609 xvnt).
2416 538 2518 593 Sed
2557 555 2778 594 eernere
2813 549 2895 594 est
2941 550 2994 596 te
3038 546 3336 599 testudineo
3379 564 3504 616 gra-

1948 629 2180 682 dientem
2228 629 2459 692 incessu,
2513 636 2572 682 ut
2617 640 2806 683 natura
2840 645 2960 686 esse
3009 635 3239 687 traditur
3283 640 3504 707 scorpii,

1947 716 2177 770 blandiri
2228 717 2440 784 quidem
2483 733 2594 779 ore,
2641 726 2695 771 et
2729 719 3012 774 innocuum
3062 726 3212 791 quasi
3255 737 3507 795 appetere

1949 805 2149 868 dente,’
2172 805 2225 858 in
2269 807 2650 874 posterioribus
2688 817 2864 861 autem
2897 811 3002 864 tuis
3038 822 3256 868 arcuato
3291 817 3507 873 vulnere

1948 908 2046 961 per
2090 893 2319 946 ﬁstulam
2363 909 2566 950 veneno
2613 897 2878 965 oppletam
2930 900 3190 956 diabolico
3242 905 3294 958 in
3348 909 3508 962 corde

1950 989 2004 1035 te
2029 982 2354 1036 audientium
2383 984 2518 1037 velle
2554 987 2702 1040 virus
2748 986 3044 1043 infundere.
3080 992 3172 1046 IIis
3213 997 3353 1049 enim
3395 1006 3507 1051 sta-

1951 1071 2044 1124 tim
2075 1072 2246 1137 addis,
2278 1076 2428 1142 quasi
2458 1090 2728 1144 exponens
2758 1081 3073 1140 sententiam
3104 1086 3463 1151 propheticam
3490 1108 3501 1141 :

1956 1180 1974 1210 ‹
2023 1161 2144 1215 Haec
2185 1163 2384 1218 ideirco
2422 1165 2560 1228 dico,
2592 1174 2650 1218 ut
2681 1183 2838 1223 nemo
2881 1168 2945 1222 de
2993 1173 3303 1230 meritovcl
3346 1177 3508 1230 inter-

1955 1269 1973 1301 ι
2021 1253 2259 1306 cessione
2291 1265 2594 1308 sanctorum
2625 1256 2875 1312 conﬁdat.
2922 1278 2939 1310 ι

2018 1339 2134 1394 Jam
2181 1344 2394 1411 quidem
2448 1346 2500 1398 in
2551 1348 2932 1415 superioribus,
2991 1360 3148 1419 prout
3195 1367 3509 1422 occurrunt,

1953 1433 2270 1486 testimoniis
2299 1434 2364 1488 al)
2407 1435 2783 1490 ecclesiasticis
2811 1439 2940 1493 viris
2977 1443 3224 1510 sumptis,
3252 1447 3511 1514 approba,-

1951 1523 2141 1585 vimus,
2190 1523 2320 1577 falso
2349 1534 2398 1578 te
2431 1527 2588 1581 toties
2633 1539 2991 1596 prosecutum,
3025 1533 3164 1600 quod
3199 1536 3370 1588 sancti
3410 1538 3511 1599 viri

1949 1626 2046 1680 pro
2072 1613 2372 1667 viventibus
2414 1630 2518 1667 non
2555 1626 2794 1670 exorent.
2826 1617 2929 1671 Sed
2971 1635 3138 1688 quare
3168 1630 3312 1676 tanta
3361 1625 3510 1680 rabie

1955 1702 2334 1768 inﬁammeris,
2405 1714 2460 1757 ut
2511 1707 2868 1773 apostolorum
2933 1719 3331 1782 martyrumque
3391 1715 3508 1768 reli~

286 1817 340 1862 et
365 1807 628 1875 angustiis
672 1806 796 1859 vitae
837 1805 1137 1874 praesentis,
1185 1813 1236 1858 et
1285 1806 1528 1859 nesciunt
1558 1819 1664 1873 quo
1700 1815 1839 1867 eant,

1947 1797 2085 1863 quiis
2129 1796 2383 1850 honorem
2432 1798 2828 1866 potentiamque
2867 1816 2896 1852 a
2938 1801 3221 1856 Divinitate
3257 1804 3505 1860 collatam

289 1899 409 1966 quia
442 1897 676 1950 tenebrm
720 1904 1124 1950 exe'eeaverunt
1171 1895 1355 1949 oculos
1395 1909 1601 1957 eorum,
1638 1894 1849 1963 quando

287 2003 342 2041 se
385 1987 437 2040 in
479 1985 732 2054 przesenti
768 1984 973 2037 Domini
1017 1985 1264 2053 potentiae
1302 1993 1357 2036 et
1385 1984 1713 2052 dispositioni
1743 1999 1847 2038 non

286 2077 630 2139 submittunt,
685 2074 967 2128 etincerti
1013 2075 1188 2128 exitus
1223 2075 1302 2127 sui
1352 2087 1601 2142 sponsum
1643 2073 1845 2140 trepida

284 2165 690 2234 exspectatione
718 2163 984 2217 sustinent
1011 2163 1223 2232 quando
1247 2170 1544 2216 revertatur
1573 2177 1604 2214 a
1626 2162 1842 2230 nuptiis.

284 2255 410 2310 Ilaec
438 2271 466 2307 a
505 2262 555 2308 te
581 2269 731 2308 more
768 2253 1079 2321 phrenetico
1113 2252 1163 2305 in
1197 2260 1434 2305 nostram
1471 2252 1847 2306 contumeliam

283 2350 630 2409 debacchata,
675 2348 856 2402 taliter
883 2363 913 2402 a
958 2347 1112 2402 nobis
1170 2356 1292 2401 sunt
1346 2346 1630 2402 intellecta.
1680 2346 1846 2404 Moris

285 2442 483 2510 quippe
506 2449 589 2495 est
620 2439 868 2495 Ecclesia:
899 2439 990 2493 ﬁlii
1037 2439 1198 2493 etiam
1232 2439 1466 2494 hostium
1502 2439 1658 2494 dictis
1698 2439 1844 2493 abuti

283 2533 348 2586 ad
378 2531 704 2587 intellectum
731 2532 960 2600 propria:
983 2531 1246 2584 utilitatis.
1275 2531 1401 2586 Post
1431 2533 1544 2586 hrec
1569 2546 1696 2587 vero
1723 2548 1736 2583 :

356 2641 376 2672 α
427 2621 775 2682 Promittenti,
826 2620 1022 2690 inquis,
1069 2620 1176 2674 Deo
1222 2621 1378 2675 debet
1414 2619 1582 2675 ﬁdelis
1618 2621 1844 2690 quisque

285 2732 305 2764 ι
348 2714 592 2776 credere,
638 2719 838 2780 quanto
877 2711 1043 2779 magis
1065 2711 1301 2780 juranti?
1342 2733 1359 2764 ι
1399 2712 1597 2767 Omnes
1629 2713 1715 2781 qui
1761 2729 1844 2767 sa-

285 2819 414 2859 num
443 2803 678 2872 sapiunt,
700 2811 752 2855 et
787 2801 952 2856 Deum
985 2802 1139 2855 sicuti
1179 2803 1472 2856 credendus
1495 2811 1576 2857 est
1597 2804 1839 2867 credunt,

282 2897 442 2951 sicuti
482 2895 530 2949 ei
578 2893 736 2949 ﬁdem
766 2893 1167 2948 accommodant
1199 2894 1552 2962 promittenti,
1578 2895 1652 2947 ita
1679 2903 1731 2948 ct
1765 2895 1844 2962 ju-

284 2985 425 3038 ranti
456 3002 468 3037 :
500 2997 680 3052 neque.
713 2984 854 3036 enim
896 2983 1034 3035 Deus
1061 2982 1258 3036 ideirco
1291 2983 1440 3051 jurat
1460 2991 1518 3036 ut
1558 2999 1586 3036 a
1617 2983 1843 3036 mutabi-

278 3074 434 3129 litate
462 3074 739 3128 sententiae
763 3089 884 3128 eum
917 3074 1183 3127 deterreat
1205 3073 1473 3126 vinculum
1497 3075 1840 3138 sacramenti,

1949 1888 2242 1942 annihilare
2269 1889 2500 1952 coneris,
2532 1891 2654 1958 quia
2699 1908 2728 1944 a
2772 1893 2924 1946 nobis
2970 1892 3189 1948 forsitan
3219 1897 3403 1951 audire
3427 1899 3509 1951 di-

1946 1979 2146 2048 gnaris,
2174 1979 2350 2033 verbis
2392 1990 2692 2035 sanctorum
2729 1982 3000 2036 doctorum
3031 2000 3247 2040 necesse
3279 1995 3361 2041 est
3387 2006 3508 2058 per-

1946 2067 2176 2122 cellaris.
2207 2068 2401 2124 Beatus
2424 2072 2564 2124 enim
2595 2071 2918 2141 Augustinus
2947 2073 2997 2127 in
3034 2074 3170 2130 libro
3192 2077 3256 2131 de
3281 2077 3508 2134 Civitate

1947 2159 2040 2232 Dei
2067 2168 2256 2213 octavo
2287 2160 2423 2231 (cap.
2446 2161 2538 2232 26)
2563 2163 2841 2230 quemdam
2868 2162 3098 2218 Hermen
3127 2166 3255 2221 dicit
3281 2169 3507 2224 dolendo

1943 2249 2252 2317 prtedixisse
2278 2251 2432 2319 quod.
2466 2252 2548 2305 sui
2598 2254 2850 2322 temporis
2881 2255 3146 2310 celebrata
3186 2259 3378 2328 templa
3417 2258 3508 2313 fie-

1947 2346 2066 2390 rent
2090 2340 2428 2406 postmodum
2459 2349 2755 2411 martyrum
2783 2344 3051 2411 sepulcra,
3078 2345 3128 2398 in
3157 2347 3269 2402 hate
3297 2349 3456 2402 verba
3490 2368 3502 2402 :

1946 2428 2093 2482 Tunc
2115 2437 2256 2483 terra
2287 2429 2387 2497 ista
2415 2431 2756 2486 sanctissima
2795 2434 2949 2488 sedes
2973 2435 3314 2490 delubrorum
3347 2447 3508 2508 atque.

1945 2519 2280 2589 templorum,
2313 2521 2675 2590 sepulcrorum
2711 2523 2814 2576 erit
2840 2533 3282 2595 mortuorumque
3311 2528 3506 2596 plenis-

1943 2611 2097 2674 sima,
2127 2620 2179 2665 et
2201 2621 2386 2665 contra
2410 2614 2522 2666 haec
2542 2620 2648 2666 tam
2677 2613 2773 2677 illi,
2801 2629 2960 2683 quam
2993 2615 3083 2669 tibi
3113 2617 3258 2686 paria
3286 2617 3504 2682 dolenti,

1942 2700 2015 2754 ita
2051 2703 2352 2771 respondet.
2399 2701 2599 2771 Nempe
2631 2705 2850 2772 spiritus
2877 2705 3038 2759 fallax
3069 2708 3218 2776 cujus
3253 2708 3504 2764 instinctu

1944 2789 2164 2844 Hermes
2193 2791 2292 2845 ista
2322 2794 2551 2856 dicebat,
2577 2809 2671 2861 per
2699 2809 2817 2847 eum
2843 2795 3011 2864 ipsum
3033 2806 3251 2851 coaetus
3274 2809 3352 2852 est
3382 2817 3507 2854 con-

1943 2876 2082 2930 ﬁteri
2105 2877 2217 2946 jam
2257 2894 2397 2932 nunc
2430 2888 2623 2932 terram
2655 2880 2821 2945 illam,
2852 2883 3216 2952 sepulcrorum
3265 2896 3318 2940 et
3364 2904 3506 2942 mor-

1944 2976 2154 3034 tuorum
2176 2984 2310 3037 quos
2335 2985 2431 3037 pro
2458 2970 2560 3024 diis
2583 2970 2831 3026 colebant
2849 2987 2966 3027 esse
2987 2973 3366 3041 plenissimam.
3399 2979 3504 3034 Sed

1944 3059 2092 3118 dolor
2117 3061 2411 3117 daamonum
2446 3077 2542 3131 per
2572 3076 2692 3116 eum
2728 3062 3064 3133 loquebatur,
3096 3068 3183 3134 qui
3214 3084 3337 3123 suas
3365 3071 3506 3124 futu-

278 3169 424 3222 sicut
447 3165 719 3231 mortales,
745 3165 834 3234 qui
866 3179 931 3218 ne
973 3181 1002 3218 a
1038 3164 1314 3233 promissis
1357 3163 1623 3224 deﬁciam,
1659 3181 1840 3219 sacra-
1869 3161 1912 3222 ί]
1946 3166 2034 3204 ras
2060 3164 2246 3219 poenas
2276 3153 2413 3220 apud
2439 3161 2743 3207 sanctorum
2777 3163 3067 3225 martyrum
3093 3161 3380 3213 memorias
3412 3150 3506 3216 im~

280 3258 480 3311 mentis
505 3256 836 3326 obligentur;
864 3255 954 3308 sed
973 3255 1156 3324 jurare
1176 3255 1267 3308 Dei
1295 3263 1377 3308 est
1395 3255 1660 3310 stabiliter
1682 3265 1840 3324 atque

296 3344 789 3399 ncommutabiliter
808 3344 1141 3414 promittere.
1175 3343 1309 3409 Quid
1332 3352 1413 3398 est
1449 3345 1592 3398 enim
1618 3343 1794 3398 dicere
1823 3365 1835 3398 :

287 3437 419 3491 Vivo
446 3453 557 3506 ego,
605 3437 700 3490 nisi
749 3436 858 3506 Ego
901 3436 1038 3499 dico,
1066 3437 1216 3505 cujus
1241 3437 1505 3490 sententia
1543 3453 1645 3491 non
1677 3437 1840 3492 alior-

277 3544 403 3583 sum
443 3542 500 3582 se
524 3526 783 3582 flectendo
807 3533 1058 3588 mutatur,
1092 3533 1272 3594 utpote
1297 3527 1384 3594 qui
1426 3527 1604 3581 nescio
1649 3528 1840 3581 immu-

277 3619 421 3674 tari?
448 3617 580 3674 Cum
606 3619 721 3672 lucc
746 3632 872 3686 ergo
899 3618 974 3671 ita
1001 3632 1058 3671 se
1086 3617 1332 3679 habeant,
1361 3618 1540 3671 nescio
1569 3634 1703 3686 quos
1726 3634 1841 3688 gra-

277 3712 381 3765 ulns
415 3711 554 3764 inter
597 3708 1002 3778 promissionem
1044 3708 1136 3762 Dei
1181 3716 1236 3762 et
1270 3693 1628 3778 juramentum
1662 3709 1838 3764 facere

273 3802 450 3865 velis,
511 3800 610 3854 nisi
658 3799 797 3853 forte
845 3798 1508 3868 Anthropomorphitarum
1553 3799 1733 3868 lapsus
1783 3800 1835 3853 in

274 3907 539 3956 errorem,
567 3891 703 3944 sicut
735 3889 844 3943 Deo
871 3888 1190 3944 lineamenta
1230 3890 1487 3958 corporis,
1532 3890 1609 3944 sic
1651 3890 1839 3944 huma-

274 3995 376 4034 nas
401 3979 674 4048 passiones
703 3978 970 4042 attribuis,
1015 3986 1069 4032 et
1111 3979 1274 4033 Deum
1305 3979 1593 4033 secundum
1628 3988 1680 4033 te
1708 3995 1838 4049 pen-

274 4085 388 4130 sas,
417 4069 505 4138 qui
529 4068 910 4137 promissiones
932 4075 1050 4120 tuas
1080 4067 1254 4121 nescis
1273 4066 1583 4135 adimplere,
1608 4067 1708 4120 nisi
1744 4082 1837 4121 eas

275 4172 327 4217 te
383 4163 653 4230 contingat
695 4159 997 4229 juramento
1042 4157 1326 4212 afﬁrmare.
1359 4157 1418 4209 .A
1457 4157 1608 4210 nobis
1657 4165 1833 4223 autem

273 4256 418 4308 sicut
459 4253 571 4314 Deo
611 4251 848 4305 creditur
897 4249 1254 4319 promittenti,
1306 4248 1379 4301 ita
1431 4254 1483 4300 et
1516 4245 1735 4315 juranti.
1772 4245 1836 4298 Et

275 4344 414 4417 quia.
430 4359 524 4413 per
559 4341 900 4409 semetipsum
917 4341 1084 4409 jurat,
1114 4338 1429 4407 intelligitur
1450 4351 1552 4390 non
1573 4333 1835 4388 afﬁrmare

266 4440 576 4508 juramento
605 4452 722 4504 qua:
750 4435 953 4498 statuit,
999 4434 1092 4489 sed
1133 4432 1506 4487 commendare
1549 4431 1832 4484 incircum-

1941 3241 2140 3294 minerc
2165 3242 2480 3294 manebant.
2519 3242 2573 3294 In
2605 3243 2784 3298 multis
2810 3245 2950 3297 enim
2993 3246 3186 3301 talibus
3225 3248 3354 3303 locis
3398 3259 3505 3304 tor-

1937 3340 2188 3406 quentur,
2232 3342 2286 3386 et
2336 3334 2676 3394 conﬁtentur,
2713 3345 2766 3388 et
2809 3336 2874 3389 de
2918 3340 3176 3404 possessis
3227 3339 3500 3396 hominum

1936 3421 2252 3490 corporibus
2283 3421 2583 3490 ejiciuntur.
2609 3423 2673 3475 Et
2696 3423 3052 3494 Hieronymus
3082 3428 3336 3484 adversus
3365 3429 3502 3501 Vigi-

1936 3508 2159 3563 lantium
2188 3529 2198 3562 :
2236 3509 2342 3566 Sed
2389 3513 2668 3581 reSponde,
2721 3515 2986 3582 quomodo
3017 3516 3068 3569 in
3099 3517 3354 3573 vilissimo
3383 3521 3498 3590 pul-

1935 3615 2059 3654 vere
2082 3609 2136 3653 et
2165 3599 2340 3653 favilla
2381 3603 2558 3656 nescio
2589 3619 2706 3671 qua}
2741 3612 2887 3656 tanta
2920 3606 2988 3659 sit
3018 3607 3286 3676 signorum
3331 3610 3499 3664 virtu-

1939 3697 2154 3759 tumque
2179 3691 2480 3768 prresentia.
2511 3691 2717 3755 Sentio,
2745 3694 2938 3754 sentio,
2971 3693 3332 3750 infelicissime
3361 3714 3499 3752 mor-

1936 3780 2138 3844 talium,
2173 3781 2299 3849 qnid
2327 3781 2525 3844 doleas,
2569 3783 2696 3850 quid
2734 3784 2956 3838 timeas?
3002 3783 3236 3854 Spiritus
3271 3787 3369 3841 iste
3398 3788 3498 3842 im-

1936 3871 2184 3935 mundus,
2231 3871 2322 3939 qui
2361 3872 2473 3926 haae
2515 3879 2567 3926 te
2613 3875 2755 3943 cogit
2784 3874 3036 3938 scribere,
3069 3891 3209 3945 szepe
3238 3877 3495 3935 vilissimo

1937 3959 2038 4015 hoc
2067 3968 2240 4014 tortus
2279 3969 2363 4015 est
2394 3960 2631 4030 pulvere,
2660 3964 2767 4017 imo
2813 3966 3070 4034 hodieque
3111 3977 3408 4036 torquetur,
3442 3980 3493 4025 et

1936 4051 2024 4119 qui
2072 4051 2122 4103 in
2169 4059 2221 4105 te
2259 4051 2441 4120 plagas
2489 4053 2804 4116 dissimulat,
2854 4056 2904 4108 in
2942 4057 3149 4110 caeteris
3189 4059 3491 4129 conﬁtetur,

1934 4142 2036 4196 nisi
2065 4141 2201 4196 forte
2241 4143 2304 4195 in-
2332 4157 2532 4196 morem
2577 4137 2851 4213 gentilium
2882 4147 3164 4216 impiorum
3212 4150 3492 4222 Porphyrii

1935 4238 1988 4285 et
2016 4230 2258 4285 Eunomii
2293 4232 2391 4286 has
2420 4233 2715 4302 praastigias
2745 4235 3040 4291 dmmonum
3071 4252 3188 4292 esse
3211 4240 3490 4310 contingis,

1934 4332 1988 4376 et
2019 4337 2122 4376 non
2151 4338 2274 4377 vere
2295 4323 2525 4378 clamare
2559 4324 2843 4389 daemones,
2885 4329 2977 4382 sed
3017 4345 3110 4383 sua
3155 4307 3496 4386 dissimulare:

1936 4421 2218 4468 tormenta.
2253 4413 2309 4468 Si
2341 4415 2467 4484 quid
2502 4415 2598 4470 tibi
2641 4403 2899 4486 agendum
2934 4419 3003 4473 sit
3041 4420 3232 4476 talibus
3261 4423 3489 4487 irretitn,

271 4507 528 4596 scriptam
559 4534 615 4580 et
651 4523 1237 4593 iueomprehensibilem
1267 4522 1350 4575 sui
1393 4530 1657 4583 naturam,
1686 4519 1830 4582 dum,
1859 4517 1910 4575 D
1936 4507 2310 4562 m0dem0mm
2365 4507 2598 4561 νίνονυῐη
2637 4509 2872 4562 consulis
2923 4511 3260 4578 θερυῖθεςετθ
3316 4515 3490 4569 delre-

271 4621 414 4673 sicut
463 4615 747 4686 Apostolus
787 4615 952 4669 dicit:
980 4613 1093 4667 Non
1126 4613 1283 4667 habet
1319 4626 1414 4680 per
1441 4626 1597 4680 quem
1636 4624 1694 4662 se
1722 4624 1833 4662 mae

265 4708 445 4777 jorem
462 4703 642 4771 iurare
664 4703 828 4772 possit
863 4702 1046 4773 (Hebr.
1075 4700 1171 4770 vt).
1206 4699 1406 4752 Deinde
1432 4697 1581 4751 addis
1608 4715 1619 4749 :
1669 4702 1683 4715 '

347 4815 369 4844 ε
402 4793 538 4859 Quid
581 4781 663 4848 est
704 4793 916 4847 dicere:
944 4792 1000 4845 Si
1030 4790 1227 4846 fuerint
1261 4791 1313 4844 in
1341 4789 1517 4844 medio
1557 4788 1672 4857 ejus
1698 4785 1829 4851 Noe,

276 4905 291 4935 ι
332 4895 397 4943 et
419 4883 622 4948 Daniel,
644 4891 698 4936 et
720 4881 819 4937 Job
838 4881 1052 4952 (Ezeclt.
1083 4880 1211 4943 xlv),
1244 4881 1293 4933 id
1327 4888 1425 4941 est,
1458 4875 1502 4930 si
1530 4884 1688 4930 tanta:
1714 4892 1832 4930 san-

276 4994 290 5023 ι
338 4973 566 5038 ctitatis,
589 4981 748 5026 tanta:
757 4969 1254 5041 justitiie,tantique
1276 4967 1448 5020 meriti
1469 4966 1595 5029 sint,
1617 4973 1829 5034 quanta:

273 5085 288 5114 ι
339 5064 416 5118 illi
442 5064 675 5121 fuerunt.
703 5078 806 5117 non
833 5061 1134 5115 liberabunt
1160 5058 1324 5112 ﬁlium
1351 5072 1524 5126 neque
1553 5055 1760 5110 ﬁliam?
1803 5075 1822 5108 ι

268 5156 419 5208 Haec.
447 5153 672 5208 dicendo
700 5153 975 5206 nobiseum
1014 5148 1162 5202 facis.
1197 5147 1391 5200 Eadem
1420 5145 1615 5199 etenim
1649 5146 1828 5200 credi-

269 5251 413 5306 mus,
445 5257 549 5295 non
579 5243 684 5295 tuis
712 5239 928 5309 scriptis
961 5238 1154 5299 edocti,
1195 5236 1285 5290 sed
1320 5236 1635 5289 auctoritate
1662 5235 1827 5288 divini

267 5333 468 5401 eloquii
497 5329 1004 5395 instructi,dic_entis
1029 5342 1125 5396 per
1150 5325 1500 5394 legislatorem
1527 5337 1542 5375 :
1576 5322 1694 5376 Non
1719 5339 1828 5376 ma-

266 5423 474 5476 n‘entur
512 5430 681 5490 patres
726 5438 817 5486 pro
860 5420 1004 5490 ﬁliis,
1059 5434 1147 5472 uec
1182 5432 1274 5485 pro
1300 5415 1530 5484 patribus
1569 5413 1665 5481 ﬁlii
1709 5415 1821 5486 (IV

267 5511 393 5582 Reg.
423 5513 558 5581 xiv).
590 5512 823 5582 Itemque
857 5528 950 5583 per
977 5510 1287 5580 prophetam
1313 5521 1326 5558 :
1359 5505 1545 5563 Anima
1570 5521 1683 5574 qua:
1710 5522 1828 5572 pec-

263 5605 485 5665 caverit,
510 5606 620 5671 ipsa
657 5605 919 5656 morietur.
950 5600 1108 5654 Pater
1133 5615 1234 5652 non
1257 5587 1476 5666 portabii
1506 5597 1824 5666 iniquitatem

263 5692 388 5757 ﬁlii,
430 5710 523 5746 nec
567 5694 704 5746 filius
745 5693 966 5755 portabit
1013 5691 1328 5761 iniquitatem
1375 5689 1558 5756 patris.
1605 5686 1825 5739 Justitia

1935 4609 2047 4654 etas
2079 4619 2090 4653 :
2129 4599 2314 4654 saltem
2345 4599 2582 4668 praedicti
2620 4600 2894 4654 reverendi
2927 4601 3159 4655 doctoris
3196 4612 3407 4672 oportet
3431 4613 3490 4660 ut

1934 4691 2166 4744 consiliis
2209 4704 2418 4758 pareas.
2467 4688 2541 4741 Do
2598 4690 2895 4751 consilium,
2937 4690 3213 4760 ingredere
3240 4692 3487 4748 basilieas

1933 4789 2236 4852 martyrum
2278 4790 2332 4834 et
2387 4779 2670 4848 aliquando
2730 4781 3062 4850 purgaberis.
3117 4781 3358 4837 Invenies
3412 4785 3486 4848 ibi

1932 4870 2125 4924 multos
2174 4871 2345 4924 socios
2373 4878 2511 4935 tuos,
2538 4879 2590 4924 et
2621 4886 2954 4940 nequaquam
2980 4873 3150 4927 cereis
3186 4884 3479 4943 martyrum

1931 4960 2020 5028 qui
2065 4959 2158 5013 tibi
2202 4959 2500 5028 displicent,
2551 4957 2641 5013 sed
2693 4957 2918 5013 ﬂammis
2961 4961 3314 5027 invisibilihus
3343 4979 3484 5017 com-

1929 5051 2144 5113 burere,
2165 5059 2218 5104 et
2247 5060 2369 5105 tunc
2405 5049 2652 5106 fateberis
2679 5050 2819 5117 quod
2859 5065 2999 5104 nunc
3036 5067 3217 5120 negas,
3251 5061 3305 5105 et
3332 5060 3479 5107 tuum

1929 5155 2140 5203 nomen,
2171 5143 2259 5209 qui
2305 5143 2358 5194 in
2403 5139 2684 5209 Vigilantio
2713 5141 2964 5210 loqueris,
2997 5136 3162 5195 libere
3185 5141 3482 5210 proclama-

1927 5231 2008 5285 bis
2040 5239 2092 5284 te
2127 5246 2246 5284 esse
2274 5238 2364 5282 aut
2396 5228 2734 5294 Mercurium,
2766 5239 2983 5301 propter
3017 5247 3352 5286 nummorum
3390 5248 3481 5288 cu-

1927 5321 2219 5388 piditatem,
2263 5327 2352 5373 aut
2379 5319 2722 5380 Noeturnium
2754 5320 2905 5388 juxta
2942 5321 3111 5376 Plauti
3140 5323 3481 5394 Amphitryo-

1927 5425 2068 5468 nem,
2117 5425 2221 5478 quo
2268 5409 2583 5474 dormiente,
2634 5411 2687 5464 in
2735 5411 2999 5465 Alcmena:
3042 5412 3302 5467 adulterio
3347 5413 3481 5474 duas

1926 5509 2110 5554 noctes
2127 5499 2331 5568 Jupiter
2357 5501 2640 5570 copulavit,
2674 5511 2730 5555 ut
2757 5518 2961 5573 magna:
2991 5502 3320 5558 fortitudinis
3351 5503 3478 5559 Her-

1904 5591 2069 5644 .culcs
2106 5599 2448 5656 nasceretur;
2498 5601 2590 5645 aut
2638 5602 2780 5646 certe
2832 5593 3078 5648 Liberum
3125 5595 3336 5650 Patrem
3380 5614 3477 5666 pro

1923 5681 2200 5736 ebrietate.
2253 5691 2305 5736 ct
2346 5685 2602 5738 cantharo
2645 5700 2706 5736 ex
2763 5685 2996 5740 Immeris
3049 5688 3396 5757 dependente,
3423 5695 3476 5750 et
