3956 6190
494 312 598 366 55

1537 310 1725 366 JONJS
1767 310 2308 366 AURELLANENSIS
2347 310 2646 366 EPISCOPI

3587 320 3687 374 385

401 445 408 454 ί
495 437 707 492 semper
741 422 964 474 rubente
1007 418 1162 483 facie,
1190 429 1246 474 et
1271 417 1641 489 spumantibus
1684 424 1864 486 labris,
1896 422 2050 477 effre-
2076 429 2125 486 Α
2151 423 2256 477 alio
2292 439 2516 492 ponens,
2549 434 2606 478 ut
2633 426 2841 496 aliquos
2864 427 2936 480 tui
2961 441 3148 506 sensus
3173 430 3458 498 complices
3493 431 3691 489 habere

495 516 741 582 natisque
767 512 1040 567 conviciis.
1076 512 1218 566 Sane
1244 513 1295 566 id
1323 515 1462 581 quod
1492 515 1734 584 adiungis
1762 534 1774 567 :

573 625 590 656 ι
633 607 764 672 Quia
797 605 895 658 nisi
921 605 1163 658 eamdem
1191 605 1648 674 fidem,justitiam
1681 615 1736 660 et
1770 608 2048 660 veritatem

499 715 520 746 ι
568 703 767 760 teneat,
806 710 963 764 quam
995 695 1066 748 illi
1097 705 1398 760 tenuerunt,
1429 712 1524 764 per
1549 712 1708 765 quam
1739 697 2050 766 placuerunt

502 805 520 837 ι
566 787 696 849 Deo,
735 786 914 842 salvus
965 799 1082 842 esse
1129 803 1233 841 non
1269 789 1492 857 poterit,
1541 809 1558 840 ι
1600 789 1798 842 scimus
1836 789 2048 854 Quidem

489 877 621 945 quia
647 877 760 931 sine
787 877 888 931 ﬁde
913 877 1235 946 impossibile
1259 886 1341 957 est
1366 878 1576 946 placere
1602 879 1709 931 Deo
1735 877 1917 947 (Hebr.
1950 879 2046 947 χι),

495 975 556 1024 et
571 985 636 1023 eo
649 970 872 1039 quisque
892 969 1045 1040 longe
1064 985 1093 1022 a
1115 970 1282 1024 salute
1301 980 1401 1033 est,
1423 986 1575 1039 quoa
1599 971 1702 1024 ﬁde
1722 972 1924 1040 procul.
1944 971 2049 1026 Sed

497 1058 836 1126 sijustitiam,
861 1073 981 1126 qua:
1015 1059 1261 1129 generale
1291 1075 1480 1112 nomen
1517 1069 1600 1113 est
1626 1061 1788 1114 totius
1813 1062 2050 1129 corporis

493 1150 757 1206 bonarum
784 1149 1060 1212 virtutum,
1089 1149 1472 1218 veritatemque
1496 1159 1670 1204 teneat
1694 1166 1853 1219 quam
1877 1153 2048 1206 sancti

498 1247 802 1304 tenuerunt,
844 1247 899 1292 et
935 1253 1030 1307 per
1061 1239 1173 1292 haec
1204 1237 1412 1306 placeat
1441 1238 1548 1293 Deo
1573 1240 1712 1293 sicut
1736 1241 1807 1293 illi
1841 1241 2051 1310 placue-

501 1344 644 1396 runt,
665 1333 929 1402 quomodo
953 1331 1185 1400 indigeat
1210 1345 1393 1383 eorum
1423 1331 1802 1384 intercessione
1825 1346 2048 1399 quorum

500 1439 595 1489 par
616 1433 699 1475 est
726 1421 932 1484 merito,
961 1435 1064 1475 non
1095 1421 1225 1474 satis
1249 1420 1422 1474 video.
1457 1420 1562 1493 sed
1584 1421 1694 1474 scio
1714 1427 1768 1473 et
1785 1421 2052 1474 veraciter

498 1527 762 1583 cognosco
792 1512 932 1581 quod
954 1511 1084 1565 ﬁdes
1107 1511 1343 1580 quidem,
1377 1511 1475 1565 nisi
1501 1511 1818 1564 imtnutilata
1847 1495 1898 1562 in
1920 1525 2051 1578 quo—

498 1603 628 1656 libet
668 1601 1053 1672 perduraverit,
1105 1616 1226 1654 eum
1251 1616 1280 1653 a
1304 1600 1538 1653 caelestis
1571 1601 1722 1670 regni
1753 1601 1902 1653 aditu
1932 1599 2050 1654 inﬁ-

496 1691 686 1744 delitas
714 1691 964 1744 secernit.
1003 1690 1059 1743 Si
1091 1699 1267 1743 autem
1310 1690 1362 1742 in
1406 1688 1721 1756 injustitiam
1764 1697 1854 1742 aut
1905 1699 2051 1743 certe

2146 515 2334 583 pessis,
2383 515 2536 583 quasi
2585 515 2650 570 de
2692 517 2884 571 divinis
2931 517 3222 588 Scripturis
3269 536 3390 574 eum
3441 521 3694 577 roborare

2147 613 2371 657 conatus
2391 618 2468 658 es.
2493 603 2645 669 Quod
2671 614 2847 660 autem
2869 616 3054 661 contra
3084 623 3177 663 eos
3201 609 3291 677 qui
3323 609 3544 664 Romam
3569 627 3695 666 ora-

2148 700 2257 744 tum
2306 703 2554 763 pergunt,
2599 694 2816 748 beatum
2859 695 3210 767 Augustinum
3251 699 3366 753 haec
3392 701 3551 755 verba
3579 701 3696 769 ejus

2147 782 2346 837 dixisse
2396 793 2710 852 prosccutus
2769 801 2828 841 es
2850 827 2865 851 ,
2921 803 3257 858 nequaquam
3316 792 3528 846 veritati
3588 793 3698 848 ullo

2147 873 2307 927 modo
2348 875 2658 929 concordat.
2704 876 2834 930 [tem
2881 893 3110 948 namque
3160 881 3482 936 venerabilis
3536 883 3700 938 Pater

2147 977 2266 1016 cum
2314 964 2367 1016 in
2408 963 2548 1018 libro
2587 980 2744 1034 quem
2768 966 2882 1036 ipse
2909 969 3128 1033 notasti,
3180 969 3232 1023 id
3262 978 3362 1036 est,
3413 981 3606 1026 octavo
3633 974 3701 1028 de.

2149 1053 2429 1117 Trinitate,
2455 1063 2738 1110 conaretur
2759 1065 2967 1112 mentes
2990 1059 3260 1114 hominum
3286 1061 3353 1114 ab
3374 1076 3560 1116 eorum
3579 1080 3701 1132 qua:

2147 1141 2328 1213 legunt
2354 1145 2436 1197 vel
2458 1145 2679 1200 audiunt
2718 1146 2772 1200 in
2806 1148 3010 1202 sanctis
3041 1146 3337 1218 Scripturis
3377 1151 3703 1220 imaginibus

2149 1248 2416 1296 revocare,
2460 1242 2519 1288 ut
2551 1236 2760 1291 scilicet
2803 1238 2977 1293 nullus
3016 1237 3302 1308 legentium
3341 1241 3404 1296 de
3450 1243 3559 1297 Deo
3603 1244 3702 1297 ali-

2148 1340 2306 1394 quam
2345 1326 2446 1380 sibi
2485 1327 2875 1396 phantasticam
2924 1329 3352 1401 imaginationem
3394 1333 3704 1402 conﬁngere

2148 1415 2359 1478 audeat,
2413 1416 2627 1471 adducit
2675 1418 2728 1471 in
2770 1418 3072 1488 exemplum
3121 1437 3225 1475 non
3275 1422 3445 1476 solum
3486 1425 3702 1478 beatum

2146 1505 2392 1571 Paulum,
2423 1507 2515 1561 sed
2538 1516 2594 1562 et
2621 1508 2832 1564 beatam
2869 1510 3130 1579 virginem
3170 1511 3412 1577 Mariam,
3445 1523 3498 1567 et
3529 1515 3701 1582 ipsum

2148 1600 2356 1654 Domini
2383 1602 2553 1654 nostri
2575 1600 2707 1655 Iesu
2732 1602 2930 1656 Christi
2952 1604 3175 1668 vultum,
3212 1613 3266 1658 et
3291 1607 3496 1660 ratione
3523 1617 3705 1661 osten-

2150 1692 2228 1746 dit
2257 1693 2404 1761 quia,
2434 1693 2573 1748 sicut
2598 1693 2800 1748 vultum
2820 1709 3004 1748 eorum
3028 1705 3117 1748 aut
3143 1695 3339 1768 efﬁgies
3366 1713 3704 1768 nequaquam

496 1785 549 1837 in
581 1784 811 1852 aliquam
844 1781 1132 1836 falsitatem
1169 1783 1478 1848 incurrerit,
1508 1791 1563 1836 et
1587 1784 1876 1837 secundum
1903 1784 2045 1852 Apo-
2076 1771 2122 1828 Β
2151 1780 2289 1835 sicut
2339 1781 2554 1837 fuerunt
2602 1797 2728 1835 vere
2772 1783 2966 1852 aliquis
3014 1784 3364 1852 imaginatur,
3419 1797 3510 1840 aut
3557 1797 3706 1841 certe

495 1877 686 1930 stolum
732 1876 778 1945 (1
815 1873 935 1929 Cor.
967 1877 1071 1946 lli),
1115 1891 1278 1945 super
1300 1875 1702 1930 fundamentum
1737 1877 1858 1931 ﬁdei
1887 1877 2048 1948 ligna,

498 1971 678 2021 l'enttm
718 1967 1071 2035 stipulamque
1107 1966 1473 2032 aediﬁcaverit,
1506 1965 1556 2019 id
1584 1975 1688 2031 est,
1725 1965 1967 2020 solubilia
1998 1977 2067 2023 et.

499 2057 633 2114 levia
665 2068 879 2127 peccata
905 2058 1253 2124 commiserit,
1283 2059 1395 2113 haec
1421 2073 1638 2113 necesse
1670 2059 1775 2113 erit
1810 2060 1929 2129 igne
1956 2061 2053 2113 tri-

495 2150 781 2205 bulationis
809 2149 1054 2217 decoqui,
1085 2157 1139 2202 et
1168 2157 1227 2202 ut
1251 2149 1413 2204 citius
1434 2151 1501 2204 ab
1524 2151 1607 2204 his
1635 2150 1835 2204 absolvi
1862 2151 2048 2221 possit,

497 2249 804 2295 sanctorum
845 2238 1322 2294 intercessionibus
1363 2240 1649 2295 sublevari.
1681 2240 1738 2296 Si
1764 2242 1904 2296 enim
1929 2257 2049 2296 cre-

495 2332 670 2385 dimus
696 2331 893 2384 mutuis
921 2343 1022 2384 nos
1057 2329 1497 2384 intercessionnm
1535 2331 1781 2400 suSpiriis
1805 2347 1834 2384 a
1858 2346 2048 2400 pecca-

498 2423 566 2474 tis
591 2421 824 2490 purgari,
848 2419 1090 2490 apostolo
1113 2421 1321 2475 dicente
1347 2439 1359 2474 :
1385 2419 1714 2489 Confitemini
1743 2420 2047 2477 alterutrum

497 2521 704 2583 peccata
755 2522 958 2576 vestra,
1003 2521 1051 2565 et
1096 2521 1238 2565 orate
1282 2527 1376 2582 pro
1419 2513 1654 2577 invicem,
1682 2523 1737 2566 ut
1779 2511 2049 2567 salvemini

495 2599 633 2670 (Jac.
679 2599 764 2670 v);
821 2609 1020 2669 quanto
1067 2601 1237 2670 magis
1282 2601 1539 2657 credibile
1587 2612 1668 2658 est
1713 2617 1899 2658 eorum
1951 2619 2050 2659 nos

493 2689 751 2743 citissime
785 2704 942 2759 posse
973 2689 1181 2744 veniam
1207 2692 1502 2758 promereri
1529 2691 1794 2761 precibus,
1824 2693 1916 2761 qui
1941 2692 2052 2746 Deo

495 2781 785 2851 junguntur
831 2779 1168 2845 familiarius,
1209 2781 1253 2834 si
1284 2790 1460 2835 tamen
1491 2797 1585 2836 cor
1611 2791 1853 2837 nostrum
1879 2783 2051 2853 poeni-

497 2873 671 2928 tentim
692 2881 996 2927 conteratur
1017 2873 1380 2928 cruciatibus?
1408 2873 1682 2944 Perpende
1707 2888 1836 2944 ergo
1869 2883 1919 2928 te
1945 2875 2048 2928 mi—

495 2978 594 3016 uus
635 2971 790 3016 caute
819 2963 870 3014 in
907 2963 1007 3016 hoc
1036 2977 1248 3031 quoque
1292 2962 1550 3028 locutum,
1596 2973 1650 3017 et
1696 2974 1754 3018 ut
1799 2965 2050 3035 deinceps

495 3063 602 3108 tam
621 3052 919 3108 Ietbiferam
941 3053 1236 3108 doctrinam
1261 3068 1450 3109 caveas
1473 3063 1759 3110 memento.
1784 3055 1912 3110 Post
1932 3057 2047 3110 haec

494 3141 836 3210 subsequeris
861 3161 874 3195 :

573 3254 590 3283 ι
619 3234 808 3288 Audite
843 3235 963 3300 hoc,
1003 3235 1313 3305 insipientes
1343 3235 1395 3288 in
1425 3236 1639 3304 populo,
1681 3245 1731 3290 et
1771 3235 1915 3291 stulti
1952 3237 2050 3291 ali-

501 3347 518 3376 σ
549 3325 760 3394 quando
785 3325 971 3394 sapite,
1001 3325 1092 3395 qui
1115 3325 1550 3384 intercessionem
1574 3327 1797 3396 apostoli
1825 3327 2048 3382 Romam

503 3438 520 3466 ι
553 3414 819 3487 pergendo
867 3417 1128 3485 quaeritis,
1186 3417 1312 3486 quid
1356 3427 1541 3471 contra
1590 3433 1684 3472 vos
1727 3416 1870 3472 dicat
1912 3433 2050 3486 saape

499 3527 520 3556 ς
550 3507 725 3561 dictus
760 3506 946 3560 beatus
984 3506 1330 3576 Augustinus.
1358 3525 1376 3557 ›
1411 3506 1676 3562 Debuerat
1695 3506 1807 3575 jam
1837 3507 2050 3561 tandem

501 3615 564 3652 os
593 3607 737 3650 tuum
762 3598 1051 3667 impurum,
1081 3608 1135 3653 et
1160 3599 1202 3652 si
1237 3614 1341 3652 non
1372 3599 1640 3653 honestati
1662 3599 1917 3670 parendo,
1949 3599 2053 3653 sal-

503 3699 606 3742 tem
637 3688 824 3756 pudori
859 3688 1114 3748 cedendo,
1143 3689 1210 3743 ab
1236 3687 1444 3756 injuriis
1471 3690 1829 3744 membrorum
1853 3689 2052 3744 Christi

500 3779 748 3832 feriatum
778 3779 1018 3842 obtundi,
1051 3788 1106 3832 et
1136 3795 1255 3849 quae
1283 3793 1438 3849 pmna
1478 3779 1891 3834 contumeliosos
1930 3794 2052 3832 ma-

502 3876 624 3922 neat
647 3867 935 3922 reminisci.
960 3865 1094 3921 Nam
1117 3882 1238 3923 cum
1263 3868 1520 3922 Dominus
1549 3868 1858 3924 terribiliter
1878 3868 2048 3922 dicat:

503 3959 808 4030 Quicunque
853 3960 1042 4013 dixerit
1085 3959 1238 4028 fratri
1281 3976 1396 4026 suo,
1447 3959 1634 4026 Fatue,-
1683 3976 1799 4013 reus
1845 3960 1940 4014 erit
1969 3977 2055 4030 go-

501 4051 680 4105 Itenme
707 4050 839 4120 ignis
871 4048 1084 4120 (Matth.
1110 4049 1192 4120 v),
1236 4050 1377 4118 quod
1422 4051 1514 4103 tibi
1561 4049 1866 4120 confugium
1912 4050 2054 4104 arbi-

503 4143 680 4201 traris.
732 4157 799 4196 ne
847 4141 938 4195 tali
979 4142 1240 4196 sententia
1292 4141 1561 4211 plectaris,
1614 4142 1742 4211 quin
1797 4140 2054 4195 fratribus

501 4236 608 4289 tuis
638 4235 950 4303 insipientia:
979 4243 1034 4288 et
1065 4235 1302 4288 stultitia:
1327 4235 1443 4288 sine
1470 4249 1633 4288 causa
1659 4233 1886 4302 elogium
1915 4230 2052 4299 oltji-

501 4326 618 4380 eis?
647 4326 840 4378 Beatus
868 4341 1097 4392 namque
1140 4324 1305 4377 David
1353 4325 1436 4378 his
1483 4325 1659 4378 verbis
1696 4323 1818 4390 jure
1855 4323 2052 4377 abusus

501 4423 583 4469 est
611 4421 795 4468 contra
825 4429 918 4466 eos
955 4413 1048 4480 qui
1085 4413 1343 4480 putabant
1380 4411 1547 4465 Deum
1584 4413 1768 4466 oculos
1808 4411 1925 4465 aliis
1959 4410 2053 4464 de-

2151 1871 2368 1926 credere
2399 1873 2589 1926 debeat
2628 1874 2771 1941 quod
2806 1874 2879 1928 ita
2904 1873 3062 1930 fuerit
3103 1876 3241 1930 sicut
3283 1877 3362 1931 eis
3401 1894 3550 1932 mens
3583 1879 3708 1932 efﬁ-

2151 1962 2281 2030 giat,
2321 1961 2391 2015 ita
2429 1976 2521 2016 eos
2565 1963 2810 2018 homines
2848 1979 2974 2018 vere
3001 1963 3162 2018 fuisse
3193 1966 3340 2020 nullo
3368 1968 3525 2020 modo
3551 1969 3710 2021 dubi-

2148 2060 2270 2105 tare
2302 2051 2513 2105 debeat.
2560 2052 2705 2117 inter
2744 2063 2938 2108 canera
2957 2069 3085 2125 ergo
3113 2055 3190 2109 sic
3217 2055 3349 2110 dicit
3379 2074 3390 2108 :
3423 2056 3558 2111 Redi
3576 2071 3710 2127 ergo

2149 2155 2382 2206 mecum,
2408 2143 2473 2196 ad
2502 2157 2621 2196 eam
2647 2143 2853 2198 scilicet
2883 2144 3168 2208 rationem,
3201 2146 3342 2200 unde
3369 2147 3434 2199 ad
3464 2162 3709 2201 momen-

2150 2242 2263 2284 tum
2291 2231 2643 2295 diseesserat;
2686 2232 2969 2287 ostendere
2997 2233 3140 2289 enim
3171 2245 3400 2306 cmpetat
3431 2237 3571 2306 quod
3597 2236 3712 2291 eiii-

2149 2322 2290 2391 giem
2319 2321 2533 2391 quidem
2572 2321 2812 2391 Apostoli
2860 2325 3087 2394 quisque
3126 2327 3192 2380 de
3232 2326 3346 2394 ejus
3386 2329 3534 2382 vultu
3576 2345 3712 2383 eon-

2149 2425 2358 2486 ceptam
2409 2417 2569 2471 corde
2606 2417 2822 2472 abolere
2867 2419 3120 2473 deberet:
3150 2420 3290 2488 quod
3329 2429 3505 2474 autem
3543 2423 3710 2475 homo

2149 2507 2328 2572 fuerit,
2377 2523 2714 2578 nequaquam
2760 2509 3032 2574 dubitare,
3067 2517 3124 2564 et
3167 2511 3513 2564 admonucrat
3539 2511 3710 2566 istum

2148 2615 2270 2654 eum
2297 2599 2464 2653 fuisse
2489 2615 2592 2654 non
2623 2599 2792 2654 solum
2824 2601 3066 2668 credere,
3103 2601 3196 2656 sed
3221 2612 3272 2654 et
3309 2617 3489 2656 amare
3515 2619 3710 2656 unum-

2148 2703 2414 2758 quemque
2441 2688 2654 2744 debere.
2683 2689 3114 2755 Consideremus,
3156 2691 3346 2760 inquit,
3390 2707 3488 2746 cur
3520 2693 3713 2764 diliga-

2148 2794 2267 2833 mus
2323 2780 2654 2849 Apostolum.
2715 2779 3090 2850 Nunquidnam
3145 2791 3364 2853 prepter
3412 2785 3709 2840 humanam

2149 2876 2407 2944 speciem,
2447 2891 2606 2945 quam
2643 2875 2979 2930 notissimam
3010 2876 3286 2940 habemus,
3319 2891 3382 2931 eo
3415 2877 3554 2946 quod
3585 2893 3710 2932 cre—

2149 2969 2324 3022 dimus
2359 2982 2480 3021 eum
2512 2968 2781 3022 hominem
2824 2967 3025 3022 fuisse?
3067 2965 3180 3021 Non
3215 2968 3416 3036 utique.
3456 2969 3708 3038 Alioquin

2149 3073 2290 3113 nunc
2316 3074 2422 3114 non
2449 3066 2531 3113 est
2561 3074 2719 3127 quem
2751 3058 3054 3130 diligamus,
3091 3059 3517 3129 quandoquidem
3546 3061 3710 3115 homo

2149 3151 2238 3204 ille
2263 3150 2375 3220 jam
2406 3167 2508 3204 non
2541 3158 2624 3205 est
2646 3168 2659 3204 :
2684 3151 2863 3204 anima
2902 3151 3043 3207 enim
3085 3150 3199 3219 ejus
3227 3166 3256 3204 a
3285 3167 3507 3220 corpore
3548 3167 3706 3222 sepa-

2149 3248 2262 3295 rata
2295 3248 2394 3298 est.
2428 3238 2533 3294 Sed
2569 3240 2619 3294 id
2652 3240 2795 3309 quod
2837 3241 2890 3294 in
2933 3239 3026 3295 illo
3070 3257 3330 3307 amamus,
3364 3242 3524 3296 etiam
3563 3258 3711 3296 nunc

2147 3331 2329 3386 vivere
2375 3329 2663 3386 credimus.
2717 3329 2853 3394 Quid
2892 3344 3021 3399 ergo
3057 3339 3245 3385 contra
3289 3347 3382 3385 eos
3426 3329 3585 3385 faciat
3619 3332 3707 3386 hic

2149 3440 2327 3479 sermo
2369 3425 2688 3480 venerabilis
2727 3424 3009 3494 Augustini
3039 3425 3128 3493 qui
3161 3424 3411 3495 sutl'ragia
3446 3435 3706 3496 espetuut

2148 3513 2436 3582 apostolica
2469 3528 2574 3568 non
2612 3515 2788 3569 video.
2838 3514 2977 3571 Dicit
3021 3518 3163 3570 enim
3187 3515 3327 3586 quod
3357 3533 3460 3571 non
3490 3530 3713 3587 propter

2151 3605 2435 3659 humanam
2469 3604 2704 3674 speciem
2737 3604 2925 3674 diligat
2950 3605 3283 3675 Apostolum.
3317 3608 3457 3676 quod
3481 3622 3578 3661 nec
3610 3609 3711 3662 ali-

2149 3692 2269 3759 quis
2295 3693 2403 3762 agit
2442 3691 2920 3761 ﬁdelium.‘Neque
2956 3695 3097 3748 enim
3126 3695 3207 3746 vel
3240 3696 3430 3749 minuit
3467 3697 3714 3752 dilectio-

2150 3798 2273 3837 nem
2317 3791 2575 3846 nostram,
2614 3783 2727 3836 sive
2771 3783 2933 3838 fuerit
2964 3785 3268 3854 prolixioris
3293 3787 3556 3855 corporis,
3597 3789 3712 3842 sive

2151 3872 2444 3937 brevioris;
2488 3887 2657 3940 neque
2698 3873 2921 3928 interest
2958 3883 3138 3928 nostra
3184 3883 3361 3929 utrum
3409 3876 3570 3946 (sicut
3613 3878 3718 3930 ha-

2152 3960 2239 4014 bet
2290 3959 2492 4032 rumor)
2543 3960 2784 4016 calvities
2834 3961 3062 4017 frontem
3111 3962 3226 4031 ejus
3273 3965 3598 4029 nudaverit,
3640 3983 3709 4019 an

2151 4051 2459 4120 capillorum
2509 4050 2749 4106 densitas
2792 4053 3002 4106 texerit.
3053 4052 3156 4106 Sed
3207 4070 3378 4124 neque
3427 4065 3710 4126 propterea

2151 4141 2490 4209 quoddtomo
2522 4141 2700 4206 fuerit,
2746 4143 2838 4196 sed
2867 4143 2990 4211 quia
3025 4142 3202 4210 justus
3241 4145 3422 4211 fuerit,
3471 4157 3708 4214 amatur.

2151 4229 2300 4296 Quod
2343 4238 2522 4284 autem
2563 4231 2853 4302 subjungit,
2895 4230 3045 4286 Nunc
3075 4249 3178 4286 non
3209 4242 3291 4288 est
3319 4250 3475 4303 quem
3507 4237 3706 4306 diliga-

2151 4335 2288 4378 mus.
2320 4322 2746 4390 quandoquidem
2782 4322 2941 4374 homo
2969 4320 3054 4374 ille
3074 4322 3182 4390 jam
3216 4339 3320 4377 non
3350 4333 3453 4387 est,
3482 4325 3706 4402 sultjun~

2154 4411 2326 4481 gcndo
2350 4415 2566 4482 exponit
2595 4433 2607 4467 :
2641 4414 2830 4467 Anima
2852 4415 2995 4468 enim
3021 4415 3135 4484 ejus
3153 4430 3185 4467 a
3213 4407 3436 4485 corpore
3458 4429 3707 4486 separata

505 4504 646 4557 disse
671 4523 682 4554 :
713 4513 766 4557 ct
811 4503 1003 4570 ipsum,
1033 4515 1097 4554 ea
1135 4516 1253 4570 quae
1295 4513 1609 4571 gererentur
1649 4518 1679 4555 a
1718 4501 2050 4566 mortalibus,
2080 4481 2130 4540 D
2157 4512 2257 4565 est,
2297 4503 2493 4571 liquido
2522 4505 2808 4558 ostendens
2836 4504 2902 4557 de
2928 4502 3104 4556 vultus
3128 4502 3243 4571 ejus
3274 4520 3332 4558 se
3362 4505 3560 4558 dixisse
3585 4507 3703 4559 etii-

502 4609 608 4648 non
651 4594 862 4658 videre;
905 4593 1144 4646 auditum
1190 4591 1309 4645 aliis
1353 4592 1624 4655 tribuisse,
1657 4601 1710 4645 et
1749 4592 1920 4660 ipsum
1958 4607 2055 4646 au-

502 4685 615 4740 ditu
638 4700 841 4747 carere,
860 4693 915 4739 et
938 4695 1127 4739 caetera
1149 4683 1220 4737 ita
1243 4683 1466 4738 dicendo
1491 4701 1502 4736 :
1529 4683 1734 4748 Audite,
1758 4685 2050 4745 insipientes

502 4782 559 4834 in
578 4777 786 4846 populo,
810 4786 856 4831 et
877 4775 1041 4837 stulti,
1064 4775 1343 4845 aliquando
1361 4775 1540 4830 sapite.
1565 4773 1665 4838 Qui
1687 4774 1935 4844 plantavit
1955 4791 2050 4827 au-

503 4890 632 4933 rem.
657 4889 759 4927 non
780 4871 982 4935 audiet;
1003 4879 1048 4923 et
1073 4870 1160 4940 qui
1186 4869 1339 4938 ﬁnxit
1364 4869 1569 4924 oculum
1595 4887 1695 4924 non
1718 4871 2004 4923 considerat
2025 4870 2049 4922 ξ)

506 4965 609 5032 Qui
651 4966 859 5034 corripit
901 4972 1092 5034 gentes,
1130 4979 1232 5017 non
1263 4972 1465 5034 arguet,
1496 4965 1584 5034 qui
1613 4964 1758 5017 docet
1793 4964 2048 5018 hominem

501 5055 810 5110 scientiam?
852 5054 918 5109 Et
961 5054 1087 5122 quid
1121 5061 1307 5110 contra
1337 5055 1449 5108 haec
1477 5055 1588 5122 ipse
1618 5055 1829 5116 sentiat,
1862 5068 2049 5107 eorum

502 5161 736 5201 errorem
760 5145 1015 5200 damnans
1032 5141 1395 5214 subjungendo
1419 5143 1726 5198 manifestat
1752 5160 1764 5195 :
1796 5142 2050 5196 Dominus

502 5241 598 5293 scit
636 5239 966 5307 cogitationes
1001 5235 1265 5288 hominum
1292 5234 1534 5305 quoniam
1565 5249 1710 5286 vente
1734 5241 1874 5286 sunt.
1900 5232 2050 5285 Patet

504 5341 634 5396 ergo
673 5338 726 5385 te
760 5325 862 5380 hoc
906 5324 1233 5388 testimonio,
1279 5337 1382 5376 non
1427 5323 1583 5377 modo
1621 5322 1816 5391 inepte,
1861 5320 1954 5374 sed
1997 5325 2052 5371 et

507 5417 699 5473 callide
765 5417 1010 5473 abusum.
1067 5417 1246 5485 Inepte
1293 5415 1528 5484 quidem,
1575 5421 1634 5466 ut
1673 5421 1795 5482 pote
1835 5411 1925 5480 qui
1973 5417 2053 5463 tot

509 5507 775 5577 tantisque
803 5506 929 5562 viris
955 5507 1042 5575 qui
1083 5504 1240 5560 modo
1274 5504 1328 5557 in
1364 5512 1562 5558 sanctae
1589 5502 1840 5557 Ecclesire
1865 5500 2053 5553 ﬂorent

511 5597 723 5662 studiis,
752 5597 962 5653 voluisti
990 5597 1227 5650 L’ludere.
1262 5594 1527 5662 Quantum
1556 5603 1732 5648 autem
1764 5595 1859 5648 tibi
1879 5594 2053 5647 visum

513 5696 596 5751 est
627 5687 835 5746 callide.
866 5688 954 5755 qui
981 5703 1044 5742 ea
1072 5703 1190 5755 qum
1221 5686 1437 5787 alterius
1465 5687 1760 5741 intellectus
1782 5695 1924 5746 sunt,
1955 5699 2052 5753 pro

2157 4595 2264 4665 gie,
2296 4611 2453 4663 quam
2482 4594 2664 4663 utique
2694 4610 2795 4647 non
2831 4605 3052 4663 possunt
3090 4581 3304 4650 servare
3333 4603 3479 4649 artus
3507 4596 3626 4664 ejus
3653 4598 3706 4650 iu

2155 4683 2425 4752 pulverem
2459 4670 2678 4735 redacti.
2720 4680 2843 4733 Non'
2877 4696 3004 4751 ergo
3042 4697 3162 4735 eum
3187 4692 3400 4752 propter
3429 4684 3515 4736 illa
3542 4685 3708 4737 linea-

2153 4783 2331 4828 menta
2374 4773 2612 4840 corporis
2651 4773 2843 4841 aliquis
2882 4773 3116 4827 ﬁdelium
3157 4776 3369 4839 dixerit,
3401 4785 3494 4828 aut
3528 4785 3705 4829 tumu-

2152 4865 2260 4918 lum
2297 4864 2411 4932 ejus
2444 4859 2727 4932 aliquando
2755 4863 3008 4928 visitavit,
3038 4880 3156 4934 qua:
3183 4865 3385 4933 utique,
3415 4865 3553 4920 sicut
3583 4867 3700 4935 ipse

2152 4957 2307 5019 dixit,
2344 4955 2452 5024 jam
2483 4967 2588 5009 non
2619 4962 2744 5008 sunt
2770 4973 2781 5008 :
2815 4955 2908 5008 sed
2938 4956 3056 5009 ideo
3081 4956 3203 5026 quia
3224 4954 3402 5023 justus
3430 4956 3608 5022 fuerit,
3649 4968 3704 5013 ct

2155 5046 2360 5100 meritis
2385 5045 2719 5112 exigentibus
2759 5048 2897 5116 apud
2937 5047 3102 5102 Deum
3143 5048 3287 5101 vivat
3309 5057 3365 5102 et
3391 5049 3703 5105 intercessio

2153 5133 2270 5202 ejus
2289 5133 2572 5203 plurimum
2595 5133 2786 5186 valeat.
2807 5133 2970 5204 Igitur
2990 5151 3095 5190 non
3117 5144 3301 5190 contra
3323 5151 3443 5200 nos,
3467 5145 3526 5189 ut
3546 5136 3696 5199 falso,

2154 5224 2362 5288 Claudi,
2402 5223 2620 5287 asseris,
2659 5223 2769 5278 hate
2800 5225 2959 5279 verba
2988 5225 3128 5279 beati
3154 5224 3436 5294 Augustini
3471 5224 3695 5289 faciunt,

2153 5322 2246 5376 sed
2269 5337 2367 5390 pro
2396 5320 2568 5381 nobis,
2600 5319 2690 5388 qui
2719 5318 2838 5373 ideo
2866 5319 3037 5373 sancti
3063 5319 3301 5387 Apostoli
3331 5317 3583 5388 reliquias
3609 5334 3695 5371 ve-

2154 5411 2433 5465 neratione
2455 5410 2643 5477 dignas
2665 5409 2904 5464 ducimus
2923 5422 2988 5462 eo
3010 5408 3148 5476 quod
3171 5422 3293 5461 eum
3320 5409 3520 5468 vivere,
3549 5407 3697 5476 justi-

2155 5503 2244 5555 tlte
2264 5499 2578 5554 facientibus
2597 5499 2822 5563 meritis,
2849 5497 3066 5561 scimus,
3092 5505 3147 5551 et
3168 5497 3430 5551 charitate
3456 5497 3697 5566 exigente

2156 5592 2366 5647 eineres
2419 5590 2536 5645 illos
2591 5590 2680 5658 qui
2725 5590 2778 5642 in
2821 5587 3041 5656 justitia:
3085 5587 3336 5656 operibus
3385 5586 3694 5642 exercendis

2156 5683 2334 5738 animo
2376 5688 2666 5750 paruerunt
2709 5679 2852 5748 justo
2899 5678 3196 5732 visitamus.
3249 5677 3500 5734 Ultimam
3549 5684 3693 5728 tuam
