3956 6190
278 305 378 362 585

1327 305 1409 356 nt;
1445 284 1673 357 cum?
1708 301 2070 356 tMAGlNUM.
2111 332 2178 341 -
2217 300 2340 353 LIB.
2384 301 2448 354 ιιι

3371 301 3474 357 δεῖ

281 420 675 490 responsionem
707 417 1055 472 discutiamus
1089 433 1153 470 ex
1195 417 1278 470 his
1303 418 1562 470 duntaxat
1601 416 1704 468 tuis
1732 411 1820 466 di—
1851 420 1898 477 Α
1927 425 2062 476 erat,
2099 415 2208 468 fiat.
2247 415 2510 468 Debuerat
2551 415 2713 470 etiam
2759 427 2810 470 te
2851 415 2990 470 beati
3028 415 3194 471 David
3233 431 3474 473 commoa

281 513 377 565 etis
402 526 520 578 qua:
550 509 602 561 in
634 515 845 561 nostras
885 507 1212 560 devenerunt
1251 522 1440 559 manus
1479 521 1598 574 qua:
1639 503 1824 570 hujus-

281 607 413 662 modi
463 613 566 666 est,
620 602 948 670 respondens
984 601 1290 671 supradicto
1323 601 1500 654 abbati
1531 617 1544 652 :
1587 619 1604 650 ‹
1633 600 1825 665 Quinta

287 719 302 747 c
335 707 414 750 tua
461 697 516 748 in
555 709 640 748 me
676 692 906 760 objectio
933 701 1034 756 cst,
1069 701 1124 744 et
1149 690 1426 760 displicere
1455 691 1547 745 tibi
1576 690 1728 752 dicis,
1764 705 1828 744 eo

285 805 300 834 ι
329 785 463 855 quod
525 783 770 837 dominus
807 781 1126 851 apostolicus
1164 781 1467 850 indignatus
1511 780 1582 833 sit
1624 779 1773 832 mihi.
1805 789 1830 829 ι·

281 875 543 940 Quantum
569 888 634 925 ex
664 872 844 924 verbis
873 871 978 924 tuis
999 871 1391 940 cognoscimus,
1415 885 1638 939 magnus
1655 870 1830 924 chari-

282 966 397 1017 tatis
421 979 547 1033 erga
577 971 627 1015 te
654 961 750 1014 iste
778 960 1098 1014 venerabilis
1123 960 1246 1013 vitae
1273 959 1439 1012 abbas
1459 959 1681 1020 exstitit,
1712 973 1829 1027 qua:

280 1065 329 1107 te
354 1069 483 1104 vana
516 1051 789 1104 docentem
816 1049 1042 1119 benigne
1069 1049 1348 1118 corripuit,
1381 1058 1435 1102 et
1468 1047 1664 1103 salubri
1697 1063 1830 1101 con-

279 1144 392 1197 silio
418 1151 476 1195 ut
503 1149 557 1194 te
582 1140 648 1193 ab
671 1140 756 1193 his
775 1153 1147 1207 compesceres
1172 1138 1464 1202 admonuit,
1493 1147 1548 1192 et
1574 1138 1696 1207 quia
1728 1138 1833 1190 Ro-

281 1247 445 1286 mame
489 1231 744 1284 Ecclesiae
776 1229 969 1298 praesul
999 1229 1095 1283 tibi
1125 1229 1430 1298 indignatus
1475 1227 1636 1282 fuerit
1678 1228 1831 1282 indo-

279 1322 388 1374 luit.
418 1321 526 1375 Sed
569 1335 673 1387 quo
707 1319 888 1372 animo
917 1319 1029 1372 haec
1059 1319 1172 1387 ejus
1201 1334 1230 1371 a
1255 1328 1306 1372 te
1333 1329 1550 1388 accepta
1579 1319 1649 1372 sit
1674 1318 1834 1374 casti-

277 1414 435 1483 gatio,
467 1412 770 1465 audiamus.

349 1524 366 1554 ‹
397 1503 509 1558 lloc
547 1502 754 1565 dixisti,
791 1501 986 1570 inquis,
1032 1503 1097 1555 de
1134 1499 1387 1554 Paschali
1425 1500 1679 1555 Ecclesiae
1726 1500 1831 1553 Ro-

281 1616 296 1646 t
324 1610 497 1647 mante
542 1593 816 1662 episcopo,
859 1592 950 1660 qui
993 1600 1257 1661 praesente
1277 1591 1389 1660 jam
1419 1592 1622 1644 corruit
1653 1591 1782 1644 vita.
1811 1609 1828 1641 ι

277 1687 408 1753 Quid
452 1685 634 1738 enim?
682 1683 928 1753 Nunquid
969 1684 1012 1738 si
1053 1681 1328 1738 Paschalis
1368 1683 1617 1748 decessit,
1662 1682 1834 1736 nullus

1928 520 2056 558 nere
2077 507 2398 575 exemplum.
2425 506 2669 573 Quicum
2699 510 2862 562 sciret
2887 522 2966 573 se,
2991 509 3478 578 reprobate-Saule,

1927 596 2152 650 electum
2183 611 2302 650 esse
2332 597 2385 650 in
2415 611 2660 666 regnum,
2687 606 2743 652 et
2763 614 2885 652 eum
2915 608 3160 653 cerneret
3193 616 3334 670 sa‘pe
3366 616 3483 655 ma-

1928 683 2056 754 ligni
2087 685 2305 754 spiritus
2330 685 2484 740 furiis
2509 688 2789 758 agitatum,
2837 697 2892 744 et
2932 703 2990 750 se
3035 691 3334 760 perciperet
3365 689 3484 760 ejus

1929 777 2390 843 persecutionibus
2422 779 2570 832 valde
2599 781 2832 848 gravari,
2870 796 2972 836 non
3010 782 3167 837 modo
3195 799 3253 839 se
3274 785 3340 840 ab
3366 782 3482 853 ejus

1931 866 2142 921 laesione
2181 870 2515 937 temperavit,
2557 871 2651 925 sed
2681 886 2748 925 ne
2775 872 3026 925 comitum
3055 874 3335 941 quisquam
3363 889 3483 928 suo—

1930 971 2048 1009 rum
2076 957 2129 1011 in
2151 974 2271 1012 eum
2298 959 2596 1030 insurgeret
2624 961 2871 1025 inhibuit,
2901 962 3122 1016 dicendo
3149 981 3161 1014 :
3195 965 3320 1029 Quis
3347 967 3482 1018 enim

1930 1049 2093 1102 mittet
2121 1067 2329 1103 manum
2358 1068 2507 1104 suam
2530 1054 2582 1106 in
2617 1051 2882 1107 Christum
2910 1053 3136 1115 Domini,
3168 1068 3212 1109 et
3239 1058 3483 1110 innoxius

1931 1142 2028 1193 erit
2050 1140 2100 1210 (Ι
2113 1140 2236 1212 Reg.
2262 1145 2446 1212 xxvn)?
2471 1145 2550 1199 Ad
2572 1155 2905 1215 postremum
2927 1147 3284 1214 evangelicum
3305 1163 3488 1202 exem-

1929 1227 2074 1296 plum
2117 1231 2264 1297 quasi
2288 1246 2352 1285 eo
2377 1233 2704 1287 confirmans
2724 1241 2871 1287 tuam
2895 1234 3218 1289 sententiam
3246 1237 3487 1290 aunectis

1932 1319 2195 1372 subdens:

2007 1425 2024 1455 ‹
2050 1406 2124 1458 De
2176 1407 2280 1460 illis
2320 1408 2409 1475 qui
2453 1425 2572 1463 eum
2606 1409 2781 1463 locum
2819 1419 3024 1475 tenent,
3061 1420 3243 1466 etnon
3271 1412 3491 1482 implent

1939 1517 1956 1548 ι
1987 1497 2245 1562 ofﬁcium,
2281 1500 2540 1554 Dominus
2585 1501 2748 1555 dicit:
2779 1501 2946 1572 Super
2982 1489 3277 1557 cathedram
3322 1504 3491 1573 Moysi

1941 1607 1958 1639 ι
1987 1589 2229 1641 sederunt
2259 1588 2456 1643 Scriba:
2493 1601 2539 1644 et
2577 1589 2834 1646 Pharisaei
2859 1606 2876 1642 :
2910 1593 3082 1646 omnia
3108 1611 3226 1663 ergo
3252 1611 3494 1661 quarun-

1942 1697 1959 1728 ι
1986 1694 2084 1747 que
2105 1678 2331 1731 dixerint
2353 1679 2513 1743 vobis,
2541 1689 2739 1733 servate
2757 1690 2804 1733 et
2827 1681 3010 1748 facite;
3031 1683 3308 1734 secundum
3337 1700 3493 1744 opera

275 1781 378 1832 erit
405 1777 495 1847 qui
527 1777 633 1830 tuis
657 1776 740 1829 vel
769 1775 999 1830 levitatis
1034 1775 1263 1838 actibus,
1309 1773 1392 1828 vel
1430 1775 1687 1844 improbis
1715 1790 1834 1827 ver-
1863 1765 1908 1822 B
1941 1788 1958 1820 ι
1987 1786 2104 1822 vero
2131 1787 2308 1823 eorum
2340 1771 2497 1824 nolite
2520 1771 2690 1840 facere
2719 1769 2947 1842 (Matth.
2982 1773 3149 1835 χχιιι).
3180 1791 3197 1822 ι
3231 1771 3352 1826 Ηξεο
3377 1773 3493 1842 qui-

273 1869 352 1922 bis
382 1867 638 1920 resistere
661 1866 864 1935 possit?
895 1863 1000 1919 Sed
1029 1865 1343 1934 improbitas
1370 1867 1646 1920 hominum
1677 1866 1838 1920 habet

278 1956 576 2026 proprium,
607 1969 674 2009 ex
697 1970 764 2009 eo
790 1955 891 2008 sibi
917 1954 1179 2009 scelerum
1210 1956 1521 2024 promittere
1555 1957 1838 2026 impunita-

273 2055 403 2110 tem,
432 2044 478 2100 si
511 2059 606 2099 eos
636 2044 911 2115 contingat
948 2044 1177 2098 evadere
1213 2044 1399 2114 judicii
1418 2045 1657 2100 ‘humani
1687 2062 1836 2102 seve—

271 2138 529 2191 ritatem:
574 2135 799 2203 ideoque
845 2149 965 2188 cum
1007 2133 1260 2189 debueris
1287 2135 1354 2188 ad
1385 2136 1723 2204 temetipsum
1753 2136 1838 2191 vel

271 2229 580 2282 admonitus
617 2227 840 2292 reverti,
867 2236 1013 2281 etne
1037 2227 1165 2295 quid
1205 2225 1300 2280 tibi
1342 2226 1645 2282 succenseri
1672 2228 1842 2295 possit

271 2318 504 2383 sinistri,
530 2327 926 2382 caute'cavere,
954 2333 1022 2372 ex
1050 2317 1267 2387 obliquo
1297 2318 1538 2389 ejusdem
1563 2318 1839 2375 Paschalis

269 2408 436 2460 vitam
479 2422 664 2460 morsu
696 2405 1049 2461 ohlocutionis
1092 2407 1332 2461 cerneris
1379 2406 1663 2476 impetere,
1717 2423 1839 2462 cum

270 2497 424 2550 addis
471 2514 485 2550 :
537 2495 918 2565 «Apostolicus
956 2503 1134 2548 autem
1173 2494 1372 2548 dicitur
1417 2495 1569 2564 quasi
1615 2496 1836 2566 apostoli

272 2595 476 2639 custos.
501 2604 520 2636 ι
579 2583 730 2652 Quod
779 2584 1035 2639 abhorret
1075 2598 1106 2636 a
1149 2583 1376 2640 ratione.
1426 2583 1541 2651 Qua
1583 2585 1728 2640 enim
1774 2585 1840 2640 de

270 2691 433 2730 causa
467 2675 809 2746 Apostolicus
842 2675 1044 2728 dicitur
1079 2675 1306 2744 apostoli
1347 2684 1550 2738 custos,
1581 2691 1704 2730 cum
1730 2690 1836 2729 non

276 2765 502 2835 apostoli
532 2774 786 2835 tanquam
823 2764 1140 2834 paedagogus
1165 2763 1250 2818 vel
1295 2771 1441 2818 certe
1481 2765 1709 2818 atdituus
1747 2765 1840 2819 ad-

279 2859 544 2923 hibeatur,
572 2859 664 2912 sed
695 2867 950 2927 tanquam
990 2856 1227 2912 vicarius
1269 2854 1511 2924 apostolo
1560 2855 1838 2912 substitui-

278 2948 400 3000 tur?
434 2946 586 3002 Unde
613 2955 670 3000 et
693 2961 922 3016 sequens
964 2957 1053 3000 tua
1092 2945 1485 3014 interpretatio,
1533 2961 1839 3015 quanquam

276 3039 472 3094 vitiose
500 3041 674 3109 posita
709 3041 862 3110 juxta
893 3047 1221 3094 structuram
1252 3039 1562 3102 verborum,
1594 3039 1838 3107 proxima

1940 1859 2062 1914 dem
2109 1861 2274 1914 verba
2318 1861 2564 1915 veritatis
2607 1860 2934 1930 plenitudine
2971 1863 3223 1929 gaudent,
3269 1871 3327 1914 ut
3371 1871 3496 1932 pote

1940 1948 2007 2002 ab
2035 1963 2100 2002 eo
2145 1948 2356 2018 prolata
2398 1949 2550 2018 cujus
2587 1949 2849 2002 sententia
2899 1963 3002 2002 non
3048 1947 3275 2004 incurrit
3313 1951 3365 2004 in
3393 1951 3494 2005 ali-

1939 2055 2101 2109 quam
2152 2038 2404 2095 falsitatis
2449 2039 2768 2110 decipulam.
2819 2038 2922 2094 Sed
2963 2040 3236 2094 sciendum
3264 2049 3344 2095 est
3370 2051 3496 2096 tunc

1939 2131 2076 2186 bona
2099 2130 2235 2186 bene
2257 2132 2358 2186 dici
2378 2172 2392 2195 ,
2437 2147 2559 2186 cum
2596 2133 2734 2186 bono
2760 2131 2938 2186 animo
2965 2129 3326 2202 proferuntur,
3370 2141 3498 2188 tunc

1940 2230 2118 2277 autem
2141 2223 2301 2278 etiam
2329 2223 2466 2277 bene
2496 2223 2655 2288 dicta,
2681 2218 2952 2293 quantum
2978 2224 3044 2277 ad
3082 2223 3343 2278 dicentem
3376 2238 3500 2294 per-

1940 2312 2095 2376 tinet,
2126 2313 2352 2381 perdere
2371 2313 2480 2366 vim
2504 2311 2781 2378 bonitatis,
2819 2327 2940 2366 cum
2980 2327 3083 2366 non
3117 2313 3410 2381 procedunt
3432 2329 3499 2368 ex

1939 2401 2086 2458 fonte
2116 2403 2438 2459 dilectionis.
2486 2402 2628 2471 Lege
2674 2403 2811 2458 dicta
2853 2402 3146 2458 amicorum
3177 2404 3349 2458 sancti
3377 2401 3496 2467 Job,

1939 2496 2030 2564 qui
2073 2495 2240 2550 multa
2278 2496 2417 2550 bona
2449 2503 2504 2550 et
2537 2494 2770 2550 salubria
2801 2493 2911 2548 suis
2939 2493 3098 2548 dictis
3137 2493 3502 2560 inseruerunt,

1940 2585 2035 2639 sed
2076 2587 2343 2640 sententia
2375 2585 2596 2656 judicis,
2636 2585 2871 2639 animum
2919 2583 3094 2653 potius
3137 2599 3298 2654 quam
3340 2587 3500 2641 verba

1940 2676 2230 2744 pensantis,
2260 2676 2578 2745 reprehendi
2609 2684 2939 2739 meruerunt,
2978 2674 3050 2728 ita
3079 2675 3307 2730 diwutis
3335 2693 3346 2728 :
3377 2675 3502 2730 Non

1941 2767 2060 2820 estis
2088 2783 2260 2820 coram
2292 2783 2370 2819 me
2402 2774 2534 2819 recte
2579 2765 2739 2820 locuti
2762 2806 2777 2830 ,
2815 2767 2948 2820 sicut
2983 2781 3161 2820 servus
3217 2781 3359 2818 meus
3397 2763 3498 2817 Job

1943 2856 2087 2928 (Job.
2118 2856 2268 2927 xui).
2291 2856 2543 2910 Pharisaei
2570 2872 2698 2928 ergo
2723 2872 2754 2910 a
2776 2856 2996 2910 Domino
3019 2854 3159 2923 juste
3186 2855 3502 2924 reprehendi

1942 2955 2250 3017 potuerunt,
2305 2955 2360 3000 et
2387 2946 2480 3001 tali
2533 2946 2708 3001 notari
2759 2946 3117 3015 correptione,
3174 2954 3425 3014 tanquam
3470 2962 3501 3001 τι

1943 3036 2120 3091 cordis
2162 3036 2487 3106 inspectore,
2525 3045 2580 3090 et
2619 3036 2710 3106 qui
2751 3035 3007 3090 immunis
3038 3043 3408 3104 perseveraret
3435 3035 3502 3088 ab

278 3138 460 3183 tamen
495 3129 766 3184 invenitur
787 3128 942 3198 juxta
966 3129 1211 3184 veritatis
1241 3127 1668 3199 intelligentiam.
1705 3127 1836 3184 Cum
1866 3131 1909 3194 C
1940 3126 2086 3179 omni
2135 3125 2472 3194 contagione.
2520 3125 2770 3181 Attamen
2807 3128 2931 3196 quia
2984 3128 3191 3198 prazlati
3238 3139 3410 3192 erant,
3449 3138 3504 3184 et

272 3223 454 3278 dicere
495 3223 748 3278 debueris
776 3242 788 3276 :
819 3222 1064 3293 Apostoli
1096 3221 1325 3291 fungens
1349 3220 1546 3285 officio,
1579 3220 1842 3276 accusati-

273 3325 394 3364 vum
420 3325 607 3364 easum
634 3310 986 3379 pro-ablativo
1013 3309 1205 3364 vitiose
1226 3309 1473 3379 posuisti.
1503 3309 1842 3379 Apostolicus

273 3415 504 3469 namque
549 3400 744 3454 dicitur
783 3398 1008 3468 apostoli
1040 3397 1268 3462 similis;
1303 3398 1444 3452 unde
1483 3405 1533 3452 et
1567 3406 1838 3466 aspectum

272 3491 573 3561 angelicum
604 3491 854 3554 dicimus,
886 3489 1037 3560 quasi
1061 3488 1372 3559 angelorum
1401 3487 1629 3542 sitnilem
1653 3506 1666 3541 :
1695 3488 1843 3543 urbi-

271 3600 392 3637 cum
408 3583 520 3651 jus,
549 3583 725 3637 simile
749 3598 936 3637 eorum
959 3581 1050 3652 qui
1072 3579 1298 3635 urbibus
1324 3580 1682 3634 continentur.
1707 3579 1841 3646 Quia

270 3683 450 3728 autem
473 3673 589 3728 htec
612 3683 701 3727 tua
724 3672 1098 3743 interpretatio
1121 3671 1188 3724 ad
1209 3670 1530 3740 carpendam
1553 3669 1841 3739 supradicti

271 3765 369 3818 viri
415 3765 599 3818 tendat
643 3764 831 3829 vitam,
871 3760 1154 3830 subiuncta
1196 3759 1507 3814 manifestat
1541 3759 1842 3830 persecutio

275 3841 384 3920 tua,
416 3855 493 3908 ita
525 3854 788 3908 dicendo:

346 3966 364 3997 ε
388 3945 555 4000 Certe
596 3960 700 3998 non
741 3944 828 3998 ille
870 3943 1130 3998 dicendus
1158 3951 1243 3997 est
1272 3940 1629 4011 Apostolicus,
1667 3942 1757 4010 qui
1787 3941 1840 3995 in

281 4054 298 4086 ι
322 4035 585 4090 cathedra
638 4034 786 4088 sedet
827 4032 1074 4102 apostoli,
1123 4032 1216 4086 sed
1243 4031 1333 4100 qui
1357 4029 1710 4099 apostolicum
1741 4031 1842 4082 im-

278 4147 294 4178 ι
322 4127 431 4195 plet
456 4125 716 4180 officium.
741 4145 758 4176 ι
795 4137 820 4186 9
855 4125 1056 4181 Verum
1085 4124 1301 4193 quidem
1332 4138 1450 4177 esse
1476 4122 1708 4176 fatemur
1735 4137 1840 4175 non

274 4213 503 4287 aliq‘uem
536 4216 689 4270 sedili
720 4215 1014 4285 apostolico
1053 4214 1122 4268 ad
1163 4212 1526 4283 apostolorum
1573 4210 1841 4264 sublevari

275 4309 607 4378 dignitatem,
657 4305 760 4359 nisi
804 4319 928 4359 eum
976 4302 1285 4358 constiterit
1328 4299 1550 4369 implere
1593 4298 1843 4368 apostoli-

275 4414 391 4452 cam
431 4397 820 4467 operationem.
867 4395 976 4451 Sed
1021 4411 1213 4450 cavere
1249 4401 1300 4448 te
1329 4392 1596 4453 decuerat,
1642 4406 1710 4444 ne
1755 4391 1839 4444 in-

1941 3218 2045 3273 sibi
2074 3217 2361 3274 sacerdotii
2411 3219 2668 3273 honorem
2710 3219 3072 3285 vindicabant,
3119 3236 3241 3276 cum
3286 3219 3502 3276 fecisset

1942 3309 2084 3380 quod
2115 3324 2270 3364 suum
2293 3316 2432 3374 erat,
2469 3308 2522 3362 id
2552 3317 2654 3372 est,
2693 3310 2884 3364 horum
2911 3317 3179 3364 tortuosos
3203 3319 3356 3365 actus
3385 3327 3512 3364 cur-

1942 3401 2178 3456 rectione
2199 3400 2386 3470 dignos
2407 3400 2844 3465 demonstrasset,
2863 3401 2989 3470 quid
3011 3401 3173 3474 nobis,
3189 3403 3502 3457 reverentiae

1942 3493 2134 3549 talibus
2176 3494 2592 3562 impendendum
2639 3493 2710 3548 sit
2739 3493 3081 3565 subsequenti
3123 3508 3369 3548 sermone
3407 3510 3504 3547 nos

1941 3584 2177 3637 instruit.
2197 3582 2457 3638 Hortatur
2478 3584 2618 3636 enim
2641 3593 2698 3636 ut
2719 3582 3064 3650 subjiciamur
3091 3583 3192 3646 eis.
3213 3599 3318 3637 non
3339 3599 3501 3652 opera

1942 3674 2034 3728 sed
2066 3675 2364 3729 doctrinam
2402 3673 2824 3730 considerantes.
2863 3675 3168 3728 Recordare
3197 3666 3502 3744 pereussio—

1941 3764 2026 3818 nis
2055 3765 2181 3820 Oza:
2218 3763 2300 3836 (II
2330 3764 2456 3834 Reg.
2486 3780 2571 3826 vi;
2609 3763 2639 3816 1
2667 3761 2795 3818 Par.
2837 3770 2980 3835 xui),
3014 3765 3104 3832 qui
3131 3764 3383 3833 quoniam
3413 3780 3502 3818 ar-

1942 3871 2058 3910 eam
2109 3855 2200 3909 Dei
2248 3864 2664 3923 prtesumptuose
2704 3862 3009 3908 sustentare
3057 3853 3242 3918 voluit,
3291 3862 3504 3908 senten-

1942 3947 2069 4000 tiam
2117 3947 2305 4000 mortis
2347 3945 2487 3999 illico
2532 3944 2767 4013 experiri
2806 3945 3018 3998 meruit.
3052 3943 3242 4014 Tangit
3275 3960 3504 4014 namque

1942 4036 2043 4089 hoc
2071 4036 2373 4104 exemplum
2401 4051 2493 4090 eos
2519 4037 2608 4104 qui
2639 4035 2854 4088 incaute
2883 4035 3131 4104 praelatos
3157 4036 3258 4090 sibi
3289 4035 3503 4106 indigne
3563 4088 3569 4096 ,

1942 4125 2380 4193 reprehendendo
2405 4135 2460 4180 et
2479 4125 2836 4193 despiciendo,
2863 4124 3019 4194 quasi
3048 4139 3288 4179 casuram
3315 4141 3501 4180 eorum

1940 4217 2103 4269 vitam
2133 4231 2291 4269 manu
2323 4215 2752 4284 reprehensionis
2789 4223 3094 4270 sustentare
3136 4215 3401 4279 nituntur,
3447 4226 3502 4271 et

1941 4306 2106 4360 Deum
2147 4304 2420 4358 oll'endunt
2447 4303 2598 4373 cujus
2628 4305 2682 4359 hi
2707 4305 2797 4374 qui
2825 4313 3062 4376 praesunt
3102 4305 3155 4358 in
3194 4304 3501 4375 pmlatioue

1940 4398 2054 4452 vice
2085 4395 2390 4466 funguntur.
2421 4398 2575 4452 Disce
2602 4398 2727 4451 item
2754 4397 2838 4452 vel
2864 4396 3105 4466 apostolo
3131 4395 3293 4484 Paulo
3320 4395 3496 4470 (Rom.
3558 4466 3563 4473 _

274 4499 429 4542 caute
475 4502 601 4542 eum
651 4487 1062 4556 reprehensione
1105 4495 1194 4540 tua
1243 4485 1488 4548 lzederes,
1541 4500 1700 4553 quem
1743 4485 1837 4538 tibi
1862 4473 2282 4558 Dxtvjcredens
2326 4489 2557 4544 alienum
2605 4505 2816 4544 servum
2864 4505 2961 4544 suo
3009 4473 3223 4544 domino
3268 4498 3498 4548 stantem

275 4577 556 4647 praelatum
608 4591 812 4639 nosses,
846 4575 1000 4643 juxta
1039 4573 1320 4630 consilium
1369 4571 1677 4642 Sapientis:
1706 4571 1833 4639 Fili,

275 4684 336 4720 ne
355 4677 654 4720 contemnas
673 4667 838 4734 patris
858 4667 934 4719 tui
952 4674 1230 4728 senectam,
1254 4674 1301 4717 et
1328 4665 1373 4718 si
1394 4663 1633 4732 defecerit
1660 4681 1832 4727 sensu,

273 4761 476 4812 veniam
510 4759 577 4812 da
605 4757 794 4830 (Eccli.
826 4756 932 4829 ιιι).
959 4758 1236 4825 Quomodo
1277 4772 1505 4827 namque
1547 4757 1663 4826 ejus
1699 4771 1836 4811 onus

272 4851 539 4905 eharitate
564 4851 701 4904 duce
727 4859 1118 4918 supportasses,
1141 4849 1187 4902 si
1215 4861 1336 4902 eum
1357 4847 1663 4902 exorbitare
1689 4861 1720 4899 a
1745 4861 1836 4900 ve-

272 4940 452 4995 ritatis
481 4940 673 4994 itinere
709 4939 952 5003 vidisses,
984 4953 1144 5006 quem
1169 4945 1386 5007 portare
1416 4936 1668 5005 nequisti,
1708 4935 1835 4990 dum

273 5044 488 5088 tuarum
524 5033 969 5103 reprehensorem
997 5044 1257 5098 nugarum
1287 5028 1545 5084 sensisti?
1571 5025 1709 5081 Audi
1740 5026 1833 5080 de-

271 5127 436 5196 nique
455 5125 585 5194 quid
612 5126 804 5178 beatus
827 5119 1118 5188 Gregorius
1142 5121 1209 5174 de
1228 5119 1458 5172 incautis
1488 5119 1836 5186 reprehenso-

273 5217 424 5272 ribus
469 5215 616 5269 dicat
661 5215 716 5268 in
766 5211 985 5267 homilia
1035 5211 1206 5266 sancti
1259 5209 1530 5280 Evangelii
1580 5209 1833 5264 vicesima

270 5316 461 5362 sexta:
495 5307 542 5361 Is
586 5315 768 5360 autem
815 5303 908 5372 qui
947 5301 1046 5356 sub
1089 5315 1250 5354 manu
1292 5299 1527 5368 pastoris
1552 5306 1655 5363 est,
1673 5298 1832 5368 ligari

274 5401 482 5463 timeat,
535 5399 618 5453 vel
659 5397 890 5466 injuste:
921 5408 1021 5450 nec
1061 5394 1290 5464 pastoris
1336 5393 1417 5446 sui
1455 5391 1714 5461 judicium
1760 5399 1825 5445 te-

274 5505 428 5544 mere
473 5487 846 5558 reprehendat,
876 5500 962 5550 ne,
993 5493 1046 5538 et
1073 5483 1119 5537 si
1166 5479 1361 5548 injuste
1404 5482 1598 5551 ligatus
1629 5489 1729 5545 est,
1765 5497 1832 5534 ex

275 5586 391 5654 ipsa
421 5582 636 5636 tumidae
666 5575 1380 5649 reprehensionis-superbia,
1413 5572 1568 5642 culpa
1588 5588 1705 5640 quae
1728 5587 1829 5626 non

351 5709 375 5735 ι
400 5696 570 5748 Caute
600 5693 729 5756 lege.

1940 4589 2031 4635 aut
2053 4581 2329 4654 cadentem
2357 4596 2462 4636 non
2481 4581 2742 4649 judicare,
2767 4590 2822 4636 et
2843 4581 3092 4651 deinceps
3119 4597 3148 4634 a
3178 4592 3285 4636 tam
3314 4598 3500 4654 super-

1938 4671 2043 4726 flua
2069 4671 2406 4741 levitatisque
2435 4671 2587 4740 plena
2624 4672 3038 4741 reprehensione
3067 4672 3303 4725 animum
3335 4681 3498 4742 atque

1937 4778 2031 4817 ora
2050 4777 2348 4830 compesce.
2369 4761 2530 4817 Navis
2549 4763 2753 4816 interea
2776 4761 2932 4833 hujus
2946 4763 3128 4832 operis
3148 4778 3244 4833 per
3267 4767 3498 4834 aequoris

1936 4851 2222 4920 mundialis
2251 4852 2453 4907 scilicet
2487 4852 2659 4923 pelagi
2698 4852 3007 4908 discrimina
3041 4852 3365 4918 discurrens,
3393 4869 3492 4923 gu-

1935 4940 2194 4996 bernante
2214 4941 2427 4996 Christo
2448 4939 2754 5010 Spirituque
2772 4948 2956 4995 sancto
2985 4939 3163 5006 flante,
3185 4949 3240 4995 et
3265 4957 3295 4994 a
3318 4943 3494 4999 ventis

1935 5033 2254 5098 contrariis,
2307 5032 2531 5101 impuris
2570 5029 2818 5084 videlicet
2864 5029 3162 5098 spiritibus,
3207 5047 3324 5085 sese
3370 5048 3489 5108 tnu-

1936 5124 2137 5188 niente,
2165 5137 2364 5190 suaque
2394 5120 2614 5174 carbasa
2644 5133 2896 5188 prospere
2929 5118 2984 5174 in
3015 5119 3277 5174 directum
3301 5131 3487 5176 exten-

1936 5216 2114 5278 dente,
2167 5212 2382 5268 tandem
2423 5210 2511 5266 hic
2551 5220 2665 5264 tuto
2706 5218 2994 5279 optatoque
3045 5211 3248 5280 potitur
3293 5212 3486 5268 littore.

1933 5304 2005 5357 At
2025 5304 2072 5358 si
2097 5302 2363 5374 quispiam
2392 5299 2648 5355 lectorum
2693 5307 2786 5355 aut
2833 5298 3133 5354 auditorum
3169 5300 3269 5355 hoc
3310 5318 3488 5371 repre-

1935 5395 2196 5450 hensione
2240 5393 2455 5463 dignum
2497 5390 2840 5461 iudicaverit,
2876 5407 2972 5460 pro
3001 5405 3064 5446 eo
3095 5393 3237 5462 quod
3268 5394 3487 5450 modicis

1934 5484 2290 5550 brevibusque
2315 5481 2540 5552 objectis
2562 5481 2679 5550 plus
2701 5478 2847 5548 justo
2879 5478 3032 5549 longa
3057 5487 3108 5532 et
3137 5481 3353 5549 grandia
3379 5483 3486 5537 sint

1934 5581 2118 5626 contra
2147 5571 2376 5640 objecta,
2409 5571 2526 5626 ideo
2559 5571 2751 5624 merito
2776 5569 2845 5624 sit
2869 5568 3272 5639 repudiandum,
3304 5586 3486 5640 quasso
