3956 6190
215 301 309 356 589

1072 281 1385 348 HISTORIA
1424 262 1966 346 TRANSLATtoms
2004 288 2062 344 s.
2101 284 2459 343 noenum.

3306 286 3411 341 590

216 370 384 483 ιξεειέ
418 408 610 483 quibus
636 407 847 483 clericis
875 400 1137 483 c_a_non‘ico_
1166 403 1367 483 ordine.
1402 400 1752 483 mili-tantibus
1778 408 1826 465 Α
1853 400 2068 483 quidem
2100 417 2118 450 ‹
2149 399 2248 483 sub
2270 398 2541 483 religionis
2562 398 2743 453 habitu
2767 418 2801 483 λ
2829 398 2950 454 istic
2970 399 3276 483 educatum,
3300 417 3408 483 non

217 471 320 553 ipse
346 471 499 533 Pater
524 478 580 553 in
609 474 1004 553 eodemhabitu
1030 474 1264 553 sociatus
1294 479 1394 527 est.
1430 491 1450 523 ι
1482 471 1608 553 Ejus
1633 486 1751 524 cor-

217 541 306 623 pus
336 555 451 623 post
490 546 695 599 obitum
748 563 767 595 ‹
803 546 858 623 i_n
901 545 1015 613 ipsa
1047 543 1180 623 :ede‘
1204 541 1714 623 terraa_mandatEm
1735 579 1751 604 ,

217 610 582 676 miraculorum
630 610 939 669 ostensione
982 623 1077 682 est
1130 611 1507 682 gloriﬁcatum.
1547 629 1569 682 ξ
1625 610 1754 682 Ejus

223 709 241 741 ι
270 686 523 758 depositio
565 682 763 739 crnitur
785 693 937 758 sexto
977 679 1167 758 Nonas
1183 680 1385 735 mensis
1421 679 1688 758 Octobris.
1726 698 1745 731 ι

220 748 578 823 Ηωεέθφιίω
607 770 671 808 ex
696 752 937 823 praedicti
966 752 1200 823 auctoris
1229 750 1478 823 anonymi
1508 748 1703 803 libello.

277 829 323 882 5.
362 821 548 879 Ex’his
580 821 1124 891 intelligimusiprimo
1154 821 1538 891 VAndaginense
1566 833 1754 891 mona-

219 897 420 953 sterium
455 913 475 946 ‹
506 909 646 948 anno
689 888 876 962 quinto
901 888 1216 962 Theodoriei
1246 888 1388 962 regis
1410 909 1435 962 _i
1481 888 1755 942 conditum

218 970 311 1038 jam
337 966 522 1038 fuisse,
553 959 783 1038 quodde
804 960 1140 1038 ’[heodorico
1164 959 1379 1038 Kalensi
1406 960 1749 1038 interpretor,

218 1027 309 1091 han
332 1035 395 1089 de
441 1027 772 1089 Theodorico
816 1029 1108 1085 Chlodovei
1140 1028 1365 1084 minoris
1406 1028 1514 1082 lilio
1555 1045 1569 1080 :
1601 1027 1753 1095 cujus

221 1104 520 1160 Theudorici
555 1118 695 1157 anno
726 1102 911 1170 quinto
937 1099 1169 1170 nondum
1200 1097 1454 1169 Pippinus
1479 1097 1749 1170 princeps,

220 1173 598 1230 lleristallensis
622 1166 829 1235 dicitis,
877 1166 1277 1237 major-domus
1297 1166 1450 1232 erat;
1481 1166 1628 1221 certe
1662 1166 1751 1237 vix

220 1248 323 1298 dum
346 1244 667 1298 mdiﬁcatum
715 1248 833 1297 erat
857 1236 1256 1294 Trudonianum
1305 1238 1605 1293 ctenobium
1632 1276 1645 1300 ,
1696 1236 1750 1289 in

219 1330 307 1383 quo
331 1313 616 1394 Beregisus
655 1313 917 1392 educatus
940 1317 1043 1391 est.
1072 1308 1347 1394 secundo,
1379 1307 1754 1394 {indaginense

220 1375 586 1437 monasterium
599 1398 696 1452 pro
719 1380 993 1452 canonicis
1007 1378 1276 1452 conditum
1299 1380 1367 1452 ab
1388 1375 1749 1452 initio'fuisse,

217 1462 261 1506 et
284 1445 645 1522 Beregisum'c
674 1449 1232 1522 inhabitucanonieo
1261 1468 1280 1500 ι
1317 1448 1396 1501 eis
1416 1445 1751 1522 praefuisse,

216 1523 335 1590 quod
359 1515 523 1576 etiam
555 1522 609 1576 in
637 1520 876 1588 subjecto
907 1520 1045 1590 libro
1090 1526 1375 1590 attestatur
1411 1515 1576 1590 Jonas
1602 1515 1754 1590 scri-

217 1586 350 1656 bens,
383 1611 401 1642 ι
438 1592 628 1647 cellam
656 1586 953 1660 Andagiuin
975 1588 1100 1660 olim
1130 1588 1580 1660 inhabitatoribus
1602 1586 1753 1660 habi-

214 1653 345 1714 bitus
361 1661 609 1717 canonici
640 1653 903 1715 floruisse.
944 1678 962 1711 ι
999 1656 1137 1717 Hinc
1181 1666 1368 1728 arguat
1400 1656 1593 1725 aliquis
1624 1653 1755 1728 San—

215 1732 273 1783 cti
312 1730 579 1786 Trudonis
604 1729 1009 1790 monasterium,
1050 1729 1101 1780 in
1124 1724 1267 1797 iquo'
1284 1724 1565 1797 Beregisus
1599 1743 1619 1797 ς
1649 1724 1750 1797 sub

130 1816 144 1831 ·
215 1800 465 1871 religionis
510 1800 697 1855 habitu
732 1801 1004 1871 educatus
1043 1818 1062 1848 ι
1112 1796 1278 1871 fuisse
1327 1796 1545 1871 dicitur,
1575 1796 1749 1871 eidem

212 1865 388 1926 norma:
413 1872 689 1926 addictum
722 1869 907 1925 fuisse.
936 1868 1009 1921 At
1033 1867 1346 1937 responderi
1373 1874 1552 1937 potest
1576 1865 1749 1935 ipsum

1854 468 2031 524 tamen
2083 468 2381 539 professum
2409 482 2528 539 esse
2576 469 2869 539 monastica
2898 478 3039 533 vota,
3091 484 3210 539 qua:
3248 486 3312 526 eo
3355 472 3411 527 in

1853 539 1971 594 loco
2017 537 3025 611 ab‘aliisuservabantur:walcandus
3063 537 3408 611 Andaginen-

1854 611 1929 663 sis
1962 608 2269 663 monasterii
2298 608 2626 661 instaurator
2657 606 3036 663 Leodicensem
3078 609 3197 663 iniit
3226 606 3409 666 sedem

1852 695 1993 732 anno
2020 678 2146 743 810,
2176 684 2358 747 postea
2395 693 2413 726 ‹
2432 685 2768 747 commutato
2797 678 2982 732 ordine
3012 677 3243 735 clericali
3268 696 3412 734 anno

1850 748 2061 803 Domini
2108 745 2548 818 octingentesimo
2582 745 2789 818 decimo
2841 748 3088 815 septimo,
3142 749 3262 805 Idus
3306 749 3413 803 Aue

1852 818 2016 886 gusti,
2034 818 2099 887 in
2129 818 2215 873 die
2236 816 2405 887 sancti
2425 816 2705 887 Laurentii
2733 818 3003 887 martyris,
3033 834 3153 871 cum
3186 819 3411 875 consilio

1851 884 2001 969 papae
2017 886 2220 969 leonis
2246 896 2300 940 et
2325 884 2579 969 Ludovici
2606 884 2947 969 imperatoris
2961 928 2983 969 ,.
3019 890 3408 969 monachorum

1852 954 1939 1011 ibi
1955 957 2264 1027 religionem
2294 956 2593 1027 constituit,
2631 954 2903 1023 dispositis
2936 958 3015 1011 eis
3055 960 3408 1025 possessioni-

1850 1027 1970 1098 bus,
1992 1024 2110 1098 qua:
2134 1025 2439 1098 sufficerent
2464 1024 2534 1078 ibi
2563 1024 2674 1098 Deo
2702 1024 3090 1098 servientibus,
3126 1047 3144 1079 ι
3180 1038 3238 1082 ιιι
3257 1028 3413 1098 Egi-

1852 1097 1970 1151 dius
2012 1094 2399 1150 Aureae-Vallis
2438 1095 2731 1149 monachus
2782 1096 2972 1149 scribit
3023 1097 3246 1152 Altueus
3313 1094 3407 1154 seu

1850 1166 2046 1221 Alveus
2076 1165 2241 1220 abbas
2264 1165 2469 1234 primus
2500 1165 2778 1234 monachis
2806 1165 3076 1234 prmlatus.

1923 1237 1975 1291 6.
2016 1232 2287 1290 Hactenus
2319 1234 2529 1289 celebre
2554 1242 2645 1305 est
2663 1232 2844 1289 Sancti
2875 1234 3134 1289 Hucbertl
3171 1236 3414 1305 Andagi-

1853 1321 2019 1362 nense
2063 1305 2468 1368 monasterium,
2519 1302 2899 1359 confluentium
2945 1304 3261 1374 populorum
3309 1302 3417 1360 fies

1851 1377 2067 1445 quentia
2101 1376 2325 1438 illustre,
2351 1389 2536 1428 eorum
2563 1374 2796 1429 maxime
2823 1375 2914 1444 qui
2954 1374 3289 1445 rabiosorum
3320 1391 3412 1428 ca-

1851 1443 1979 1501 num
2012 1461 2190 1500 morsu
2219 1445 2453 1498 contacti
2479 1452 2621 1497 sunt.
2654 1445 2941 1514 Antiquam
2972 1446 3088 1513 ejus
3115 1446 3191 1497 rei
3239 1443 3408 1499 fuisse

1854 1517 2164 1585 religionem
2214 1524 2425 1569 constat
2471 1528 2534 1568 ex
2582 1514 2718 1585 libro
2746 1514 2833 1585 de
2860 1514 3133 1585 Miracnlis
3175 1514 3415 1584 ejusdem

1852 1583 2043 1649 sanéti,
2075 1586 2455 1655 przecipueex
2501 1584 2773 1655 capitibus
2811 1583 2874 1655 21
2907 1594 2960 1637 et
2994 1585 3081 1648 29,
3113 1583 3213 1655 ubi
3251 1585 3415 1655 etiam

1853 1653 2160 1710 mentio'tit
2211 1653 2489 1708 incisionis
2537 1663 2591 1709 et
2637 1653 2914 1722 particulae
2950 1668 3017 1706 ex
3066 1653 3204 1708 stola
3243 1654 3415 1708 sancti

1854 1725 2105 1847 Hqcberti
2166 1725 2393 1787 decisae,
2442 1739 2560 1792 qua:
2606 1732 2973 1778 contactorum
3028 1722 3193 1777 fronti
3249 1723 3415 1777 inseri

1854 1810 1913 1847 so
1936 1806 2007 1847 et.

1851 1806 2007 1849 εοιρι.

218 2008 3411 2035 W

1684 2134 1929 2191 INCIPIT

1168 2246 1177 2253 .
1274 2293 1650 2355 HISTORIA
1709 2291 2339 2385 TRANSLATIONIS

1324 2490 1685 2570 SANCTI
1744 2488 2284 2567 HUCBEBTI.

273 2730 313 2786 l.
352 2728 509 2782 Anno
553 2722 815 2794 siquidem
856 2718 1302 2788 octingentesimo
1346 2716 1508 2771 tertio
1541 2715 1750 2771 decimo
1788 2770 1791 2775 _

215 2820 517 2875 lelicissimae
542 2812 930 2871 incarnationis
949 2809 1164 2865 Domini
1189 2809 1358 2864 nostri
1379 2805 1502 2863 Jesu
1530 2806 1750 2872 Christi,

213 2919 442 2980 exempto
492 2908 657 2962 rebus
706 2904 960 2960 humanis
1014 2902 1375 2958 famosissima
1431 2901 1755 2969 imperatore

212 2999 384 3055 Carolo
414 2994 863 3052 Victoriosissimo
888 2990 1135 3063 piissimo
1173 2988 1445 3059 Augusto,
1477 2987 1568 3056 qui
1603 2986 1752 3058 regni

1858 2712 2165 2767 Divinitatis
2190 2712 2444 2766 instinctu
2468 2719 2520 2765 et
2544 2712 2807 2766 mercedis
2836 2709 3049 2778 intuitu,
3071 2714 3268 2782 partim
3291 2729 3420 2769 vero

1858 2806 2015 2876 hujus
2048 2804 2395 2860 sacratissimi
2423 2804 2681 2874 principis
2712 2802 2907 2859 talibus
2936 2805 3318 2860 monitionibus
3340 2806 3417 2860 in-

1861 2899 2072 2961 citatus,
2115 2894 2363 2950 studebat
2410 2909 2735 2964 magnOpere
2764 2895 2970 2966 plebem
3000 2896 3099 2950 sibi
3128 2913 3158 2950 a
3197 2897 3421 2952 Domino

1861 2987 2116 3042 traditam
2143 2985 2405 3040 bonorum
2441 3000 2663 3055 operum
2687 2987 2961 3042 exercitiis
3005 2988 3288 3045 nobilitare
3308 3030 3323 3054 ,
3368 3002 3424 3046 et

212 3053 526 3162 Francorum
555 3084 730 3157 spatia
759 3053 914 3153 longs
942 3082 1159 3150 lateque
1184 3053 1447 3143 dilatavit,
1480 3053 1536 3131 et
1555 3053 1757 3131 Christi
1784 3053 1828 3115 (ἶ
1858 3077 1925 3131 de
1952 3076 2107 3132 bonis
2129 3076 2196 3130 ad
2224 3074 2444 3130 meliora
2474 3053 2687 3146 semper
2714 3077 2943 3133 evehere
2970 3096 2983 3132 :
3030 3094 3093 3134 ac
3127 3080 3171 3134 si
3208 3082 3336 3150 quid
3366 3081 3423 3136 in

213 3182 418 3253 gloriam
451 3178 566 3235 suis
589 3178 645 3233 in
694 3174 888 3231 finibus
926 3173 1235 3243 ampliavit;
1270 3172 1489 3241 insuper
1523 3180 1579 3226 et
1619 3168 1758 3224 mul-

212 3281 366 3327 tarum
422 3269 666 3340 gentium
718 3266 1012 3321 czecitatem
1074 3268 1275 3334 quanta
1330 3259 1508 3330 potuit
1561 3259 1758 3313 virtute

211 3363 444 3434 perculit,
470 3366 788 3430 ereptasque
799 3353 1078 3425 profundis
1105 3350 1342 3407 tenebris
1358 3350 1493 3406 lucis
1516 3349 1759 3406 claritate

220 3452 528 3521 conspicuas
552 3446 814 3510 reddidit;
841 3444 1144 3499 Ludovicus
1172 3441 1437 3513 gloriosus
1470 3440 1612 3495 ﬁlius
1643 3440 1760 3508 ejus

214 3552 405 3613 sceptra
457 3536 754 3608 imperialia
802 3535 903 3590 sibi
932 3533 1111 3589 debita
1154 3541 1315 3601 atque
1360 3546 1391 3584 a
1428 3530 1539 3585 Deo
1563 3529 1759 3583 tradita

212 3642 317 3702 post
344 3646 475 3688 eum
524 3628 754 3684 feliciter
800 3626 956 3681 rexit.
991 3624 1225 3680 Decebat
1262 3622 1455 3693 quippe
1486 3620 1761 3676 Christum

215 3726 354 3782 talem
384 3740 457 3781 ac
485 3730 692 3778 tantum
725 3719 948 3791 imperio
978 3733 1076 3774 suo
1115 3716 1392 3787 praeficere
1426 3714 1722 3785 principem
1744 3754 1759 3779 ,

214 3820 261 3871 in
283 3833 382 3887 quo
419 3831 534 3870 non
580 3814 740 3869 modo
784 3811 913 3866 aviti
940 3809 1216 3879 specimen
1241 3808 1477 3863 eluceret
1516 3805 1757 3876 imperii,

214 3908 294 3963 sed
312 3916 364 3963 et
388 3906 490 3978 qui
518 3903 717 3959 mentis
742 3900 1021 3957 nobilitate
1050 3898 1294 3969 insignis,
1324 3896 1610 3967 prudentia
1654 3897 1763 3951 sin-

216 3998 420 4068 gularis,
451 3995 798 4063 moribusque
826 3993 1111 4054 innocuus,
1145 3989 1355 4045 cunctis
1382 3988 1482 4043 sibi
1507 3986 1762 4056 subjectis

216 4084 353 4142 ﬁeret
379 4093 468 4141 tot
517 4084 778 4139 virtutum
820 4079 1139 4135 excellentia
1167 4077 1462 4133 imitabilis.
1491 4077 1591 4131 Hic
1634 4091 1763 4146 ergo

218 4177 415 4246 imperii
447 4175 533 4246 sui
565 4170 855 4244 primordia
880 4169 1075 4224 talibus
1097 4168 1365 4237 tantisque
1404 4166 1650 4221 dedicare
1678 4167 1764 4220 in-

222 4266 378 4321 stituit
405 4242 687 4335 auspiciis,
725 4272 784 4316 ut
812 4262 1115 4315 incorrecta
1166 4259 1588 4329 corrigerentur,
1625 4254 1766 4313 bona

220 4356 441 4427 collapsa
492 4354 851 4424 erigerentur,
902 4358 958 4406 et
1004 4349 1207 4405 stantia
1230 4354 1236 4361 '
1261 4349 1637 4403 solidarentur.
1695 4348 1764 4402 Et

1859 3168 2129 3239 episcopio
2154 3182 2253 3223 suo
2280 3167 2569 3223 resedisset
2595 3170 2969 3225 emendatione
3013 3171 3250 3242 dignum,
3297 3175 3425 3229 totis

1857 3258 2062 3312 nisibus
2086 3258 2140 3311 in
2168 3257 2442 3313 meliorem
2471 3266 2670 3314 statum
2711 3275 3049 3331 recuperare.
3082 3262 3234 3319 Unde
3277 3265 3420 3320 inter

1858 3358 2051 3403 caetera
2079 3364 2196 3419 qua:
2239 3349 2666 3405 emendationem
2694 3352 3066 3426 postulabant,
3118 3354 3311 3411 obtulit
3357 3372 3419 3412 se

1859 3439 1974 3511 ejus
2032 3441 2412 3496 munificentiae
2454 3442 2589 3497 cella
2622 3446 2889 3514 quaedam,
2928 3448 3151 3517 antiquo
3202 3450 3423 3504 nomine

1859 3539 2050 3590 vocata
2087 3530 2418 3602 Andagium,
2456 3549 2575 3601 quae
2610 3533 2737 3588 olim
2784 3537 2998 3605 quidem
3048 3538 3425 3595 inhabitatori—

1858 3621 1960 3677 bus
1984 3622 2199 3676 habitus
2224 3622 2467 3676 canonici
2500 3621 2712 3689 ﬂoruit;
2746 3626 2839 3680 sed
2862 3640 2959 3695 per
2985 3642 3263 3683 excessum
3290 3640 3426 3686 tem-

1860 3713 2007 3785 poris
2044 3722 2316 3767 vetustate
2347 3713 2511 3767 nimia
2538 3714 2795 3785 collapsa,
2847 3724 2903 3770 et
2934 3716 3303 3775 deficientibus
3330 3722 3427 3775 ha-

1861 3802 2185 3857 bitatoribus
2211 3817 2350 3872 pene
2378 3803 2553 3858 fuerat
2582 3805 2870 3859 annullata.
2915 3806 3042 3861 Ilzec
3068 3822 3196 3879 ergo
3225 3826 3282 3864 se
3307 3826 3425 3865 ma-

1862 3890 2050 3947 teriam
2092 3894 2380 3962 quamdam
2420 3893 2615 3947 obtulit
2638 3893 2755 3963 ejus
2784 3896 3194 3964 muniﬁcentize,
3236 3899 3289 3953 in
3321 3916 3425 3968 qua

1862 3983 2197 4038 liberalitatis
2222 3998 2331 4037 sua).
2359 3982 2551 4038 laxatis
2590 3983 2812 4040 habenis
2835 4001 2995 4054 quam
3034 4002 3234 4043 vacuus
3277 3998 3426 4043 tena-

1862 4074 2040 4129 citatis
2095 4082 2238 4128 esset
2299 4090 2406 4129 non
2469 4075 2716 4131 inanibus
2774 4077 2951 4133 verbis
2978 4119 2994 4144 ,
3044 4080 3138 4134 sed
3202 4096 3427 4135 exsecu-

1863 4163 2009 4217 tione
2054 4163 2288 4218 ostendit
2329 4164 2529 4234 operis.
2564 4164 2805 4237 Namque
2832 4167 2970 4223 hanc
2998 4182 3134 4238 pene
3162 4185 3191 4223 a
3237 4171 3427 4224 funda-

1832 4254 2059 4319 ,mentis
2089 4262 2447 4308 restauratam
2476 4257 2533 4309 in
2582 4244 2965 4327 melioremque
3009 4267 3206 4316 statum
3244 4260 3420 4316 denuo

1872 4353 2208 4413 renovatam,
2238 4349 2546 4416 posthabita
2567 4351 2791 4404 avaritia
2812 4351 3065 4407 nobiliter
3088 4353 3204 4424 ejus
3228 4363 3427 4409 statum

221 4416 434 4515 quisciue
473 4416 613 4500 ordd
635 4443 693 4500 in
715 4456 883 4513 regno
911 4441 1014 4496 sibi
1043 4440 1241 4496 tradito
1268 4454 1374 4494 non
1409 4438 1609 4507 passim
1643 4438 1768 4493 levi-
1792 4416 1845 4476 Ῑ)
1869 4436 2188 4510 composuit,
2221 4436 2462 4492 aedificiis
2491 4438 2731 4494 honestis
2755 4441 3075 4509 nobilitavit,
3111 4416 3165 4499 st
3184 4447 3427 4515 exceptis

223 4545 321 4592 tate
341 4536 578 4606 iactatus
598 4549 629 4589 a
645 4533 873 4605 pmpria
899 4531 1078 4603 regula
1101 4531 1430 4593 exorbitaret
1447 4571 1461 4595 ,
1487 4529 1581 4583 sed
1599 4528 1767 4583 laicus

221 4627 342 4681 ordo
362 4627 589 4695 justitiaa
627 4624 945 4688 deserviret,
974 4631 1135 4691 atque
1162 4621 1327 4675 armis
1354 4634 1542 4689 pacem
1572 4627 1769 4673 sancta:

224 4715 465 4772 Ecclesiae
496 4714 847 4778 defenderet;
879 4713 1208 4768 monasticus
1245 4712 1378 4767 ordo
1417 4710 1651 4780 quietem
1692 4709 1772 4764 di-

223 4806 421 4878 ligeret,
452 4805 685 4861 orationi
728 4810 971 4869 vacaret;
1021 4810 1075 4857 et
1102 4803 1194 4872 qui
1242 4816 1299 4856 se
1335 4798 1515 4855 saeculi
1556 4798 1766 4853 actibus

224 4900 560 4960 secrevisset,
610 4897 811 4951 eisdem
852 4896 1045 4949 iterum
1087 4908 1189 4948 nec
1216 4892 1511 4958 voluntate,
1550 4905 1652 4946 nec
1678 4904 1774 4944 ne-

225 4991 464 5044 cessitate
491 4996 663 5058 semet
696 4986 966 5040 suhderet.
998 4983 1327 5053 Episcopalis
1351 4991 1530 5037 autem
1557 4981 1691 5035 ordo
1716 4986 1775 5033 ut

229 5077 303 5133 his
328 5078 578 5133 omnibus
601 5073 1081 5144 superintenderet,
1111 5072 1314 5128 scilicet
1344 5080 1405 5125 ut
1428 5072 1474 5124 si
1498 5071 1588 5140 qui
1618 5070 1774 5123 abiis

229 5159 310 5222 aut
336 5168 633 5232 voluntate,
664 5173 756 5220 aut
785 5163 1102 5218 necessitate
1135 5163 1431 5226 deviarent,
1465 5177 1650 5216 eorum
1694 5175 1779 5215 εοο

231 5258 341 5312 terti
359 5256 565 5325 judicio
590 5254 951 5326 prudentique
982 5251 1205 5307 consilio
1238 5251 1304 5307 ad
1335 5252 1529 5305 lineam
1556 5251 1776 5305 rectitu-

231 5348 363 5403 dinis
391 5348 623 5404 correcti
654 5347 911 5403 redirent.

292 5438 346 5490 2.
386 5438 447 5492 ln
489 5439 707 5509 quibus,
745 5445 807 5491 ut
843 5449 1028 5491 revera
1066 5434 1239 5499 decet,
1270 5448 1390 5486 cum
1422 5432 1574 5487 multi
1605 5433 1781 5486 imita-

234 5526 373 5581 tione
419 5528 784 5599 dignissimam
831 5525 1023 5580 talibus
1066 5523 1180 5592 ejus
1224 5522 1440 5579 monitis
1484 5518 1783 5591 praeberent

234 5619 730 5688 obtemperantiam,
780 5634 906 5687 pars
952 5618 1144 5673 horum
1179 5630 1285 5670 non
1320 5615 1540 5669 minima
1578 5613 1782 5667 exstitit

242 5704 555 5765 Walcandus
603 5710 935 5765 venerandus
976 5709 1275 5779 episcopus.
1324 5708 1373 5763 ls
1417 5707 1558 5762 enim
1588 5704 1784 5777 partim

1866 4526 2080 4596 praediis
2108 4542 2226 4596 qua:
2258 4528 2405 4607 ‘olim
2456 4529 2825 4600 religiosorum
2890 4534 3127 4590 virorum
3182 4536 3429 4606 largitate

1867 4614 2126 4682 possedit,
2156 4615 2262 4669 alia
2287 4616 2351 4671 de
2376 4618 2646 4689 episc0pio
2669 4634 2766 4674 suo
2791 4623 3176 4690 superaddidit,
3202 4625 3429 4681 incolas-

1869 4720 1973 4772 que
1990 4704 2135 4760 illius
2156 4708 2445 4763 monachos
2471 4723 2589 4764 esse
2611 4711 2797 4765 voluit.
2825 4711 2926 4778 Qui
2945 4722 3003 4767 ut
3022 4714 3218 4770 nullius
3236 4716 3313 4769 rei
3342 4718 3427 4771 in-

1870 4811 1999 4863 opes
2026 4796 2334 4868 indigentite
2365 4815 2554 4855 manus
2601 4799 2814 4867 darent,
2869 4812 3031 4871 atque
3078 4819 3107 4857 a
3154 4808 3429 4876 proposito

1872 4899 2059 4944 sancto
2091 4891 2402 4957 deficerent,
2431 4901 2490 4946 ut
2513 4894 2714 4947 dictum
2743 4903 2854 4958 est,
2888 4904 3105 4950 strenue
3147 4897 3428 4966 praevidit,

1874 4991 1927 5033 et
1963 4979 2212 5034 nobiliter
2243 4982 2530 5035 ordinavit.
2581 4982 2704 5052 Egit
2737 4999 2969 5052 namque
3018 4993 3077 5038 ut
3125 4986 3263 5038 sicut
3309 5001 3427 5054 qua:

1875 5068 2052 5124 forent
2095 5072 2395 5125 necessaria
2443 5073 2893 5136 subministrarat,
2933 5075 3034 5143 ipsi
3075 5091 3284 5143 quoque
3310 5091 3430 5143 quae

1875 5159 2066 5213 divina:
2102 5159 2276 5214 forent
2305 5168 2456 5230 grata
2482 5159 2767 5226 voluntati,
2795 5170 3140 5232 peragerent;
3180 5169 3234 5215 et
3260 5178 3429 5232 quan-

1878 5260 1988 5304 tum
2027 5251 2129 5305 sibi
2174 5266 2329 5319 posse
2358 5251 2621 5311 Divinitas
2664 5253 2952 5319 conferret,
2984 5269 3318 5322 nequaquam
3360 5255 3429 5309 ab

1876 5356 1940 5395 ea
1966 5341 2312 5397 declinarent.
2341 5341 2596 5399 Adductis
2617 5360 2847 5414 namque
2868 5346 3128 5416 regularis
3148 5346 3270 5399 vita:
3295 5346 3431 5414 opti-

1878 5431 1980 5485 mis
2005 5432 2421 5501 praeceptoribus
2445 5434 2756 5489 monasticae
2779 5434 3023 5509 ordinem
3046 5435 3168 5488 vitm
3188 5448 3280 5489 eos
3304 5436 3430 5490 edo-

1860 5522 2011 5593 cuit,
2051 5530 2107 5578 et
2152 5524 2413 5579 bonorum
2467 5539 2687 5594 cperum
2731 5527 3005 5583 exercitiis
3047 5542 3266 5598 operam
3305 5528 3433 5581 dare

1881 5620 1991 5666 tam
2019 5627 2148 5667 voce
2192 5614 2407 5682 propria
2453 5630 2611 5685 quam
2643 5623 2698 5669 et
2750 5613 2975 5672 lectione
3023 5617 3201 5673 divina
3241 5617 3429 5671 suasit.

1886 5705 2037 5762 Unde
2065 5716 2117 5762 et
2145 5716 2320 5762 actum
2350 5718 2432 5764 est
2460 5719 2519 5764 ut
2543 5709 2658 5780 ejus
2679 5711 2912 5765 studium
2935 5727 3038 5767 non
3069 5710 3213 5768 inani
3237 5710 3421 5767 labore
