3956 6190
529 280 624 334 591

999 281 1187 336 ,ΙΟΝΙΕ
1232 281 1767 338 AUREUANENSIS
1805 278 2074 339 EPlSClli‘

2179 285 2302 341 lST.
2333 269 2707 342 't‘nmsmr.
2747 299 2805 344 s.
2843 286 3194 344 tIUCBERTl.

3632 292 3738 348 392

523 395 851 450 cassaretur,
903 387 995 439 sed
1038 402 1199 455 super
1243 389 1500 457 optimam
1528 373 1731 446 terram
1759 391 1906 458 jacto
1937 394 2081 447 verbi
2112 401 2158 458 Α
2187 396 2276 464 qui
2303 404 2386 449 est
2409 396 2792 453 incarnationis
2827 399 3118 455 Dominicm
3147 402 3620 472 octingentesimus
3661 409 3741 459 vi-

525 479 728 533 semine
753 477 912 530 citius
943 476 1301 546 eentuplicato
1327 479 1471 532 verbi
1504 478 1686 534 fenore
1715 481 1920 536 fructus
1950 483 2082 535 mul-

524 568 701 637 tipliea
711 573 872 619 retur.

590 661 642 713 '5.
679 656 975 724 Cmperunt
1021 655 1183 724 igitur
1227 658 1582 728 undequaque
1633 660 1685 714 in
1718 662 1963 716 eumdem
2005 662 2082 716 lo-

516 764 638 802 cum
674 747 1040 818 religiositatis
1070 748 1302 804 cultores
1333 750 1619 816 conﬂuere,
1651 759 1706 805 et
1735 754 1966 807 maxime
1987 769 2083 806 no-

518 837 650 893 biles
671 838 771 891 viri
801 852 864 891 ex
889 839 1216 892 monasterio
1247 838 1734 896 SanctitLamberti
1766 855 1814 906 ει,
1845 845 1931 912 qui
1957 858 2082 912 apo-

522 929 723 983 stolicae
771 928 893 982 vitae
939 929 1206 984 desiderio
1253 934 1466 986 accensi
1515 942 1690 997 erant,
1752 935 2080 1003 viriliterque

517 1020 757 1088 ejusdem
795 1019 1000 1072 ordinis
1032 1021 1193 1073 vitam
1224 1037 1433 1076 morum
1467 1031 1788 1092 actuumque
1815 1026 2081 1094 probitate

518 1119 718 1162 tenere.
751 1107 850 1174 Qui
892 1117 1172 1178 postquam
1204 1112 1396 1165 detrita
1434 1122 1632 1168 sanctae
1659 1115 2081 1170 conversationis

515 1200 622 1263 via,
653 1213 771 1266 qua:
798 1197 926 1250 olim
964 1198 1064 1252 sibi
1096 1198 1308 1252 fuerant
1355 1216 1565 1270 aspera,
1613 1201 1826 1258 Christo
1862 1205 2081 1259 ductore

518 1299 797 1358 eruperunt
825 1287 939 1342 ﬁeri
989 1287 1160 1354 levia;
1193 1303 1475 1360 augmenta
1505 1308 1615 1347 suae
1659 1294 2002 1362 perfectionis
2028 1304 2083 1349 et

517 1380 815 1434 devotionis
846 1381 1210 1448 requirentes,
1257 1382 1508 1436 adierunt
1535 1384 1816 1454 prtefatum
1858 1402 2081 1441 venera-

519 1471 676 1523 bilem
705 1485 769 1522 ac
807 1458 1065 1523 devotum.
1095 1471 1387 1525 antistitem
1417 1473 1790 1541 Walcandunt,
1826 1477 1903 1529 uti
1958 1478 2082 1531 bea-

522 1562 712 1614 tissimi
749 1561 1004 1616 Hucberti
1032 1564 1276 1632 pransulis
1304 1579 1424 1619 ossa
1455 1565 1534 1619 eis
1559 1582 1589 1619 a
1619 1567 1738 1621 loco
1764 1567 1878 1636 ejus
1901 1571 2078 1639 sepul-

522 1660 652 1704 tura:
685 1653 1017 1720 permitteret
1045 1652 1358 1716 transferre,
1401 1663 1455 1709 et
1482 1656 1533 1708 in
1560 1656 1748 1710 cellam
1787 1673 1896 1712 suae
1923 1659 2078 1714 habi-

2184 487 2414 540 cesimus
2455 489 2692 556 quintus,
2722 491 3004 544 undecimo
3032 491 3300 546 Kalendas
3347 493 3630 561 Octobris,
3671 499 3742 551 ad

2182 577 2477 633 beatissimi
2524 579 2850 636 confessoris
2878 591 3092 640 ventum
3132 599 3216 640 est
3245 603 3458 653 urnam,
3505 600 3668 661 atque
3708 609 3740 646 a

2185 668 2551 723 sacerdotibus
2580 685 2700 724 cum
2749 673 2980 726 maxima
3025 677 3322 730 reverentia
3360 693 3390 730 a
3420 679 3538 734 loco
3565 682 3746 750 sepul-

2187 767 2316 810 turae
2343 757 2457 825 ejus
2498 757 2712 824 effossa,
2746 761 3086 833 indidemque
3132 781 3250 832 cum
3284 768 3511 837 religiosi
3560 772 3747 841 populi

2180 850 2482 920 gradusque
2510 853 2856 908 ecclesiastici
2885 854 3186 924 frequentia
3212 859 3264 911 in
3296 860 3436 914 beati
3467 861 3747 918 Lamberti

2180 938 2460 993 ecclesiam
2509 945 2678 996 sancti
2707 958 2829 999 ossa
2875 955 3003 1000 sunt
3047 956 3386 1014 transvecta,
3432 953 3523 1007 ubi
3562 955 3747 1009 triduo

2178 1030 2512 1084 orationibus
2554 1039 2609 1085 et
2658 1033 2854 1103 vigiliis
2899 1046 3201 1106 prosecuta,
3255 1040 3424 1108 pridie
3475 1042 3749 1098 Kalendas

2181 1117 2428 1174 Octobris
2460 1121 2526 1174 ad
2573 1133 2926 1180 memoratum
2977 1131 3359 1184 monasterium
3407 1147 3529 1188 eum
3567 1134 3748 1190 loculo

2179 1223 2276 1261 suo
2305 1218 2428 1262 sunt
2473 1211 2698 1278 perlata,
2731 1214 3053 1284 ibidemque,
3085 1216 3299 1274 Christo
3346 1234 3635 1289 annuente,
3683 1238 3744 1280 ut

2179 1307 2329 1352 tanto
2350 1300 2641 1355 confessori
2666 1305 3021 1374 eompetebat,
3052 1317 3177 1362 sunt
3212 1311 3436 1368 mirifice
3462 1317 3702 1370 condita.

2244 1406 2302 1458 5.
2345 1404 2450 1460 Sed
2484 1410 2736 1476 quoniam
2765 1410 2994 1482 insignia
3020 1413 3228 1468 Christi.
3261 1417 3516 1473 miracula
3546 1422 3750 1490 quibus

2179 1495 2470 1550 multifarie
2514 1506 2726 1552 sanctos
2755 1514 2883 1554 suos
2919 1502 3203 1570 glorificat,
3238 1505 3382 1559 nullo
3418 1511 3576 1562 modo
3619 1521 3751 1565 sunt

2177 1584 2489 1649 occulenda,
2520 1586 2614 1640 sed
2644 1589 2814 1657 magis
2843 1591 3140 1660 magisque,
3173 1604 3432 1663 quantum
3459 1595 3560 1650 fari
3592 1592 3746 1652 mor-

2181 1675 2372 1729 talibus
2402 1677 2582 1742 datur,
2613 1679 2681 1731 ob
2710 1678 2950 1746 ejusdem
2982 1681 3190 1738 laudem
3221 1692 3275 1738 et
3301 1687 3522 1756 gloriam
3548 1704 3749 1759 propa-

523 1744 741 1798 tationis
767 1743 836 1798 ob
863 1745 944 1798 sui
971 1744 1387 1799 consolationem
1429 1755 1484 1801 et
1511 1747 1834 1803 confessoris
1863 1748 2078 1804 Domini
2107 1749 2152 1808 Β
2180 1768 2395 1824 [audam
2443 1769 2674 1826 ﬁdeliter
2712 1743 3094 1842 ρηοοηεηάε,
3128 1778 3282 1834 valde
3301 1743 3576 1837 "indecens
3603 1743 3751 1837 ίιξαί-

518 1833 829 1903 ampliorem
861 1835 1121 1889 honorem
1154 1845 1540 1905 transportare.
1574 1837 1674 1905 Qui
1714 1839 1860 1893 vocis
1895 1854 2079 1893 eorum

513 1925 826 1992 petitionem
873 1933 932 1979 ut
971 1925 1092 1994 pius
1137 1925 1296 1980 Pater
1341 1927 1631 1983 clementer
1674 1931 1895 1995 audivit,
1938 1931 2078 1986 indi-

516 2031 785 2085 guumque
811 2015 985 2070 locum
1015 2032 1123 2084 quo
1159 2027 1344 2072 sancta
1375 2020 1613 2074 membra
1634 2017 1905 2090 iacebant,
1931 2032 2080 2079 tanto

517 2105 828 2160 confessore
848 2104 1131 2174 judicavit.
1163 2108 1264 2162 Sed
1293 2117 1346 2162 et
1371 2110 1515 2180 piam
1545 2113 1860 2180 petitionem
1889 2129 2077 2170 eorum

515 2196 724 2267 impleri
762 2213 919 2268 posse
946 2207 1105 2266 atque
1130 2198 1324 2254 debere
1347 2217 1450 2255 non
1478 2203 1685 2256 abnuit.
1715 2205 1970 2259 Attamen
2008 2221 2076 2260 ne

516 2290 732 2344 incaute
761 2304 824 2344 ac
854 2289 1056 2358 passim
1086 2289 1320 2344 levitatis
1340 2306 1522 2347 errore
1553 2292 1784 2348 dictante
1809 2295 1862 2347 id
1887 2293 2078 2350 fecisse

519 2379 806 2443 videretur,
838 2379 1006 2433 ferme
1037 2379 1205 2432 tribus
1233 2380 1388 2435 annis
1413 2396 1597 2436 eorum
1629 2385 1938 2453 petitionem
1961 2384 2074 2440 dis-

519 2469 654 2524 tulit.
673 2468 780 2524 Sed
806 2485 930 2524 cum
953 2471 1020 2525 ab
1045 2470 1173 2538 ipsis
1192 2473 1510 2527 venerandis
1523 2472 1652 2527 viris
1674 2489 1993 2545 magnopere
2019 2483 2078 2529 ut

517 2559 568 2615 id
597 2561 675 2615 eis
704 2560 1024 2615 concederet
1046 2561 1368 2631 exigeretur,
1410 2563 1661 2632 prudenti
1691 2565 1916 2620 consilio
1945 2583 2076 2622 cun-

513 2659 600 2704 cta
632 2664 914 2721 peragens,
944 2649 1282 2704 Adabaldum
1303 2652 1328 2690 δ
1367 2654 1726 2708 venerabilem
1755 2656 1929 2712 virum
1964 2673 2070 2712 me-

516 2742 817 2811 tropolitem
851 2757 1005 2797 suum
1032 2757 1192 2812 super
1218 2743 1321 2797 hac
1349 2759 1408 2798 re
1432 2745 1718 2811 consuluit,
1761 2747 1852 2817 qui
1879 2757 1935 2804 et
1960 2751 2073 2820 ipse

511 2832 567 2887 hi
599 2843 744 2887 tanta
769 2848 826 2888 re
849 2833 1130 2888 consilium
1161 2849 1342 2900 suum,
1376 2845 1434 2890 ut
1465 2838 1706 2904 decebat,
1739 2855 1958 2896 summa:
1980 2843 2075 2896 hu-

513 2924 754 2978 militatis
789 2923 964 2977 virum
988 2933 1259 2994 reputans,
1299 2926 1577 2980 minimum
1608 2939 1784 2982 ratum
1810 2930 1981 2997 duxit,
2013 2941 2071 2986 ut

513 3031 616 3068 una
645 3013 1162 3068 Christianissimum
1188 3023 1349 3085 atque
1387 3018 1744 3073 orthodoxum
1774 3022 2068 3093 principem

513 3102 837 3158 Ludovicum
866 3103 1241 3171 imperatorem
1268 3105 1501 3172 adirent,
1532 3115 1586 3160 et
1619 3124 1739 3177 quae
1769 3126 1862 3166 eos
1891 3113 2043 3181 pulsa
2095 3097 2138 3158 C

515 3200 594 3244 ret
627 3191 854 3246 fratrum
905 3194 1105 3261 petitio,
1151 3194 1357 3263 pariter
1399 3196 1690 3252 edicerent.
1723 3199 1823 3266 Qui
1860 3208 1916 3254 et
1957 3202 2072 3271 ipse

511 3283 775 3353 gloriosus
803 3291 966 3354 atque
1012 3285 1242 3339 invictus
1273 3285 1545 3355 Augustus
1573 3289 1923 3345 considerans
1957 3308 2068 3348 rem

511 3373 883 3442 pergrandem,
912 3383 1070 3444 atque
1100 3390 1394 3444 paucorum
1422 3378 1567 3432 vires
1604 3380 1967 3450 magnitudine
1988 3384 2070 3437 sui

512 3463 1000 3529 transcendentem,
1052 3465 1118 3519 ad
1166 3466 1449 3520 concilium
1482 3479 1502 3508 ε
1533 3470 1836 3525 venerabile
1867 3474 2073 3541 episco-

511 3567 728 3621 porum,
757 3553 899 3622 quod
927 3561 1054 3609 tunc
1097 3557 1354 3626 temporis
1383 3559 1522 3628 apud
1565 3559 1902 3631 Aquasgrani
1945 3581 2073 3619 con-

511 3655 791 3718 gregatum
835 3658 971 3714 erat,
1003 3649 1191 3703 statuit
1215 3650 1618 3718 conferendum,
1647 3663 1702 3708 et
1742 3657 1867 3725 quid
1894 3658 1959 3712 dc
2007 3659 2072 3713 iis

522 3748 668 3794 esset
697 3741 984 3810 gerendum
1016 3756 1045 3795 a
1092 3743 1354 3796 sententia
1409 3746 1580 3799 sancti
1628 3751 1923 3805 Conventus
1962 3767 2074 3805 ma-

513 3843 746 3898 gnopere
794 3823 1159 3901 ﬂagitandum".
1207 3831 1377 3887 isdem
1427 3844 1606 3890 autem
1649 3839 1967 3895 venerabilis
2009 3857 2072 3898 ac

510 3932 732 3986 prorsus
763 3917 873 3973 Deo
903 3919 1148 3973 amabilis
1176 3932 1493 3987 conventus,
1532 3925 1884 3981 consideratis
1912 3929 2072 3982 undi—

505 4021 613 4076 que
642 4007 908 4077 partibus,
938 4008 1145 4063 scilicet
1172 4011 1264 4078 qui
1290 4019 1345 4065 et
1372 4028 1533 4081 quam
1558 4029 1671 4068 rem
1691 4024 1952 4084 peterent,
1978 4017 2071 4072 sed

509 4107 565 4152 et
589 4099 887 4153 reverentia
913 4099 1122 4154 Domini
1155 4100 1498 4168 confessoris,
1546 4115 1840 4160 sanxerunt
1883 4115 1958 4162 tot
1987 4125 2072 4162 re-

510 4190 818 4259 ligiosorum
845 4190 1082 4245 virorum
1129 4201 1252 4248 voto
1282 4194 1452 4248 sancti
1496 4195 1596 4250 viri
1626 4211 1746 4251 ossa
1774 4199 2067 4264 committi,

508 4289 568 4333 et
592 4280 644 4333 in
676 4281 1004 4336 monasterio
1032 4283 1356 4350 supradicto,
1388 4285 1480 4337 ubi
1508 4285 1810 4356 religiosius
1849 4287 2072 4343 honora-

513 4381 724 4435 rentur,
774 4372 1046 4426 collocari.
1093 4372 1331 4439 Quorum
1388 4379 1666 4432 sententia:
1713 4396 1851 4449 saepe
1893 4381 2067 4437 dictus

511 4463 744 4531 pontifex
774 4464 1131 4516 obedientiam
1176 4466 1418 4532 przebuit,
1455 4468 1678 4521 consilio
1718 4472 1970 4536 assensit,
2011 4482 2066 4528 et

507 4553 810 4622 petentibus
847 4553 958 4622 jam
1006 4553 1161 4607 dictis
1210 4557 1523 4611 venerandis
1563 4559 1693 4614 viris
1735 4563 2065 4621 sanctissimi

513 4642 612 4694 viri
640 4642 894 4698 Hucberti
921 4658 1115 4713 corpus
1141 4646 1400 4700 attribuit.

579 4735 632 4789 6.
673 4736 804 4792 Nam
853 4753 993 4793 anno
1037 4740 1392 4796 ordinationis
1422 4741 1589 4811 ipsius
1634 4752 1787 4800 sexto
1813 4747 2060 4815 decimo,

588 4883 612 4955 ξι
653 4869 743 4924 Sic
778 4881 998 4955 vocatur
1035 4875 1271 4955 ecclesia
1297 4880 1620 4955 cathedralis
1659 4885 1808 4940 urbis
1839 4886 2020 4943 Leodii
2043 4930 2058 4955 ,

511 4936 665 5026 cpjus
691 4941 931 5021 ecclesia:
950 4946 1191 5000 canonici
1207 4949 1676 5026 ad_nionasterium
1689 4936 2062 5026 Abdaginevnse

510 5010 728 5091 plurimi
767 5025 1078 5091 receperunt
1106 5032 1241 5091 sese.
1276 5017 1407 5091 Nam
1442 5036 1505 5073 eo
1531 5031 1770 5091 tempore
1796 5010 2062 5084 minati;

516 5080 583 5152 rii
613 5095 803 5152 nom_en
826 5080 985 5137 etiam
1009 5087 1250 5140 ecclesiis
1271 5080 1668 5146 cathedralibus
1703 5080 2055 5152 tribuebatur.

514 5149 964 5237 Ireg‘eytflgidium
992 5153 1364 5212 Aureae-Vallis
1387 5163 1708 5217 monachum
1738 5164 1791 5216 in
1817 5149 2059 5237 cipiat;

511 5219 581 5273 de
600 5219 930 5277 \Valcando.

590 5290 616 5328 ιι
655 5291 957 5346 Adabaldus
982 5307 1072 5348 seu
1115 5293 1453 5352 Hadabaldus
1476 5290 1538 5354 'in
1569 5301 1748 5357 sedem
1776 5303 2060 5363 Colonien-

517 5373 631 5414 sem
657 5363 910 5438 sttecessit
937 5363 1700 5438 Hildebaldo‘archicapellano
1723 5373 1940 5429 circiter
1961 5393 2062 5431 an-

520 5444 644 5504 num
662 5430 797 5504 _817,
828 5433 1070 5504 idemque
1096 5433 1318 5504 concilio
1337 5430 1764 5504 apud-Teodonis
1789 5443 1967 5499 villam
1988 5430 2063 5500 in-

519 5495 704 5584 terfuit
730 5495 1019 5584 anno82f,
1050 5495 1435 5584 etnbloguntibo
1459 5523 1600 5584 anno
1623 5511 1749 5584 828.

589 5576 609 5602 ο
653 5567 783 5620 Nota
838 5571 920 5623 hic
948 5572 1012 5624 ad
1053 5567 1395 5653 reliquiarum
1425 5580 1824 5653 translationem
1862 5585 2062 5653 requiri

524 5649 843 5691 consensum
873 5643 1261 5716 metropolitani
1291 5647 1428 5714 regis
1455 5657 1509 5702 et
1547 5651 1751 5718 synodi.
1783 5643 1980 5724 Nempe
2008 5657 2060 5709 id

2178 1876 2447 1932 gnumque
2471 1861 2844 1932 judicavimus,
2876 1869 3076 1938 ut-ejus
3105 1870 3577 1941 magnificentiam,
3621 1890 3751 1945 qum

2178 1959 2362 2006 nostro
2405 1953 2598 2008 seculo
2645 1954 2788 2010 circa
2837 1960 3119 2013 memorati
3157 1964 3333 2017 sancti
3369 1965 3468 2018 viri
3511 1967 3752 2022 cadaver

2145 2039 2496 2115 'mirabiliter
2524 2042 2740 2108 effulsit,
2800 2045 3011 2101 silentio
3046 2055 3308 2119 tegamus.
3361 2053 3560 2108 Verum
3595 2057 3750 2112 sicut

2177 2147 2319 2200 saepe
2360 2131 2455 2188 fati
2479 2135 2800 2192 venerabilis
2826 2139 3082 2194 antistitis
3107 2140 3390 2198 Walcandi
3412 2153 3468 2200 et
3491 2161 3724 2215 quorum

2176 2221 2301 2276 dam
2348 2223 2575 2279 aliorum
2622 2226 2994 2297 religiosorum
3043 2232 3289 2288 virorum
3333 2239 3512 2292 veraci
3564 2240 3745 2295 relatu

2176 2311 2480 2376 didicimus,
2511 2329 2735 2383 prorsus
2759 2318 2828 2371 ab
2866 2318 2954 2372 illa
2981 2325 3331 2393 corruptione
3358 2343 3477 2396 quae
3501 2328 3572 2383 ob
3595 2346 3750 2400 pra:-

2175 2401 2556 2459 varicationem
2598 2407 2757 2474 primi
2801 2412 3039 2478 parentis
3074 2411 3372 2480 iustissime
3406 2425 3615 2477 natura:
3641 2422 3742 2476 hu-

2176 2508 2347 2547 manae
2371 2497 2655 2564 poenaliter
2685 2499 2884 2555 inﬂicta
2911 2511 3014 2568 est,
3054 2506 3292 2576 ejusdem
3319 2510 3613 2568 beatissimi
3637 2516 3743 2570 viri

2174 2587 2418 2656 corporis
2452 2589 2615 2644 totius
2641 2606 2898 2664 compago
2929 2595 3002 2648 ita
3038 2597 3211 2653 aliena
3253 2601 3613 2675 immunisque
3654 2618 3750 2662 est

2176 2686 2409 2744 reperta,
2444 2681 2891 2746 quemadmodum
2925 2694 3162 2756 tempore
3190 2688 3563 2748 Carolomanni
3597 2699 3748 2768 regis

2172 2765 2197 2805 ἀ
2239 2765 2435 2836 legitur
2481 2770 2641 2825 fuisse
2689 2773 2903 2828 inventa
2951 2784 3005 2831 et
3051 2788 3206 2834 terra:
3254 2783 3524 2838 mandata.
3583 2765 3744 2854 Quod

2172 2869 2430 2927 quantum
2475 2863 2572 2916 sub
2597 2863 2763 2933 ipsius
2801 2867 3060 2938 principis
3097 2881 3334 2943 tempore
3373 2892 3499 2949 erga
3529 2879 3740 2947 praefati

2172 2949 2344 3003 sancti
2369 2951 2471 3004 viri
2500 2967 2696 3022 corpus
2723 2971 2818 3024 per
2846 2965 2924 3012 tot
2952 2959 3130 3033 elapsa
3153 2965 3346 3018 saecula
3372 2979 3395 3004 υ
3425 2967 3741 3038 incorrupte

2171 3045 2442 3093 servatum
2471 3041 2643 3098 virtus
2666 3044 2844 3100 divina
2874 3047 3147 3117 claruerit,
3172 3054 3215 3108 si
3241 3057 3360 3123 quis
3382 3057 3539 3126 plene
3578 3075 3743 3117 nosse

2173 3127 2456 3193 desiderat,
2477 3133 2666 3188 seriem
2681 3134 2837 3204 hujus
2851 3139 3009 3195 libelli
3022 3143 3178 3211 paulo
3191 3149 3436 3215 superius
3450 3152 3744 3220 repetendo

2172 3220 2553 3290 perspicaciter
2576 3222 2718 3294 legat
2747 3245 2759 3278 :
2790 3228 2970 3297 ibique
2990 3243 3192 3301 quanto
3218 3237 3440 3303 honore,
3469 3251 3745 3309 quantave

2173 3309 2425 3367 illaesione
2451 3323 2508 3367 et
2541 3315 2941 3389 incorruptione
2967 3327 3230 3392 protectio
3257 3329 3436 3385 divina
3472 3332 3601 3386 illud
3638 3335 3736 3389 do-

2173 3403 2400 3467 naverit,
2433 3406 2830 3465 rationabiliter
2857 3416 3245 3483 comprehensa
3272 3418 3612 3493 fideliterque
3643 3425 3748 3480 ad-
3793 3427 3797 3431 ’

2173 3503 2363 3549 notata
2388 3495 2643 3565 perfacile
2675 3502 2924 3574 colligere
2957 3508 3149 3576 quibit.
3181 3509 3314 3566 Cum
3343 3514 3506 3584 igitur
3547 3518 3620 3571 nil
3651 3520 3756 3574 dc-

2173 3585 2412 3640 trimenti
2459 3589 2642 3658 nilque
2685 3596 3048 3664 corruptionis
3096 3599 3148 3654 in
3201 3605 3445 3672 corporis
3494 3603 3737 3672 ejusdem

2173 3679 2343 3731 sancti
2368 3679 2468 3734 viri
2494 3683 2664 3749 prima
2691 3686 3060 3754 translatione,
3083 3705 3201 3760 quae
3225 3691 3363 3747 facta
3394 3705 3476 3750 est
3499 3698 3599 3752 sub
3621 3711 3740 3753 me-

2174 3779 2378 3824 morato
2409 3774 2668 3845 principe,
2700 3791 3034 3848 compertum
3066 3782 3232 3841 fuisse
3265 3788 3548 3855 didicerit;
3588 3793 3738 3846 nullo

2172 3859 2330 3914 modo
2373 3864 2514 3930 quod
2554 3865 2608 3920 in
2643 3867 2741 3922 hac
2770 3873 3025 3937 secunda,
3069 3891 3189 3944 qua:
3215 3875 3359 3932 facta
3405 3891 3489 3935 est
3518 3897 3546 3936 a
3587 3882 3738 3936 Wal-

2172 3949 2345 4002 cando
2386 3954 2612 4019 praesule
2655 3957 2754 4011 sub
2790 3960 3032 4027 piissimo
3056 3964 3268 4034 Deoque
3303 3969 3519 4024 amabili
3558 3971 3738 4027 Ludo.

2175 4037 2290 4092 vico
2326 4039 2554 4108 Caesare,
2585 4061 2725 4115 szepe
2748 4049 2873 4104 dicti
2906 4054 3077 4107 sancti
3123 4055 3222 4110 viri
3262 4073 3459 4128 corpus
3499 4061 3734 4118 solidum

2174 4126 2504 4200 ilicesumque
2526 4135 2713 4190 eadem
2734 4137 2937 4194 Christi
2964 4145 3134 4212 gratia
3164 4126 3477 4218 protegente
3502 4151 3734 4208 inveniri

2177 4219 2431 4286 quiverit,
2478 4225 2762 4292 dubitabit,
2810 4246 2874 4285 ac
2898 4247 2994 4300 per
3036 4235 3138 4290 hoc
3178 4239 3340 4294 totius
3366 4243 3735 4312 ambiguitatis

2175 4313 2354 4367 nubilo
2381 4325 2596 4381 exutus,
2626 4321 2972 4393 veritatisque
3001 4329 3294 4398 perspicua:
3315 4331 3432 4387 luce
3459 4317 3731 4402 perfusus,

2091 4440 2142 4499 Β
2172 4400 2245 4452 nil
2277 4403 2379 4456 nisi
2407 4407 2547 4472 quod
2575 4410 2818 4475 miretur,
2851 4422 2905 4466 et
2931 4417 3072 4470 unde
3096 4418 3290 4475 divinae
3318 4400 3566 4492 potentiae
3595 4427 3738 4479 mul-

2170 4489 2375 4557 tiplices
2413 4505 2590 4563 grates
2614 4498 2770 4576 digne
2795 4505 3061 4569 persolvat
3087 4489 3385 4576 inveniens,
3413 4511 3583 4567 Deum
3611 4530 3735 4584 pro-

2168 4579 2252 4633 cul
2279 4581 2438 4636 dubio
2473 4587 2770 4642 mirabilem
2799 4591 3215 4666 gloriosumque,
3268 4601 3407 4655 sicut
3436 4603 3488 4656 in
3516 4607 3735 4660 caeteris

2166 4673 2365 4726 sanctis
2378 4677 2508 4739 suis,
2533 4677 2602 4730 ita
2624 4694 2834 4750 quoque
2856 4683 2911 4737 in
2939 4685 3096 4754 hujus
3111 4688 3403 4746 fidelissimi
3419 4695 3617 4748 servuli
3647 4699 3731 4750 sui

2165 4777 2386 4826 corpore
2403 4775 2480 4819 tot
2494 4776 2866 4830 tantorumque
2875 4775 3134 4832 donorum
3147 4785 3628 4858 praarogativislegi
3645 4806 3738 4844 na-

2165 4903 2622 4993 statutu‘mfuerrat
2744 4913 2957 4993 concilii
2987 4915 3442 4993 Moguntianensis
3477 4938 3596 4993 cap.
3632 4926 3726 4990 50,

2165 4986 2308 5060 anno
2357 4973 2806 5060 81:3..Coneilium
2860 4984 3000 5060 istud
3042 4973 3730 5060 Auquisgranense'videtur

2165 5039 2327 5121 fuisse
2366 5043 2524 5121 aliud
2555 5048 2620 5100 ab
2650 5064 2720 5121 eo
2762 5041 2909 5121 quod
2937 5070 3077 5109 anno
3098 5039 3597 5116 ‘sii°ééiéii'ritium“
3618 5039 3720 5119 est:

2163 5111 2270 5188 Cur
2293 5114 2433 5188 enim
2457 5116 2616 5170 dilata
2641 5111 2829 5176 fuisset
2851 5111 3206 5182 translatioin
3231 5111 3593 5188 annum—8723'?
3622 5111 3697 5146 ’νῖ

2233 5181 2259 5220 ά
2299 5182 2465 5262 ldest
2491 5187 2942 5262 majoris-domus,
2965 5194 3119 5262 cujus
3142 5181 3723 5259 annoﬁt'ertiovaevatin

2166 5253 2425 5342 corporis
2445 5253 2614 5342 sancti
2645 5253 3081 5342 ‘Hucbertilfac'ta
3112 5280 3214 5342 est,
3255 5253 3723 5342 utipsu—periusol;

2164 5326 2564 5399 servatum,itl_
2578 5337 2663 5382 est
2686 5345 2826 5384 anno
2855 5334 2972 5399 7M,
3019 5339 3180 5392 tertio
3204 5326 3438 5396 'scilicet‘
3466 5326 3606 5398 anno
3635 5326 3722 5399 vah

2162 5392 2307 5445 obitu
2336 5395 2502 5462 patris
2527 5396 2702 5452 Caroli
2732 5392 2979 5458 Martelli.

2237 5472 2268 5538 ᾖ
2301 5462 2519 5538 Videtur
2542 5464 2703 5522 Jonas
2732 5470 2817 5524 hic
2844 5474 3156 5531 saeculorum
3194 5481 3412 5537 nomine
3447 5497 3618 5538 annos
3642 5485 3723 5537 in-

2165 5531 2418 5599 telligere.
2471 5534 2710 5608 Nondum
2768 5544 2908 5595 enim
2957 5545 3061 5600 duo
3111 5531 3418 5607 εωὸῦἰᾷηῆ
3447 5531 3721 5608 Ἡδέῦεἶιὶ

2164 5610 2334 5655 morte
2375 5610 2483 5658 tum
2513 5605 2843 5662 ellluxerant.
