3956 6190
474 249 584 315 Βῡζῖ

1637 237 2002 310 Humanam
2045 255 2126 309 nr
2165 254 2507 313 mnuum

3579 248 3686 306 5⁸36

481 373 870 438 i-icomposuum
889 358 996 438 sive
1015 361 1336 438 innonestum
1362 366 1432 420 ibi
1457 377 1714 438 inperitum
1737 369 1911 438 fuerit,
1931 387 2032 422 non
2069 378 2105 433 Α
2133 371 2253 425 dem
2292 370 2655 432 bibliothcczn,
2687 385 2790 424 non
2837 376 2960 422 ante
3007 366 3202 421 multos
3247 380 3441 438 annos.
3477 367 3687 438 viennae

476 434 728 507 magistro
749 436 846 507 sed
866 434 1134 507 discipuiis
1155 435 1452 505 imputetur.
1486 436 1608 490 Haec
1627 434 1889 507 expositio
1921 438 2031 491 llil-

477 504 683 562 domari
710 505 972 574 allegatur
993 521 1022 558 a
1055 504 1295 560 Guidone
1323 507 1375 560 in
1418 504 1712 576 Disciplina
1735 509 2028 562 monastica

478 577 737 648 Farvensi
756 590 1068 648 qutenuper
1092 576 1290 648 prodiit
1314 577 1366 629 in
1392 576 1602 648 Sylloge
1626 578 1942 648 scriptorum
1965 579 2030 631 de

445 645 644 701 -_vetcri
709 645 988 714 disciplina
1052 647 1365 708 monastica,
1406 645 1574 700 Paris.
1634 646 1798 711 1726,
1853 648 2027 712 ἰπὶ-4ο,

470 713 725 786 ’ρειεηιὸς
757 715 821 786 ad
848 713 1210 786 quemlocum
1228 715 1452 786 adnotat
1471 717 1712 770 eruditus
1731 718 1903 771 editor
1931 720 2026 785 (α),

557 784 651 856 d8,
679 799 737 838 se
773 784 915 838 illam
950 784 1238 856 Hildemari
1270 785 1673 856 Expositiouemr
1693 784 2028 856 vulgaturum

479 855 530 926 in
551 854 753 926 Catena
773 855 1276 926 commentariorum
1297 855 1348 908 in
1378 856 1630 926 Regulam
1655 855 1711 909 S.
1734 854 2027 911 Benedicti.

480 923 654 978 Etiam
697 924 1033 978 Mabillonius
1082 924 1224 977 hunc
1271 923 1709 980 commentarium
1756 941 1876 979 cum
1916 927 2036 978 aliis

480 993 581 1047 luci
628 993 876 1048 daturum
923 1009 980 1048 se
1027 1003 1302 1062 receperat
1355 1005 1480 1048 tom.
1524 995 1565 1048 ll
1592 995 1855 1057 Analect.,
1882 1010 1934 1063 p.
1966 995 2035 1049 86

480 1063 923 1134 (editionisguovze
954 1063 1184 1134 p.418),
1211 1064 1301 1134 ubi
1337 1065 1565 1134 notatin
1602 1066 1776 1134 capite
1805 1065 1945 1118 illius
1967 1065 2032 1117 M

469 1142 694 1187 exstare
738 1133 1028 1187 Hildemari
1055 1133 1333 1201 epistolam
1368 1135 1435 1188 ad
1467 1133 1681 1196 Ursuiu,
1706 1133 2032 1189 Beneventa-

480 1217 604 1255 num
623 1203 948 1272 episcopum.

550 1276 565 1290 '
605 1271 1118 1326 Gemmentariorum
1169 1271 1459 1326 Hildemari
1524 1273 1772 1327 monachi
1835 1274 1888 1327 in
1943 1288 2038 1328 ca-

478 1340 604 1463 ﬁita.
635 1343 703 1396 58
742 1341 972 1422 Regulze
1012 1340 1068 1394 S.
1111 1340 1386 1422 Benedicti
1435 1359 1566 1423 opus
1607 1343 1656 1396 in
1697 1358 1795 1397 ms.
1851 1345 2036 1422 codice

517 1411 813 1463 thltotheca:
836 1411 1156 1463 Melhcensns
1176 1423 1388 1463 exstare
1410 1411 1528 1463 lego
1550 1412 1879 1463 mCataloao
1901 1429 2036 1463 elus-

517 1411 813 1464 ihliotheca:
836 1411 1156 1465 Mellicensis
1176 1423 1388 1466 exstare
1410 1411 1528 1483 lego
1550 1412 1879 1482 in.Catalogo
1901 1412 2039 1480 ejus-

551 1543 625 1615 (a)
657 1543 712 1615 In
739 1543 1351 1615 catalogo‘bibliothecm
1380 1545 1603 1600 illustris
1649 1545 1713 1599 D.
1760 1545 2038 1600 Zachariae

2135 443 2298 494 edito.
2314 441 2498 494 Exstat
2528 440 2598 493 ibi
2615 441 2816 508 pariter
2835 439 2950 492 sine
2973 438 3208 508 auctoris
3225 436 3686 508 nomineepistola

2137 511 2202 562 ad
2237 510 2429 564 Ursum
2462 506 3345 578 prmdestinatum,atqueelectum
3377 506 3689 578 episcopum

2135 576 2566 633 Beneventanum
2597 579 2662 632 de
2701 579 2904 631 ratione
2931 577 3154 646 legendi,
3183 591 3301 644 qua:
3324 576 3549 644 epistola
3581 593 3686 646 non

2135 649 2347 717 quidem
2375 649 2512 702 intra
2538 645 3203 717 commentariuminserta
3227 655 3326 708 est,
3351 647 3442 699 sed
3469 645 3688 717 przeﬁxa

2136 715 2327 789 legitur
2353 718 2601 789 tractatui
2631 718 2694 769 de
2742 719 2939 789 ratione
2969 715 3182 789 ilegendi
3218 725 3274 789 Δει
3319 715 3691 789 pronuntiandi

2134 785 2280 841 voces
2306 788 2544 841 collectas
2569 798 2673 838 tam
2705 803 2768 839 ea:
2802 787 3074 838 traditione
3110 785 3470 837 modernorum
3521 785 3690 853 magi-

2135 867 2381 921 strorum,
2403 875 2560 926 quam
2590 871 2653 910 ea:
2675 856 2982 926 auctoritate
3007 857 3068 926 li.
3095 853 3368 921 Augustini
3407 863 3454 906 et
3480 863 3695 926 cancro-

2136 943 2251 978 rum
2281 921 2568 988 doctorum,
2592 927 2730 979 inter
2764 940 2896 992 quos
2933 925 3180 976 laudatur
3211 932 3467 976 tractatus
3503 921 3690 975 Hilde-

2135 997 2270 1051 mari
2302 997 2354 1050 in
2386 998 2602 1050 Lucam.
2634 997 2690 1049 Si
2721 995 2940 1064 epistola
2971 995 3084 1064 lucc
3109 1001 3376 1064 postrema
3408 1001 3687 1064 auctorem

2135 1067 2294 1121 habet
2330 1065 2712 1126 Hildemarutu,
2751 1060 2809 1118 ut
2834 1081 2898 1118 ex
2941 1060 3122 1117 codice
3155 1063 3292 1131 apud
3323 1060 3687 1114 Mabillonium

2137 1137 2314 1206 colligi
2357 1153 2460 1190 non
2508 1137 2788 1206 immerito
2818 1141 3020 1206 posset,
3051 1131 3427 1206 certo_in_dicio
3453 1131 3697 1206 assequi-

2138 1201 2290 1269 mut‘,‘
2312 1221 2542 1275 quonam
2579 1221 2718 1258 anno
2749 1201 3080 1257 l'lildemarus
3105 1201 3397 1275 scribebat;
3439 1216 3560 1275 nam
3589 1201 3691 1254 Ur-

2139 1291 2258 1330 sum
2299 1268 2442 1329 circa
2474 1290 2672 1328 annum
2718 1275 2819 1328 855
2869 1273 3220 1340 assumpsisse
3265 1270 3473 1325 clavum
3514 1268 3686 1324 Bene-

2139 1354 2385 1400 ventanze
2414 1344 2668 1399 Ecclesia:
2698 1343 2968 1413 Ughellius
2998 1350 3161 1395 notat.

2142 1558 2289 1597 num.
2318 1542 2406 1606 59,
2438 1542 2612 1597 editor
2653 1541 2922 1611 prmelarae
2944 1538 3103 1609 hujus
3131 1537 3369 1610 Sylloges
3396 1535 3691 1607 appellatur

475 1593 712 1668 (ιοὶῖέαίἱί
748 1593 1734 1687 ΞῦᾟῐῶἱιιῖεὶἕιῖἙὶὶῗῖῖέἆᾟέιῖιοίἱ,
1757 1593 2036 1686 Egisti,
2065 1593 2112 1651 Β
2140 1593 2422 1682 angusta
2444 1593 2716 1682 uanos;

1563 1912 2592 2039 ΗῙΒΒΕΜΔΒῙ

755 2150 1247 2321 susum
1329 2193 1463 2361 An
1503 2109 1882 2320 rasum
1967 2193 2766 2321 BENEVENTANUM
2847 2191 3404 2364 EPISGM’UM

1565 2443 1653 2498 DE
1689 2441 1912 2499 RECTA
1949 2441 2244 2499 LEGENDI
2281 2441 2597 2500 RATIONES.

618 2708 688 2766 Ut
738 2708 909 2778 magis
951 2707 1226 2779 magisque
1272 2707 1512 2778 pateﬁat,
1542 2707 1826 2778 epistolam
1874 2722 2033 2778 quam

484 2801 819 2856 llildemarus
846 2799 1099 2869 magister
1123 2797 1260 2853 Urso
1283 2799 1662 2868 praedestinato
1683 2808 1844 2869 atque
1865 2798 2034 2853 electo

477 2893 731 2961 episcopo
760 2899 958 2946 sancta:
996 2889 1384 2944 Beneventanus
1422 2890 1673 2946 Ecclesim
1715 2891 1780 2947 de
1827 2891 2034 2945 ratione

2141 2723 2266 2778 pars
2295 2707 2402 2774 illa,
2426 2708 2576 2777 cujus
2595 2709 2779 2764 titulus
2803 2719 2886 2765 est
2913 2709 2980 2766 de
3003 2710 3425 2776 Acwntibusmb
3445 2717 3697 2772 enuntia-

2141 2801 2340 2854 tionem
2379 2799 2700 2870 syllabarum
2738 2801 3002 2872 praecipue
3030 2801 3194 2857 fuerit
3226 2804 3367 2858 edita
3401 2823 3413 2858 :
3441 2809 3699 2875 quoniam

2145 2890 2358 2958 quidem
2403 2905 2498 2959 per
2529 2901 2838 2945 accentuum
2865 2893 2972 2946 vim
3003 2895 3142 2948 ratio
3167 2898 3386 2951 sonandi
3416 2898 3466 2952 in
3495 2916 3701 2954 sermn-

485 2981 617 3037 heue
664 2980 869 3052 legendi
915 2980 1150 3050 scripsit,
1185 2981 1335 3050 prius
1395 2979 1715 3050 subjungere
1761 2997 2030 3036 curamus.
2061 3009 2108 3072 Ο
2146 2982 2302 3036 nibus
2327 2981 2737 3035 demonstratur.
2763 2982 3038 3056 Nescimus
3059 2987 3199 3039 enim
3222 2989 3485 3055 quomodo
3506 3005 3702 3044 sonare

487 3073 684 3127 Deinde
721 3079 911 3125 cretera
953 3087 1071 3140 qua:
1099 3071 1168 3126 ad
1208 3070 1488 3125 lectionem
1518 3073 1806 3141 pertinent,
1833 3080 1938 3125 tam
1971 3087 2039 3126 ex

486 3162 770 3216 traditione
819 3162 1171 3230 quorumdam
1218 3162 1595 3215 modernorum
1643 3163 2039 3233 magistrorum,

484 3267 643 3324 quam
696 3267 762 3305 ex
814 3251 1134 3305 auctoritate
1173 3250 1449 3320 Augustini
1491 3259 1545 3305 et
1587 3261 1901 3306 czeterorum
1949 3251 2044 3305 do-

483 3354 691 3400 ctorqu
720 3341 942 3396 inferius
970 3342 1366 3396 subnectemus.
1408 3342 1531 3397 Haec
1569 3352 1653 3397 est
1684 3342 1902 3412 przefata
1930 3344 2042 3411 epi-

485 3436 618 3491 stola
645 3453 657 3489 :

559 3525 666 3581 Suo
691 3525 1033 3580 sanctissimo
1055 3525 1270 3581 domino
1299 3525 1458 3591 Urse,
1482 3522 1819 3582 Hildcmarus
1843 3526 2046 3581 inutilis

486 3641 675 3680 servus
704 3624 955 3679 salutem.

556 3713 776 3769 Noverit
796 3713 1024 3782 denique
1046 3720 1244 3775 vestra,
1269 3727 1302 3767 ο
1324 3711 1630 3767 dulcissime
1656 3709 1834 3771 Pater,
1859 3716 2042 3762 sancta

487 3807 781 3871 beatitudo,
813 3806 1014 3861 nullum
1039 3805 1157 3875 plus
1185 3820 1270 3859 me
1296 3803 1577 3859 mortalem
1607 3817 1764 3871 quam
1794 3817 1888 3856 vos
1928 3800 2046 3855 dili-

486 3913 612 3967 gere
643 3915 658 3952 :
689 3897 829 3952 unde
859 3897 981 3967 quia
1013 3897 1171 3950 modo
1194 3895 1297 3948 alio
1327 3894 1479 3949 vobis
1513 3893 1768 3964 prodesse
1813 3905 2042 3959 nequeo,

487 3988 719 4042 divinam
745 3987 1086 4043 clementiam“
1112 4001 1274 4056 super
1320 3993 1513 4040 vestra:
1555 3982 1849 4038 salvationc
1898 3981 2046 4035 inde-

489 4079 728 4133 sincnter
751 4093 982 4148 exposco
1009 4077 1200 4131 anima:
1233 4091 1246 4129 :
1275 4084 1536 4145 quatenus
1559 4073 1724 4143 ipsius
1753 4073 1854 4141 piae
1883 4071 2046 4124 mise-

491 4168 710 4222 rationis
740 4175 984 4237 respectu
1012 4183 1041 4220 a
1068 4166 1275 4222 cunctis
1321 4165 1568 4218 versutiis
1615 4161 1818 4230 antiqui
1869 4161 2040 4215 hostis

2141 3072 2432 3126 debeamus
2461 3069 2713 3145 syllabam
2736 3071 2952 3142 longam
2974 3073 3056 3127 vel
3085 3073 3320 3139 brevem,
3362 3086 3536 3130 utrum
3591 3079 3696 3132 cir-

2143 3163 2402 3219 cumllexo
2431 3179 2497 3216 an
2545 3163 2715 3232 gravi,
2745 3162 2845 3216 nisi
2895 3178 2990 3231 per
3032 3173 3330 3227 accentum,
3361 3175 3419 3220 ut
3466 3166 3706 3225 Isidorus

2142 3255 2289 3308 dicit.
2318 3255 2582 3308 Accentus
2619 3263 2797 3308 autem
2828 3255 3019 3319 dictus,
3046 3257 3198 3324 quasi
3224 3259 3288 3310 ad
3320 3270 3528 3324 cantus,
3553 3263 3701 3331 quod

2135 3341 2286 3411 juxta
2319 3350 2532 3396 cantum
2559 3343 2648 3396 sit.
2678 3342 2745 3396 Et
2771 3345 3017 3411 quamvis
3051 3345 3334 3414 Pompeius
3381 3349 3522 3404 dicat
3565 3353 3703 3406 duos

2143 3440 2350 3484 tantum
2397 3441 2650 3486 accentus
2700 3433 3029 3488 necessarios
3079 3436 3217 3503 apud
3256 3434 3490 3500 Latinos,
3523 3439 3572 3493 id
3617 3449 3705 3494 est

2142 3528 2356 3574 acutum
2385 3530 2439 3575 et
2463 3519 2886 3586 circumﬂexum,
2931 3522 3148 3594 Sergius
3174 3533 3350 3580 tamen
3375 3529 3536 3583 dicit:
3562 3528 3702 3583 Sunt

2142 3628 2327 3668 omnes
2371 3622 2621 3668 accentus
2663 3613 2838 3668 Latini
2865 3624 3006 3679 octo,
3032 3617 3236 3672 scilicet
3265 3628 3474 3684 acutus,
3499 3622 3695 3691 gravis.

2143 3701 2546 3767 circumﬂexus,
2594 3704 2812 3775 longus,
2855 3706 2994 3775 gfen,
3039 3707 3279 3771 diastole,
3324 3714 3702 3782 apostrophus,

2144 3791 2228 3850 his
2248 3793 2513 3846 adduntur
2540 3794 2722 3848 dasian
2769 3807 2822 3849 [-
2846 3835 2861 3860 ,
2889 3805 2944 3850 et
2964 3797 3133 3866 psilen
3178 3811 3251 3863 -a,
3282 3799 3334 3853 id
3364 3810 3465 3865 est,
3497 3803 3704 3872 aspira-

2146 3884 2219 3938 tio
2245 3892 2300 3938 et
2328 3885 2562 3940 siccitas.
2619 3886 2684 3939 Et
2739 3888 2864 3956 quia
2917 3889 3108 3944 horum
3161 3901 3478 3947 accentuum
3525 3895 3702 3950 virtus

2142 3975 2295 4029 vobis
2324 3975 2603 4031 manifesta
2645 3986 2749 4042 est,
2776 3994 2945 4048 pauca
2977 3981 3041 4034 de
3066 3982 3320 4050 posituris
3349 3983 3557 4054 loquar,
3581 4001 3700 4039 ma-

2143 4065 2286 4119 xime
2310 4065 2434 4134 quia
2466 4074 2635 4120 artem
2684 4067 2934 4123 distincte
2984 4069 3190 4140 legendi
3245 4073 3466 4142 epistola
3519 4085 3698 4130 vestra

2143 4155 2377 4224 pandere
2404 4157 2693 4223 monuerit,
2713 4158 2764 4212 id
2791 4167 2873 4212 est
2891 4160 3058 4230 signa,
3075 4176 3172 4230 per
3198 4179 3316 4232 qua:
3343 4166 3509 4233 possit
3531 4165 3705 4221 lector

487 4258 648 4322 eruti,
666 4267 719 4312 et
745 4258 831 4311 hic
854 4256 1137 4310 multarum
1165 4256 1406 4309 ubertate
1427 4255 1682 4308 virtutum
1705 4251 1828 4314 frui,
1847 4259 2042 4319 etpost
2113 4245 2225 4298 Cula
2245 4255 2578 4303 ctcommata
2607 4257 2766 4318 atque
2795 4251 3043 4318 periodos
3077 4268 3256 4308 nosse.
3283 4253 3479 4310 Horum
3503 4257 3703 4326 quippe

491 4345 646 4414 hujus
666 4343 907 4397 mortalis
932 4347 1054 4396 vita:
1084 4358 1299 4396 cursum
1333 4353 1685 4410 supernorum
1715 4339 1940 4408 collegio
1967 4339 2042 4391 ci-
2071 4363 2122 4423 D
2148 4337 2337 4391 notitia
2365 4338 2418 4391 in
2446 4338 2734 4407 particula,
2769 4338 2918 4407 cujus
2950 4341 3133 4395 titulus
3177 4351 3258 4396 est
3307 4344 3374 4398 de
3417 4343 3700 4407 Posituris,

491 4435 633 4487 vium
673 4433 832 4501 potiri
867 4432 1199 4485 mereamini.
1237 4431 1348 4499 Ego
1376 4431 1572 4499 quippe
1623 4428 2043 4482 miserrimorum

491 4531 804 4576 cunctorum
857 4521 988 4576 satis
1024 4535 1232 4589 quoque
1271 4520 1537 4584 miserior,
1580 4517 1754 4572 studio
1798 4517 1886 4572 hic
1921 4532 2048 4571 con-

491 4613 690 4667 sistens
718 4611 934 4682 quietis,
961 4609 1173 4666 diﬂicile
1197 4611 1397 4679 absque
1426 4610 1602 4664 cordis
1629 4609 1897 4665 anxietate
1931 4625 2047 4678 qua:

495 4702 757 4757 mandatis
815 4702 1047 4756 scribere
1095 4714 1304 4771 possem
1341 4719 1352 4753 :
1385 4700 1680 4770 praesertim
1730 4713 1850 4753 cum
1895 4699 2046 4754 vobis

493 4792 642 4862 plura
668 4792 956 4847 scientibus
983 4792 1096 4846 haec
1116 4807 1218 4846 non
1252 4792 1361 4846 sint
1385 4791 1706 4854 necessaria,
1729 4790 1828 4844 nisi
1855 4789 2046 4859 divina:

493 4883 770 4937 charitatis
798 4883 1175 4937 beneliciorum
1205 4892 1524 4946 vestrorum,
1557 4891 1731 4937 vestra
1777 4898 1895 4951 qua;
1939 4882 2043 4935 lata

493 4974 730 5028 charitas
759 4989 1080 5043 magnopere
1108 4974 1262 5029 nobis
1289 4972 1594 5044 impendere
1617 4973 1812 5036 studet,
1844 4987 2049 5029 memor

493 5066 800 5120 existerem.
843 5062 1045 5118 Vestra:
1077 5066 1236 5135 igitur
1273 5064 1574 5119 dilectionis
1601 5079 1784 5127 causa,
1811 5064 2049 5118 scientia:

494 5153 757 5224 olltciique
778 5154 881 5208 mei
912 5155 1126 5209 modum
1152 5156 1436 5218 excedens,
1452 5163 1631 5210 vestro
1645 5171 1833 5224 parere
1852 5156 2049 5210 curabo

495 5251 779 5312 prrecepto.
812 5241 1067 5309 Quamvis
1109 5245 1289 5313 itaque
1330 5261 1420 5299 ars
1448 5246 1696 5299 distincte
1724 5245 1928 5314 legendi
1959 5262 2052 5314 po-

496 5331 760 5386 tissimum
788 5333 840 5386 in
866 5335 1122 5403 posituris
1149 5336 1430 5401 consistat,
1475 5345 1599 5390 sunt
1649 5347 1825 5390 tamen
1875 5345 1930 5390 et
1979 5337 2052 5390 illi

497 5431 750 5477 accentus
781 5423 1066 5479 ineruditis
1103 5425 1394 5481 lectoribus
1441 5427 1621 5497 aliquo
1663 5429 1822 5482 modo
1872 5429 2048 5492 utiles,

497 5525 630 5577 quos
659 5513 896 5569 Donatus
920 5524 1217 5571 enumerat.
1240 5515 1430 5571 Nullus
1452 5532 1642 5588 nempe
1677 5519 1886 5588 ignorat
1906 5518 2047 5586 quod

2148 4426 2358 4494 plenius
2391 4429 2712 4482 continetur.
2747 4428 2880 4483 Tres
2915 4433 3108 4499 quippe
3151 4441 3276 4485 sunt
3327 4435 3598 4501 positura),
3641 4445 3704 4488 ut

2148 4518 2384 4572 Donatus
2413 4519 2486 4571 ait
2521 4537 2532 4570 :
2569 4519 2620 4571 id
2647 4527 2729 4572 est
2757 4519 3050 4583 distinctio,
3073 4521 3162 4574 ubi
3198 4521 3378 4575 linitur
3403 4523 3556 4591 plena
3577 4539 3704 4579 sen-

2148 4611 2340 4674 tentia;
2386 4611 2541 4680 hujus
2575 4619 2828 4680 pnnctum
2868 4613 2934 4667 ad
2976 4628 3235 4668 summam
3283 4615 3511 4669 litteram
3550 4618 3705 4685 poni-

2147 4715 2284 4754 mus.
2337 4699 2748 4767 Subdistinctio,
2788 4703 2877 4756 ubi
2933 4719 3037 4757 non
3085 4705 3306 4758 multum
3355 4716 3602 4774 superest
3634 4709 3703 4762 de

2148 4791 2444 4855 sententia;
2491 4790 2646 4860 hujus
2671 4801 2922 4860 punctum
2955 4794 3020 4847 ad
3068 4795 3226 4848 imam
3275 4795 3506 4849 litteram
3548 4800 3703 4866 poni-

2147 4896 2284 4936 mus.
2314 4881 2480 4936 Media
2510 4883 2780 4938 distinctio
2803 4894 2900 4948 est,
2933 4885 3020 4940 ubi
3065 4885 3176 4941 fere
3215 4895 3421 4942 tantum
3465 4888 3532 4943 de
3578 4903 3705 4942 seu-

2147 4976 2308 5029 tentia
2347 4971 2591 5044 superest
2615 4987 2870 5046 quantum
2893 4978 3006 5047 jam
3043 4980 3306 5046 diximus;
3369 4980 3526 5048 hujus
3565 4997 3702 5051 pnn-

2149 5077 2292 5118 ctum
2336 5066 2402 5120 ad
2438 5067 2665 5120 mediam
2704 5068 2932 5123 litteram
2973 5071 3236 5139 ponimus.
3295 5072 3595 5133 Distinctio,
3641 5081 3712 5124 ut~

2085 5210 2100 5222 ,
2149 5155 2382 5211 Isidorus
2409 5157 2570 5220 dicit,
2603 5159 2838 5227 positura
2868 5169 2950 5215 est
2992 5161 3172 5232 ﬁgura:
3199 5163 3264 5215 ad
3299 5163 3700 5233 distinguendos

2153 5264 2343 5302 sensus
2364 5263 2459 5317 per
2476 5249 2591 5303 cola
2612 5257 2665 5303 et
2688 5262 2950 5305 commata
2970 5260 3025 5304 et
3043 5252 3311 5320 periodos,
3329 5269 3447 5321 qua:
3467 5253 3592 5307 dum
3611 5269 3702 5306 or-

2152 5341 2273 5394 dine
2303 5356 2398 5394 suo
2426 5341 2658 5410 ponitur,
2689 5358 2900 5396 sensum
2955 5344 3105 5398 nobis
3152 5343 3394 5398 lectionis
3444 5343 3696 5398 ostendit.

2153 5429 2372 5498 Sergius
2393 5431 2521 5484 dicit
2549 5431 2700 5486 colon
2729 5435 2846 5487 esse
2868 5433 2955 5488 ubi
2981 5434 3084 5489 duo
3113 5434 3261 5494 liberi
3297 5436 3457 5506 pedes
3481 5443 3624 5494 sunt,
3642 5443 3702 5487 ut

2149 5525 2330 5576 terruit
2358 5523 2537 5587 urbes;
2566 5540 2771 5580 comma
2798 5541 2924 5582 vero
2947 5525 3158 5595 quando
3186 5535 3307 5595 post
3335 5527 3466 5581 duos
3490 5525 3567 5580 vel
3591 5533 3703 5580 tres

568 5663 593 5690 ι
634 5651 707 5706 Ex
748 5652 1033 5713 Hildemari
1084 5654 1476 5713 Commentario
1528 5675 1626 5712 ms.
1686 5658 1735 5710 in
1788 5654 2040 5726 Regulam
2079 5657 2248 5710 sancti
2282 5655 2566 5712 Benedicti.
