3956 6190
371 306 476 361 697

1703 303 2063 361 OPUSCULA
2114 304 2272 362 [δυο.

3477 304 3584 366 598

368 421 533 491 pedes
587 419 831 489 sequitur
883 418 1216 489 praasyllaba,
1240 433 1359 489 qua:
1409 431 1615 489 partem
1671 418 1924 475 terminat
1951 423 1996 480 Α
2025 386 2385 486 percontando
2407 415 2810 487 lcgtmuszouis
2834 416 3099 471 accusabit
3131 417 3375 473 adversus
3398 418 3587 478 electos

368 510 661 575 oratienis,
686 520 745 564 ut
773 518 856 564 est
894 509 949 563 in
975 504 1147 578 primo
1175 525 1331 566 versu
1360 512 1532 579 primo
1565 510 1702 565 libro
1748 509 1932 564 Λειιεί-

371 600 508 657 dos:

496 723 640 771 Anna
665 724 917 783 virumque
943 734 1080 781 cauo,
1103 721 1260 784 Troia:
1281 725 1360 784 qui
1385 724 1573 786 primus
1588 725 1651 773 ab
1671 726 1787 774 oris.

371 841 478 897 Sed
508 843 622 897 haec
642 843 697 896 in
730 850 917 897 metro.
953 841 1085 897 Nam
1110 859 1268 915 prosa
1295 846 1380 901 his
1402 847 1571 902 tribus
1598 846 1810 916 punctis
1833 847 1934 901 hoc

371 933 531 986 modo
557 932 907 1003 distinguitur
939 950 953 987 :
981 933 1172 990 Beatus
1197 937 1275 990 vir
1307 936 1395 1005 qui
1422 953 1524 991 non
1558 937 1684 991 abiit
1721 938 1775 991 in
1812 953 1935 991 con-

370 1024 492 1076 silia
520 1024 819 1093 impiorum,
842 1036 890 1078 et
920 1024 974 1079 in
1006 1027 1087 1080 ria
1122 1037 1446 1097 peccatorum
1489 1044 1590 1081 non
1618 1028 1789 1092 stetit,
1810 1027 1933 1082 etin

369 1110 620 1165 cathedra
644 1112 949 1182 pestilentia:
984 1131 1085 1169 non
1134 1116 1285 1169 sedit.
1325 1115 1442 1169 Non
1489 1131 1618 1186 ergo
1666 1116 1933 1171 miremini

370 1200 514 1267 quod
550 1201 604 1254 in
629 1203 803 1255 medio
835 1217 997 1257 sensu
1030 1211 1210 1259 notam
1235 1206 1375 1260 acuti
1403 1215 1656 1261 accentus
1685 1206 1930 1269 fecerint,

370 1306 560 1360 quam,
584 1299 643 1345 ut
667 1292 734 1345 ab
761 1294 987 1347 eruditis
1015 1294 1174 1349 didici
1202 1295 1361 1359 viris,
1386 1295 1471 1349 his
1508 1296 1679 1352 tribus
1722 1297 1935 1366 punctis

371 1390 485 1434 tres
506 1390 757 1450 aptantur
770 1391 1046 1447 accentus,
1062 1383 1114 1437 id
1142 1392 1226 1439 est
1246 1400 1415 1453 usque
1428 1386 1493 1441 ad
1515 1387 1748 1441 medium
1774 1387 1935 1442 totius

369 1472 653 1525 sententia:
674 1486 914 1537 sensum,
939 1474 1149 1542 gravis;
1184 1474 1236 1527 in
1267 1476 1442 1530 medio
1467 1490 1678 1545 quoque
1705 1484 1934 1535 tantum-

368 1560 535 1614 modo
563 1575 753 1623 sensu,
783 1570 1005 1627 acutus;
1063 1563 1359 1633 deindeque
1398 1580 1568 1633 usque
1607 1566 1675 1621 ad
1719 1566 1935 1635 plenum

366 1665 610 1712 sensum,
638 1650 1032 1707 circumﬂexus.
1064 1653 1139 1706 lta
1187 1663 1247 1707 ut
1296 1669 1396 1709 nec
1443 1664 1567 1710 ante
1608 1665 1823 1711 acutum
1862 1657 1934 1712 sit

2034 508 2127 563 Dei
2140 508 2185 562 '.
2219 509 2453 581 llludque
2475 510 2615 579 quod
2639 509 2882 577 sequitur
2907 524 3041 563 sono
3067 509 3446 580 interrogantis
3467 525 3586 581 pro—

2030 600 2325 663 nuntiatur,
2354 599 2495 653 Deus
2518 601 2604 669 qui
2637 598 2936 668 justi/ient!
2961 607 3021 652 ut
3058 599 3220 655 tacite
3263 601 3585 671 respondea-

2031 699 2149 754 tur,
2182 705 2304 743 non.
2349 687 2589 759 Itemque
2619 690 3007 758 percontando;
3039 688 3168 755 Qui:
3214 700 3292 745 est
3325 693 3414 763 qui
3458 708 3585 747 con-

2030 775 2233 830 demnet
2271 772 2317 827 ’.
2378 774 2762 844 Interrogaudo
2817 774 2956 843 quod
3020 775 3301 843 sequitur,
3350 775 3589 832 Christus

2027 863 2205 930 Iesus,
2234 874 2291 920 et
2321 874 2512 920 caetera
2541 879 2710 934 usque
2736 882 2831 934 pro
2860 866 3045 919 nobis?
3080 874 3139 919 ut
3166 868 3552 936 respondeatur
3570 910 3587 932 ,

2031 972 2153 1009 non.
2179 956 2345 1011 Dictze
2368 965 2545 1010 autem
2570 956 2845 1026 positurae,
2870 956 2953 1011 vel
2979 957 3103 1027 quia
3148 960 3360 1028 punctis
3402 961 3592 1030 positis

2032 1049 2375 1112 adnotantur,
2397 1047 2479 1102 vel
2505 1048 2630 1118 quia
2650 1048 2739 1103 ubi
2760 1063 2860 1102 vox
2888 1049 3456 1118 propterintervallum
3481 1053 3594 1105 dis-

2032 1136 2308 1190 tinctionis
2355 1124 2666 1206 deponendo
2691 1137 2777 1192 vel
2812 1149 3088 1208 gravatur,
3112 1139 3196 1194 vel
3227 1141 3471 1211 erigitur,
3507 1141 3592 1195 vel

2032 1224 2503 1290 circumﬂectitur;
2531 1235 2656 1281 nota
2682 1242 2810 1281 vero
2835 1225 2987 1295 cujus
3015 1229 3328 1283 vocabulum
3355 1239 3439 1284 est
3471 1232 3591 1300 yfeu

2031 1316 2194 1370 verba
2226 1331 2446 1370 necesse
2471 1325 2554 1370 est
2599 1316 2791 1387 jungat
2841 1317 2979 1372 male
3027 1316 3314 1385 disjuucta,
3352 1329 3412 1374 ut
3450 1332 3596 1374 ante-

2031 1405 2170 1459 tulit.
2201 1405 2570 1475 Apostrophos
2625 1416 2802 1463 autem
2853 1417 3066 1477 separat
3110 1409 3248 1463 male
3288 1408 3595 1481 conjuncta,

2033 1495 2545 1565 uteonspicitur‘sus.
2586 1494 2689 1551 Sed
2715 1508 2770 1551 et
2806 1498 2908 1552 hoc
2935 1512 3039 1551 non
3074 1486 3156 1552 est.
3182 1500 3596 1568 praetermitten-

2034 1584 2182 1649 dum,
2208 1584 2349 1652 quod
2371 1594 2589 1653 propter
2614 1586 2815 1640 inertes
2842 1585 3072 1640 lectores
3108 1587 3451 1641 inveniuntur
3494 1589 3595 1642 alin

2032 1672 2246 1741 quando
2271 1672 2510 1741 syllabte,
2541 1672 2826 1741 aliquando
2851 1675 3015 1743 pedes
3040 1674 3093 1727 in
3131 1689 3289 1744 prosa
3321 1676 3510 1737 notati,
3541 1686 3602 1731 ut

364 1740 768 1806 circumﬂexus,
794 1758 895 1797 nec
923 1753 1044 1813 post
1074 1755 1291 1800 acutum
1317 1746 1389 1801 sit
1414 1747 1525 1803 ullo
1546 1749 1705 1805 modo
1734 1751 1933 1820 gravis.

2037 1740 2239 1828 έάΰγηὸ,
2264 1759 2466 1827 ddecet,
2497 1740 2676 1824 satiir‘é
2696 1804 2711 1827 ,
2731 1761 2933 1827 imiter,
2954 1760 3131 1818 al“cér
3146 1804 3162 1828 ,
3183 1756 3414 1834 quandiii
3428 1805 3444 1830 ,
3472 1765 3601 1819 Ilie-

367 1831 487 1886 lloc
510 1841 688 1886 autem
715 1834 933 1889 omnino
960 1849 992 1888 a
1022 1834 1224 1891 lectore
1250 1838 1641 1893 observandum
1665 1847 1766 1904 est,
1796 1849 1855 1894 ut
1880 1841 1935 1895 in

367 1922 553 1977 medio
582 1923 921 1978 solummodo
950 1926 1115 1981 totius
1155 1924 1405 1983 dictionis
1435 1943 1615 1994 sensu,
1641 1945 1745 1984 vox
1773 1931 1937 2001 ipsius

366 2013 533 2084 paulo
573 2015 901 2071 eminentius
937 2016 1196 2082 elevetur,
1221 2027 1278 2073 et
1303 2027 1427 2074 ante
1454 2019 1802 2075 elevationem
1839 2037 1939 2092 per

365 2105 582 2174 singula
611 2107 1076 2164 subdistinctionis
1097 2119 1293 2179 puncta
1315 2122 1589 2181 gravetur,
1620 2121 1783 2182 atque
1815 2122 1939 2186 post

364 2195 680 2263 przedictal'n
706 2196 1063 2253 elevationem
1091 2216 1186 2271 per
1219 2201 1425 2273 singula
1473 2211 1666 2272 puncta
1699 2207 1936 2261 circum-

366 2286 642 2352 ﬂectatur,
673 2287 824 2343 salvo
868 2289 963 2345 illo
1001 2305 1162 2346 sensu
1202 2306 1362 2360 quem
1391 2294 1630 2349 Donatus
1659 2302 1853 2350 tractat
1879 2297 1933 2351 in

364 2386 690 2433 accentuum
718 2381 945 2436 ratione.
976 2380 1067 2435 Ait
1091 2383 1234 2437 enim
1273 2383 1415 2438 inter
1442 2394 1636 2440 caetera
1665 2386 1935 2460 monosyl—

365 2471 511 2528 laba.
543 2484 662 2538 qua:
696 2480 1002 2542 correptam
1027 2472 1264 2528 vocalem
1291 2475 1510 2541 habent,
1532 2485 1689 2533 acuto
1713 2486 1936 2533 accentu

364 2559 813 2628 prouuutiandas,
836 2570 899 2615 ut
927 2560 1037 2630 fax,
1054 2577 1178 2631 pax,
1202 2563 1313 2629 nix,
1337 2581 1475 2631 nux;
1514 2581 1633 2635 qua:
1659 2583 1787 2623 vero
1813 2583 1938 2639 pro-

361 2647 587 2700 ductam
642 2647 879 2702 vocalem
937 2649 1250 2718 habebunt,
1291 2652 1635 2710 circumﬂexo
1712 2664 1937 2711 accentu

360 2736 856 2805 pronuntiabimus,
881 2746 941 2791 ut
968 2755 1069 2803 res,
1099 2740 1217 2807 dos,
1246 2758 1381 2812 spes.
1411 2743 1467 2797 lu
1506 2746 1684 2800 medio
1725 2761 1937 2817 quoque

362 2829 627 2884 dictionis
668 2844 830 2884 sensu
880 2847 985 2885 non
1024 2832 1269 2889 ultimam
1312 2835 1570 2908 syllabam
1619 2838 1935 2901 acuendam,

357 2920 512 2988 quod
538 2936 629 2976 ars
661 2922 873 2977 nonnisi
901 2923 954 2977 in
978 2925 1167 2992 paucis
1192 2925 1533 2983 discretionis
1577 2943 1742 2984 causa
1784 2930 1936 2996 sinit,

360 3013 463 3067 sed
482 3021 650 3068 totam
680 3016 827 3070 illam
851 3026 1061 3087 partem
1084 3021 1366 3085 orationis,
1402 3037 1520 3090 quas
1547 3022 1733 3078 ultima
1754 3023 1935 3089 fuerit,

361 3102 530 3158 altius
554 3106 939 3163 enuntiandam
953 3110 1037 3164 vel
1063 3113 1388 3180 gravandam
1408 3114 1494 3183 vel
1515 3113 1935 3171 circumﬂecten-
1961 3099 2005 3161 (ἶ

361 3192 492 3246 dam
513 3194 759 3261 dicimus,
776 3197 921 3253 salvo
945 3200 1235 3271 unicuique
1255 3204 1396 3272 parti
1410 3213 1464 3259 et
1487 3206 1815 3277 prmsyllabae
1835 3222 1933 3263 suo

363 3285 603 3338 naturali
638 3301 790 3341 sono.
822 3288 877 3342 In
905 3289 1419 3362 interrogationibus
1434 3305 1612 3351 autem
1636 3305 1796 3367 atque
1814 3313 1936 3368 per-

358 3372 769 3432 conta'tionibus
798 3393 900 3434 vox
932 3379 1400 3451 legentisncccsse
1443 3394 1544 3440 est~
1565 3397 1807 3453 acuatur,
1838 3389 1933 3444 sed

357 3464 532 3533 paulo
562 3467 931 3525 vehementius
955 3487 1114 3541 quam
1144 3473 1195 3527 in
1223 3482 1379 3529 acuto
1405 3486 1647 3531 accentu.
1678 3477 1771 3532 Ila:
1790 3487 1929 3534 uota:

360 3553 809 3627 interrogandi?,
854 3560 967 3616 haec
1012 3566 1359 3631 percontandi
1385 3564 1429 3632 ',
1474 3568 1590 3623 hinc
1614 3571 1842 3640 negandi
1874 3593 1927 3646 ῃ.

361 3644 514 3698 Inter
541 3649 999 3714 permutationem
1030 3661 1209 3708 autem
1235 3664 1290 3710 et
1318 3656 1796 3727 interrogationem
1828 3644 1931 3717 hoc

362 3744 601 3802 veteres,
622 3739 918 3810 Augustino
949 3752 1102 3809 teste,
1126 3746 1386 3803 interesse
1412 3748 1678 3814 dixerunt,
1698 3752 1839 3821 quod
1864 3754 1932 3810 ad

361 3830 830 3895 permutationem
860 3833 1025 3888 multa
1052 3837 1363 3904 responderi
1394 3849 1636 3908 possunt,
1665 3842 1731 3897 ad
1762 3842 1928 3897 inter-

363 3924 703 3994 rogationem
725 3937 927 3994 autem,
958 3939 1049 3984 aut
1071 3948 1196 3995 non,
1225 3941 1318 3987 aut
1343 3935 1517 3988 etiam.
1548 3936 1708 3991 Verbi
1736 3938 1929 4008 gratia,

2035 1851 2246 1919 τὲπιῑὰε,
2283 1851 2484 1913 Ιεῖιῖιξε.
2507 1852 2741 1916 trucidc‘i,
2773 1854 2993 1917 addicit,
3025 1860 3233 1916 revera,
3259 1855 3501 1923 pudicus,
3534 1854 3603 1909 il-

2033 1946 2166 2012 licit,
2196 1947 2414 2020 ibidem.
2441 1947 2568 2002 Hmc
2591 1961 2720 2001 vero
2744 1947 3018 2002 adnotatio
3048 1948 3325 2004 rarissime
3355 1949 3406 2003 iu
3452 1949 3604 2004 libris

2035 2038 2308 2093 invenitur
2337 2040 2628 2095 veteribus.
2660 2037 2704 2094 Ο
2741 2040 2956 2095 domine
2981 2040 3075 2105 mi,
3110 2056 3237 2097 ecce
3264 2043 3407 2112 quod
3447 2059 3603 2114 rega-

2037 2127 2159 2193 stis,
2190 2143 2291 2182 nec
2313 2128 2554 2193 brevius,
2588 2144 2690 2184 nec
2727 2129 2967 2198 apertius
3013 2129 3253 2186 scribere
3291 2132 3473 2202 potui;
3519 2148 3605 2187 vc-

2037 2225 2342 2272 rumtamen
2367 2217 2578 2273 videtur
2608 2218 2739 2272 mihi
2788 2219 2991 2273 rustico
3035 2228 3094 2274 et
3135 2219 3431 2290 insipienti,
3461 2223 3604 2290 quod

2035 2315 2295 2377 quantum
2321 2308 2388 2363 ad
2415 2309 2664 2379 peritiam
2685 2308 2894 2380 legendi
2921 2309 3134 2375 attinet,
3156 2310 3422 2366 suﬂiciant
3446 2312 3560 2367 hate
3588 2330 3602 2365 :

2039 2406 2248 2453 tantum
2282 2412 2450 2453 sonus
2471 2399 2622 2455 vocis
2649 2398 2823 2464 deest,
2849 2400 2939 2469 qui
2986 2400 3041 2454 in
3085 2401 3253 2457 variis
3292 2401 3511 2471 punctis
3549 2410 3607 2455 et

2035 2488 2178 2543 notis
2212 2486 2397 2543 varius
2440 2502 2563 2543 esse
2613 2488 2792 2552 debet,
2842 2488 3046 2545 idcirco
3096 2490 3239 2560 quod
3287 2490 3453 2545 scribi
3499 2504 3604 2545 non

2033 2580 2194 2635 valet.
2237 2578 2380 2635 Sane
2416 2579 2593 2635 oculis
2640 2589 2844 2635 sanctae
2883 2580 3277 2651 individuaeque
3329 2581 3608 2636 Trinitatis

2033 2671 2371 2726 solummodo
2401 2679 2571 2741 patet,
2606 2672 2751 2741 quod
2771 2671 3001 2727 almitati
3031 2682 3226 2729 vestrae
3262 2673 3492 2744 pleniter
3513 2673 3607 2728 lit-

2035 2747 2188 2815 terali
2216 2762 2467 2830 indagine
2489 2762 2728 2831 pandere
2759 2777 2866 2817 non
2898 2762 3069 2826 valeo,
3094 2762 3176 2818 vel
3203 2772 3463 2834 quantum
3484 2778 3607 2834 pre-

2032 2850 2186 2905 cibus
2226 2851 2280 2905 in
2324 2850 2521 2906 vestris
2565 2850 2779 2906 conﬁdo
2799 2891 2814 2917 ,
2843 2851 2923 2906 vel
2965 2863 3224 2921 quantum
3252 2868 3351 2923 ego
3380 2853 3491 2922 ipse
3513 2869 3605 2909 vc-

2034 2943 2247 2998 Strimet
2279 2956 2486 2997 memor
2502 2944 2765 3008 existo,et
2794 2944 2936 3013 patri
2961 2945 3277 3000 commendo
3299 2945 3483 3009 Leoni,
3501 2962 3606 3002 (πως

2037 3036 2273 3105 terisque
2300 3035 2391 3105 qui
2421 3044 2548 3089 sunt
2583 3035 2722 3104 apud
2750 3050 2848 3090 vos
2878 3034 3159 3102 fratribus,
3187 3036 3481 3107 deprecans
3507 3052 3605 3107 per

2035 3140 2373 3181 communem
2403 3125 2849 3195 Redemptorem,
2879 3133 2940 3180 ut
2983 3126 3069 3180 vel
3114 3127 3217 3181 mei
3272 3117 3463 3182 semel'
3494 3128 3603 3182 sint

2038 3230 2304 3271 memores
2332 3216 2500 3271 Deum
2528 3217 2752 3271 orando.
2779 3215 3100 3272 Mementote
3124 3216 3472 3273 nihilominus
3510 3216 3601 3273 ﬂa-

2034 3307 2146 3377 gito
2173 3307 2412 3361 omnium
2440 3305 2667 3360 fratrum
2694 3307 2783 3361 hic
2820 3306 3151 3378 degentium;
3170 3315 3230 3361 ut.
3266 3307 3599 3362 orationibus

2035 3397 2229 3451 vestris
2254 3413 2284 3451 a
2315 3397 2468 3453 malis
2495 3397 2747 3453 omnibus
2773 3405 3047 3461 tueantur,
3070 3398 3123 3451 iu
3147 3399 3286 3453 bona
3316 3398 3599 3453 devotione

2033 3487 2452 3551 consolidentur,
2475 3496 2530 3541 et
2554 3488 2668 3557 spei
2699 3487 2930 3558 ﬁdeique
2957 3497 3119 3558 atque
3140 3489 3423 3543 cbaritatis
3450 3503 3601 3559 gem—

2035 3578 2137 3632 mis
2158 3587 2438 3631 ornentur.
2465 3579 2736 3634 Concedat
2760 3580 2913 3634 vobis
2938 3580 3025 3651 pia
3060 3579 3458 3650 Omnipotentis
3493 3580 3564 3634 mi
3582 3612 3598 3622 -

2036 3667 2236 3723 seratio
2283 3675 2508 3723 cunctos
2559 3669 3335 3739 subripientiumdelictorum
3382 3671 3603 3740 laqueos

2036 3759 2283 3821 evadere,
2309 3767 2364 3813 et
2408 3775 2506 3829 per
2540 3759 2683 3814 viam
2720 3761 2910 3816 salutis
2939 3772 3119 3816 mente
3144 3763 3333 3817 devota
3363 3777 3603 3825 currere,

2037 3860 2513 3920 consummatoque
2570 3866 2733 3907 cursu
2787 3853 3004 3909 tramite
3050 3864 3199 3909 recto
3253 3853 3321 3908 ad
3364 3852 3604 3909 cmlestia

2038 3954 2204 4011 regna
2239 3942 2492 3996 transire.

362 4072 3583 4111 Μ

1674 4219 2192 4294 EPISTOLA

964 4352 969 4359 ’
1042 4403 1584 4483 LAMBERTI‘
1633 4409 2373 4490 PULTARIENSIS
2450 4415 2909 4496 MONACHI

1384 4580 1494 4634 AD
1549 4581 2090 4640 ALBERICUM
2149 4586 2583 4645 ABBATEM

1550 4716 1634 4775 De
1668 4726 1832 4777 recta
1882 4718 2119 4798 legendi
2150 4733 2417 4793 ranam.

1808 4870 2194 4885 m—

444 4945 649 5047 lmmno
673 4948 850 5047 abbati
890 4941 1157 5047 ‘Albericq
1194 4953 1250 4997 et
1295 4944 1697 5047 iramtribus‘q-ui
1749 4966 1935 5007 secum
1962 4956 2012 5016 D
2037 4958 2260 5024 obsitus,
2304 4976 2399 5015 ore
2448 4962 2787 5029 balbutienti,
2813 4975 2872 5022 ut
2917 4978 3042 5039 pote
3093 4973 3397 5038 edentulus,
3429 4978 3597 5047 ipsam

366 5044 516 5098 sunt,
551 5034 714 5088 frater
755 5032 1074 5087 Lambertus
1124 5032 1309 5088 Sancti
1363 5035 1507 5092 Petri
1558 5038 1931 5108 Pultariensis,

366 5129 621 5183 salutem.

439 5213 594 5282 Quod
618 5213 683 5267 ad
709 5227 795 5266 me
827 5210 1067 5274 misistis,
1101 5218 1161 5263 ut
1201 5223 1401 5281 prieter
1435 5230 1585 5285 spem
1624 5230 1858 5275 vestram
1902 5240 1933 5278 a

372 5306 491 5359 rudi
535 5304 905 5366 erudiremini,
934 5303 1035 5357 nisi
1083 5304 1207 5373 quia
1246 5314 1296 5358 et
1335 5307 1444 5360 vita
1489 5320 1702 5378 vestra,
1727 5322 1784 5368 et
1808 5331 1936 5369 mn-

367 5395 605 5450 versatio
630 5395 805 5449 cultus
826 5392 1048 5463 iustitia:
1070 5395 1363 5459 videretur,
1379 5400 1533 5467 quasi
1553 5399 1722 5456 ironia
1750 5408 1935 5471 fuisse,

368 5501 482 5539 non
511 5482 802 5553 indigentia
827 5485 1081 5539 scientias.
1124 5483 1257 5539 Nam
1279 5484 1550 5554 ‘misistis,
1581 5501 1639 5543 ut
1664 5494 1824 5564 vulgo
1850 5496 1936 5549 di-

370 5573 536 5633 citur.
569 5588 724 5629 ovem
765 5576 829 5629 ad
857 5590 1075 5646 capram
1108 5584 1353 5632 mutuare
1391 5578 1592 5645 lanam,
1618 5590 1675 5635 ut
1703 5598 1803 5654 ego
1832 5586 1936 5640 sci-

371 5664 502 5722 licet
526 5662 636 5734 iam
665 5662 951 5738 desipiens.
970 5663 1079 5731 jam
1102 5668 1302 5725 delirus
1324 5686 1509 5731 senex.
1531 5670 1640 5740 jam
1669 5675 1932 5745 lethargia

2038 5049 2285 5104 docerem
2307 5052 2615 5106 Minervam.
2644 5053 2748 5109 Sed
2772 5064 2948 5111 tamen
2982 5074 3050 5113 ne
3077 5058 3214 5118 forte
3242 5065 3597 5130 opinaremiui

2039 5155 2253 5193 menon
2280 5155 2346 5194 ex
2384 5143 2611 5197 veritate
2648 5144 2984 5213 ignorantize,
3024 5165 3129 5203 non
3176 5165 3241 5204 ex
3283 5165 3600 5222 paupertate

2040 5230 2365 5295 intellectus,
2392 5233 2485 5286 sed
2511 5235 2689 5302 potius
2712 5251 2779 5289 ex
2798 5236 3019 5306 "ignavia
3048 5239 3132 5293 vel
3170 5251 3476 5313 contemptu
3509 5263 3598 5303 ve-

2037 5328 2205 5375 stram
2234 5324 2544 5383 repudiasse
2569 5327 2900 5395 petitionem,
2930 5347 2992 5384 ex
3033 5332 3136 5395 his,
3166 5349 3286 5402 qum
3311 5339 3394 5391 vel
3425 5354 3456 5393 a
3478 5356 3596 5395 ma-

2036 5416 2220 5480 gtstris
2247 5413 2431 5477 didici,
2462 5424 2516 5468 et
2544 5418 2630 5470 vix
2661 5419 2972 5489 recolligere
3000 5424 3169 5491 potui,
3207 5426 3288 5478 vel
3329 5444 3395 5481 ex
3436 5428 3595 5503 longo

2037 5516 2134 5554 usu
2162 5501 2379 5565 retinui,
2402 5507 2644 5573 quaedam
2678 5510 2871 5577 pavida
2898 5527 3058 5567 manu
3104 5520 3424 5576 temerarius
3464 5501 3625 5587 scri-,

2033 5600 2155 5659 ptor
2181 5592 2319 5646 sicut
2344 5593 2399 5647 in
2424 5595 2704 5663 Psalterio,
2731 5600 3020 5657 subnotare
3047 5606 3249 5670 studui,
3268 5624 3361 5663 vos
3390 5612 3592 5669 amicos

2036 5691 2251 5738 nostros
2297 5683 2615 5752 insipientia:
2675 5699 3077 5756 supportatores
3130 5698 3442 5761 arbitratus.
3485 5718 3588 5759 non
3670 5726 3673 5733 ·
