3956 6186
480 289 585 352 399

1332 302 1700 362 lllLDEMARl
1748 307 1834 363 E'l‘
1879 285 2222 370 Lausum
2265 276 2619 373 causamn
2666 319 2822 376 nuo.

3572 325 3681 379 ιω

477 407 1154 477 Subsannatores,quorum
1183 425 1228 466 sn
1257 427 1362 482 qua
1388 414 1612 483 placent,
1634 417 1814 473 Deiex
1837 423 2028 477 merito
2056 431 2102 488 Α
2129 425 2193 480 lis
2213 427 2367 497 longa
2391 439 2514 484 ante
2540 448 2591 495 a,
2615 432 2697 485 vel
2718 432 2874 486 aliam
2886 437 3143 499 vocalem,
3171 436 3414 504 quamvis
3435 437 3506 501 ei,
3533 449 3675 507 quon

476 504 655 549 vestro
677 495 1088 562 misericordiae;
1141 499 1185 553 si
1213 514 1317 568 qua
1344 517 1472 556 vero
1518 503 1822 575 displicent,
1853 512 2024 564 errori

475 598 597 638 meo
626 584 883 652 imputate
911 602 926 638 :
951 593 1011 639 et
1037 593 1234 653 tamen,
1261 589 1306 642 si
1354 589 1526 646 factus
1570 609 1687 648 sum
1728 595 2021 666 insipiens,

472 685 566 728 vos
591 690 677 730 me
703 676 978 744 coegistis.
1001 677 1245 734 Dicimus
1266 682 1446 751 itaque
1468 701 1626 754 usque
1659 689 1832 753 modo,
1857 707 2026 760 quan-

471 779 632 832 quam
661 766 860 822 rectius
879 771 1183 825 videremur
1197 776 1666 842 antepenultimam
1690 795 1914 847 acuere;
1945 784 2026 837 di-

468 853 638 909 cimus
687 854 861 914 aliaao
910 859 1087 924 modo,
1135 878 1338 931 quoquo
1385 865 1558 929 modo,
1589 883 1811 936 quonam
1847 872 2024 937 modo,

464 941 689 1010 quodam
721 944 898 1010 modo,
934 946 1077 1000 nullo
1109 949 1286 1003 modo.
1337 951 1448 1006 Est
1469 955 1632 1020 enim,
1659 957 1866 1013 dicente
1908 960 2025 1014 Pri-

465 1032 672 1099 sciano,
695 1037 906 1103 quando
932 1038 1049 1092 duae
1073 1049 1253 1109 partes
1301 1058 1397 1110 pro
1438 1061 1541 1098 una
1585 1049 1947 1118 accipiuntur,
1967 1054 2021 1107 in

465 1118 689 1176 diversis
721 1123 1202 1194 signiﬁcationibus
1223 1131 1623 1201 adverbiorum,
1650 1146 1707 1189 ut
1735 1137 2020 1207 ulldmodo,

466 1210 774 1299 nullatenus,
831 1217 1082 1283 omnino,
1127 1223 1470 1289 uaquémodo,
1500 1233 1553 1279 et
1597 1235 1788 1281 caetera
1843 1230 2024 1299 hujus-

466 1298 628 1351 modi.
653 1298 891 1356 Dicimus
915 1302 1166 1373 alicujus,
1178 1316 1232 1360 et
1251 1307 1639 1380 alicujuismodi,
1661 1298 2017 1383 nulliusmodi,

465 1388 773 1454 istiusmodi,
804 1391 1044 1460 aliunde,
1067 1397 1306 1464 proinde,
1334 1401 1538 1466 exinde,
1555 1405 1788 1470 subinde,
1815 1408 2016 1473 deinde,

462 1478 686 1546 abintus,
723 1483 948 1548 déintus,
981 1485 1216 1552 de'int-ro,
1241 1489 1463 1558 deforis,
1498 1493 1684 1563 dforis.
1716 1497 1854 1552 Dicit
1877 1501 2018 1554 enim

465 1571 782 1637 Priscianus,
809 1578 932 1645 quia
961 1594 1082 1634 eum
1111 1585 1250 1651 apud
1280 1583 1497 1640 Graecos
1522 1591 1828 1656 praepositio
1867 1607 2019 1647 com-

464 1665 634 1732 posita
665 1676 751 1721 est
777 1683 901 1722 cum
933 1669 1256 1727 dictionibus
1299 1675 1614 1743 quibusdam
1669 1681 2016 1748 [renuntimam

2125 526 2209 571 est
2243 519 2382 587 apud
2423 519 2638 575 Graecos
2681 523 2732 575 in
2762 523 3060 593 huiusmodi
3089 525 3410 580 dictionibus
3433 527 3527 580 ini
3556 527 3645 583 lou

2125 624 2243 679 gam
2275 612 2413 678 apud
2439 601 2536 666 nos
2563 612 2756 667 debeat
2781 616 2995 668 mutari.
3026 615 3127 684 Ipsi
3156 617 3299 670 enim
3340 617 3525 672 dicunt
3563 628 3680 673 tm-

2123 700 2323 770 gedeia,
2347 702 2627 767 comedeia,
2658 702 3021 768 Alexandreia,
3050 720 3146 773 pro
3181 721 3286 775 quo
3324 707 3464 775 apud
3493 723 3589 762 nos
3625 723 3672 762 ρι

2125 796 2325 842 mutata
2355 790 2445 843 ini
2477 791 2652 862 longa,
2678 792 2931 846 debemus
2958 794 3134 848 dicere
3164 796 3418 863 tragedia,
3445 795 3671 850 Alexan—

2123 880 2264 944 dria,
2295 873 2474 944 etc.,'i
2505 887 2807 955 producta:
2840 886 2930 939 sed
2981 884 3256 952 sequimur
3302 885 3566 940 interdum
3617 892 3673 939 in

2123 971 2226 1025 hoc
2247 971 2466 1027 Latinos
2490 983 2696 1042 poetas,
2727 974 2817 1044 qui
2849 975 2901 1028 in
2933 974 3034 1028 hoc
3058 988 3206 1028 more
3234 990 3331 1029 suo
3371 975 3389 1027 i
3425 986 3672 1046 correpta

2121 1061 2473 1128 protulerunt,
2505 1073 2561 1117 ut
2589 1062 2840 1119 Horatius
2868 1080 2882 1117 :

2362 1194 2562 1248 Eilutire
2578 1195 2718 1247 leves
2740 1197 2934 1260 indigna
2961 1194 3174 1259 tragédia
3197 1209 3366 1247 versus

2121 1300 2187 1354 Et
2212 1299 2518 1356 iuvenalis:

2543 1450 2554 1462 .
2572 1448 2585 1462 .
2602 1451 2614 1463 .
2632 1450 2644 1462 .
2663 1448 2675 1460 .
2692 1412 2931 1474 .Namque
2949 1412 3163 1461 comédia
3186 1413 3358 1461 mimus

2271 1473 2390 1532 Quis
2403 1474 2570 1522 melior
2595 1475 2810 1536 plorante
2827 1473 2938 1536 gula
2956 1475 2982 1524 ‘I

2118 1577 2529 1634 Emendavimus
2553 1580 2604 1633 in
2619 1579 2891 1634 'Psalterio
2909 1593 2924 1632 :
2943 1580 3304 1649 dirumpamus
3321 1588 3377 1634 et
3400 1580 3666 1650 dirupisti,

2115 1686 2141 1722 ε
2177 1670 2417 1734 sublata;
2446 1687 2567 1724 nam
2601 1679 2736 1725 teste
2758 1668 3056 1735 Prisciano,
3084 1671 3208 1726 licet
3236 1672 3316 1726 dis
3356 1680 3412 1726 et
3439 1673 3493 1725 di
3532 1687 3679 1742 pra»

460 1753 779 1811 habentibus
806 1767 1038 1823 acutam,
1067 1763 1539 1830 antepenultimam
1582 1782 1701 1821 eam
1746 1770 1884 1824 idem
1929 1781 2014 1825 ta-

2115 1760 2439 1829 positiones,
2463 1776 2581 1829 qua:
2626 1775 2730 1815 non
2784 1761 2885 1814 nisi
2949 1761 3251 1829 composita:
3301 1761 3670 1816 inveniuntur.

459 1842 582 1908 lem,
615 1845 819 1901 scilicet
847 1857 1084 1915 acutam,
1111 1851 1258 1906 facit.
1283 1853 1437 1924 Apud
1463 1872 1562 1911 nos
1581 1858 1634 1911 in
1661 1875 1767 1914 uno
1794 1861 1934 1916 idem
1962 1862 2015 1915 in

459 1933 572 1988 solo
595 1935 854 1991 adverbio
876 1938 976 1994 hoc
1004 1941 1139 1995 solet
1170 1941 1365 2007 facere,
1408 1945 1616 2002 scilicet
1663 1951 2017 2018 antepenulti—

458 2039 600 2090 mam
633 2041 844 2091 acuere,
870 2037 927 2082 ut
959 2030 1100 2094 inde,
1129 2031 1351 2098 deinde;
1389 2035 1563 2101 intus,
1597 2038 1802 2093 déintus
1822 2080 1836 2104 ,
1863 2041 2016 2095 abin-

455 2121 539 2166 ινδ
553 2131 574 2179 ;
601 2113 761 2181 intro,
790 2117 992 2172 déintro
1006 2137 1025 2183 ;
1061 2119 1246 2191 tam
1267 2123 1483 2195 delonge
1504 2167 1524 2192 ,
1546 2127 1730 2198 alonge
1747 2169 1764 2194 ,
1790 2132 1977 2185 ἀπιοάο
1999 2172 2013 2196 ,

455 2211 509 2257 et
541 2213 757 2270 caetera,
795 2221 864 2261 ne
901 2208 945 2262 si
975 2221 1231 2278 gravetur
1263 2217 1591 2283 praepositio,
1621 2226 1675 2271 et
1708 2236 1811 2274 non
1857 2237 2017 2276 acua-

456 2302 562 2360 tur,
593 2309 690 2364 per
711 2298 1099 2366 appositionem
1138 2310 1356 2370 putetur
1381 2301 1502 2360 esse
1535 2317 1658 2361 ante
1683 2310 2009 2376 adverbium,

453 2385 593 2451 quod
625 2385 741 2440 lieri
771 2401 878 2441 non
907 2387 1053 2442 licet.
1085 2390 1164 2444 Ex
1212 2391 1297 2445 his
1341 2392 1425 2446 vel
1471 2397 1791 2464 supradictis
1838 2408 2014 2466 potest

453 2470 649 2541 colligi,
679 2472 912 2540 qualiter
943 2476 1257 2544 usquemodo
1302 2478 1459 2533 debet
1479 2484 1778 2550 .accentari.
1822 2485 1888 2538 Et
1914 2502 2012 2539 nn-

453 2562 724 2630 tatequod
766 2563 820 2615 in
863 2565 1180 2632 quibusdam
1224 2584 1373 2635 usus,
1416 2571 1468 2624 in
1503 2573 1820 2642 quibusdam
1873 2579 2011 2633 ratio

447 2651 723 2721 praevalet,
747 2653 802 2706 in
832 2655 1150 2724 quibusdam
1172 2674 1302 2714 vero
1323 2676 1469 2728 usus,
1493 2671 1548 2718 et
1571 2666 1729 2730 ratio,
1749 2676 1803 2722 et
1829 2679 2011 2725 aucto-

448 2743 579 2796 ritas
607 2743 950 2798 conveniunt.
995 2745 1191 2802 Dicunt
1226 2750 1443 2818 quidam
1489 2755 1769 2819 enimvero,
1793 2759 2007 2827 quidam

446 2833 724 2890 cuiinvéro.
780 2834 884 2892 Sed
917 2837 1043 2908 quia
1082 2839 1171 2894 hic
1222 2857 1321 2896 usu
1373 2844 1506 2898 mihi
1559 2846 1872 2914 vacillante,
1909 2866 2009 2906 nec

447 2926 741 2982 auctoritas
762 2927 1104 2997 suffragatur,
1136 2948 1236 2988 nec
1272 2933 1425 2988 ﬁrma
1455 2937 1613 3001 ratio,
1638 2947 1819 2994 vestro
1846 2939 2008 2994 retin-

443 3030 548 3083 quo
567 3015 773 3084 judicio
798 3019 884 3073 vel
913 3021 1196 3077 excellenti
1227 3025 1459 3095 ingenio.
1489 3026 2002 3101 Dicimus‘équidem,

2118 1852 2348 1926 habeant
2401 1852 2641 1906 eamdem
2694 1850 3167 1921 signiﬁcationem,
3198 1858 3375 1904 tamen
3423 1851 3504 1902 dis
3557 1864 3668 1903 non

2115 1941 2348 2010 ponitur,
2380 1943 2482 1995 nisi
2532 1941 2742 2010 quando
2793 1941 3035 2009 sequitur
3059 1956 3110 2003 ε,
3135 1940 3220 1993 vel
3249 1940 3291 2009 ί,
3311 1939 3396 1993 vel
3425 1957 3469 2002 δ,
3499 1939 3583 1992 vel
3609 1956 3667 2008 p,

2115 2029 2196 2082 vel
2219 2041 2257 2094 t,
2277 2029 2360 2084 vel
2389 2030 2430 2093 i,
2456 2030 2649 2103 inloco
2671 2031 3034 2093 consonantis,
3061 2036 3122 2082 ut
3145 2028 3432 2092 discumbo,
3455 2028 3669 2112 cii/fero,

2112 2120 2366 2190 dispergo,
2390 2109 2652 2183 distraho,
2682 2120 2922 2189 disjungo
2953 2133 2970 2170 :
3007 2119 3128 2173 aliis
3174 2134 3300 2173 vero
3342 2109 3668 2188 quibuscun—

2113 2226 2215 2280 que
2265 2212 2678 2265 consonantibus
2723 2211 3097 2280 sequentibus,
3127 2211 3182 2264 di
3211 2210 3555 2280 praeponit-ur,
3607 2221 3669 2263 ut

2112 2301 2339 2366 dimitto,
2358 2302 2565 2364 diduco,
2581 2302 2776 2371 digero,
2801 2301 2968 2366 diluo,
2986 2301 3198 2365 dirimo,
3212 2302 3386 2365 dirue,
3399 2301 3670 2366 dirumuo,

2079 2436 2088 2447 .
2111 2391 2298 2461 dirigo.
2327 2392 2558 2446 Isidorus
2578 2393 2634 2446 in
2661 2391 2796 2446 libro
2822 2391 3275 2464 Etymoiogiarum
3295 2391 3425 2446 dicit
3448 2390 3663 2445 Sicbem

2114 2484 2371 2540 Samarite
2406 2486 2615 2552 urbem,
2647 2503 2767 2556 quae
2796 2487 2985 2542 Latine
3011 2496 3066 2542 et
3086 2487 3270 2542 Graece
3298 2487 3548 2558 Sycliima
3569 2501 3666 2540 vo-

2109 2583 2282 2639 catur,
2331 2576 2614 2630 aediﬁcavit
2653 2577 2839 2641 Emor,
2867 2577 3255 2646 appellavitque
3287 2593 3405 2632 eam
3450 2578 3673 2631 nomine
3713 2575 3730 2582 “

2112 2666 2323 2721 Sichem
2353 2667 2445 2722 ﬁlii
2482 2669 2582 2722 sui.
2614 2668 2729 2737 lpsa
2754 2679 2834 2724 est
2859 2686 3001 2724 nunc
3041 2670 3289 2740 Neapolis
3329 2671 3521 2725 civitas
3564 2670 3666 2723 Sa-

2109 2760 2494 2814 maritanorum
2528 2778 2539 2811 :
2570 2760 2710 2830 quod
2737 2775 2927 2814 nomen
2957 2775 3053 2830 per
3077 2762 3109 2814 h
3131 2761 3327 2830 ubique
3355 2761 3409 2814 in
3438 2761 3667 2814 historia

2109 2852 2364 2921 scriptum
2397 2852 2711 2907 invenimus.
2742 2852 2799 2906 In
2830 2853 2913 2907 his
2937 2853 3228 2918 vocabo-lis,
3253 2853 3459 2907 scilicet
3495 2854 3672 2905 caesia

2108 2952 2163 2997 et
2203 2943 2490 3013 pellicanus
2526 2945 2578 2998 in
2631 2945 2898 3014 plerisque
2949 2945 3336 3014 antiquioribus
3382 2943 3532 2998 libris
3557 2960 3582 2996 δ
3610 2950 3666 2996 et

2108 3035 2127 3088 ι
2154 3037 2477 3106 geminatam
2514 3037 2814 3092 invenimus
2843 3056 2855 3090 :
2890 3037 2983 3092 sed
3015 3037 3129 3091 hinc
3147 3038 3261 3107 ipsa
3283 3036 3569 3106 geminatio
3593 3049 3669 3087 an

439 3107 892 3204 quandoquidem,
916 3113 1390 3183 quom'émqttidem,
1414 3118 1576 3181 utubi,
1599 3121 2002 3188 astubi,ubiubi,
2034 3143 2080 3204 ς
2108 3142 2174 3180 ex
2221 3127 2456 3196 ipsorum
2505 3127 2777 3182 nominum
2826 3128 3097 3182 creatione
3148 3127 3262 3181 ﬁeri
3313 3126 3528 3189 debeat,
3553 3140 3668 3178 non

442 3191 676 3257 ubinam,
701 3194 963 3264 quisnam,
993 3198 1228 3266 quinam,
1259 3201 1345 3255 ubi
1371 3219 1474 3257 non
1512 3207 1714 3261 eversis
1749 3209 2001 3278 syllabica

451 3281 659 3336 videtur
701 3286 989 3353 epentesis,
1020 3297 1078 3341 ut
1125 3289 1178 3342 in
1234 3292 1552 3360 quibusdam
1606 3298 1909 3353 nominibus
1951 3309 2006 3353 et

446 3375 850 3441 pronominibus
874 3386 934 3432 et
954 3379 1221 3435 adverbiis
1245 3383 1530 3438 invenitur.
1561 3386 1796 3444 Dicimus
1819 3408 2006 3461 quam-

439 3462 650 3528 dbrem;
692 3467 944 3534 attamen,
970 3472 1256 3538 sédtamen,
1303 3477 1535 3530 attamen
1560 3495 1577 3542 ;
1607 3481 1886 3550 siquando,
1912 3487 2001 3538 πέ-

437 3551 976 3626 quando,aliquando
1001 3574 1019 3610 .'
1059 3577 1088 3614 a
1112 3554 1393 3631 ‘primitivo
1417 3569 1558 3621 enim
1589 3573 1866 3641 temporali
1910 3575 2007 3628 ad—

437 3643 648 3710 verbio,
673 3649 812 3715 quod
842 3658 925 3704 est
953 3654 1185 3720 quando,
1213 3660 1513 3727 composita
1535 3673 1694 3727 sunt,
1719 3664 2007 3734 siquando,

443 3738 744 3806 nequando,
759 3739 1070 3810 aliquando,
1097 3760 1235 3814 quae,
1265 3757 1322 3803 ut
1348 3750 1478 3805 dicit
1505 3752 1836 3820 Priscianus,
1855 3765 2006 3813 ante-

436 3829 781 3897 penultiinam
812 3834 1011 3889 habent
1037 3847 1278 3905 acutam,
1303 3856 1371 3895 ne
1401 3843 1519 3898 dum
1548 3855 1732 3913 partes
1757 3864 1878 3905 esse
1910 3867 2005 3920 pu-

436 3928 616 3974 tentur
640 3922 842 3988 divisaz,
871 3934 925 3979 et
955 3925 1170 3983 dill‘erre
1204 3947 1366 3986 causa
1413 3934 1478 3987 ad
1527 3937 1818 4007 aliquanto,
1858 3943 2002 4010 quod

436 4010 771 4065 consimilem
814 4029 1005 4068 sonum
1049 4017 1246 4074 habere
1284 4022 1552 4088 videntur,
1583 4026 1794 4081 acuitur
1815 4029 2000 4098 penul-

439 4099 568 4153 tima
600 4101 650 4155 in
680 4101 988 4174 aliquando.
1022 4095 1260 4166 Dicimus
1305 4116 1578 4183 qttintdiu,
1631 4095 1848 4183 ιάηιάίιὶ,
1900 4121 1999 4174 ali-

430 4191 701 4257 quamdiu,
732 4197 1066 4266 tantdmagis,
1095 4205 1481 4273 quantdmagis,
1522 4207 1851 4279 multomagis
1871 4250 1883 4273 ,
1930 4210 2004 4264 si-

429 4281 734 4347 qudminus,
800 4283 1167 4351 pauldminus,
1221 4292 1580 4360 nihilominus,
1638 4298 2003 4367 multominus,

429 4373 772 4436 tantominus,
794 4377 1184 4442 quantominus,
1213 4383 1513 4449 quominus,
1536 4388 1834 4458 paulo’post,
1861 4391 1998 4445 alid-

2111 3217 2358 3285 legimus.
2383 3217 2504 3270 llaec
2531 3218 2896 3272 tantummodo
2921 3219 2986 3272 de
3014 3219 3099 3273 his
3129 3218 3183 3272 in
3207 3216 3669 3288 Etymologiarum

2107 3322 2321 3360 suarum
2346 3307 2480 3361 libro
2501 3307 2631 3360 dicit
2656 3307 2910 3362 Isidorus.
2935 3307 3234 3363 Pellieanus
3249 3315 3332 3362 est
3356 3308 3471 3360 avis
3498 3305 3665 3375 Egy-

2105 3399 2238 3466 ptia,
2267 3397 2514 3451 habitans
2556 3398 2608 3450 in
2649 3397 2934 3452 solitudine
2983 3397 3086 3451 Nili
3141 3396 3405 3460 ﬂuminis,
3436 3395 3578 3449 unde
3608 3403 3666 3449 et

2105 3504 2299 3544 nomen
2330 3489 2574 3556 sumpsit,
2601 3504 2725 3542 nam
2753 3487 2999 3558 Canopus
3030 3489 3226 3543 dicitur
3245 3485 3522 3558 Egyptus.
3548 3484 3661 3538 Ha-

2105 3589 2297 3634 ctenus
2321 3581 2386 3633 de
2410 3580 2686 3634 vocabuio.
2725 3579 2856 3633 item
2886 3580 3025 3634 idem
3061 3593 3186 3634 cum
3239 3578 3304 3634 de
3353 3577 3669 3631 aromaticis

2104 3675 2387 3729 arboribus
2415 3682 2667 3729 tractaret
2693 3692 2705 3726 :
2737 3673 2943 3738 Cassia,
2967 3673 3159 3741 inquit,
3183 3671 3422 3725 nascitur
3449 3669 3507 3723 in
3525 3668 3664 3722 Ara-

2103 3767 2212 3830 bia,
2233 3766 2383 3834 virga
2417 3763 2618 3818 robusti
2651 3764 2867 3819 corticis
2900 3771 2954 3818 et
2991 3761 3275 3832 purpurei,
3303 3759 3443 3814 foliis
3472 3768 3528 3811 ut
3573 3758 3661 3827 pi-

2104 3854 2247 3924 peris
2281 3872 2293 3906 :
2332 3853 2465 3906 nihil
2492 3853 2737 3922 amplius.
2772 3853 2895 3907 Hinc
2915 3853 3305 3923 qualiacunque
3360 3851 3448 3904 hic
3503 3857 3558 3902 et
3606 3850 3662 3902 in

2105 3943 2360 4000 Psalterio
2425 3959 2492 3996 ex
2544 3943 2704 3997 amici
2754 3943 2914 3998 vestri
2966 3942 3212 4013 languida
3263 3939 3510 4004 scientia,
3538 3953 3670 4007 qua!

2103 4037 2253 4106 quasi
2273 4035 2594 4098 cxtorsistis,
2614 4051 2733 4090 cum
2756 4051 2861 4090 non
2889 4037 3105 4090 obedire
3140 4033 3315 4097 timui,
3343 4031 3385 4086 si
3414 4046 3519 4085 non
3551 4030 3664 4084 dis-

2103 4129 2318 4198 plicent,
2365 4128 2578 4181 interim
2630 4128 3004 4180 assumitezet
3047 4125 3090 4179 si
3140 4113 3266 4193 quid
3313 4121 3464 4175 vobis
3514 4119 3672 4173 aliud

2101 4216 2316 4270 aliunde
2339 4216 2518 4269 verius
2558 4215 2824 4278 illuxerit,
2868 4215 3002 4279 haec,
3051 4228 3251 4282 quaeso,
3301 4219 3505 4274 nostra,
3548 4208 3670 4262 imo

2103 4323 2207 4360 non
2238 4315 2441 4367 nostra,
2473 4306 2570 4360 nisi
2595 4307 2718 4375 quia
2750 4322 2843 4376 per
2877 4319 2973 4360 nos
3011 4301 3534 4371 recensita,.penitus
3556 4301 3661 4352 ab-

2104 4399 2292 4454 radere
2315 4413 2418 4452 non
2450 4397 2726 4464 diﬂ‘eratis,
2759 4414 2825 4452 ne
2859 4396 2996 4452 forte
3018 4395 3243 4465 alicujus
3271 4392 3666 4450 sinceritatem,

429 4460 574 4528 quin,
601 4470 706 4514 etc.
734 4463 2001 4545 Dicimus-propemodum,alphabetum,intersit,
2030 4478 2082 4536 D
2107 4491 2247 4559 quod
2295 4489 2461 4552 absit,
2495 4491 2625 4544 (iant
2665 4460 2931 4544 acescere.
2971 4460 3175 4550 Valete,
3220 4495 3275 4540 et
3318 4483 3468 4538 nobis
3514 4482 3665 4535 inter

431 4548 661 4614 interest,
693 4553 1025 4606 monarchia.
1066 4555 1302 4614 Dicimus
1347 4570 1519 4618 tamen
1567 4571 1865 4635 neoménia,
1891 4588 1998 4625 sce-

429 4640 708 4708 no,ol;¢giu,
739 4653 982 4713 correpta
1013 4648 1330 4717 penultima,
1354 4653 1420 4707 ad
1459 4656 1859 4713 similituiinem
1890 4659 1992 4715 La-

432 4733 664 4787 tinorum
694 4735 989 4803 nominum,
1018 4738 1070 4792 in
1101 4742 1296 4810 quibus
1323 4762 1449 4802 raro
1476 4748 1748 4806 invenitur
1777 4755 1795 4806 i
1834 4770 1994 4809 voca-

2102 4579 2329 4651 Scyllam
2373 4590 2428 4634 et
2453 4580 2758 4635 Charibdim
2787 4578 3188 4650 navigantibus,
3205 4577 3298 4631 sed
3343 4589 3449 4642 prre
3489 4573 3668 4626 nimia

2097 4679 2413 4739 tempestate
2450 4671 2534 4723 vix
2584 4670 2845 4740 remigare
2886 4668 3294 4728 sustinentibus,
3317 4663 3578 4719 orationis
3605 4671 3668 4718 et

2098 4757 2305 4812 consilii
2331 4759 2494 4812 vestri
2521 4774 2682 4812 manu
2715 4758 2994 4813 subvenite
3018 4773 3084 4812 ne
3108 4757 3511 4811 absorbeamur.
