3956 6190
183 325 275 379 109

1230 320 1386 378 νιΤΑ
1421 318 1736 377 ιυῡογιϐι
1768 317 2252 377 ΙΜΡΕΒΑΤΟΜΞ.

3263 327 3362 381 410

184 445 379 489 uratum
408 446 641 494 suorum,
683 445 993 488 omniparens
1038 447 1159 487 eum
1191 432 1435 505 inprimis
1475 434 1718 502 omnipo-
1743 435 1793 495 Α
1818 447 1989 503 neque
2020 433 2232 499 bibens,
2265 434 2371 490 nisi
2394 438 2660 497 modicum
2698 451 2869 508 aquae
2904 438 2952 471 ³⁸
2993 438 3060 495 ad
3088 441 3377 496 recreatio-

186 533 373 581 lentem
394 522 552 576 Deum
574 520 793 593 diligere
812 523 915 578 hac
951 520 967 553 ί
1001 535 1027 564 ει
1048 522 1259 588 timere,
1303 522 1419 578 eius
1442 532 1728 594 praecepta

184 628 389 671 servare
433 610 453 642 ¹
508 611 562 665 in
602 610 852 666 omnibus
880 651 897 676 ,
961 610 1249 668 aecclesias
1289 612 1383 667 Dei
1426 613 1725 682 gubernare

184 719 233 763 et
260 704 552 761 deﬂendere
599 704 620 735 ³
654 720 687 757 a
722 703 904 773 pravis
949 702 1269 761 hominibus.
1303 700 1587 759 Sororibus
1614 703 1724 759 suis

185 811 231 854 et
250 796 494 852 fratribus
518 795 608 865 qui
633 802 788 850 erant
825 802 952 848 natu
998 794 1252 859 iuniores,
1284 803 1340 848 et
1370 794 1649 863 nepotibus
1669 800 1725 847 et

185 889 413 944 omnibus
434 886 746 957 propinquis
776 886 888 941 suis
920 883 1325 940 indeﬁicientem
1362 885 1383 915 ⁸
1423 884 1722 938 misericor-

188 983 308 1037 diam
356 994 569 1049 semper
610 977 893 1032 ostendere
943 976 1231 1046 praecepit.
1291 975 1492 1031 Deinde
1545 991 1723 1031 sacer-

190 1076 317 1128 dotes
336 1072 600 1125 honorare
631 1078 689 1123 ut
710 1076 912 1138 patres,
953 1066 1201 1138 populum
1236 1065 1457 1138 diligere
1478 1077 1536 1123 ut
1563 1067 1722 1133 ﬁlios,

190 1160 426 1230 superbos
476 1167 531 1212 et
580 1156 933 1227 nequissimos
982 1144 1224 1211 homines
1263 1156 1314 1209 in
1354 1157 1492 1210 viam
1539 1156 1724 1211 salutis

189 1258 379 1307 coactos
408 1249 658 1318 dirigere,
703 1247 1079 1301 coenobiorum
1129 1247 1435 1302 consolator
1484 1246 1674 1302 fuisset
1702 1246 1723 1278 ⁵

188 1349 230 1396 et
253 1354 536 1411 pauperum
582 1348 736 1408 pater
772 1332 813 1390 ‘.
862 1335 1071 1391 Fideles
1112 1337 1387 1393 ministros
1414 1344 1468 1392 et
1499 1339 1518 1368 τ
1556 1337 1723 1392 Deum

190 1431 420 1485 timentes
446 1427 813 1490 constitueret,
841 1427 934 1495 qui
977 1441 1201 1482 munera
1248 1426 1445 1485 iniusta
1483 1427 1605 1482 odio
1632 1428 1726 1483 ba-

187 1520 367 1573 berent.
405 1517 622 1574 Nullum
671 1517 739 1572 ab
789 1504 992 1574 honore
1036 1536 1133 1574 suo
1178 1520 1295 1576 sine
1330 1536 1490 1577 causa
1536 1521 1729 1577 discre-

189 1606 325 1662 tionis
365 1607 620 1663 eiecisset
657 1606 701 1672 ⁸,
749 1613 803 1659 et
846 1606 866 1637 '
908 1609 1252 1679 semetipsum
1293 1611 1438 1665 omni
1489 1620 1728 1681 tempore

184 1714 340 1753 coram
362 1699 479 1753 Deo
497 1704 553 1752 et
568 1696 717 1752 omni
741 1697 939 1768 populo
964 1697 1492 1768 inreprehensibilem
1514 1699 1729 1753 demon-

186 1804 334 1846 strare
362 1790 430 1843 ³⁸.
466 1790 754 1860 Postquam
781 1791 913 1845 haec
938 1789 1098 1845 verba
1125 1797 1179 1844 et
1212 1791 1316 1845 alia
1346 1791 1513 1875 multa
1541 1806 1723 1846 coram
1751 1776 1797 1835 Β

187 1880 505 1936 multitudine
553 1879 662 1934 lillo
715 1895 813 1935 suo
862 1880 1167 1935 ostenderet
1229 1881 1272 1912 ¹¹
1305 1921 1321 1947 ,
1382 1882 1729 1952 interrogavit

184 1983 286 2023 eum
313 1969 372 2035 η,
401 1970 454 2025 si
480 1969 736 2024 obediens
764 1968 806 1999 "
828 1968 1082 2023 voluisset
1109 1984 1227 2024 esse
1268 1972 1567 2040 praeceptis
1592 1971 1723 2025 suis.

187 2058 351 2114 Atille
382 2057 689 2128 respondit,
735 2056 961 2112 libenter
987 2057 1224 2124 obedire,
1251 2067 1306 2114 et
1349 2068 1470 2131 cum
1517 2059 1611 2115 Dei
1637 2061 1729 2115 ad-

187 2148 353 2206 iutorio
372 2149 561 2203 omnia
600 2154 906 2220 praecepta,
943 2154 1080 2217 'quae
1114 2149 1457 2207 mandaverat
1478 2150 1524 2205 ei
1554 2158 1724 2220 pater,

186 2240 455 2295 custodire.
489 2239 638 2295 Tunc
662 2240 817 2295 iussit
863 2253 983 2293 eum
1010 2247 1184 2313 pater,
1212 2247 1272 2293 ut
1303 2240 1534 2309 propriis
1560 2240 1730 2294 mani-

188 2330 269 2386 bus
286 2332 551 2387 elevasset
583 2331 626 2361 ¹⁸
655 2346 930 2394 coronam,
959 2346 1095 2400 quae
1134 2340 1249 2386 erat
1278 2348 1437 2401 super
1459 2331 1647 2396 altare,
1674 2338 1730 2386 et
1778 2324 1781 2329 ’

187 2424 321 2492 capiti
342 2437 448 2477 suo
473 2422 754 2491 inponeret
780 2422 848 2475 ob
876 2420 1299 2477 recordationem
1319 2422 1554 2476 omnium
1579 2437 1729 2491 prae-

187 2526 442 2585 ceptorum
467 2531 605 2585 quae
632 2515 979 2569 mandaverat
1006 2516 1056 2569 ei
1091 2524 1264 2585 pater.
1308 2516 1378 2570 At
1424 2516 1513 2571 ille.
1541 2517 1724 2572 iussio-

189 2621 287 2659 nem
311 2605 486 2674 patris
510 2604 767 2676 implevit.
809 2605 959 2671 Quod
985 2604 1184 2660 l‘actum
1214 2604 1279 2671 “‘,
1310 2606 1582 2661 audientes
1603 2607 1730 2662 mis-

188 2712 339 2755 sarum
362 2694 648 2752 Sollemnia
674 2697 720 2727 ¹⁶
742 2697 891 2751 ibant
915 2697 980 2750 ad
1004 2695 1277 2767 palatium.
1304 2694 1564 2750 Sustinuit
1585 2696 1728 2750 enim

188 2786 305 2844 ﬁlius
339 2795 555 2857 patrem
580 2787 754 2841 eundo
798 2794 853 2842 et
896 2787 1180 2848 redeundo,
1228 2786 1479 2855 quamdiu
1516 2803 1635 2842 cum
1665 2803 1731 2842 eo

187 2886 285 2933 erat
312 2879 348 2909 "
398 2878 546 2934 [ilius
582 2878 647 2955 "f.
695 2877 810 2931 Non
862 2886 982 2948 post
1033 2877 1228 2935 multos
1275 2877 1387 2932 dies
1432 2877 1730 2947 magniﬁcis

187 2971 317 3025 donis
336 2978 386 3026 et
420 2970 721 3026 innumeris
744 2970 786 3001 ”
818 2964 1098 3025 honoravit
1136 2983 1258 3022 eum
1298 2976 1451 3037 pater
1488 2982 1635 3030 suus,
1676 2976 1732 3022 et

187 3060 363 3117 dimisit
408 3066 538 3116 eum
600 3060 681 3116 ire
725 3059 1070 3131 Aquitaniam
1108 3057 1175 3112 ".
1224 3056 1522 3127 Antequam
1573 3057 1729 3112 divisi

190 3148 386 3205 fuissent
428 3150 496 3218 ",
527 3120 893 3220 amplexantes
944 3150 1085 3209 enim
1128 3144 1172 3178 ”
1200 3160 1257 3200 se
1304 3156 1361 3200 et
1407 3146 1731 3211 osculantes,
1758 3120 1802 3183 (ἶ

95 3260 101 3273 ·
190 3251 380 3313 propter
400 3240 659 3314 gaudium
685 3240 885 3296 amoris
913 3241 1035 3296 ﬁere
1065 3246 1376 3309 coeperunt.
1424 3238 1517 3292 llle
1556 3253 1735 3309 perre-

190 3332 254 3385 xit
279 3335 327 3387 in
358 3330 728 3403 Aquitaniam,
773 3341 829 3387 et
877 3332 1103 3387 domnus
1143 3330 1189 3362 "
1238 3330 1528 3402 imperator
1567 3332 1735 3387 tenuit

192 3439 387 3495 regnum
414 3433 476 3478 et
528 3439 722 3479 nomen
761 3440 920 3492 suum
972 3422 1284 3487 honoriﬁce,
1330 3421 1733 3493 sicut-dignum

187 3526 302 3571 erat.

245 3608 292 3661 7.
318 3608 617 3680 Postquam
668 3606 823 3661 divisi
876 3604 1108 3669 fuerant,
1158 3604 1387 3659 domnus
1443 3603 1736 3673 imperator

193 3697 299 3754 uihil
322 3698 463 3755 aliud
489 3698 669 3766 ccepit
704 3711 862 3768 agere
885 3688 955 3761 ’⁸,
991 3689 1094 3750 nisi
1119 3694 1172 3750 iu
1196 3694 1526 3753 orationibus
1553 3703 1608 3750 et
1629 3696 1738 3751 ele-

193 3793 386 3849 mosiuis
412 3792 461 3826 "
491 3808 708 3856 vacare,
737 3800 791 3846 et
818 3792 983 3847 libros
1006 3791 1294 3859 corrigere.
1324 3788 1390 3843 Et
1418 3789 1463 3820 ⁸⁵
1485 3794 1738 3863 quattuor

192 3885 435 3956 evangelia
489 3880 730 3949 Christi,
783 3895 921 3951 quae
970 3880 1383 3950 praetitulantur
1428 3880 1473 3911 "
1523 3880 1738 3934 nomine

194 3974 395 4030 llathaei
444 3975 515 4036 ’⁸,
568 3972 754 4037 Marci,
801 3972 979 4031 Lucae
1018 3980 1072 4026 et
1122 3969 1396 4035 Iohannis,
1437 3970 1492 4027 in
1550 3969 1738 4024 ultimo

191 4065 358 4121 ante”
380 4064 565 4122 obitus
589 4063 671 4121 sui
716 4063 857 4118 diem
885 4077 1004 4116 cum
1044 4059 1265 4115 Graecis
1301 4068 1356 4114 et
1402 4057 1540 4114 Siris
1579 4060 1624 4091 ³ο
1648 4075 1739 4130 op-

194 4154 304 4209 time
324 4162 657 4210 correxerat.
695 4152 952 4222 Sequenti
984 4166 1113 4207 vero
1134 4166 1302 4221 anno,
1336 4150 1428 4220 qui
1457 4158 1540 4205 est
1566 4166 1736 4205 anuus

197 4245 327 4313 regni
345 4246 457 4300 eius
477 4244 551 4302 46
578 4242 749 4316 (814),
774 4257 959 4297 mense
980 4228 1227 4301 Ianuario
1253 4240 1459 4310 accepit
1485 4239 1737 4294 domuum

195 4334 553 4403 imperatorem
601 4343 722 4405 post
762 4334 1009 4392 balneum
1049 4331 1320 4392 febris“.
1358 4332 1595 4401 Cumque
1641 4346 1738 4403 per

193 4420 407 4496 singulos
428 4426 549 4483 dies
571 4423 792 4497 languor
811 4423 855 4456 “
869 4423 1279 4495 ingraVesceret.
1294 4419 1429 4477 nihil
1453 4420 1736 4478 comedens

1823 538 1947 578 nem
1967 525 2224 595 corporis,
2249 527 2478 596 scptimo
2505 527 2591 582 die
2624 536 2905 598 postquam
2941 528 3183 586 laborare
3209 530 3372 586 nimis

1820 629 2001 668 secum
2036 615 2081 646 ³⁸
2118 616 2314 685 coepit,
2354 616 2509 671 iussit
2550 616 3020 673 familiarissimum
3065 620 3371 689 pontiﬁcem

1820 719 1973 761 suum
2025 703 2377 760 Hildibaldum
2420 705 2465 736 ³⁵
2505 706 2533 746 δ
2560 702 2742 761 ve'nire
2787 705 2852 760 ad
2897 722 2971 771 se,
3013 716 3072 762 ut
3105 710 3155 763 ei
3192 724 3373 764 sacra-

1771 818 1777 827 -
1819 802 1999 849 menta
2019 794 2278 849 Dominici
2307 796 2548 864 corporis
2572 802 2626 855 et
2653 795 2926 865 sanguinis
2951 796 3224 863 tribueret,
3247 806 3308 852 ut
3325 797 3372 827 “

1819 883 2020 937 exitum
2047 899 2199 938 suum
2229 884 2588 938 conﬁrmaret.
2615 884 2764 949 Quod
2790 884 2989 939 factum
3022 884 3090 949 ³⁷,
3118 885 3375 941 laboravit

1820 973 1874 1028 in
1917 972 2227 1028 inﬁrmitate
2262 974 2402 1028 diem
2424 973 2572 1028 illum
2612 983 2667 1028 et
2704 982 2915 1029 noctem
2954 984 3284 1045 sequentem.
3313 974 3370 1030 ln

1821 1065 2109 1119 crastinum
2155 1081 2304 1131 vero,
2352 1066 2470 1121 luce
2512 1066 2848 1141 adveniente,
2896 1069 3071 1123 sciens
3114 1070 3254 1139 quod
3292 1069 3374 1124 fa-

1823 1162 2007 1207 cturus
2038 1154 2083 1185 ³⁸
2124 1163 2259 1220 erat,
2291 1164 2514 1210 extensa
2554 1171 2716 1210 manu
2759 1156 3002 1221 dextera,
3046 1158 3242 1212 virtute
3270 1172 3375 1227 qua]
3464 1156 3471 1167 “

1823 1253 2046 1312 poterat,
2079 1247 2287 1315 signum
2328 1260 2546 1302 sanctae
2575 1248 2751 1303 crucis
2780 1247 2942 1302 fronti
2983 1249 3296 1318 inprimens,
3323 1257 3381 1304 et

1823 1351 1983 1404 super
2008 1345 2194 1406 pectus
2218 1348 2271 1391 et
2299 1352 2458 1392 omne
2484 1353 2677 1407 corpus
2704 1337 3053 1419 consignavit.
3081 1338 3382 1394 Novissime

1823 1435 1998 1482 autem
2023 1428 2275 1500 colligens
2300 1430 2461 1500 pedes
2503 1445 2647 1495 suos,
2687 1431 2979 1485 extendens
3005 1429 3221 1485 brachia
3250 1430 3293 1462 "
3324 1440 3380 1484 et

1823 1535 2016 1575 manus
2044 1535 2203 1590 super
2230 1537 2445 1591 corpus,
2468 1522 2662 1578 clausit
2687 1523 2869 1579 oculos
2896 1538 3020 1578 suos
3047 1521 3113 1588 ‘°,
3141 1522 3376 1591 psallens

1825 1609 1967 1664 hunc
1992 1626 2203 1666 versum
2229 1612 2451 1667 leniter:
2481 1613 2547 1667 In
2568 1631 2751 1668 manus
2771 1614 3163 1678 tuas,,Domine,
3179 1612 3222 1644 ⁸¹
3242 1629 3381 1666 com-

1825 1702 2008 1755 mendo
2036 1703 2271 1773 sp’ritum
2295 1720 2464 1757 meum
2490 1714 2538 1757 ο.
2585 1702 2775 1757 Statim
2825 1709 2945 1773 post
2972 1703 3105 1758 haec
3145 1702 3199 1756 in
3229 1716 3381 1756 sene-

1824 1798 1967 1846 ctute
1995 1792 2132 1845 bona
2164 1791 2353 1861 plenus
2398 1793 2602 1847 dierum
2649 1792 2886 1861 perrexit
2937 1792 2990 1845 in
3039 1806 3208 1861 pace:
3262 1791 3378 1861 ipso

1824 1882 2119 1951 eodemque
2146 1881 2191 1914 ⁸³
2237 1883 2323 1938 die
2359 1884 2633 1938 humatum
2678 1891 2761 1938 est
2801 1898 2998 1954 corpus
3026 1883 3140 1937 eius
3178 1882 3233 1936 in
3263 1897 3359 1937 acc
3422 1928 3435 1947 ,

1826 1973 2008 2039 clesia,
2042 1989 2202 2044 quam
2228 1974 2341 2045 ipse
2361 1975 2793 2029 construxerat“
2821 1975 3139 2044 Aquisgrani
3159 1974 3380 2044 palatio,

1826 2064 1967 2118 auiio
2003 2065 2194 2119 aetatis
2218 2080 2345 2119 suae
2374 2064 2462 2130 72,
2496 2064 2781 2119 indictione
2812 2064 3051 2133 septima.

1895 2154 1947 2209 8.
1977 2153 2104 2208 Post
2133 2154 2335 2209 obitum
2365 2154 2732 2226 gloriosissimi
2760 2154 3050 2223 supradicti
3076 2153 3119 2185 ⁸⁸
3150 2168 3383 2223 -mpera-

1826 2244 1959 2299 toris
1998 2244 2177 2299 Karoli
2217 2246 2455 2315 perrexit
2480 2244 2524 2296 ‘t‘
2551 2245 2690 2300 ﬁlius
2714 2246 2828 2299 eius
2855 2243 2901 2276 ⁸⁸
2946 2244 3289 2300 Hludotricus
3317 2247 3391 2299 de

1824 2334 2063 2403 partibus
2087 2334 2429 2404 Aquitaniae,
2469 2336 2617 2391 venit
2653 2336 2697 2367 ⁸⁷
2737 2335 3057 2404 Aquisgrani
3104 2335 3384 2405 palatium,

1825 2433 1880 2478 et
1900 2426 2119 2495 suscipit
2140 2425 2184 2457 ⁸⁸
2207 2426 2386 2482 omnia
2432 2442 2595 2498 regna
2639 2442 2775 2496 quae
2805 2426 3023 2481 tradidit
3066 2414 3204 2480 Deus
3248 2426 3385 2495 patri

1826 2529 1924 2569 suo
1955 2516 2071 2569 sine
2092 2515 2198 2569 ulla
2222 2516 2645 2571 contradictione
2672 2516 2738 2569 ⁸⁹.
2770 2516 2871 2584 Qui
2894 2523 2978 2570 est
3001 2530 3173 2570 annus
3209 2516 3389 2570 incar-

1828 2606 2061 2661 nationis
2092 2606 2301 2661 Domini
2351 2604 3102 2677 octingentcsimus.decimus
3141 2612 3385 2674 quartus,

1828 2697 1918 2766 qui
1945 2705 2027 2753 est
2050 2699 2256 2767 primus
2292 2714 2462 2752 annus
2500 2698 2647 2768 regni
2684 2697 2820 2752 eius.
2851 2696 2981 2751 Post
3004 2704 3208 2765 patrem
3249 2695 3390 2750 sedit

1829 2787 1884 2840 in
1912 2788 2214 2859 supradicto
2234 2787 2446 2855 palatio,
2472 2795 2526 2842 et
2554 2787 2797 2855 inprimis
2821 2800 2941 2839 cum
2987 2783 3214 2836 maxima
3237 2783 3281 2813 '°
3310 2782 3392 2837 fe-

1830 2877 2117 2931 stinatione
2147 2876 2301 2929 iussit
2338 2875 2619 2929 ostendere
2645 2874 2745 2929 sibi
2774 2888 2959 2945 omnes
2980 2873 3260 2927 thesauros
3294 2887 3359 2940 pa

1832 2968 1930 3021 tris
1957 2967 2010 3020 in
2036 2950 2187 3030 auro,
2216 2966 2269 3019 in
2306 2974 2546 3035 argento,
2574 2965 2625 3019 in
2672 2964 2896 3035 gemmis
2925 2961 3383 3031 praeciosissimis,

1831 3066 1887 3113 et
1914 3056 1969 3112 in
1994 3057 2528 3128 omnisuppellectili.
2562 3057 2717 3111 Dedit
2742 3056 3016 3111 sororibus
3040 3057 3153 3111 suis
3174 3063 3380 3125 partem

1833 3165 2017 3205 earum
2049 3150 2091 3181 '“
2116 3151 2337 3219 legalem
2381 3151 2444 3213 ⁸⁸,
2474 3160 2529 3204 et
2564 3149 2817 3219 quicquid
2848 3156 3202 3213 remanserat,
3242 3148 3390 3203 dedit

1832 3258 1929 3312 pro
1955 3242 2132 3296 anima
2164 3242 2352 3311 patris.
2398 3240 2682 3295 Maximam
2721 3249 2927 3312 partem
2974 3239 3208 3295 thesauri
3244 3240 3392 3294 misit

1833 3333 2058 3388 Romam
2085 3332 2411 3400 temporibus
2449 3331 2587 3385 beati
2606 3329 2805 3387 Leonis
2843 3344 3027 3400 papae,
3058 3337 3113 3384 et
3138 3328 3387 3399 quicquid

1832 3436 1993 3490 super
2033 3422 2134 3476 hoc
2173 3427 2525 3483 remanserat,
2574 3421 2941 3475 sacerdotibus
2965 3428 3021 3474 et
3045 3419 3389 3489 pauperibus,

1834 3512 2071 3579 advenis,
2119 3512 2313 3577 viduis,
2360 3511 2564 3569 orfanis
2603 3512 2668 3580 ⁸³,
2718 3512 2898 3568 omnia
2934 3511 3226 3577 distribuit,
3268 3511 3383 3566 uibi

1833 3602 1935 3658 sibi
1983 3618 2263 3659 reservans
2307 3612 2520 3672 praeter
2561 3618 2797 3658 mensam
2844 3618 3005 3659 unam
3055 3610 3387 3673 argenteam,

1834 3709 1972 3764 quae
2007 3693 2267 3751 triformis
2302 3702 2403 3758 est,
2445 3694 2498 3748 in
2529 3695 2745 3748 modum
2773 3692 2818 3725 ⁵⁸
2858 3693 3011 3764 quasi
3054 3700 3165 3746 tres
3201 3690 3388 3759 Clippt'i

1834 3786 1890 3840 in
1919 3801 2083 3845 unum
2106 3785 2374 3840 coniuncti
2399 3802 2413 3850 ;
2451 3786 2621 3854 ipsam
2663 3786 2763 3840 sibi
2810 3784 3029 3840 retinuit
3053 3783 3122 3837 ob
3153 3795 3389 3836 amorem

1832 3877 2020 3946 patris,
2052 3884 2107 3931 et
2135 3885 2310 3931 tamen
2344 3890 2463 3932 eam
2489 3876 2596 3931 alio
2634 3875 2848 3946 praecio
2873 3874 3101 3932 redemit
3126 3870 3266 3942 quod
3295 3885 3393 3940 pro

1834 3973 1986 4036 patre
2006 3965 2243 4019 tradidit.
2320 3980 2321 3983 ‘

1904 4055 1956 4109 9.
1987 4053 2097 4111 Hoc
2124 4053 2358 4122 facta",
2379 4061 2537 4124 negati
2556 4062 2813 4108 venerunt
2831 4054 2899 4109 ad
2921 4068 3042 4108 eum
3061 4069 3127 4110 ex
3146 4057 3392 4112 omnibus

1838 4143 2017 4215 regnis
2044 4151 2099 4200 et
2125 4144 2435 4221 provinciis,
2462 4143 2662 4199 exteris
2696 4142 2740 4175 ⁸⁸
2772 4143 3097 4213 nationibus,
3132 4153 3186 4200 et
3205 4160 3392 4202 omnes

1834 4235 1924 4303 qui
1957 4234 2055 4289 sub
2086 4226 2287 4289 ditione
2307 4242 2462 4294 erant
2483 4232 2653 4305 patris
2672 4232 2773 4299 sui,
2795 4234 3108 4290 nunciantes
3127 4250 3310 4306 pacem
3337 4245 3394 4293 et

1835 4324 1994 4381 ﬁdem
2045 4332 2171 4398 erga
2213 4340 2334 4380 eum
2388 4324 2697 4389 observare,
2740 4332 2797 4378 et
2840 4332 3192 4394 spontaneum
3238 4328 3393 4383 obse-

1834 4418 2019 4493 quium
2047 4433 2152 4473 non
2190 4416 2361 4473 coacti
2390 4415 2700 4472 obtulerunt
2739 4415 2805 4470 ⁸⁷.
2831 4409 2975 4471 Inter
3004 4431 3139 4486 quos
3160 4417 3206 4450 ⁸⁸
3235 4434 3385 4474 vene

1384 4532 1766 4595 VARIANTES
1798 4530 2193 4591 LECTIONES.

256 4633 272 4661 ¹
310 4646 372 4688 ac
412 4627 471 4685 2.
514 4630 569 4685 '5.
626 4635 681 4686 et
721 4627 775 4683 4.

192 4704 221 4754 ὃ
270 4701 402 4756 deest
446 4701 504 4755 2.
552 4698 608 4755 4.
706 4698 729 4730 '
759 4705 814 4752 et
857 4692 1164 4766 pauperum
1195 4708 1333 4766 esse.
1379 4692 1589 4766 Fideles
1622 4692 1694 4766 ‘4.

180 4770 296 4829 ,ιΙίιε
341 4772 395 4825 2.
457 4762 873 4825 demonstraret
909 4762 980 4820 δῖ
1015 4766 1069 4823 4.

883 4624 904 4657 ⁸
954 4624 1252 4701 praeceptis
1298 4636 1526 4701 set-gare.
1543 4623 1591 4676 t.

1171 4765 1212 4795 “
1259 4763 1569 4819 ostenderat
1614 4760 1650 4817 2
1681 4762 1819 4816 —4.

1699 4622 1721 4654 ⁸
1755 4620 2037 4726 defendere
2085 4623 2280 4726 28
2381 4626 2403 4656 ⁸
2433 4623 2835 4726 ἐπάθίξοίθηξιῖξιι
2868 4622 3110 4726 εό-βη
3147 4624 3199 4725 i:
3250 4634 3395 4726 esset

1846 4701 1904 4747 ut
1959 4693 2008 4748 1.
2110 4695 2132 4726 ⁸
2172 4696 2392 4750 eiiceret
2433 4695 2626 4750 2—4.
2663 4744 2665 4746 .
2720 4694 2741 4726 ’
2767 4695 2901 4749 deest
2921 4693 2975 4749 2.
2995 4690 3050 4747 4.
3147 4693 3189 4725 ³⁸
3216 4704 3395 4749 custo-

1921 4764 1963 4834 ⁸1
1988 4764 2127 4822 deest
2153 4763 2207 4823 4.
2305 4764 2344 4798 ¹³
2388 4766 2438 4819 ei
2483 4765 2536 4819 5.
2634 4764 2677 4797 ³⁸
2704 4765 2936 4820 elevaret
2982 4765 3038 4818 2.
3070 4756 3125 4816 4.
3214 4760 3258 4795 ⁸⁸
3286 4780 3395 4834 quo

195 4839 319 4911 facto
346 4841 399 4896 4.
476 4840 520 4911 f9
546 4836 919 4911 solempnia_2.
941 4836 1012 4911 δ.
1027 4832 1349 4911 sole_mnia_4.
1430 4833 1471 4863 "
1490 4826 1680 4911 fuerat
1916 4832 1960 4911 ’ξ
1989 4835 2311 4911 quamdiuc.
2338 4851 2388 4911 e.
2412 4852 2460 4889 e.
2487 4834 2627 4911 ﬁlius
2654 4835 2792 4911 deest
2820 4834 2923 4911 2.__
2951 4834 2992 4866 ¹⁹
3018 4826 3395 4911 et_innuméri_s

195 4909 318 4964 deest
343 4911 399 4964 4.
473 4904 518 4941 ⁸ο
544 4910 601 4969 in
632 4901 959 5031 aqtiitaniam
983 4903 1174 4966 2—4.
1251 4904 1292 4939 “
1322 4910 1503 4957 essent
1532 4901 1584 4955 4.
1662 4902 1711 4933 "
1743 4903 1884 4956 deest
1925 4904 1980 4957 2.
2005 4901 2073 4957 ’4.
2150 4905 2195 4935 ³³
2222 4906 2470 4961 dominus
2507 4905 2561 4957 4.
2601 4905 2810 4973 smptus.
2886 4901 2933 4935 ’⁸
2971 4903 3209 4972 cogitare
3251 4904 3394 4972 cepit

200 4979 287 5031 nisi
315 4980 648 5031 orationibus
709 5018 725 5031 .
801 4977 848 5008 “
879 4972 1442 5031 eleemosvnis2—4.
1517 4972 1561 5002 ²⁶
1593 4986 1714 5026 nam
1736 4981 1791 5025 et
1826 4972 1880 5025 2.
1909 4990 2032 5028 nam
2058 4973 2112 5027 4.
2188 4976 2231 5007 "
2268 4974 2607 5031 intitulantur
2629 4974 2684 5026 2.
2708 4972 2761 5025 4.
2834 4968 2880 5004 ’⁸
2912 4973 3168 5027 matthaei
3195 4970 3389 5025 2q—4.

200 4979 287 5033 nisi
315 4980 648 5035 orationibus

198 5047 235 5076 ”
262 5058 380 5105 ante
398 5051 537 5103 deest
565 5049 616 5101 1.
721 5047 765 5080 ³ο
796 5047 936 5104 stris
964 5042 1141 5105 2—4.
1245 5042 1287 5073 ³¹
1318 5043 1356 5096 l.

721 5047 765 5080 ³ο
796 5047 936 5112 syris
964 5041 1141 5106 2—4.
1245 5042 1287 5073 ³¹
1318 5043 1356 5096 l.
1381 5058 1435 5112 p.
1458 5042 1512 5097 b.
1536 5041 1590 5096 4.

801 4977 848 5008 “
879 4972 1442 5032 eleemosvnis2—4.
1517 4972 1561 5002 ²⁶
1593 4986 1714 5026 nam
1736 4981 1791 5025 et
1826 4972 1880 5025 2.
1909 4990 2032 5028 nam
2058 4973 2112 5027 4.
2188 4976 2231 5007 "
2268 4974 2607 5031 intitulantur
2629 4968 2684 5026 2.
2708 4972 2761 5025 4.
2834 4968 2880 5004 ’⁸
2912 4968 3168 5027 matthaei
3195 4968 3389 5025 2.44.

1108 4990 1442 5044 yntsz—a.
1593 4990 1714 5026 nam
1736 4990 1791 5025 et
1826 4990 1880 5025 Ζ.
1909 4990 2032 5028 nam
2058 4990 2112 5027 4.
2189 4990 2227 5007 "
2268 4990 2607 5031 inmutantur
2629 4990 2684 5026 z.
2708 4990 2761 5025 4.
2835 4990 2880 5004 -σ
2912 4990 3168 5027 mattnaet
3196 4990 3317 5025 ῑ-
3336 4990 3389 5025 4.

1108 5045 1141 5098 1.
1245 5042 1287 5073 ³⁸
1318 5043 1356 5096 l.
1381 5058 1435 5103 ι).
1458 5042 1512 5097 1).
1536 5041 1590 5096 4.
1679 5042 1724 5074 ³²
1753 5041 2029 5103 laboribus
2048 5044 2102 5103 4.
2176 5044 2222 5076 ³³
2248 5056 2411 5103 atque
2446 5044 2496 5096 1.
2572 5042 2619 5073 ⁸⁸
2638 5058 2692 5095 n.
2716 5057 2761 5096 s.
2790 5042 2927 5095 deest
2954 5041 3147 5095 2—4.
3222 5041 3269 5073 ³³
3296 5040 3395 5094 hil-

200 5102 610 5188 mundanae.
636 5102 1048 5188 hiitibaldum4.
1114 5112 1170 5188 _"
1198 5112 1339 5188 era.
1382 5102 1446 5143 ἰτ
1470 5126 1575 5188 quo
1600 5111 1756 5188 facto
1782 5109 1941 5188 5._4._
1991 5102 2273 5188 “futurus
2302 5102 2366 5188 ξ.
2427 5111 2867 5188 geni-acnuam
2892 5110 2945 5188 ζ.
3025 5108 3070 5188 ξς
3096 5109 3235 5188 deest
3255 5110 3312 5188 ξ.
3340 5108 3392 5162 2.

199 5182 244 5237 ιι.
312 5189 355 5218 ⁸⁸
383 5184 519 5243 deest
552 5187 605 5246 4.
680 5178 724 5218 ⁸⁸
751 5188 971 5256 ipsoque
989 5183 1079 5256 die
1102 5180 1156 5235 4.
1232 5180 1276 5256 ⁸³
1305 5178 1522 5256 ἔθευ-ί.
1667 5182 1807 5235 deest
1833 5182 1968 5256 3.4.
2044 5184 2091 5216 ⁸⁸
2114 5186 2271 5256 venit
2295 5184 2350 5241 2.
2424 5181 2469 5214 ⁸⁸
2491 5181 2529 5236 f.
2565 5182 2688 5256 eius
2732 5180 2869 5234 deest
2895 5180 2949 5235 4.
3022 5180 3066 5210 ⁸⁷
3096 5180 3233 5256 deest
3252 5178 3306 5232 2.
3338 5189 3393 5256 gl

204 5257 332 5326 venit
360 5260 427 5326 ί.Δ
450 5244 785 5326 veniensjue'
813 5255 866 5326 5.
884 5244 903 5252 ’
960 5244 1026 5326 ⁸ξᾷ
1048 5250 1279 5326 Suscepit
1302 5249 1495 5326 2_—_4.

1603 5248 1646 5281 ⁸⁹
1675 5253 2071 5309 contradicione
2100 5257 2153 5310 1.

2251 5255 2295 5287 ⁸⁰
2320 5246 2617 5323 magna?»
2669 5265 2859 5323 magna
2907 5265 3042 5323 corr,
3080 5248 3311 5323 max_im_a
3336 5247 3388 5307 2.

203 5324 236 5354 “
250 5327 382 5380 deest
414 5320 464 5381 1.
537 5324 581 5358 ⁸⁸
600 5316 825 5397 regalem
852 5325 905 5397 ξ».
930 5392 947 5397 Δ
984 5322 1029 5353 ⁸³
1049 5330 1104 5376 et
1125 5316 1375 5397 orphanis
1387 5316 1812 5397 §.o_rphanisque
1836 5319 1887 5373 4.
1963 5325 2087 5397 “in,
2103 5325 2278 5380 medio
2299 5316 2453 5397 214."
2504 5316 2551 5354 “
2563 5316 2835 5376 factum'2.
2854 5392 2867 5397 _
2911 5319 2956 5351 ”
2967 5329 3023 5373 et
3046 5318 3241 5397 ceteris
3263 5316 3395 5397 5.7et

202 5408 259 5446 ex
286 5397 478 5449 agt-gris
511 5397 565 5450 2.
588 5396 641 5449 4,
659 5389 685 5397 ⁷
714 5397 757 5428 ⁸⁷
786 5394 876 5463 qui
923 5392 1131 5448 fuerant
1155 5391 1251 5444 sub
1266 5389 1434 5464 patris
1461 5389 1494 5443 d
1515 5389 1687 5464 ctione
1711 5404 1894 5464 pacem
1933 5396 2247 5451 nunciantes
2264 5402 2317 5448 et
2345 5395 2501 5449 ﬁdem
2522 5407 2646 5464 erga
2672 5406 2793 5445 eum
2820 5392 3164 5445 observantes
3185 5396 3400 5458 sponta:

208 5478 355 5518 neum
385 5468 694 5537 obsequium
723 5456 1033 5523 obtulerunt
1069 5476 1172 5515 non
1205 5456 1374 5515 coacti
1398 5456 1450 5510 2.
1527 5457 1571 5489 "’
1601 5472 1692 5513 eos
1708 5460 1763 5511 2.
1794 5457 1848 5511 4.

1687 5546 1916 5603 NOTAE.

275 5652 299 5680 ⁸
321 5647 375 5702 III
395 5660 493 5711 est,
513 5664 595 5703 ac.

279 5718 303 5763 ι’
324 5719 705 5782 (ἷυΙΟηὶεηδειη.

1784 5640 1833 5707 D
1923 5651 1943 5678 σε
1973 5640 2127 5695 Lucae
2160 5652 2313 5701 xxnt,
2347 5635 2445 5700 l6;
2482 5644 2536 5692 et
2568 5604 2764 5690 Psalm.
2792 5646 2894 5691 xxx
2926 5674 2941 5699 ,
2969 5631 3021 5691 6.
