3956 6190
166 342 246 394 ll?»
1098 398 1101 403 ,
1230 346 1382 402 νιτΑ
1422 349 1736 407 LUDOVlCl
1775 353 2022 409 IMPERA
2031 354 2230 415 TOBIS

3238 366 3339 422 4l4

221 455 301 506 l7.
336 452 520 508 Postea
566 453 800 523 pontifex
844 456 1125 510 honoravit
1148 474 1268 512 eum
1302 461 1696 545 magnis'hono-
1720 470 1768 525 Α
1796 465 1862 519 ad
1886 466 2166 522 ecclesiam
2196 481 2507 539 perrexerat
2552 488 2713 530 causa
2742 477 3018 542 orationis,
3064 476 3217 536 ﬂexis
3244 498 3340 553 geo

161 546 294 598 ribus
321 551 377 597 ct
407 542 598 607 multis,
626 552 681 596 et
708 544 941 613 reginam
962 545 1344 618 lrmingardam
1376 551 1418 613 ¹,
1441 560 1493 605 et
1508 542 1695 607 Omnes

161 632 429 701 optimates
453 639 505 685 et
546 626 820 686 ministros
846 634 981 688 eius.
1032 634 1099 689 Et
1128 636 1179 689 in
1213 639 1452 707 proxima
1481 641 1565 695 die
1602 642 1695 696 do-

163 724 339 777 minica
363 723 415 776 in
437 723 664 777 ecclesia
694 732 816 778 ante
840 725 1122 779 missarum
1162 727 1468 798 sollempnia
1511 746 1691 786 coram

163 814 288 867 clero
331 821 385 866 et
428 812 572 866 omni
616 813 809 881 populo
854 817 1191 892 consecravit
1232 831 1373 884 eum,
1420 830 1474 873 et
1512 822 1697 875 uncxit

165 922 266 958 eum
297 908 317 935 ³
341 907 406 959 ad
450 907 823 976 imperatorem
852 950 866 975 ,
896 920 951 963 et
989 926 1240 966 coronam
1282 929 1495 968 auream
1526 916 1695 972 mirae

169 996 548 1066 pulchritudinis
578 1014 696 1051 cum
751 999 772 1030 ³
810 1000 1248 1069 praetiosissimis
1283 1005 1505 1072 gemmis
1533 1022 1693 1061 orna-

172 1101 287 1151 tam,
335 1105 495 1158 quam
526 1106 706 1144 secum
747 1092 1125 1160 adportaverat
1163 1096 1205 1158 ⁸,
1254 1096 1427 1163 posuit
1475 1111 1635 1166 super
1669 1099 1691 1130 ⁵

172 1188 301 1247 caput
338 1179 477 1234 eius.
552 1179 619 1232 Et
665 1180 1048 1248 lrmingardam
1087 1182 1107 1212 ‘
1136 1183 1367 1253 reginam
1409 1185 1695 1253 appellavit

170 1273 448 1340 Angustam,
490 1281 546 1326 et
571 1273 749 1341 posuit
791 1288 1042 1327 coronam
1086 1290 1303 1328 auream
1343 1290 1501 1345 super
1534 1286 1694 1346 caput

166 1362 272 1413 eius.
293 1360 554 1427 Quamdiu
583 1363 652 1415 ibi
675 1372 790 1417 erat
824 1365 843 1395 ⁷
876 1364 1214 1419 beatissimus
1236 1381 1391 1433 papa,
1434 1368 1648 1422 cottidie
1667 1368 1689 1400 ⁸

166 1449 452 1519 colloquium
495 1451 764 1505 habebant
786 1453 851 1512 de
879 1452 1105 1507 utilitate
1131 1461 1347 1509 sanctae
1377 1455 1466 1510 Dei
1493 1455 1694 1511 accele-

161 1542 264 1595 εἴθε.
316 1541 604 1611 Postquam
629 1543 650 1573 ⁹
681 1544 908 1598 domnus
937 1544 1225 1614 imperator
1251 1561 1372 1600 eum
1411 1547 1694 1602 honoravit

162 1632 337 1701 magnis
378 1640 437 1685 et
487 1632 776 1686 innumeris
828 1634 1001 1698 donis,
1062 1634 1341 1703 tripliciter
1380 1644 1435 1690 et
1463 1636 1691 1705 amplius

158 1736 288 1788 quam
307 1722 633 1791 suscepisset
656 1721 723 1777 ab
744 1738 830 1787 eo,
859 1722 999 1778 sicut
1045 1739 1257 1793 semper
1279 1724 1481 1780 solebat
1507 1742 1686 1797 agere,

158 1811 295 1881 tangis
320 1812 454 1865 dare
480 1827 640 1881 quam
674 1813 937 1882 accipere,
962 1813 1161 1868 dimisit
1195 1830 1315 1869 eum
1355 1816 1433 1871 ire
1463 1816 1686 1871 Romam
1715 1805 1763 1864 Β

153 1916 248 1953 tum
276 1899 464 1971 legatis
493 1902 622 1964 suis,
656 1902 848 1972 quibus
872 1905 1140 1974 praecepit
1169 1907 1363 1978 ubique
1401 1908 1455 1962 in
1495 1908 1688 1964 itinere

152 2005 231 2043 suo
249 1990 528 2045 honestum
553 1993 828 2047 servitium
854 1995 1131 2050 exhibere.
1192 2058 1198 2063 _

209 2081 284 2135 l8.
306 2079 601 2151 Postquam
638 2082 863 2137 Romam
893 2084 1059 2148 venit,
1086 2101 1192 2139 non
1215 2095 1335 2156 post
1359 2088 1554 2143 multos
1575 2090 1689 2144 dies

151 2171 462 2239 supradictus
489 2188 623 2242 papa
664 2173 796 2227 obiit
842 2174 1007 2244 (8H).
1058 2175 1401 2230 Postmodum
1426 2178 1466 2208 ¹⁰
1495 2178 1689 2235 claruit

150 2261 222 2315 Dei
249 2263 681 2318 manifestatione
704 2264 757 2317 in
787 2247 1057 2321 nonnullis
1087 2267 1379 2331 miraculis,
1403 2270 1542 2338 quod
1575 2269 1687 2339 ipse

147 2361 240 2406 erat
275 2354 464 2407 vivens
512 2370 672 2409 verus
716 2354 808 2408 Dei
856 2355 1049 2410 cultor.
1095 2354 1222 2412 Post
1261 2373 1382 2412 eum
1432 2359 1688 2415 successit

149 2442 386 2499 Paschalis
419 2460 561 2514 papa
590 2458 639 2498 ι.

200 2532 273 2586 19.
300 2533 426 2589 lude
458 2544 734 2590 revertens
768 2536 994 2591 domnus
1026 2539 1313 2609 imperator
1332 2541 1476 2595 venit
1492 2540 1687 2611 Aquis-

147 2626 269 2693 grani
297 2626 556 2695 palatium
581 2628 648 2681 ad
678 2630 856 2683 sedem
879 2642 1050 2685 suam;
1077 2632 1318 2687 Pellebat
1346 2634 1488 2687 enim
1514 2634 1579 2687 dc
1601 2634 1687 2688 die

147 2715 189 2767 in
213 2716 335 2770 diem
363 2718 421 2771 in
460 2718 499 2748 ⁸⁸
535 2717 824 2774 virtutibus
874 2722 1067 2786 sacris,
1114 2716 1254 2792 quod
1299 2723 1562 2793 prolixum
1601 2732 1685 2779 est

145 2822 456 2864 enumerare.
509 2809 638 2864 Erat
660 2812 702 2841 ι’
730 2812 874 2866 enim
923 2820 1129 2868 statura
1178 2815 1471 2879 mediocri,
1515 2815 1686 2871 oculis

146 2903 325 2970 magnis
360 2911 419 2956 et
447 2902 634 2968 claris,
664 2906 814 2960 vultu
847 2907 1043 2973 lucido,
1074 2925 1204 2963 naso
1240 2909 1395 2979 longo
1433 2918 1488 2964 et
1514 2920 1683 2973 recto,

143 2989 274 3045 labiis
301 2992 342 3022 "
367 3007 476 3046 non
502 2993 665 3048 nimis
706 2995 885 3050 densis
911 3013 1010 3051 nec
1054 2997 1213 3053 nimis
1253 2999 1426 3053 tenuis
1459 2998 1522 3065 ²⁸,
1556 2984 1683 3055 forti

143 3097 348 3156 pectore,
391 3091 628 3160 scapulis
669 3092 811 3156 latis,
859 3093 1092 3148 brachiis
1138 3092 1465 3159 lbrtissimis,
1508 3095 1582 3149 ita
1623 3102 1683 3149 ut

141 3178 294 3234 nullus
329 3181 377 3235 ei
424 3181 477 3234 in
506 3197 635 3237 areu
665 3183 749 3237 vel
787 3182 976 3243 lancea
1016 3185 1321 3255 sagittando
1349 3185 1392 3216 ¹⁸
1428 3187 1681 3257 aequipe-

143 3271 303 3325 rare"
345 3280 567 3342 poterat
615 3273 655 3303 ⁸⁷
692 3291 706 3326 :
738 3275 988 3330 manibus
1035 3275 1224 3347 longis,
1278 3277 1456 3348 digitis
1498 3278 1683 3345 rectis,

140 3357 262 3414 tibiis
300 3361 477 3433 longis
512 3371 570 3416 et
612 3363 681 3417 ad
729 3379 1031 3420 mensuram
1078 3366 1306 3437 graciles
1354 3367 1419 3431 ⁸³,
1462 3369 1684 3439 pedibus

141 3448 304 3519 longis,
360 3467 500 3507 voce
548 3453 708 3507 virili.
753 3454 955 3526 Lingua
1001 3471 1193 3527 graeca
1219 3465 1296 3512 'et
1338 3457 1501 3513 latina
1531 3459 1683 3515 valde

138 3540 373 3607 eruditus,
404 3542 500 3595 sed
526 3558 772 3613 graecam
797 3543 988 3599 melius
1011 3544 1053 3575 ¹⁹
1082 3544 1386 3616 intellegere
1409 3547 1452 3576 ¹⁰
1472 3554 1683 3615 poterat

138 3642 273 3694 quam
298 3629 477 3700 loqui;
519 3630 737 3686 latinam
770 3633 813 3662 "
839 3648 969 3688 vero
992 3633 1130 3689 sicut
1162 3635 1459 3690 naturalem
1485 3651 1683 3706 aequa-

138 3718 242 3773 liter
265 3721 412 3793 loqui
436 3732 652 3793 poterat
676 3725 743 3778 ".
783 3723 1011 3780 Sensum
1040 3741 1170 3780 vero
1196 3727 1250 3780 in
1272 3726 1520 3781 omnibus
1549 3728 1682 3781 scri-

137 3811 284 3874 pturis
315 3807 617 3883 spiritalem
638 3824 693 3867 et
716 3815 993 3878 moralem,
1019 3830 1119 3870 nec
1140 3832 1246 3870 non
1268 3825 1323 3870 et
1340 3831 1611 3889 anagogen
1633 3817 1679 3848 ’³

136 3905 312 3973 optime
336 3918 567 3963 noverat
591 3909 657 3963 ’⁸.
702 3909 914 3965 Poetica
955 3910 1192 3965 carmina
1219 3910 1434 3981 gentilia
1461 3925 1598 3981 quae
1628 3912 1683 3965 in

138 3992 391 4053 iuventute
417 3999 700 4061 didicerat,
732 3996 954 4069 respuit,
990 4016 1091 4056 nec
1129 4001 1326 4071 legere,
1356 4015 1455 4055 nec
1477 4002 1681 4066 audire,

140 4100 225 4139 nec
244 4089 437 4145 docere
463 4090 512 4121 ’⁸
548 4091 732 4145 voluit.
767 4092 895 4146 Erat
921 4092 966 4122 ’⁸
990 4090 1148 4146 fortis
1180 4092 1236 4146 in
1268 4090 1520 4146 membris
1548 4094 1681 4158 suis,

136 4175 272 4244 agilis
295 4188 348 4233 et
370 4179 601 4250 impiger
621 4181 688 4245 ’7,
715 4182 900 4255 tardus
923 4182 989 4236 ad
1017 4181 1351 4237 irascendum
1374 4195 1427 4236 et
1447 4181 1492 4212 ³⁸
1514 4181 1688 4238 facilis

136 4264 195 4318 ad
222 4268 605 4324 miserandum.
633 4271 889 4338 Quotiens
911 4288 1067 4328 mane
1089 4274 1143 4327 in
1170 4274 1479 4328 cottidianis
1496 4274 1687 4330 diebus

1793 557 1952 611 nibus
1971 556 2144 613 fronte
2163 560 2333 630 tetigit
2356 562 2739 632 pavimentum,
2763 567 3032 622 humiliter
3051 569 3138 623 ditt
3159 586 3340 631 orans.

1793 643 2077 713 aliquando
2104 663 2223 701 cum
2261 649 2532 716 lacrimis;
2560 661 2614 707 et
2643 655 2889 711 omnibus
2916 659 3153 714 moribus
3189 662 3346 717 bonis

1792 750 2004 805 semper
2029 748 2269 793 ornatus.
2308 739 2364 793 In
2390 750 2592 796 tantum
2635 744 2834 816 largus,
2864 757 2921 801 ut
2965 757 3118 804 antea
3160 768 3259 807 nec
3288 769 3340 808 tu

1791 827 2025 896 antiquis
2051 828 2202 884 libris
2244 846 2343 884 nec
2368 832 2413 863 7’
2440 835 2709 889 modernis
2739 840 3063 906 temporibus
3104 843 3341 897 auditum

1791 928 1893 981 est,
1922 927 1980 972 ut
2006 919 2153 973 villas
2185 922 2378 990 regias,
2407 939 2545 992 quae
2587 935 2743 981 erant
2781 930 2948 996 patris
2982 929 3026 961 '°
3066 932 3148 985 sui
3172 942 3226 987 et
3257 934 3342 988 avi

1789 1016 1844 1062 et
1871 1009 2069 1072 tritavi,
2102 1009 2341 1066 ﬁdelibus
2368 1014 2479 1067 suis
2502 1016 2719 1069 tradidit
2746 1032 2837 1071 eas
2859 1019 2911 1071 in
2953 1023 3340 1087 possessionem

1790 1100 2167 1168 sempiternam
2198 1100 2265 1165 '7,
2304 1111 2358 1156 et
2384 1114 2665 1173 praecepta
2702 1108 2980 1162 constituit
3010 1109 3078 1174 ³³,
3108 1120 3162 1165 et
3200 1114 3341 1169 anuli

1791 1190 1870 1243 sui
1900 1191 2230 1260 inpressione
2256 1208 2375 1247 cum
2421 1198 2915 1268 consulzseriptione
2941 1202 2987 1233 ³⁸
3017 1218 3174 1257 manu
3218 1219 3346 1273 pro-
3439 1241 3448 1257 .

1790 1281 1905 1348 pria
1936 1280 2223 1336 roboravit.
2274 1284 2494 1339 Fecerat
2517 1286 2563 1317 ³⁸
2589 1288 2730 1342 enim
2759 1290 2859 1344 hoc
2888 1291 2975 1345 diu
3005 1294 3255 1362 temporis
3275 1295 3341 1349 ³⁵.

1790 1369 1915 1423 Erat
1938 1370 2079 1425 enim
2109 1371 2154 1401 ⁸⁸
2182 1373 2231 1426 in
2259 1374 2379 1428 cilro
2404 1384 2632 1444 potnque
2674 1379 2902 1446 sobrius,
2932 1391 2987 1436 et
3029 1381 3081 1435 in
3121 1382 3164 1414 ³⁷
3194 1383 3347 1437 indu-

1790 1461 1983 1517 mentis
2006 1463 2115 1517 suis
2137 1465 2497 1520 moderabilis.
2525 1467 2801 1538 Nunquam
2822 1486 2985 1525 aureo
3016 1472 3348 1541 resplenduit

1787 1553 2107 1606 vestimento
2143 1554 2208 1617 ³⁸,
2234 1556 2336 1609 nisi
2366 1566 2570 1612 tantum
2600 1560 2651 1614 in
2687 1564 2908 1617 summis
2951 1564 3340 1622 festivitatibus.

1788 1643 1925 1697 sicut
1958 1654 2136 1714 patres
2182 1646 2297 1701 eius
2336 1649 2576 1704 solebant
2622 1667 2797 1722 agere.
2854 1653 3004 1710 Tune
3037 1656 3081 1687 ³⁵
3138 1657 3268 1712 nihil
3298 1657 3344 1688 ⁸⁸

1789 1736 1842 1789 in
1862 1734 1907 1766 ⁸³
1934 1736 2039 1791 illis
2066 1737 2250 1791 diebus
2277 1754 2333 1792 se
2359 1739 2530 1795 induit
2555 1752 2767 1810 praeter
2792 1744 3069 1798 camisiam
3106 1745 3153 1776 ⁸¹
3189 1756 3244 1799 et
3270 1744 3347 1800 fe-

1788 1827 2011 1881 moralia
2041 1828 2088 1859 ⁸³
2109 1829 2209 1883 nisi
2246 1846 2365 1885 cum
2396 1847 2527 1887 auro
2557 1842 2720 1898 texta,
2750 1834 2924 1890 lembo
2957 1836 2985 1876 ι)
3014 1852 3195 1898 aureo.
3231 1837 3348 1891 bal-

1788 1918 1912 1972 theo
1937 1917 1982 1949 ⁸⁸
2010 1934 2174 1973 aureo
2202 1920 2247 1952 ⁸⁵
2279 1922 2613 1991 praecinctus
2654 1932 2708 1978 et
2750 1940 2877 1980 ense
2905 1942 3038 1979 auro
3059 1926 3105 1957 ⁸⁸
3144 1926 3352 1995 fulgen-

1789 2016 1857 2072 te,
1896 2022 2082 2062 ocreas
2106 2024 2297 2064 aureas
2322 2021 2374 2066 et
2410 2012 2692 2067 clamidem
2736 2031 2855 2069 cum
2885 2016 2927 2049 ⁸⁷
2961 2032 3092 2071 auro
3118 2024 3341 2081 textam,

1780 2102 1840 2151 ‘et
1867 2082 2121 2153 e'oronam
2171 2115 2386 2155 auream
2424 2100 2471 2133 ⁸⁸
2514 2104 2565 2156 in
2617 2106 2793 2173 capite
2823 2114 3059 2174 gestans,
3105 2115 3161 2161 et
3186 2106 3347 2160 bacu-

1785 2187 1895 2242 lum
1928 2204 2148 2244 aureum
2174 2191 2227 2244 in
2252 2208 2412 2245 manu
2455 2200 2660 2251 tenens.
2691 2194 2970 2264 Nunquam
3009 2197 3061 2250 in
3100 2195 3266 2252 risum
3299 2194 3347 2227 "’

1784 2278 2039 2332 exultavit
2067 2296 2250 2335 vocem
2282 2297 2448 2345 suam,
2480 2296 2577 2336 nec
2617 2286 2830 2353 quando
2858 2285 2910 2339 in
2948 2286 3172 2341 summis
3199 2285 3244 2319 ⁸⁸
3272 2287 3348 2342 fe-

1784 2368 2108 2423 stivitatibus
2130 2370 2197 2423 ad
2228 2369 2481 2426 laetitiam
2513 2373 2690 2442 populi
2731 2375 3087 2443 procedebant
3116 2376 3346 2431 themill-

1785 2461 1831 2516 ci
1864 2460 1905 2491 ⁸⁸
1938 2470 1983 2523 ο,
2021 2461 2192 2514 scurri
2224 2461 2268 2492 ⁸⁸
2298 2469 2353 2515 et
2391 2462 2538 2515 mimi
2582 2477 2703 2516 cum
2749 2463 2977 2517 coraulis
3003 2463 3048 2496 ⁸³
3083 2472 3135 2518 et
3182 2464 3351 2518 citha-

1787 2549 1934 2604 ristis
1960 2550 2025 2602 ad
2055 2565 2293 2605 mensam
2316 2565 2496 2604 coram
2518 2567 2602 2615 eo,
2635 2559 2761 2606 tunc
2788 2552 2853 2605 ad
2881 2568 3185 2607 mensuram
3216 2553 3348 2608 ride-

1784 2640 1877 2695 bat
1914 2639 2135 2709 p0pulus
2164 2655 2343 2694 comm
2373 2655 2458 2704 eo,
2506 2641 2594 2696 ille
2638 2657 2906 2710 nunquam
2951 2656 3050 2695 nec
3079 2642 3123 2673 ⁵⁸
3162 2642 3349 2697 dentes

1785 2729 2041 2783 candidos
2078 2744 2203 2784 suos
2233 2729 2285 2783 in
2315 2730 2421 2784 risu
2446 2730 2694 2784 ostendit.
2742 2728 2976 2785 Cottidie
3022 2738 3145 2783 ante
3168 2729 3346 2784 cibum

1785 2820 2227 2893 aelemosinarum
2248 2820 2585 2891 largitionem
2610 2821 2655 2851 "
2676 2822 2998 2891 pauperibus
3019 2820 3063 2852 ⁵⁸
3083 2819 3346 2885 exhibuit,

1783 2924 1839 2970 ct
1861 2897 2179 2983 ubicumque
2207 2922 2343 2978 erat,
2380 2913 2708 2968 xenodochia
2736 2914 2778 2945 ⁸⁷
2800 2929 2981 2968 secum
3008 2913 3257 2968 habebat.
3287 2913 3346 2968 In

1787 3017 1969 3057 mense
2020 3010 2197 3055 autem
2245 3000 2507 3069 Augusto,
2554 2990 2767 3071 quando
2819 3001 2963 3056 cervi
3011 3001 3347 3072 pinguissimi

1784 3101 1929 3154 sunt,
1976 3092 2256 3147 venatione
2309 3092 2358 3124 ⁸⁸
2404 3091 2652 3159 vacabat,
2705 3108 2874 3163 usque
2921 3094 3047 3148 dum
3096 3107 3348 3149 aurorum

1785 3192 1993 3253 tempus
2016 3184 2323 3239 advenerat.

1856 3272 1945 3326 20.
1982 3271 2170 3327 Omnia
2218 3271 2507 3342 prudenter
2545 3279 2601 3326 et
2640 3280 2798 3326 caute
2839 3286 3024 3342 agens,
3080 3270 3213 3326 nihil
3260 3270 3346 3325 in-

1791 3344 2021 3418 discrete
2043 3361 2244 3417 faciens
2273 3360 2317 3392 ⁸⁹
2347 3369 2560 3430 praeter
2587 3360 2727 3431 quod
2757 3361 3082 3417 consiliariis
3101 3362 3214 3416 suis
3241 3378 3351 3416 ma-

1787 3456 1868 3527 gis
1888 3455 1931 3486 ”
1959 3454 2186 3508 credidit
2211 3469 2368 3523 quam
2397 3469 2531 3523 Opus
2551 3461 2727 3519 esset;
2754 3454 2894 3522 quod
2943 3453 2993 3507 ei
3038 3451 3165 3508 fecit
3190 3462 3351 3507 necum

1785 3548 1933 3616 patio
1949 3545 2275 3615 psalmodiae
2304 3551 2357 3598 et
2395 3543 2681 3598 lectionum
2713 3543 2998 3598 assiduitas
3021 3542 3089 3607 ",
3109 3551 3161 3597 et
3184 3542 3348 3607 aliud,

1785 3638 1928 3708 quod
1956 3636 2041 3691 ille
2060 3651 2164 3689 non
2188 3634 2494 3706 incipiebat.
2520 3633 2653 3700 Quia
2671 3633 2980 3688 iamdudum
3009 3632 3097 3687 illa
3117 3632 3348 3702 pessima

1785 3726 1813 3766 ἀ
1844 3725 2170 3782 consuetudo
2207 3730 2343 3788 erat,
2377 3731 2435 3777 ut
2460 3737 2527 3777 ex
2572 3722 2846 3776 vilissimis
2904 3720 3093 3784 servis,
3152 3720 3350 3775 ﬁebant

1787 3818 1831 3849 ⁸⁸
1862 3816 2057 3872 summi
2081 3814 2364 3887 pontiﬁces
2383 3813 2430 3846 ⁸³
2455 3833 2468 3868 :
2492 3814 2596 3868 hoc
2624 3828 2730 3867 non
2759 3812 3032 3882 prohibuit
3051 3810 3132 3877 ⁴¹⁸;
3166 3818 3347 3865 tamen

1788 3911 2090 3967 maximum
2137 3908 2334 3963 malum
2385 3916 2469 3963 est
2519 3907 2572 3960 in
2622 3905 2816 3975 populo
2851 3903 3160 3966 christiano,
3210 3902 3348 3957 sicut

1786 4009 2050 4057 testantur
2097 3999 2146 4031 ⁸⁸
2189 3998 2393 4067 Regum
2438 3995 2694 4050 historiae
2747 3994 2813 4049 de
2862 3993 3180 4047 llieroboam
3231 3990 3343 4045 ﬁlio

1789 4090 1974 4146 Nabad
1996 4090 2070 4154 “,
2103 4089 2193 4157 qui
2236 4096 2355 4142 erat
2402 4102 2589 4141 servus
2618 4085 2760 4156 regis
2799 4083 3119 4147 Salomonis,
3146 4092 3201 4137 et
3227 4090 3350 4152 post

1790 4182 1833 4213 ⁸⁷
1867 4176 1992 4235 eum
2042 4179 2399 4250 principatum
2459 4175 2691 4231 habebat
2742 4188 2902 4243 super
2947 4172 3130 4227 decem
3177 4172 3348 4225 tribus

1790 4272 2016 4327 ﬁliorum
2043 4270 2226 4325 Israel.
2253 4267 2437 4324 Refert
2464 4267 2607 4322 enim
2630 4265 2894 4336 scriptura
2924 4263 2991 4319 de
3016 4278 3080 4318 eo
3110 4273 3133 4301 θ
3161 4280 3174 4317 :
3212 4259 3343 4314 Post

1335 4362 1720 4419 VARIANTES
1759 4359 2156 4418 LECTIONES.

201 4449 215 4479 ⁸
240 4454 555 4507 ermenaard

201 4468 215 4479 -
240 4468 420 4505 ermen
459 4468 644 4507 aruam
672 4468 725 4507 2.
800 4468 819 4484 ι
847 4468 984 4508 deest
1007 4468 1043 4508 2
1073 4485 1106 4493 -

139 4519 156 4549 ⁸
174 4534 325 4589 supra
352 4522 408 4575 5.
581 4523 602 4553 ⁸
627 4525 1032 4593 ermengardam
1054 4524 1106 4577 2.

138 4604 281 4658 supra
320 4593 538 4645 modum
558 4593 613 4647 4.
651 4594 820 4646 media
849 4595 1050 4648 desunt.

1207 4524 1227 4555 7
1259 4523 1474 4576 mansit.

558 4468 644 4507 am
672 4450 725 4507 2.
798 4458 819 4484 '
847 4454 1043 4508 deesl2
1073 4453 1217 4507 —4.
1293 4453 1314 4484 ³
1338 4452 1478 4506 deest
1501 4451 1554 4506 2.
1594 4452 1649 4506 4.
1725 4453 1747 4485 ⁸
1787 4459 2060 4521 asportare
2107 4448 2233 4504 fecit
2271 4447 2325 4501 2.
2374 4451 2773 4514 assportaverat
2799 4443 2853 4497 5.
2894 4457 2922 4496 a

581 4523 602 4553 ⁸
627 4525 1031 4569 ermenrznnlnm
1054 4524 1106 4569 2-
1207 4524 1227 4555 7
1259 4523 1474 4569 mansit-
1571 4524 1593 4554 ⁸
1622 4523 1860 4569 mmtidie
1884 4521 1936 4569 4.
2011 4520 2031 4550 ⁹
2057 4520 2195 4569 Ergo
2236 4526 2518 4569 nostouam
2558 4515 2612 4569 2.
2644 4522 2767 4569 DOSl.
2794 4528 2922 4569 (illm

1207 4524 1227 4555 7
1259 4523 1474 4576 mansit.
1571 4524 1593 4554 ⁸
1622 4520 1863 4590 quotidie
1884 4521 1936 4574 4.
2011 4520 2031 4550 ⁹
2056 4520 2195 4573 Erro
2236 4526 2518 4589 postquam
2558 4520 2612 4569 2.‘
2644 4522 2767 4584 post
2794 4520 3014 4593 qundo.
3036 4520 3090 4564 4.
3169 4520 3211 4542 ¹⁰
3233 4520 3346 4566 dies

1129 4593 1169 4623 “
1205 4593 1342 4648 deest
1367 4593 1544 4646 2—4.
1622 4594 1663 4623 "
1691 4594 1809 4647 hinc
1835 4592 1953 4645 inde
1984 4559 2205 4643 Annales
2240 4588 2489 4642 Metenses
2517 4595 2748 4639 nostrum
2783 4580 3098 4647 exscrtbunt,
3126 4597 3346 4646 quorum

3031 4448 3265 4495 rtaverat
3287 4440 3342 4495 4ο

3001 4551 3014 4565 .
3036 4510 3090 4564 4.
3169 4511 3211 4542 ¹⁰
3233 4510 3347 4566 dies

139 4650 338 4733 majoris
381 4664 626 4717 momenti
652 4662 888 4717 lectiones
908 4680 1120 4725 numero
1149 4664 1182 4717 9
1207 4664 1423 4733 signata:
1457 4663 1761 4733 referentur.
1839 4663 1882 4693 ⁸³
1910 4669 1965 4715 et
1991 4657 2232 4733 labris}.
2274 4658 2353 4733 -.³⁸
2386 4654 2704 4733 tenuibus
2816 4652 2986 4733 longis
3009 4650 3064 4733 δῇ.
3138 4650 3373 4733 “idaea”

138 4718 667 4811 ⁹;’.¹⁶ειςξιιξίρειεῖειι“θ
685 4718 1279 4811 δοέιεειιείρὲξτίιτίἓτλιῖ
1298 4734 1349 4788 9-
1428 4735 1466 4765 ”
1499 4718 1752 4811 60888}?-
1787 4729 2196 4811 αρριιιίεεθὲἕο
2261 4727 2315 4811 .¹⁸
2344 4718 3108 4811 ενξοίέίυυμἓκξιέἱὲξὲξὲχ
3146 4718 3346 4811 ζ’ωὲῖ

140 4799 208 4867 gis
230 4799 283 4853 4.
353 4787 728 4874 Ilo'i._l'telligere
757 4787 1023 4874 2-’4Ῐ9.
1100 4806 1142 4834 ’³
1171 4787 1334 4874 latine
1367 4787 1585 4857 vero'ac
1616 4803 1661 4856 si
1681 4787 2576 4874 naturziliaequaliter‘loqlrehatur
2595 4795 2647 4849 9.
2712 4794 2765 4874 ,³⁸³
2793 4787 3108 4874 ιρὶιιιεδειέξιτ
3146 4787 3200 4874 Ξῖ

141 4882 417 4943 anagogem
446 4870 501 4924 4.
532 4870 875 4943 anagogieum
897 4873 949 4927 5.

1047 4874 1090 4903 ’⁸
1131 4873 1423 4943 spiritalem
1458 4881 1510 4927 et
1546 4872 1927 4943 intelligibilem
1955 4859 2192 4943 habebat
2332 4859 2396 4897 ἠ
2444 4864 2648 4943 discere
2674 4859 2895 4943 ulterius
2930 4876 2981 4913 v.
3028 4859 3082 4943 2:

3157 4858 3203 4890 ’³
3226 4866 3345 4912 erat

142 4927 264 4992 enim
292 4927 331 4993 ἦ
368 4942 422 4997 9.
499 4943 540 4974 ³⁷
578 4927 801 5004 ἰωυὺὶξθι·
826 4943 873 4995 l.
948 4943 993 4973 ³⁸
1016 4927 1234 4996 άεεδί4.
1310 4944 1357 4973 ’⁸
1387 4960 1484 4998 nec
1520 4944 1572 4996 in
1597 4927 1782 4997 2—74.
1850 4941 1905 4974 -”
1931 4941 2064 4994 deest
2094 4938 2148 4991 4.
2223 4937 2266 4968 ³³
2290 4934 2650 5004 possessiones
2677 4927 3028 5004 sempiternas
3054 4927 3227 5004 4.,__“
3259 4929 3347 4979 llr-

144 5019 294 5063 tuaret
320 5012 373 5065 2.
414 5012 677 5066 construit

142 5088 254 5140 pore
277 5079 464 5133 2—4.
496 5082 549 5135 9.
625 5082 669 5112 ³⁸
692 5082 830 5141 deest
854 5081 907 5135 5.
934 5081 988 5135 4.
1081 5083 1124 5116 ⁸⁷
1148 5083 1284 5137 deest
1314 5084 1366 5138 ὅ.
1390 5082 1444 5137 4.

145 5212 258 5290 4.
329 5218 376 5251 ⁸⁸
413 5235 633 5275 auream
667 5237 800 5277 auro
845 5222 1127 5290 fulgentem
1164 5222 1217 5275 4.

145 5284 472 5360 f‘cboraulis
494 5290 614 5345 2-4.
648 5293 701 5347 9.
768 5292 815 5323 '°
843 5284 999 5360 vel].
1068 5290 1114 5321 ⁸⁸
1138 5291 1425 5360 largionem
1456 5293 1506 5345 1.
1579 5292 1623 5323 ⁸⁸
1647 5293 1786 5345 deest
1812 5292 1866 5360 4.
1936 5289 1979 5321 ⁵⁷
2006 5284 2335 5360 xenodaebia
2363 5284 2420 5360 l._
2488 5284 2534 5312 ⁵⁸
2564 5294 2689 5360 vena

1211 5308 1218 5321 '
1256 5308 1425 5347 Ionem
1456 5308 1506 5345 ‘l.
1579 5308 1623 5323 "
1647 5308 1786 5345 aeest
1812 5308 1866 5342 αδ.
1936 5308 1974 5321 '”
2006 5308 2335 5342 XCDOUaCIIIa
2363 5308 2412 5335 1.
2490 5308 2531 5312 ’ν
2570 5308 2831 5335 vcuauuul
2886 5308 2939 5329 ει.
2984 5308 3034 5329 υ.

1211 5308 1251 5414 18
1246 5401 1260 5414 .
1348 5361 1391 5391 ⁸⁸
1412 5362 1495 5414 hic
1520 5361 1779 5414 annalista
1804 5358 2068 5412 Metteusis
2096 5365 2327 5410 nostrum
2349 5352 2561 5405 missum
2585 5349 2729 5418 facit.
2753 5346 2850 5418 βῆ
2875 5344 3063 5418 ﬁerent
3081 5343 3134 5397 2.

387 5429 433 5462 ιδ
463 5414 799 5501 «ιίιόᾱιάίήὲὶι
818 5432 889 5485 ιτ
957 5429 1003 5461 σε
1026 5438 1248 5485 testatur
1273 5445 1323 5482 ν.
1354 5429 1574 5483 historia
1593 5429 1709 5482 2-4.
1780 5427 2095 5482 “nadabl.
2128 5425 2182 5479 δ.
2225 5421 2422 5477 nabath
2454 5420 2506 5475 2.
2536 5414 2594 5474 4.
2615 5420 2668 5473 6.
2745 5415 2951 5470 ποάεεει
3000 5414 3045 5468 ι.

139 5354 220 5410 hat
298 5369 636 5430 raeterqnam
659 5361 799 5432 quod
832 5361 887 5414 4.
984 5359 1027 5391 ⁶⁰
1059 5360 1192 5414 mals

140 5423 233 5483 hoc
387 5429 433 5462 ⁸⁸
463 5432 603 5483 quod
625 5440 799 5483 tamen
818 5432 889 5483 4.‘
957 5429 1003 5461 ⁸⁵
1026 5438 1192 5483 testati

140 5423 233 5483 hoc

757 5052 772 5066 .
826 5013 1128 5067 construxit
1152 5013 1205 5066 4.
1238 5013 1290 5068 9.
1366 5011 1411 5043 ³³
1442 4997 1834 5075 conscriptione
1881 5010 1936 5063 2.
1969 5011 2032 5064 ’5.
2087 4997 2474 5075 subscriptione
2502 5003 2564 5075 A4.
2605 5002 2657 5075 9.
2734 4998 2788 5075 ³⁸-
2819 4997 2944 5075 fecit

1534 5027 1834 5080 lSCl‘lpllOl'le
1881 5027 1936 5063 ‘z.
1979 5027 2032 5064 ο.
2087 5027 2474 5075 subscriptione
2509 5027 2564 5055 ιι.
2607 5027 2657 5055 υ.
2736 5027 2774 5030 --

1534 5083 1581 5114 ³⁸
1635 5083 1942 5136 indumento
1961 5080 2012 5132 4.
2076 5077 2121 5110 ³⁸
2156 5077 2294 5130 deest
2325 5075 2378 5128 4.
2404 5074 2457 5127 9.
2498 5071 2544 5102 ⁸ο
2599 5068 2738 5122 deest
2766 5065 2818 5120 1.

146 5135 197 5198 θα
285 5149 332 5181 ⁸³
362 5152 618 5207 mmisam
641 5152 694 5206 9.
752 5138 815 5183 ⁸³
844 5150 1117 5206 femoralia
1148 5135 1200 5205 4.
1220 5135 1487 5208 feminalia
1505 5152 1560 5207 4.
1593 5135 1645 5207 9.
1699 5135 1768 5182 ⁸⁸
1786 5150 1962 5205 balteo
1980 5148 2034 5202 2.
2062 5148 2115 5203 5.
2141 5146 2194 5201 9.
2268 5145 2317 5193 ⁸⁸
2342 5145 2481 5223 deest
2514 5140 2567 5194 4.
2637 5136 2682 5169 ⁸⁸
2716 5149 2880 5192 aureo
2903 5135 2956 5188 l.
3039 5135 3083 5166 ⁸⁷
3121 5135 3256 5187 deest
3285 5135 3339 5185 2'.

146 5212 186 5266 5.
208 5217 258 5271 4.
329 5218 376 5251 ⁸³
413 5235 633 5275 auream
667 5237 800 5277 auro
845 5222 1127 5277 fulgentem
1164 5222 1217 5275 4.
1313 5222 1358 5253 ⁸³
1382 5224 1492 5277 risu
1512 5221 1627 5276 2-4.
1659 5222 1712 5277 9.
1787 5220 1833 5251 ⁸ο
1853 5220 1994 5273 deest
2012 5218 2067 5271 4.
2141 5217 2184 5249 ‘”
2219 5212 2484 5268 themeltet
2506 5210 2561 5264 2.
2592 5208 2644 5263 5.
2670 5207 2725 5261 4.
2762 5205 2827 5277 9.7
2892 5205 2936 5277 ξ’
2963 5201 3340 5277 scurrae_4._9.

3123 4997 3169 5028 ⁸⁵
3217 5004 3346 5049 tem—

2895 5066 2938 5096 “
2969 5068 3106 5120 deest
3133 5066 3185 5119 2.
3208 5065 3261 5118 ὅ.
3284 5064 3339 5116 4.

3039 5135 3083 5166 ⁸⁷
3121 5135 3256 5187 deest
3285 5133 3339 5185 2'.

2488 5280 2534 5312 ⁸⁸
2564 5276 2831 5335 venationi
2886 5275 2939 5329 4.
2981 5274 3034 5329 9.
3107 5271 3150 5305 ⁸⁸
3180 5271 3344 5324 facie-

2488 5367 2561 5393 um
2587 5349 2729 5393 facit-
2801 5346 2850 5386 ’λ
2875 5344 3063 5393 ﬁerent
3081 5343 3134 5393 2.
3222 5339 3268 5371 ⁸³
3289 5347 3338 5393 el

3289 5358 3320 5395 υ

1629 5517 1855 5572 NOTAE.

205 5606 344 5679 99f.
379 5600 667 5679 Eginhardi
700 5609 869 5664 Vitam
899 5593 1100 5672 Caroli,
1128 5625 1247 5678 cap.
1276 5607 1346 5660 ss
1373 5621 1493 5676 sqq.

208 5675 234 5715 δ
270 5676 325 5730 ld
350 5675 452 5743 est,
472 5679 648 5743 limbo,
682 5681 858 5736 tunica
881 5680 1116 5733 militari.

212 5754 235 5785 ⁸
268 5745 327 5803 ιιι
351 5759 450 5815 est,
497 5748 781 5821 thymelici.
832 5750 1016 5805 musici
1054 5747 1271 5805 scenici.
1311 5746 1500 5803 lsidori
1529 5747 1674 5817 Orig.

1702 5609 1755 5668 D
1781 5606 1874 5662 lib.
1906 5620 2063 5669 xvut,
2089 5618 2137 5657 c.
2162 5601 2250 5656 47.

1853 5675 1880 5715 ιι
1921 5676 2002 5730 Cl'.
2036 5662 2346 5728 Monachum
2384 5669 2622 5741 Sangall.
2651 5668 2715 5724 de
2739 5664 2916 5723 Gestis
2945 5662 3121 5721 Caroli
3152 5662 3264 5729 1,5.

1864 5760 1885 5783 ο
1928 5746 2175 5813 l'ltegum
2204 5758 2318 5808 xm,
2344 5741 2430 5798 '55.
