3956 6186
609 350 710 406 415

1554 346 1849 402 THEGANI
1886 344 2371 403 CllOREPlSCOPl
2410 344 2859 402 TREVIRENSIS

3696 348 3805 401 4l6

608 464 627 495 ¹
666 464 791 516 haec
836 459 987 514 verba
1026 474 1128 514 mm
1169 465 1241 512 est
1281 472 1507 512 reversus
1534 458 1556 488 ¹
1598 456 1908 512 Hieroboam
1950 458 2013 512 de
2064 458 2143 511 via
2170 464 2220 520 Α
2244 457 2382 513 hanc
2409 457 2694 527 pessimam
2719 457 3152 512 consuetudinem
3208 456 3398 512 amodo
3446 465 3502 511 et
3550 458 3808 528 deinceps

604 570 703 609 sua
723 553 966 623 pessima,
991 551 1101 617 sed,
1130 567 1159 605 e
1188 551 1466 616 contrario,
1500 550 1619 621 fecit
1646 551 1710 605 de
1739 552 2029 606 novissimis
2052 569 2149 623 po-

604 642 713 711 puli
759 640 1048 695 sacerdotes
1099 639 1432 695 excelsorum.
1499 641 1864 713 Quodcumque
1891 642 1912 675 ⁸
1956 643 2149 697 uolebat

603 732 844 802 implebat
869 749 1077 786 manum
1103 748 1270 797 suam,
1303 742 1350 786 et
1372 733 1525 802 ﬁebat
1545 734 1834 788 sacerdotes
1870 734 1892 766 ⁸
1927 734 2151 789 excelso-

605 837 723 874 rum
767 822 809 874 ⁸.
893 821 959 874 Et
978 832 1182 891 propter
1228 822 1362 875 hanc
1407 839 1620 875 causam
1668 825 1889 893 peccavit
1927 824 2151 878 domus“

530 938 537 945 -
606 909 998 975 Hieroboam,et
1020 928 1195 964 eversa
1217 920 1312 977 est,
1335 922 1381 965 et
1404 912 1570 965 deleta
1590 912 1654 966 de
1678 913 1946 983 superﬁcie
1961 924 2146 969 terrae.

604 998 889 1069 Postquam
945 1000 1019 1054 illi
1063 1001 1085 1031 ⁷
1153 1001 1285 1055 tales
1348 1002 1555 1055 culmen
1602 1003 1884 1073 regiminis
1942 1004 1963 1035 ⁸
2016 1006 2151 1058 arri-

605 1089 763 1158 piunt
786 1089 829 1154 ’,
881 1106 1151 1159 nunquam
1192 1100 1316 1146 sunt
1363 1093 1404 1123 ¹⁰
1452 1102 1604 1147 antea
1645 1102 1752 1147 tam
1782 1096 2044 1150 mansueti
2097 1105 2154 1152 et

602 1179 747 1233 sic“
774 1181 1071 1245 domestici,
1112 1190 1171 1235 ut
1217 1199 1322 1238 non
1366 1185 1544 1238 statim
1588 1184 1841 1255 incipiant
1878 1200 1995 1243 esse
2046 1189 2153 1241 ira-

604 1270 785 1333 cundi,
810 1272 994 1336 rixosi,
1022 1271 1314 1342 maliloqui,
1336 1275 1607 1341 obstinati,
1625 1275 1892 1342 iniuriosi,
1909 1286 1962 1333 et
1981 1280 2153 1334 minas

603 1364 851 1417 omnibus
914 1364 1165 1419 subiectis
1215 1365 1622 1434 promittentes,
1673 1377 1728 1422 et
1768 1383 1864 1437 per
1906 1368 2154 1423 huiusce-

602 1453 745 1507 modi
771 1453 811 1484 "
840 1454 1049 1522 negotia
1074 1454 1378 1524 cupiuntab
1403 1457 1648 1511 omnibus
1677 1458 1853 1512 timeri
1878 1474 1941 1513 ac
1970 1459 2012 1491 ¹³
2042 1460 2153 1513 lau-

604 1541 739 1595 dari.
759 1540 1148 1610 Turpissimam
1169 1545 1539 1613 cognationem
1556 1561 1737 1600 eorum
1759 1563 1788 1600 a
1811 1548 1932 1617 iugo
1946 1542 2153 1604 debitae

552 1627 576 1661 ·’
602 1631 875 1685 servitutis
901 1631 1143 1686 nituntur
1161 1633 1389 1702 eripere,
1421 1642 1475 1689 et
1527 1634 1830 1691 libertatem
1876 1639 2056 1709 inponi
2085 1639 2147 1694 “.

603 1720 753 1776 Tunc
781 1720 990 1791 aliquos
1031 1737 1215 1778 eorum
1264 1725 1573 1780 liberalibus
1625 1728 1814 1782 studiis
1862 1730 2151 1797 instruunt,

601 1813 735 1868 alios
780 1814 1047 1870 nobilibus
1093 1814 1305 1871 feminis
1349 1817 1694 1888 coniungunt,
1742 1830 1797 1873 et
1832 1823 2154 1891 propinquas
2180 1798 2226 1859 Β

599 1917 785 1957 eorum
852 1903 990 1958 ﬁlios
1041 1903 1296 1959 nobilium
1348 1906 1401 1959 in
1455 1906 1757 1977 coniugium
1814 1908 1860 1938 ”
1924 1910 2153 1979 compcl-

594 1994 719 2049 1unt
748 1996 790 2028 “
817 1997 1075 2065 accipere.
1101 1995 1288 2053 Nullus
1320 1998 1462 2053 enim
1488 2001 1528 2031 ⁸⁷
1561 2016 1683 2054 cum
1715 2002 1794 2056 eis
1820 2005 2151 2071 aequanimi-

602 2094 687 2140 ter
715 2086 895 2142 vivere
918 2095 1113 2157 potest,
1138 2089 1243 2143 nisi
1278 2089 1332 2143 bi
1359 2089 1456 2144 soli
1489 2091 1578 2157 qui
1618 2091 1779 2146 talem
1825 2094 2155 2149 coniunctio-

603 2193 722 2233 nem
746 2196 867 2235 cum
893 2182 971 2235 eis
1020 2181 1063 2213 ⁸⁸
1094 2182 1320 2246 habent;
1358 2182 1520 2237 ceteri
1577 2199 1702 2238 vero
1753 2189 1885 2239 cum
1922 2187 2152 2241 maxima

600 2269 838 2335 tristitia,
868 2273 1127 2341 gemendo
1154 2279 1209 2327 et
1234 2272 1275 2303 ¹⁹
1304 2271 1496 2338 ﬂendo,
1522 2273 1724 2327 ducunt
1751 2275 1836 2328 die
1857 2291 1997 2329 suos.
2021 2275 2153 2331 Pro-

600 2361 781 2430 pinqni
820 2377 943 2415 vero
967 2363 1010 2393 ³⁰
1045 2363 1490 2432 supradiclorum,
1515 2373 1794 2434 postquam
1831 2365 2027 2434 aliquid
2073 2367 2154 2420 in-

602 2450 871 2519 tellegunt,
901 2466 1056 2506 senes
1105 2452 1305 2508 nobiles
1347 2454 1590 2508 derident
1635 2463 1795 2523 atque
1830 2455 2149 2525 despiciunt,

599 2548 723 2594 sunt
748 2540 891 2604 elati,
940 2541 1234 2606 instabiles,
1286 2542 1677 2598 incontinentes
1704 2544 1769 2606 “,
1821 2543 2053 2614 inpudici
2083 2547 2148 2610 ",

601 2630 941 2685 inverecundi
971 2648 984 2685 :
1015 2633 1302 2702 unicuique
1321 2641 1497 2687 tamen
1517 2649 1738 2703 parvum
1757 2633 1953 2689 bonum
1978 2650 2152 2690 rema-

599 2728 706 2775 net.
737 2719 1021 2791 Postquam
1051 2730 1228 2776 autem
1260 2723 1305 2754 "
1335 2738 1368 2777 a
1416 2739 1472 2778 se
1503 2732 1741 2778 sanctam
1772 2723 2149 2780 verecundiam

596 2810 864 2879 proiciunt
896 2809 972 2841 “‘
1000 2809 1209 2866 Domini
1249 2826 1434 2868 eorum
1490 2814 1560 2879 ",
1606 2813 1793 2867 nolunt
1827 2812 2150 2884 imtellegere

599 2901 918 2969 scripturam
946 2901 1278 2966 canonicam,
1314 2900 1454 2972 quod
1477 2903 1840 2972 apostolorum
1865 2905 2147 2959 concilium

597 2992 930 3056 nominatur;
962 2991 1035 3045 ibi
1062 2990 1205 3046 enim
1255 2993 1527 3062 praecepit
1571 2992 1617 3022 “
1642 2993 1825 3047 dicens
1860 3011 1872 3047 :
1911 2992 2063 3059 Quod
2104 2995 2149 3048 si

596 3081 862 3150 episcopus
889 3097 1135 3151 pauperes
1170 3091 1404 3151 parentes
1452 3082 1707 3147 habuerit,
1748 3084 1941 3139 tribuat
1991 3086 2033 3116 ⁸⁷
2075 3086 2147 3139 eis

595 3171 746 3239 quasi
788 3172 1119 3241 pauperibus,
1173 3181 1229 3225 ut
1280 3186 1382 3225 non
1435 3190 1515 3226 res
1558 3173 1903 3229 ecclesiastica
1947 3187 2141 3245 pereat.

597 3258 817 3313 Librum
843 3260 1014 3314 sancti
1039 3259 1281 3331 Gregorii
1312 3261 1358 3292 ⁸⁸
1386 3262 1475 3331 qui
1499 3261 1873 3330 praetitulatur
1899 3263 2147 3319 Pastora-

598 3348 686 3414 lis,
711 3349 897 3404 nolunt
923 3350 1185 3420 accipere.
1216 3349 1401 3406 Nullus
1428 3353 1567 3406 enim
1591 3354 1736 3408 credi
1757 3354 1802 3384 ’³
1824 3364 1997 3424 potest
2017 3342 2147 3426 quo—

538 3504 545 3511 Α
598 3426 754 3495 modo
783 3456 842 3495 se
864 3441 1159 3505 continent,
1193 3442 1292 3496 nisi
1318 3443 1372 3497 hi
1398 3442 1497 3497 soli
1516 3444 1603 3513 qui
1639 3444 1739 3499 hoc
1787 3445 1985 3499 malum
2028 3447 2145 3502 sine

599 3532 702 3586 ulla
729 3532 1124 3588 intermissione
1153 3535 1444 3604 patiuntur.
1472 3533 1760 3604 Propinqui
1788 3552 1914 3591 vero
1935 3553 2139 3604 eorum,

598 3629 877 3691 postquam
906 3620 1105 3691 aliquid
1130 3623 1460 3695 intellegunt,
1489 3626 1629 3693 quod
1659 3626 1949 3681 maximum
2002 3630 2145 3698 peri-

594 3711 769 3764 culum
796 3720 879 3764 est
903 3710 1151 3767 dantibus
1193 3720 1249 3766 et
1287 3713 1687 3783 accipientibus,
1722 3714 1789 3768 ad
1821 3730 2033 3779 sacrum
2057 3733 2144 3771 or-

596 3800 771 3868 dinem
801 3802 1205 3870 pertrahuntur.
1232 3802 1299 3857 Et
1337 3802 1462 3858 licet
1499 3804 1607 3858 sint
1645 3803 1843 3874 aliquid
1893 3805 1937 3836 ⁸⁰
1965 3807 2142 3876 periti,

566 3885 773 3955 xtamen
819 3908 1035 3969 superat
1061 3914 1245 3954 eorum
1298 3899 1593 3955 doctrinam
1646 3902 1930 3959 criminum
1963 3903 2145 3958 multi-

596 3991 740 4044 tudo.
766 3988 853 4044 Fit
872 3990 1183 4060 plerumque
1205 3986 1272 4055 δι,
1299 3997 1357 4045 ιιι
1380 4000 1563 4060 pastor
1586 3992 1640 4045 in
1685 3991 1910 4047 ecclesia
1940 3992 2145 4063 aliquos

596 4080 933 4151 neglegentes
955 4080 999 4112 ³³
1028 4082 1216 4136 noxios
1243 4096 1404 4137 ausus
1426 4097 1531 4136 non
1555 4088 1639 4137 est
1658 4083 1913 4138 canonica
1942 4083 2145 4139 iustitia

594 4183 886 4237 provocare
926 4178 1143 4239 propter
1189 4170 1413 4224 crimina
1455 4172 1875 4242 propinquorum
1902 4171 1982 4237 ²³;
2014 4172 2140 4227 illud

594 4272 804 4312 sacrum
851 4258 1205 4313 ministerium
1251 4259 1564 4328 plerumque
1606 4275 1635 4313 a
1684 4261 1951 4317 nonnullis
1988 4261 2141 4317 valde

594 4347 904 4413 despicitur,
928 4353 1145 4414 propter
1170 4346 1312 4414 quod
1333 4362 1361 4400 a
1393 4348 1585 4401 talibus
1611 4350 1912 4404 exhibetur.
1930 4350 1994 4403 Et
2020 4351 2139 4405 ideo

2248 550 2524 605 eradicare
2545 559 2600 604 et
2619 548 2878 605 suﬁ‘ocare
2902 548 3167 620 dignetur,
3192 557 3252 603 ut
3306 548 3533 618 amplius
3566 564 3674 604 non
3711 550 3812 605 ﬁat

2248 639 2303 693 in
2332 640 2525 710 populo
2550 639 2862 693 christiano.
2891 636 3079 692 Amen.

2315 730 2403 795 21.
2443 729 2610 802 (817.)
2649 728 2999 798 Supradictus
3024 743 3151 782 vero
3172 714 3461 797 imperator
3490 728 3812 783 denomina-

2248 822 2326 876 vit
2349 819 2514 875 ﬁlium
2542 835 2695 875 suum
2724 817 3060 873 Hlutharium
3082 817 3150 883 ³⁵,
3179 827 3241 871 ut
3275 826 3395 887 post
3416 817 3620 872 obitum
3642 833 3811 873 suum

2247 912 2425 965 omnia
2454 926 2616 981 regna
2646 924 2784 979 quae
2815 908 3033 962 tradidit
3060 908 3108 962 ei
3133 907 3272 962 Deus
3317 922 3416 976 per
3460 924 3679 962 manum
3708 924 3811 978 pa-

2249 1003 2347 1057 tris
2372 1001 2417 1032 "
2442 1002 2758 1072 susciperet,
2788 1009 2951 1070 atque
2976 1015 3166 1054 nomen
3196 1000 3420 1055 haberet
3439 1007 3494 1055 et
3516 1001 3807 1069 imperium

2248 1093 2419 1163 patris
2447 1091 2521 1157 ³⁷;
2550 1092 2714 1147 ceteri
2742 1091 2837 1145 ﬁlii
2862 1093 2930 1146 ob
2959 1090 3059 1145 hoc
3094 1091 3351 1162 indignati
3379 1101 3518 1145 sunt.

2317 1185 2406 1239 22.
2442 1184 2559 1255 Ipso
2582 1185 2877 1253 eodemque
2894 1201 3034 1240 anno
3055 1185 3415 1250 Bcrnhardus,
3433 1185 3572 1239 ﬁlius
3590 1184 3813 1256 Pippini

2250 1290 2316 1329 ex
2346 1266 2723 1330 "‘conéubina
2775 1284 2953 1342 natus,
3006 1291 3101 1345 per
3140 1275 3559 1331 exhortationem
3604 1275 3647 1306 ”
3684 1292 3814 1329 ma-

2251 1366 2421 1422 lorum
2484 1368 2757 1423 hominum
2827 1367 3086 1423 extollens
3140 1383 3198 1423 se
3264 1369 3519 1423 adversus
3584 1377 3818 1438 patrue-

2250 1454 2356 1509 lem
2381 1455 2425 1486 “
2448 1453 2477 1496 δ
2505 1470 2681 1519 suum,
2706 1454 2875 1525 voluit
2896 1470 3021 1510 eum
3047 1471 3077 1510 a
3105 1471 3268 1526 regno
3313 1455 3595 1526 expellere.
3626 1454 3814 1510 Habe-

2249 1546 2341 1601 bat
2363 1546 2505 1600 enim
2529 1544 2790 1613 “impios
2833 1544 3165 1600 consiliarios
3206 1544 3330 1599 hinc
3379 1545 3501 1599 inde
3536 1543 3603 1598 δ’.
3643 1544 3814 1611 Quod

2251 1637 2474 1692 audiens
2500 1636 2724 1691 domnus
2744 1636 3052 1705 imperator,
3086 1635 3398 1705 perrexitde
3418 1634 3462 1665 "
3481 1635 3815 1705 Aquisgrani

2251 1728 2448 1798 palatio
2477 1727 2542 1793 “,
2593 1726 2838 1796 pervenit
2879 1724 3166 1781 Cavillonis
3214 1726 3262 1758 ’⁵⁵
3312 1726 3579 1781 civitatem
3606 1724 3676 1789 “,
3707 1726 3812 1780 ubi

2252 1821 2464 1877 obviam
2490 1819 2539 1873 ei
2566 1818 2609 1849 "’
2635 1819 2781 1873 venit
2808 1816 3147 1872 Bernhardus
3193 1832 3314 1872 cum
3339 1815 3659 1871 consiliariis
3689 1815 3813 1870 suis

2250 1910 2445 1980 impiis,
2491 1917 2548 1963 et
2599 1922 2716 1964 sese
2769 1900 3239 1976 repracsentabant
3273 1905 3317 1937 “'
3358 1916 3413 1961 et
3441 1906 3814 1963 commendati

2250 2009 2375 2056 sunt
2400 1999 2467 2051 δ’.
2499 1998 2793 2069 Imperator
2816 2012 2944 2052 vero
2991 1996 3280 2052 celebravit
3329 1995 3525 2064 ibidem
3569 1996 3812 2051 natalem

2252 2091 2457 2146 Domini
2490 2090 2555 2143 ⁵ο.
2609 2090 2735 2144 lnde
2779 2098 3054 2144 revertens
3099 2090 3245 2144 venit
3289 2088 3356 2142 ad
3412 2089 3590 2144 sedem
3646 2104 3814 2144 suam

2248 2180 2568 2252 Aquisgrani
2600 2182 2665 2247 ⁵³,
2701 2189 2903 2251 et‘post
2927 2182 3125 2251 pascha
3155 2179 3298 2252 (818)
3344 2179 3530 2235 habuit
3567 2194 3815 2234 conven—

2196 2260 2201 2271 ’
2250 2280 2361 2325 tum
2394 2286 2642 2340 magnum
2667 2270 3000 2341 populorum,
3033 2279 3087 2326 et
3109 2286 3297 2325 omnes
3319 2270 3659 2338 investigavit
3681 2270 3814 2324 inti-

2250 2359 2445 2413 delium
2501 2359 2856 2429 nequissimas
2897 2359 3318 2429 conspirationes
3365 2359 3524 2413 huius
3573 2360 3670 2414 rei.
3717 2359 3816 2415 ln-

2248 2450 2392 2504 venti
2430 2459 2554 2504 sunt
2597 2458 2774 2505 autem
2805 2450 3045 2507 nonnulli
3090 2451 3145 2505 in
3184 2451 3285 2506 hac
3309 2451 3574 2506 sedicione
3608 2452 3653 2483 ⁸⁹
3683 2468 3816 2508 esse

2248 2540 2424 2610 lapsos
2450 2524 2500 2572 ³⁵³
2519 2557 2585 2595 ex
2610 2541 2851 2612 utrisque
2886 2542 2932 2574 “
2951 2542 3281 2599 Francorum
3328 2551 3381 2598 et
3421 2544 3466 2575 "
3494 2544 3817 2615 Langobarc

2249 2631 2436 2686 dorum
2466 2631 2534 2698 ⁸⁸,
2560 2632 2649 2702 qui
2678 2647 2863 2687 omnes
2890 2633 3107 2688 iudicati
3134 2640 3258 2688 sunt
3277 2633 3343 2687 ad
3367 2641 3615 2697 mortem,
3644 2648 3812 2703 prae-

2248 2732 2333 2779 ter
2356 2724 2655 2795 episcopos,
2670 2726 2760 2794 qui
2785 2726 3121 2795 postmodum
3146 2725 3369 2796 depositi
3395 2726 3447 2778 in
3468 2722 3815 2779 confessione

2249 2830 2434 2871 eorum
2464 2815 2591 2870 facti
2639 2824 2782 2889 sunt.
2828 2815 2938 2870 Hoc
2988 2814 3089 2870 fuit
3130 2815 3451 2870 Anshelmus
3479 2816 3521 2846 "'
3552 2813 3814 2870 Mediola-

2249 2908 2450 2971 nensis,
2479 2915 2529 2961 et
2583 2906 2874 2962 Thedulfus
2928 2907 2972 2939 ⁸⁸
3019 2906 3441 2974 Aurelianensis,
3469 2915 3525 2962 et
3564 2906 3809 2962 Wolvol-

2248 2995 2346 3049 dus
2365 2994 2408 3027 "
2438 2994 2815 3052 Cremonensis
2841 2996 2904 3049 ⁵⁸.
2936 2996 3067 3050 lllud
3098 2995 3349 3051 iudicium
3392 2995 3637 3060 mortale,
3656 2995 3813 3064 quod

2249 3083 2441 3137 ceteris
2467 3081 2667 3137 factum
2692 3083 2865 3138 fuerat
2891 3083 2961 3149 σι,
3011 3085 3302 3154 imperator
3325 3098 3576 3138 exercere
3601 3083 3810 3149 noluit;

2248 3172 2344 3227 sed
2390 3172 2680 3229 consiliarii
2737 3172 3101 3227 Bernhardum
3157 3172 3445 3228 luminibus
3497 3173 3809 3242 privarunt,

2246 3261 2492 3317 similiter
2519 3270 2573 3316 et
2605 3262 2989 3320 .exhortatores
3030 3262 3075 3291 “
3110 3276 3233 3316 suos
3260 3261 3565 3331 Egitthcum
3595 3259 3664 3323 “,
3695 3259 3813 3314 Rc-

2246 3352 2563 3423 ginhardum
2587 3352 2655 3416 °‘,
2681 3359 2735 3406 et
2759 3351 3232 3425 Reginharlttmf',
3248 3350 3471 3420 quierat
3493 3349 3631 3403 ﬁlius
3658 3348 3813 3405 ﬁliae

2248 3442 2521 3500 Hardrade
2557 3445 2623 3508 “,
2653 3445 2743 3514 qui
2786 3454 2903 3498 erat
2943 3444 3055 3501 dux.
3104 3443 3350 3497 Austriae
3378 3442 3808 3506 inﬁdelissimus,

2248 3538 2337 3607 qui
2374 3537 2678 3592 iamdudum
2708 3537 2985 3605 insurgere
3013 3536 3065 3590 in
3086 3534 3337 3589 domuum
3361 3532 3611 3587 Karolum
3633 3533 3812 3588 voluit

2248 3628 2305 3680 et
2322 3627 2371 3681 ei
2394 3642 2617 3697 regnum
2632 3628 2903 3709 .minuere,
2922 3626 3011 3695 qui
3032 3626 3217 3686 eodem
3240 3623 3498 3695 supplicio
3518 3625 3632 3693 ipse
3652 3625 3697 3655 ’τ
3710 3625 3811 3679 dc-

2247 3724 2462 3786 putatus
2485 3723 2590 3781 est,
2616 3716 2751 3771 sicut
2774 3714 2912 3770 ﬁliae
2940 3731 3068 3771 suae
3091 3714 3231 3771 ﬁlius
3250 3714 3501 3770 sustinuit
3530 3730 3653 3770 cum
3673 3730 3807 3769 (ξοη-

2245 3806 2514 3861 sentaneis
2536 3806 2666 3861 suis.

2312 3898 2401 3952 25.
2441 3897 2621 3952 Tertio
2644 3897 2728 3953 die
2747 3903 2868 3968 post
2887 3895 3229 3955 amissionem
3254 3896 3511 3951 luminum
3531 3894 3809 3949 Bernhar-

2244 3987 2344 4043 dns
2365 3988 2517 4043 obiit.
2540 3986 2689 4055 Quod
2712 3989 2934 4043 audiens
2957 3988 3266 4057 imperator,
3290 4001 3483 4058 magno
3502 4001 3622 4039 cum
3644 3984 3691 4015 ⁸⁸
3707 3984 3811 4039 do-

2244 4078 2358 4134 lore
2399 4077 2542 4134 ﬂevit
2579 4078 2760 4133 multis
2811 4078 3138 4148 temporibus
3185 4077 3251 4143 ",
3305 4085 3360 4132 et
3405 4075 3807 4132 confessionem

2247 4168 2391 4224 dedit
2410 4184 2589 4223 coram
2616 4168 2863 4223 omnibus
2883 4166 3147 4243 episc0pis
3170 4168 3301 4233 suis,
3317 4176 3371 4222 et
3393 4168 3587 4222 iudicio
3609 4183 3806 4223 eorum

2243 4259 2624 4329 paenitentiam
2676 4258 2913 4327 suscepit
2965 4266 3184 4328 propter
3241 4259 3342 4314 hoc
3395 4264 3618 4322 tantum,
3671 4261 3804 4328 quia

2242 4363 2348 4403 non
2404 4348 2675 4417 prohibuit
2724 4347 3040 4403 consiliariis
3091 4347 3302 4402 suis‘"
3358 4349 3495 4402 hanc
3546 4347 3807 4403 debilita-

592 4435 928 4504 otnnipotens
954 4433 1095 4488 Deus
1121 4449 1242 4489 cum
1297 4435 1325 4475 δ
1365 4437 1577 4507 regibus
1618 4436 1664 4469 “
1709 4447 1762 4493 et
1808 4439 2132 4507 principibus
2160 4422 2212 4482 Ῑ)
2239 4447 2343 4493 tem
2394 4439 2439 4471 '”
2502 4454 2659 4508 agere
2713 4438 2781 4492 ".
2832 4437 2912 4495 Ob
2959 4439 3099 4493 hanc
3144 4453 3359 4494 causam
3419 4438 3582 4493 multa
3651 4440 3809 4496 dedit

1788 4525 2169 4584 VARIANTES
2205 4527 2599 4583 LECTIONES.

666 4618 682 4647 ³
710 4615 776 4690 de
805 4630 870 4670 eo
892 4616 944 4670 in
959 4617 1109 4690 haec
1125 4615 1286 4690 verba
1312 4615 1458 4670 :Non
1486 4625 1573 4690 est
1596 4616 1649 4690 4.
1667 4652 1682 4690 -_
1717 4618 1737 4648 '
1766 4633 2041 4690 reverssus
2062 4621 2111 4673 1.
2187 4619 2209 4652 ³
2235 4620 2557 4690 quicumque
2575 4619 2630 4673 2.
2654 4618 2713 4690 5.
2785 4619 2806 4651 ⁸
2825 4621 3074 4690 sacerdos
3103 4620 3160 4675 2.
3188 4619 3241 4674 5.
3312 4621 3334 4653 ⁸

3343 4620 3803 4692 Quodcumque...

593 4685 1136 4759 excelsoruntdeestﬁ
1206 4685 1561 4759 fdomnusjt
1607 4688 1627 4719 '
1648 4687 1785 4759 deest
1801 4687 1922 4741 2.4.
1988 4689 2009 4720 ⁸
2035 4685 2270 4744 άεεει4.”
2310 4689 2330 4720 ⁹
2355 4685 2623 4759 accipiunt
2639 4689 2691 4742 4.
2765 4690 2807 4721 ¹⁰
2836 4699 2961 4745 sunt
2991 4689 3330 4745 sicuta.2.4.
3354 4685 3383 4689 Ἰ
3402 4692 3442 4723 ³⁸
3465 4685 3804 4748 sidomestici

595 4758 645 4810 1.
697 4756 765 4829 4¹¹
788 4755 1161 4829 huiusmodi}.
1193 4753 1246 4809 4.
1322 4754 1364 4829 ιζ
1385 4755 1510 4829 et_2.
1534 4755 1601 4829 4.Δ
1658 4757 1701 4829 ξι
1726 4757 1997 4829 imponere
2013 4758 2067 4812 4.
2143 4760 2187 4792 "
2213 4760 2265 4814 in
2289 4775 2337 4814 c.
2365 4753 2505 4829 deest
2524 4758 2577 4813 4.
2653 4760 2696 4792 ¹⁶
2723 4770 2915 4829 cogunt
2935 4759 2989 4813 4.
3064 4761 3105 4793 ¹⁷
3134 4761 3336 4815 deest2.
3361 4760 3413 4814 4.

597 4828 640 4858 “
671 4827 810 4879 deest
834 4826 869 4878 2
891 4825 982 4878 -4.

592 4897 729 4957 deest
754 4894 807 4949 5.
880 4895 925 4926 ’⁸
944 4896 1207 4966 praecipit
1225 4894 1338 4948 2-4.

1074 4825 1117 4857 ²⁰
1143 4837 1317 4879 autem
1337 4825 1388 4880 2.
1420 4826 1474 4880 4.
1564 4826 1605 4857 ²¹
1637 4826 1774 4880 deest
1799 4825 1852 4881 4.
1917 4832 1921 4858 τ

1074 4896 1199 4951 cinit
1225 4894 1338 4948 2-4.
1436 4896 1479 4927 ’⁷
1506 4896 1770 4950 tribuatur
1808 4896 1921 4951 2-4.

3517 4760 3560 4792 ⁸⁸
3582 4762 3729 4816 deest
3742 4763 3802 4817 4.

1564 4826 1605 4901 _’_‘
1637 4826 1774 4880 deest
1882 4898 1894 4901 _
1917 4829 2113 4901 "deest
2130 4830 2183 4883 4.
2259 4830 2468 4901 ".deest
2487 4828 2607 4901 2-4.
2684 4829 2731 4865 ³⁵
2758 4818 3122 4901 ρῖοἰίεἰιιηιί2.
3143 4832 3195 4901 5.
3216 4832 3439 4901 proiecit
3463 4830 3517 4884 4.
3564 4818 3640 4901 ’ν
3662 4831 3717 4885 d.
3744 4848 3803 4887 e.

2023 4898 2085 4970 ’ξ
2106 4899 2334 4970 gregorii
2373 4914 2544 4970 papae
2584 4899 2638 4953 2,

2728 4899 2772 4931 ¹⁹
2798 4901 3016 4956 credere
3053 4900 3106 4954 5.
3159 4899 3233 4954 4ξ
3299 4901 3343 4932 ³⁸
3373 4900 3534 4969 aliqui
3580 4900 3691 4954 sint
3738 4902 3802 4956 4.

593 4966 636 5048 ³1
663 4964 951 5048 pictum-4..
1026 4964 1069 4996 "
1097 4964 1428 5048 negligentes
1441 4966 1560 5048 2-4,ἱ
1601 4966 1749 5048 _"net
1774 4966 1993 5048 illudg4._
2030 4964 2172 5048 -_"'r.
2204 4964 2323 5048 suis
2338 4964 2393 5023 et
2608 4969 2969 5048 "hiutarium
3074 4969 3360 5048 lotharium
3463 4964 3525 5024 ’4.
3562 4969 3805 5048 hl_ud_ha-
3842 5024 3855 5033 ,

592 5035 730 5091 rium
754 5036 806 5089 5.
882 5035 927 5066 “
952 5050 1139 5089 manus
1154 5035 1323 5103 patris
1349 5037 1496 5090 suis.
1527 5036 1641 5090 2-4.
1671 5036 1722 5090 6.
1798 5036 1841 5069 ³⁷
1868 5046 1922 5092 et
1944 5038 2012 5093 ob
2039 5038 2139 5093 hoc
2162 5055 2209 5094 e.
2236 5038 2272 5092 f.
2296 5038 2351 5092 4.
2424 5039 2470 5070 ⁸⁸
2484 5047 2540 5095 et
2564 5055 2629 5095 ex
2650 5042 2705 5096 4.

590 5109 655 5178 5.7
715 5114 960 5178 patruum
978 5104 1037 5178 _4.
1111 5105 1515 5178 “habebatque
1530 5105 1595 5178 _4.
1656 5105 1708 5178 ff
1737 5106 2016 5162 Habebat.
2060 5148 2073 5161 .
2113 5148 2127 5162 .
2156 5109 2278 5163 inde
2306 5109 2443 5164 deest
2473 5109 2523 5161 1.
2595 5110 2642 5140 ⁸⁸
2670 5110 2811 5164 deest
2843 5109 2897 5163 4.

589 5174 800 5233 villonis
822 5177 876 5230 2.
945 5175 1139 5230 “deest
1160 5174 1214 5228 4.
1285 5175 1329 5207 ⁸⁷
1357 5174 1495 5230 deest
1515 5176 1570 5230 4.

592 5246 635 5317 ξι
663 5248 813 5317 aquis
856 5245 967 5300 24.
1017 5316 1026 5317 ί
1067 5246 1112 5277 ει
1135 5244 1439 5317 δεξάυθὲἱοηθ
1465 5245 1521 5317 4-

591 5315 643 5368 5.
665 5313 726 5369 4.
794 5317 836 5349 ⁸⁷
856 5316 1150 5371 ansselmus
1172 5313 1223 5367 2.
1297 5315 1343 5346 ⁸⁸
1371 5314 1625 5369 thedulful
1648 5317 1696 5369 1.
1734 5313 2138 5384 ἱιιίθόοιρὴιιεῦ.

592 5384 636 5467 ’ἶ
661 5387 814 5467 09‘!-
873 5384 1355 5467 .‘.’.e"°."a€9rfsl-
1427 5384 1476 5467 ξ’
1498 5386 1809 5467 βεείιιξθυπει.
1846 5385 1898 5467 ἓ·
1927 5385 1979 5467 ⁵.·

591 5453 728 5511 deest
747 5456 800 5510 5.
873 5455 918 5486 ⁸⁸
944 5455 1192 5510 hardardi
1217 5454 1269 5507 2.
1312 5453 1545 5509 hardrati

592 5520 851 5581 bilitatem
874 5524 929 5580 2.
956 5526 1008 5581 5.
1038 5525 1091 5580 5.
1131 5522 1497 5581 crudelitatem
1527 5525 1575 5578 1.
1604 5524 1656 5577 4.
1728 5525 1774 5556 ⁷⁸
1797 5522 1975 5579 facere
1999 5525 2051 5577 5.

2790 5039 2835 5070 ⁸⁸
2858 5041 3245 5110 exortationem
3270 5041 3321 5095 1.
3390 5040 3437 5110 ⁸9
3457 5039 3805 5110 patruhelem

2982 5108 3031 5142 “
3054 5120 3108 5165 et
3137 5110 3380 5180 pervenit
3400 5106 3537 5180 2.7—4.
3594 5106 3679 5180 θ’.
3696 5109 3803 5180 da-

1659 5175 1707 5248 ‘f’
1731 5185 1785 5231 et
1806 5179 2420 5248 seserepraescntabant
2452 5179 2590 5233 deest
2608 5178 2717 5232 2-4.
2787 5178 2832 5211 “
2863 5187 2988 5235 etc.
3024 5175 3155 5235 sunt
3163 5180 3301 5233 deest
3322 5180 3370 5248 1,.
3447 5179 3492 5211 ⁵⁸
3512 5186 3567 5234 et
3590 5178 3715 5232 inde
3735 5176 3795 5231 4-

1614 5246 1661 5279 ⁸³
1686 5245 1817 5328 lapsi
1838 5245 1891 5300 2.
1922 5246 1973 5300 4.
2009 5245 2022 5246 ί
2047 5248 2091 5278 ⁸⁸
2115 5257 2340 5317 utraque
2356 5258 2518 5370 lparte
2551 5248 2661 5302 2-4.
2733 5248 2780 5281 ⁸³
2806 5259 2965 5319 atque
3004 5249 3120 5303 2-4.
3194 5248 3240 5280 ⁸⁸
3260 5245 3702 5330 longobardot‘um
3738 5248 3793 5301 1.

1614 5316 1696 5369 11.
1734 5316 2138 5373 ιιιιεόοιιιιιιιεῦ.
2206 5317 2249 5349 ⁸⁸
2270 5334 2354 5372 wo
2376 5320 2541 5373 vodus
2566 5317 2622 5373 4.
2729 5318 2773 5350 ⁸⁸
2801 5328 2857 5373 et
2891 5334 2958 5373 π.
2980 5334 3028 5373 c.
3055 5327 3110 5373 et
3129 5319 3205 5372 th.
3245 5319 3628 5373 aurelianenSIs
3673 5316 3793 5373 24.

2041 5386 2292 5458 egitteum
2318 5387 2375 5458 4.
2448 5387 2494 5458 ‘f
2521 5388 2863 5458 reginardum
2911 5389 2965 5442 2.
3006 5388 3371 5458 greignhargdum
3414 5388 3469 5443 4.
3503 5457 3515 5458 γ
3538 5388 3586 5420 ⁸⁸
3616 5396 3687 5458 91
3712 5403 3796 5458 gr.

1606 5455 1693 5528 ει.
1730 5454 2043 5528 u‘ﬂdeesté.
2116 5455 2306 5512 “eum
2325 5456 2378 5510 4.
2452 5456 2496 5488 ιο
2523 5454 2692 5513 multo
2723 5466 2959 5528 tempore
2995 5457 3049 5511 2.
3087 5457 3141 5511 4.
3217 5457 3263 5490 το
3304 5457 3443 5515 deest
3488 5457 3546 5516 4.
3613 5456 3664 5491 τι
3693 5456 3803 5512 de-

2729 5318 2773 5350 ”
2801 5328 2857 5375 et
2879 5316 2958 5374 'w.
2980 5334 3028 5373 c.
3055 5327 3110 5374 et
3129 5319 3205 5372 th.
3245 5316 3628 5375 aurelianensis
3673 5316 3797 5373 2-4.

2084 5618 2309 5675 ΝΟΤΑΕ.

667 5714 694 5743 ⁸
724 5705 782 5783 id
806 5718 906 5783 est,
931 5723 985 5783 In
1005 5709 1218 5783 regibus
1244 5717 1298 5762 et
1321 5708 1676 5779 principibus;
1707 5724 1819 5763 cum
1870 5708 1953 5762 hic
2000 5706 2135 5762 Ger-

596 5775 860 5841 manicum
889 5776 963 5827 bei
988 5775 1269 5845 signiﬁcat.

2308 5708 2336 5749 ι’
2367 5707 2423 5763 ld
2451 5716 2554 5772 est,
2576 5715 2840 5776 patruum.
