3956 6190
625 312 729 368 419

1589 303 1881 362 TIIEGANI
1913 301 2396 359 CHOBEPISCOPI
2432 256 2875 358 TBEVlilENSIS

3711 303 3803 359 420

625 422 791 482 dium,
847 417 1023 488 ibique
1074 416 1218 471 venit
1260 414 1472 470 obviam
1511 416 1560 469 ei
1602 415 1856 491 Qippinus
1902 415 2041 470 ﬁlius
2061 431 2178 469 eius
2203 423 2252 480 Α
2278 416 2349 467 ibi
2376 413 2637 474 residens,
2668 428 2835 483 usque
2855 413 2980 467 dum
3008 423 3159 482 pater
3187 414 3303 469 eius
3326 413 3637 484 Magontiam
3664 416 3707 448 ”
3728 433 3806 473 ve-

629 527 750 567 cum
775 509 1042 580 magnatis
1077 508 1093 539 ¹
1133 506 1322 577 primis
1366 506 1535 576 patris
1574 497 1696 570 sui,‘
1724 505 2006 560 llilduvino
2033 508 2054 535 '
2085 520 2173 557 ar-

629 599 993 668 chicapellano
1056 599 1097 663 ⁸,
1147 606 1202 653 et
1249 598 1390 652 Iesse
1440 597 1782 653 Ambianensi
1828 599 1851 629 δ
1907 611 2173 667 episcopo,

625 690 739 759 Hng
785 690 806 720 '
870 698 925 743 et
969 688 1218 743 Matfrido
1258 686 1314 752 ‘,
1364 687 1639 742 Elisachar
1686 687 1706 719 "
1757 689 1966 752 abbate,
2021 687 2179 742 Gote-

629 777 766 831 frido
806 776 850 840 ⁸,
877 788 933 830 et
961 777 1149 831 multis»
1190 775 1309 831 aliis
1334 776 1574 845 perﬁdis,
1628 785 1684 831 et
1709 777 1991 832 voluerunt
2031 776 2177 831 dom-

630 882 752 922 num
780 866 1154 937 imperatorem
1174 867 1256 921 ‘de
1295 881 1461 936 regno
1499 865 1794 935 expellere;
1829 868 1968 935 quod
1997 865 2176 935 prohi-

624 956 740 1011 buit
767 954 992 1010 dilectus
1014 955 1336 1024 aequivocus
1363 955 1506 1009 ﬁlius
1530 955 1663 1010 eius.
1698 953 1997 1024 Supradieti
2026 956 2176 1027 impii

624 1047 917 1101 obicientes
945 1048 993 1102 ei
1025 1047 1190 1102 multa
1213 1047 1500 1108 contraria,
1540 1046 1681 1116 quod
1714 1047 1932 1116 impium
1962 1055 2047 1101 est
2072 1047 2173 1102 fari

623 1137 706 1191 vel
728 1137 872 1193 credi
903 1136 945 1188 ’.
994 1138 1253 1192 Dixerunt
1297 1137 1471 1191 Iudith
1518 1138 1753 1207 reginam
1786 1136 2033 1191 violatam
2056 1153 2176 1193 esse

622 1240 654 1280 ιι
687 1226 727 1257 ¹⁰
755 1226 983 1295 quodam
1013 1227 1145 1282 duce
1182 1225 1492 1281 Bernhardo
1515 1238 1566 1291 ι,
1607 1227 1698 1296 qui
1736 1235 1853 1280 erat
1898 1227 1964 1282 de
2011 1229 2177 1297 stirpe

626 1315 816 1383 regali,
832 1324 886 1370 et
900 1316 1081 1371 domui
1105 1316 1442 1386 imperatoris
1459 1331 1524 1371 ex
1548 1331 1703 1370 sacro
1720 1316 1865 1372 fonte
1893 1318 2178 1388 baptisma-

622 1400 691 1460 tis
713 1406 873 1472 ﬁlius,
920 1408 1239 1463 mentientes
1279 1408 1489 1473 omnia;
1538 1408 1889 1479 suscipientes
1935 1411 2174 1482 reginam

620 1494 809 1563 ludith,
844 1512 1073 1566 eamque
1100 1498 1152 1551 vi
1194 1497 1434 1553 velantes
1474 1506 1531 1552 et
1571 1498 1625 1551 in
1652 1499 2029 1553 monasterium
2056 1500 2178 1553 mit-

621 1592 811 1650 tentes,
826 1594 879 1640 et
903 1585 1099 1641 fratres
1121 1586 1235 1640 eius
1254 1585 1631 1642 Chuonradum
1657 1585 1767 1643 “'et
1788 1588 2105 1644 Ruodolfum
2133 1591 2173 1623 ¹²

621 1679 897 1733 tondentes
920 1688 975 1733 et
1001 1682 1054 1733 in
1086 1680 1414 1735 monasterio
1445 1681 1488 1712 ⁸³
1516 1682 1789 1737 mittentes
1809 1682 1876 1737 “.

2276 518 2448 565 mens,
2481 513 2535 556 et
2555 504 2853 557 eoadunato
2874 504 3112 558 exercitu
3144 513 3361 558 secutus
3385 514 3468 559 est
3491 520 3631 561 eum.
3654 506 3806 567 Filius

2275 612 2403 650 vero
2435 597 2551 649 eius
2577 596 2914 664 supradictus
2943 598 3231 650 revertens
3253 597 3490 660 domum,
3518 605 3571 651 et
3598 597 3642 629 ³⁸
3656 614 3801 669 expe-

2274 687 2439 741 ctavit
2464 686 2749 740 adventum
2780 686 2971 755 patris,
2995 685 3242 740 etvoluit
3260 701 3319 741 se
3339 685 3640 741 defendere.
3664 686 3804 743 Pater

2273 792 2402 832 vero
2425 776 2467 807 ³⁸
2493 776 2732 839 veniens,
2756 775 2912 830 iussit
2940 791 3060 830 eum
3082 776 3266 830 venire
3293 776 3357 829 ad
3386 790 3472 839 se;
3491 791 3647 844 quem
3673 778 3805 832 beni-

2273 881 2375 935 gne
2404 866 2718 935 suscipiens,
2749 866 3050 919 habuerunt
3096 865 3418 935 colloquium
3443 866 3737 934 paciﬁcum.
3763 878 3809 923 et

2274 973 2377 1012 non
2404 968 2525 1028 post
2547 958 2742 1012 multos
2764 959 2878 1012 dies
2907 974 3028 1013 cum
3046 957 3092 988 ³¹
3121 974 3313 1028 magno
3336 974 3519 1012 amore
3536 959 3810 1015 diviserunt

2274 1066 2349 1105 se.
2383 1051 2549 1106 Filius
2584 1052 2726 1106 domi
2764 1051 3001 1115 sedebat,
3042 1061 3097 1105 et
3147 1063 3303 1121 pater
3354 1066 3600 1105 reversus
3645 1059 3724 1105 est
3763 1052 3807 1106 in

2273 1143 2575 1196 Franciam.

2340 1224 2599 1288 4U.'Cum
2626 1248 2754 1304 ergo
2782 1232 2928 1288 venit
2955 1232 3019 1286 ad
3053 1231 3309 1301 palatium
3360 1231 3808 1297 Franchonovurt,

2274 1323 2347 1378 ibi
2367 1324 2580 1379 obviam
2601 1324 2650 1378 ei
2680 1324 2826 1379 venit
2854 1322 3168 1377 Hlutharius
3201 1321 3339 1376 ﬁlius
3373 1323 3509 1385 eius,
3554 1322 3811 1391 postulans

2270 1420 2501 1482 patrem,
2528 1420 2587 1466 ut
2611 1413 2951 1481 semetipsum
2974 1410 3257 1480 puriﬁcare
3282 1410 3542 1474 licuisset,
3568 1410 3702 1478 quod
3723 1426 3811 1464 nec

2271 1520 2369 1585 per
2388 1505 2711 1560 voluntatem
2737 1505 2873 1570 eius,
2901 1519 3000 1559 nec
3024 1517 3120 1575 per
3142 1502 3569 1559 exhortationem
3590 1502 3699 1557 eius
3717 1500 3809 1554 fra-

2272 1607 2356 1652 ter
2372 1596 2532 1651 ullam
2563 1597 2861 1651 molestiam
2888 1593 2934 1627 "
2962 1595 3102 1664 patri
3126 1595 3341 1649 fecisset
3368 1610 3384 1647 :
3410 1602 3464 1648 et
3488 1608 3647 1664 quam
3671 1592 3713 1623 “
3732 1607 3809 1646 ve.

2273 1704 2391 1744 rum
2426 1690 2528 1744 hoc
2552 1689 2624 1744 sit
2650 1689 2717 1753 ",
2744 1686 3010 1743 nonnullis
3034 1696 3119 1742 est
3141 1686 3430 1757 cognitum.

682 1767 770 1821 37.
807 1768 929 1838 lpso
973 1769 1267 1839 eodemque
1297 1770 1342 1802 “
1370 1786 1512 1825 anno
1535 1772 1780 1840 pervenit
1808 1773 2033 1827 domnus
2064 1773 2169 1827 im-
2198 1772 2245 1833 B
2337 1778 2427 1833 4t.
2460 1778 2677 1834 Interim
2723 1793 2829 1847 quo
2859 1792 2953 1831 rex
2985 1776 3182 1831 ibidem
3210 1774 3256 1805 ⁸⁸
3285 1775 3562 1838 manebat,
3591 1773 3807 1827 auditum

616 1867 831 1916 oerator
881 1861 950 1915 ad
996 1859 1332 1933 Nivvimagnn
1387 1862 1431 1893 η
1486 1872 1744 1929 castrum,
1792 1864 1933 1934 quod
2008 1866 2169 1919 situm

611 1961 694 2007 est
719 1954 758 1984 "
789 1966 949 2023 super
967 1951 1184 2008 ﬂuvium
1208 1953 1349 2023 quod
1374 1953 1569 2009 dicitur
1594 1954 1808 2009 Walnm
1841 1956 1884 1988 ¹⁸
1912 1975 1925 2009 :
1955 1965 2010 2011 et
2038 1956 2175 2011 mul-

614 2045 781 2100 titudo
812 2045 1185 2107 hominumex
1231 2045 1480 2100 omnibus
1535 2046 1715 2116 regnis
1761 2047 1873 2101 suis
1915 2047 2061 2103 venit
2103 2047 2170 2103 ad

610 2151 758 2203 eum,
779 2137 922 2192 inter
942 2152 1077 2207 quos
1099 2146 1362 2192 venerunt
1382 2138 1679 2207 supradicti
1705 2139 2001 2195 adversarii
2029 2142 2167 2205 eius,

615 2236 670 2283 et
694 2239 1047 2298 superaverat
1076 2228 1116 2260 ¹⁹
1156 2243 1250 2283 eos
1294 2229 1521 2283 domnus
1574 2230 1883 2299 imperator,
1929 2242 1985 2287 et
2030 2231 2169 2287 divi-

615 2317 688 2371 sit
720 2317 764 2348 ²⁰
796 2331 891 2373 eos
917 2327 1078 2388 atque
1110 2318 1503 2373 commendavit
1532 2319 1581 2372 ιτ.
1602 2319 1666 2373 Et
1697 2318 2008 2375 Hlutharius
2030 2320 2170 2377 ﬁlius

609 2408 729 2464 eius
775 2423 897 2463 eum
945 2408 1247 2463 iuramento
1299 2408 1608 2464 ﬁdelitatem
1654 2411 1921 2480 promisit,
1965 2420 2024 2466 ut
2049 2422 2172 2481 post

612 2499 714 2553 hoc
741 2499 784 2529 “
811 2513 1081 2567 nunquam
1139 2497 1265 2551 talia
1315 2498 1655 2554 committere
1683 2498 1972 2555 debuisset.
2002 2500 2069 2554 Et
2095 2499 2169 2555 ibi
2200 2568 2217 2589 Ι

611 2588 757 2644 Iesse
786 2589 926 2645 iusto
983 2588 1183 2643 iudicio
1220 2588 1591 2659 episcoporum
1632 2592 1903 2661 depositus
1939 2601 2041 2647 est.
2090 2593 2165 2648 ibi

609 2684 710 2739 fuit
738 2685 1062 2754 aequivocus
1090 2682 1232 2739 ﬁlius
1252 2684 1389 2750 eius,
1419 2684 1511 2754 qui
1548 2684 1601 2738 in
1622 2684 1870 2739 omnibus
1897 2684 2170 2762 laboribus

608 2778 780 2847 patris
806 2776 1018 2832 adiutor
1041 2779 1156 2833 eius
1181 2777 1382 2832 extitit.
1403 2776 1529 2834 Inde
1557 2776 1704 2832 venit
1731 2777 1956 2832 domnus
1995 2777 2166 2847 impe-

610 2870 952 2939 rator-Aquis
980 2870 1047 2925 ad
1075 2870 1259 2926 sedem
1285 2884 1461 2935 suam,
1508 2878 1564 2925 et
1608 2870 1916 2941 supradicta
1970 2870 2166 2925 coniux

609 2962 753 3017 venit
773 2961 845 3016 ibi
858 2961 1073 3016 obviam
1087 2961 1160 3027 ei,
1182 2976 1341 3031 quam
1362 2959 1656 3015 honoriﬁce
1670 2962 1926 3030 suscepit,
1952 2960 2168 3015 iubente

609 3052 869 3123 Gregorio
914 3052 1157 3107 Romano
1197 3051 1447 3122 pontiﬁce
1474 3067 1599 3107 eum
1629 3051 1856 3107 aliorum
1890 3053 2167 3122 episcopo-

613 3160 731 3205 rum
759 3144 899 3197 iusto
924 3143 969 3173 ²²
999 3143 1213 3198 iudicio.

673 3231 761 3285 38.
802 3229 1057 3301 Sequenti
1080 3247 1209 3287 vero
1234 3247 1374 3287 anno
1403 3230 1550 3305 (83l)
1599 3232 1893 3302 imperator
1917 3233 1963 3264 ”
1991 3233 2044 3286 in
2070 3249 2165 3303 pa-

580 3321 739 3399 ‘Iatio
797 3321 1100 3377 Theodonis
1127 3332 1245 3377 erat
1293 3338 1417 3378 cum
1462 3323 1588 3377 ﬁliis
1639 3323 1751 3377 suis
1792 3322 2073 3376 Hluthario
2110 3330 2166 3377 et

613 3413 926 3481 l.ludowico
955 3431 968 3466 :
997 3422 1055 3469 et
1084 3414 1154 3469 ibi
1182 3412 1520 3484 supradictus
1541 3414 1645 3467 dux
1666 3415 1814 3468 venit
1832 3412 1879 3443 “
1900 3412 2167 3467 Bernhar-

606 3505 722 3566 dus,
777 3511 834 3557 et
876 3503 923 3535 "
978 3503 1281 3574 puriﬁcavit
1331 3491 1389 3558 se
1433 3503 1499 3558 de
1537 3503 1846 3572 supradicto
1884 3504 1929 3534 ⁸⁸
1955 3511 2161 3574 stupro,

610 3605 891 3667 postquam
923 3597 1100 3653 nullus
1124 3598 1372 3652 inventus
1396 3605 1497 3661 est,
1525 3598 1616 3666 qui
1646 3613 1808 3653 ausus
1837 3597 2164 3653 fuissetcum

607 3689 775 3742 armis
799 3690 1159 3759 supradictam
1190 3690 1232 3723 ³⁷
1269 3705 1382 3746 rem
1406 3689 1457 3745 ei
1488 3690 1762 3759 inponere.

674 3777 764 3831 59.
799 3777 920 3832 ΑΙἰο
948 3794 1077 3834 vero
1098 3794 1238 3834 anno
1268 3778 1413 3851 (852)
1441 3785 1563 3848 post
1581 3778 1777 3848 pascha
1802 3777 2037 3831 auditum
2062 3785 2165 3841 est,

605 3868 749 3936 quod
776 3870 1100 3939 aequivocus
1128 3870 1269 3925 ﬁlius
1312 3870 1429 3925 eius
1469 3885 1591 3924 cum
1636 3868 1866 3924 consilio
1906 3866 2169 3923 lllutharii

534 3986 543 3999 ι
605 3958 863 4014 voluisset
890 3961 1109 4016 visitare
1133 3968 1342 4031 patrem
1369 3960 1422 4014 in
1472 3960 1627 4015 hoste
1646 3959 1714 4024 ³⁸,
1746 3968 1801 4014 et
1826 3960 1973 4015 venit
1998 3974 2169 4029 usque

607 4046 675 4101 ad
696 4048 1078 4103 monasterium
1106 4048 1282 4104 sancti
1310 4046 1545 4112 Nazarii,
1597 4055 1654 4103 et
1690 4048 1901 4103 modico
1930 4056 2170 4115 tempore

2270 1880 2375 1937 est,
2420 1872 2560 1942 quod
2581 1871 2838 1942 Pippinus
2880 1869 3020 1924 ﬁlius
3040 1869 3155 1924 eius
3184 1867 3227 1899 ³⁷
3256 1867 3667 1922 commotionem
3685 1866 3807 1934 patri

2270 1959 2448 2015 facere
2475 1960 2748 2015 votuisset.
2779 1958 2882 2027 Qui
2926 1958 3133 2013 coneite
3175 1956 3417 2028 perrexit
3457 1955 3746 2010 Limodiam
3767 1954 3808 1987 ⁸⁸

2269 2051 2541 2106 civitatem
2573 2050 2787 2105 obviam
2807 2050 2924 2105 eius
2952 2048 3021 2115 ’9,
3064 2048 3219 2102 iussit
3268 2046 3313 2078 ⁸⁸
3353 2047 3435 2102 ire
3490 2045 3657 2100 ﬁlium
3702 2060 3803 2099 cum

2270 2156 2438 2196 uxore
2465 2150 2522 2197 et
2550 2140 2732 2195 liberis
2762 2140 2816 2193 in
2839 2139 3141 2194 Franciam.
3172 2136 3230 2191 in
3254 2136 3445 2207 primis
3480 2136 3698 2190 audiens
3725 2136 3807 2189 im-

2267 2232 2474 2302 perium
2488 2231 2679 2301 patris,
2708 2230 2997 2300 incipiebat
3016 2229 3097 2283 ire
3114 2241 3285 2297 usque
3302 2208 3373 2280 ad
3391 2226 3749 2280 Theotuadum
3767 2226 3802 2256 δ’

2267 2323 2558 2394 palatium;
2626 2322 2749 2376 inde
2833 2331 3109 2376 revertens
3166 2318 3409 2389 perrexit
3485 2318 3543 2371 in
3601 2317 3803 2386 Aquita-

2267 2415 2414 2469 niam
2447 2412 2490 2443 "
2510 2412 2657 2485 (855)
2687 2430 2699 2467 :
2732 2412 3023 2481 imperator
3043 2411 3166 2465 inde
3191 2410 3237 2440 "
3276 2416 3563 2463 revertens
3589 2407 3652 2471 “,
3681 2406 3806 2461 venit

2265 2504 2434 2575 Aquis
2457 2504 2522 2559 ad
2542 2503 2589 2535 ⁸⁸
2608 2503 2788 2558 sedem
2810 2518 2981 2567 suam,
3013 2511 3069 2557 et
3098 2500 3201 2557 fuit
3220 2500 3291 2555 ibi
3317 2517 3424 2556 non
3447 2500 3668 2555 multum
3692 2509 3805 2553 tem-

2266 2610 2384 2666 pus.
2435 2594 2560 2649 lnde
2598 2592 2907 2664 regrediens
2955 2592 3025 2657 “,
3053 2592 3201 2647 venit
3225 2590 3591 2650 Wormaciam
3642 2588 3806 2645 civita-

2266 2696 2377 2742 tem
2400 2686 2441 2718 ⁸⁷
2474 2695 2599 2741 ante
2623 2695 2865 2741 sanctum
2895 2694 3106 2755 tempus
3125 2685 3572 2756 quadragesimae
3593 2684 3654 2737 “.

2335 2775 2423 2831 42.
2464 2775 2591 2831 Post
2613 2776 2812 2845 pascha
2838 2776 3063 2842 audivit,
3087 2784 3151 2830 ut
3196 2775 3241 2806 δ’
3269 2776 3460 2829 iterum
3509 2775 3602 2829 ﬁlii
3633 2776 3708 2830 sui
3746 2773 3801 2827 ad

2266 2883 2388 2923 eum
2420 2867 2603 2922 venire
2628 2866 2925 2921 voluissent
2948 2883 3054 2922 non
3081 2865 3304 2937 paciﬁce
3333 2885 3346 2920 :
3369 2867 3460 2935 qui
3483 2865 3805 2938 congregavit

2266 2958 2581 3024 exercitum,
2616 2957 2661 2990 ”
2681 2957 2920 3027 perrexit
2943 2958 3155 3013 obviam
3186 2957 3267 3011 eis
3290 2972 3458 3026 usque
3494 2956 3551 3011 in
3582 2970 3800 3026 magnum

2267 3063 2514 3131 campum
2538 3047 2629 3117 qui
2658 3056 2740 3103 est
2782 3048 2923 3102 inter
2946 3046 3317 3118 Argentariam
3346 3047 3390 3078 ⁸¹
3415 3056 3470 3102 et
3500 3046 3715 3101 Basilam
3743 3046 3802 3109 ",

2194 3152 2237 3212 ρ
2269 3138 2358 3206 qui
2385 3152 2554 3207 usque
2582 3138 2736 3193 hodie
2761 3138 3067 3193 nominatur
3091 3138 3633 3207 Campus-mendacii,
3660 3138 3736 3192 ubi
3764 3137 3802 3168 ⁸⁸

2264 3228 2615 3299 plurimorum
2644 3228 2870 3283 ﬁdelitas
2895 3228 3130 3284 extincta
3151 3237 3234 3283 est
3263 3228 3328 3281 ".
3360 3228 3477 3282 Filii
3512 3238 3681 3283 autem
3703 3227 3804 3281 eius

2264 3328 2617 3391 perrexerunt
2642 3320 2852 3374 obviam
2880 3320 2930 3374 ei
2959 3336 3079 3375 cum
3106 3320 3367 3391 Gregorio
3394 3336 3569 3391 pappa
3617 3321 3660 3352 "
3710 3320 3804 3373 Ro-

2265 3425 2454 3473 mano;
2482 3420 2538 3465 et
2566 3411 2821 3481 quicquid
2851 3412 3212 3481 postulabant,
3263 3412 3396 3467 nihil
3448 3413 3496 3443 “
3546 3413 3624 3467 eis
3670 3419 3803 3480 pater

2265 3500 2609 3554 consentiens
2636 3500 2704 3554 ⁸⁷.
2744 3498 2865 3555 Non
2909 3511 3029 3572 post
3080 3501 3277 3556 multos
3313 3502 3429 3556 dies
3456 3513 3714 3556 venerunt
3747 3500 3801 3553 ad

2265 3588 2587 3659 colloquium
2615 3590 2908 3661 imperator
2933 3600 2987 3661 et
3013 3592 3353 3662 supradictus
3376 3593 3419 3624 ⁸⁸
3446 3593 3681 3664 pontifex
3697 3609 3709 3654 ;
3726 3591 3799 3661 qui

2266 3693 2373 3733 non
2402 3679 2491 3734 diu
2514 3678 2808 3748 loquentes,
2834 3681 3119 3736 honoravit
3151 3697 3273 3737 eum
3305 3684 3549 3759 pontifex
3589 3682 3802 3753 inprimis

2268 3772 2478 3842 magnis
2502 3781 2558 3826 et
2585 3774 2883 3828 innumeris
2904 3774 3078 3829 donis.
3108 3774 3395 3845 Postquam
3421 3785 3648 3846 uterque
3669 3774 3802 3829 rediit

2269 3861 2335 3915 ad
2370 3861 2790 3928 tabernaculum,
2820 3864 2969 3918 misit
2994 3865 3283 3935 imperator
3311 3866 3447 3922 dona
3503 3868 3695 3940 regalia
3724 3880 3802 3934 per

2265 3951 2599 4023 Adalungum
2625 3954 2984 4010 venerabilem
3013 3957 3259 4011 abbatem
3284 3964 3446 4027 atque
3474 3957 3523 3989 δ’
3553 3956 3798 4027 presbyte—

2267 4063 2387 4102 rum
2415 4048 2725 4117 supradicto
2750 4048 3013 4119 pontiﬁci.
3068 4048 3218 4104 Tunc
3245 4049 3513 4105 consiliati
3545 4060 3667 4106 sunt
3695 4063 3801 4103 non-

1821 4265 2209 4323 VARIANTES
2244 4268 2637 4325 LECTIONES.
2707 4324 2716 4333 ,

684 4400 701 4431 ¹
733 4398 1097 4469 magnatibus
1120 4398 1173 4452 5.
1227 4396 1281 4469 4._

612 4466 843 4523 swculif
906 4467 928 4498 ⁸
958 4467 1285 4521 ambienensi
1337 4466 1388 4520 Ι.

610 4539 747 4591 deest
774 4536 827 4590 4.
924 4537 946 4568 ⁸
976 4535 1249 4607 godefrido
1274 4536 1371 4607 72.“
1397 4535 1455 4607 5.
1500 4532 1531 4607 γ’

613 4607 801 4661 radum
849 4606 903 4660 3.
943 4605 1231 4661 conradum
1259 4606 1313 4659 4.
1342 4605 1396 4659 5.

615 4677 887 4731 mittentes
914 4684 1017 4731 etc.
1047 4675 1100 4728 4.
1180 4676 1223 4706 ¹⁵
1254 4676 1390 4729 deest
1420 4676 1474 4730 4.

611 4745 666 4801 3.
746 4746 789 4776 ⁸⁸
822 4745 998 4799 vatum
1032 4744 1085 4798 2.
1109 4743 1163 4797 4.
1194 4745 1315 4802 wal.
1346 4747 1399 4800 3.
1501 4746 1543 4777 ¹⁹

616 4817 744 4869 haec
802 4814 854 4869 2.
892 4816 1115 4885 posthac
1137 4813 1190 4868 4.
1344 4816 1387 4885 ’ξ
1406 4815 1551 4885 deest
1574 4813 1653 4870 “5.

614 4885 812 4939 dictam
860 4886 913 4940 4.
953 4886 998 4917 ⁸⁸

616 4955 747 5009 tavit
801 4955 855 5009 2.

1781 4816 1828 4848 ’³
1869 4816 2007 4871 deest
2056 4817 2108 4870 4.

947 4954 991 4987 ³⁸
1030 4959 1167 5008 deest
1194 4955 1245 5008 4.

616 5093 658 5124 ⁸³
693 5095 1072 5149 theohtuadum
1104 5093 1158 5147 2.
1216 5097 1574 5149 theotwadum
1612 5095 1665 5149 4.

1417 4398 1439 4428 ¹
1470 4397 1711 4452 hilduino
1760 4397 1815 4451 2.
1860 4397 1913 4451 4.
1955 4397 2248 4455 hilduvvino
2275 4400 2326 4454 3.

1489 4466 1737 4539 "hucgh‘
1769 4467 1821 4539 2.
1859 4469 2066 4539 hugone
2088 4468 2141 4522 5.
2172 4468 2228 4522 4.

1448 4577 1455 4609 ι
1497 4536 1570 4609 Δξ’
1599 4536 1820 4609 quodi.
1873 4536 2000 4609 e._'l‘.
2056 4553 2108 4591 ν.
2152 4540 2310 4609 credi
2363 4541 2498 4595 deest
2528 4542 2579 4595 2.
2628 4541 2682 4595 4.
2761 4543 2803 4573 ¹⁰
2830 4544 2968 4597 deest
3018 4545 3069 4597 l.
3149 4544 3192 4574 “
3223 4545 3517 4599 eunradum

1492 4606 1535 4636 ¹¹
1575 4604 1878 4661 ruodulfum
1917 4607 1972 4661 2.
2012 4608 2278 4663 rudolfum
2307 4610 2360 4663 4.
2393 4611 2446 4664 5.

1574 4676 1617 4707 ¹⁶
1641 4677 1996 4747 niuuirnagun
2027 4678 2078 4730 l.
2116 4681 2329 4753 novinm
2360 4696 2617 4753 magnum
2662 4682 2714 4735 2.
2768 4683 3135 4753 noviomagum
3164 4684 3217 4737 5.
3255 4687 3308 4737 4.
3385 4685 3425 4715 "
3447 4700 3501 4753 q.
3529 4702 3576 4740 s.
3607 4702 3658 4741 e.
3684 4686 3800 4737 deest

1570 4757 1851 4816 postquam
1900 4749 2196 4816 superavit,
2219 4750 2398 4804 divisit
2424 4749 2519 4805 eos
2541 4751 2596 4804 2.
2631 4753 2874 4821 superavi

1603 4816 1653 4870 5.
1781 4816 1828 4848 ’³
1869 4816 2007 4871 deest
2056 4817 2108 4870 4.
2240 4818 2285 4850 ⁸⁸
2310 4820 2447 4874 deest
2474 4820 2529 4874 4.
2604 4822 2651 4852 "
2678 4822 2816 4874 deest
2843 4820 2877 4874 4

1053 4833 1115 4870 ac
1137 4833 1190 4868 4.
1344 4833 1551 4885 ".aeest
1603 4833 1653 4870 θ.
1782 4833 1828 4848 ⁸·
1869 4833 2007 4871 deest
2056 4833 2108 4870 4.
2242 4833 2285 4850 “
2310 4833 2447 4874 deest
2474 4833 2529 4875 4.
2604 4833 2651 4852 "
2678 4833 2816 4876 deest
2843 4833 2897 4876 4.
3003 4833 3048 4855 “
3087 4833 3152 4878 de
3208 4833 3417 4878 obiecto
3453 4833 3503 4879 4.
3622 4833 3666 4857 ’⁷
3716 4833 3805 4876 iam

1053 4892 1258 4967 patrem
1313 4880 1593 4967 inhoneste
1619 4885 1671 4939 2.
1780 4886 1835 4940 4.
1910 4885 1954 4916 "
1980 4888 2303 4967 moguntiam
2552 4890 2597 4922 ³⁸
2624 4892 2760 4967 deest
2788 4892 2894 4967 2-4.
2925 4895 3027 4967 sed
3064 4904 3345 4967 revertens
3384 4895 3600 4967 donium
3634 4908 3807 4967 expec-

1354 4955 1398 5027 ξι
1424 4954 1763 5027 gumigaudio
1788 4971 1982 5027 magno
2016 4954 2198 5013 amore
2217 4958 2271 5012 4.
2356 4960 2404 4991 ³³
2446 4960 2580 5021 ullas
2611 4962 2885 5018 molestias
2911 4963 2965 5017 4.

506 5088 517 5093 λ
617 5039 733 5077 rum
764 5035 844 5080 est
869 5041 943 5080 m.
971 5041 1018 5080 c.
1047 5025 1100 5078 2.
1173 5025 1219 5056 “
1246 5025 1316 5080 ibi
1340 5024 1394 5078 2.
1421 5024 1473 5078 4.
1549 5026 1591 5087 '7
1621 5024 1736 5079 eius
1762 5024 1994 5094 aliquam
2019 5027 2127 5081 2-4.
2199 5029 2245 5061 ³⁸
2273 5028 2585 5085 lemovicam
2610 5032 2662 5085 4.
2734 5033 2779 5064 “
2803 5033 2849 5087 ei
2879 5033 2995 5088 2—4.
3063 5034 3109 5064 “
3140 5044 3196 5088 et
3214 5024 3367 5088 iussi't
3391 5036 3445 5089 2.
3488 5036 3739 5103 iussitque
3757 5031 3803 5081 4.

616 5093 658 5124 ⁸³
693 5095 1072 5149 theohtuadum
1104 5093 1158 5147 2.
1216 5097 1574 5149 theotwadum
1612 5095 1665 5149 4.
1759 5095 1805 5126 ’⁵⁸
1825 5107 1877 5150 et
1908 5098 2034 5153 imo.
2063 5097 2117 5151 4.
2198 5098 2243 5130 “
2266 5099 2403 5153 deest
2428 5101 2483 5153 4.
2581 5101 2628 5133 “
2658 5103 2869 5153 rediens
2901 5107 2953 5153 4.
3059 5106 3105 5135 “
3130 5105 3195 5153 ad
3226 5106 3397 5153 armis.
3476 5107 3521 5136 ⁵⁸
3545 5103 3803 5153 egrediens

1908 5113 2034 5166 Imp.
2063 5113 2117 5151 4.
2198 5113 2243 5130 ὀ
2266 5113 2403 5154 deest
2428 5113 2483 5155 4.

2436 4402 2458 4433 ³
2477 4402 2821 4475 scribendum
2849 4402 3312 4475 archieappellano
3371 4422 3464 4474 pro
3524 4422 3666 4460 more
3698 4419 3800 4475 qui

2326 4470 2346 4501 ‘
2397 4473 2685 4526 mathfrido
2711 4473 2764 4526 2.
2795 4473 2848 4527 4.
2950 4476 2969 4506 ⁷
2997 4470 3275 4528 Elisachar
3320 4470 3513 4530 abbate
3563 4470 3803 4531 eotefrido

2543 4561 2579 4594 ι.
2628 4561 2682 4595 4.
2762 4561 2803 4573 η
2830 4561 2968 4597 deest
3018 4561 3069 4597 ι.
3150 4561 3192 4574 υ
3223 4561 3517 4599 eunrauum
3567 4561 3622 4599 2.
3661 4561 3802 4599 conn-

2543 4612 2587 4642 ¹³
2637 4612 3020 4667 monasterium
3055 4612 3172 4668 2-5.
3250 4614 3293 4645 “
3346 4614 3613 4671 miserunt
3659 4615 3711 4669 2.
3756 4613 3799 4665 5.

2696 4753 2901 4823 peravit
2943 4753 2996 4807 5.
3025 4754 3079 4806 4.
3156 4755 3200 4785 ’θ
3232 4754 3432 4809 dimisit
3477 4756 3531 4809 4.
3634 4757 3675 4786 ἰ
3703 4760 3806 4823 post

3003 4825 3048 4855 ²⁶
3087 4823 3152 4878 de
3208 4826 3417 4878 obiecto
3453 4825 3503 4879 4.
3622 4827 3667 4857 ”
3716 4828 3805 4876 iam

3646 4966 3691 4996 ss
3725 4978 3805 5013 γυ-

3061 4962 3107 4994 ⁸⁸
3127 4963 3164 5018 f.
3197 4966 3289 5019 sed
3320 4968 3461 5034 quod
3482 4966 3537 5019 4.

2581 5101 2628 5133 ⁸⁸
2658 5103 2869 5159 rediens
2901 5107 2953 5157 4.

3476 5107 3521 5136 ⁵⁸
3545 5103 3809 5174 egrediens

3059 5106 3105 5135 "
3130 5105 3196 5158 ad
3226 5106 3397 5173 aquis.

616 5162 669 5216 5.
710 5164 1011 5235 digrediens
1232 5166 1370 5246 deest
1391 5165 1445 5216 4.
1519 5165 1564 5246 ‘f
1592 5162 2056 5246 quadragesiniale
2072 5174 2127 5246 4_.
2276 5171 2417 5246 quod
2443 5172 2498 5226 2.
2514 5172 2580 5246 _4.
2656 5174 2700 5204 “
2725 5183 2779 5246 e_t
2799 5177 3034 5246 perrexit
3053 5175 3159 5227 2-4.
3235 5162 3291 5205 ἰ’
3308 5162 3666 5246 argentariam
3686 5170 3803 5246 2.};

618 5234 1009 5314 argentoratuin
1040 5235 1107 5314 5_._
1170 5234 1214 5265 ⁸⁸
1241 5234 1494 5314 ὺαδίξωᾼηι
1520 5235 1588 5314 4_._
1620 5236 1695 5314 .”
1719 5251 1784 5314 e_o
1808 5234 1961 5314 quod
1988 5238 2185 5314 ibi_A4._‘
2211 5240 2256 5270 ⁸⁵
2285 5234 2356 5314 s_it
2382 5247 2435 5295 4.
2466 5313 2475 5314 ί
2510 5244 2556 5274 ³⁸
2578 5258 2715 5314 papa
2738 5234 2873 5297 εδδ.
2944 5260 3165 5300 romano
3211 5234 3461 5314 pontifice
3482 5246 3532 5298 4.
3605 5245 3650 5277 ⁸⁸
3689 5237 3806 5296 nihil

614 5310 732 5356 erat
755 5304 833 5358 eis
858 5304 911 5358 5.
940 5302 994 5357 4.
1066 5305 1107 5336 ⁸⁷
1138 5305 1406 5358 consensit
1422 5304 1475 5357 2.
1545 5304 1589 5334 "'
1618 5302 1900 5359 iamdictns
1924 5306 1977 5358 4.
2050 5309 2094 5339 ⁵³
2123 5310 2260 5363 deest
2289 5310 2341 5363 3.
2374 5325 2429 5365 et
2450 5313 2504 5367 4.
2578 5302 2596 5314 ’
2646 5302 2663 5313 ’
2854 5320 2857 5323 ’
3214 5302 3229 5314 ’
3482 5318 3487 5325 ’

2111 5461 2340 5517 ΝΟΤᾸΞ.

692 5598 715 5625 ι·
755 5587 891 5669 Filio
914 5588 970 5642 S.
1018 5589 1357 5649 Willehelmi.
1406 5592 1554 5647 ducis
1597 5601 1649 5647 et
1702 5594 1945 5648 monachi
1990 5593 2168 5648 Gcllo-
2197 5610 2245 5668 υ
2344 5601 2368 5637 ιν
2406 5602 2462 5653 ιρι
2493 5613 2594 5669 est,
2619 5605 3303 5663 custodiendosdistribuit.

620 5658 823 5709 nensis.
854 5657 1121 5719 Βουριέτ.
