3910 6182
181 302 255 356 ει
1208 299 1361 354 VITA
1401 296 1733 368 LUDOVlCl.
1750 295 2219 365 ιιιιἚιιΑτοιιιε.

3220 311 3323 369 4‘19

180 413 300 478 nulli,
318 418 370 467 ιιι
386 411 747 481 imperatorem
772 413 1224 486 derelinquerent,
1239 427 1295 472 ct
1309 420 1375 473 ad
1398 419 1533 473 ﬁlios
1554 420 1670 474 eius
1699 432 1744 491 Α
1775 423 1917 478 solio‘
1982 429 2193 487 patrum
2219 434 2458 509 suorum.
2480 422 2740 489 Crudelis,
2761 439 2859 479 cur
2882 438 2988 479 non
3016 426 3325 484 intellexisti

183 503 489 574 Menirent,
537 502 777 572 inprimis
836 506 852 534 ¹
913 506 1005 575 qui
1060 521 1182 562 eum
1238 516 1397 563 antea
1443 509 1676 566 alicnde-

182 593 341 657 hant';
382 592 702 673 caeterisque
743 594 764 624 ³
813 597 1193 666 sequentibus,
1242 601 1471 668 quadam
1520 611 1675 657 nocte

183 700 274 750 pars
295 683 507 736 maxima
531 684 728 739 dimisit
753 688 896 751 eum,
923 696 977 741 ct
1007 690 1235 744 tentoria
1266 705 1450 745 eorum
1506 692 1672 746 relin—

181 780 356 842 quentes
396 770 432 835 ⁵,
465 783 819 844 pervenerunt
837 777 903 830 ad
926 776 1078 831 filios.
1109 778 1163 831 ln
1194 779 1486 835 crastinum
1523 781 1543 812 ⁵
1573 782 1673 837 ali-

181 862 354 933 quiqui
392 868 790 927 remanserant,
847 878 1108 921 venerunt
1158 870 1225 924 ad
1274 870 1674 940 imperatorem,

182 951 324 1023 quibus
344 954 830 1023 praecepitdicens:
856 954 954 1020 Ite,
981 957 1074 1021 ait,
1101 958 1169 1011 ad
1189 957 1327 1027 ﬁlios
1348 977 1506 1015 meos.
1534 962 1675 1017 Nolo

188 1049 222 1091 ll
240 1039 352 1092 ullus
372 1050 576 1117 propter
592 1057 671 1095 me
692 1044 848 1115 vitam
887 1055 977 1098 aut
1006 1046 1233 1101 membra
1259 1049 1504 1104 dimittat.
1553 1051 1624 1105 At
1654 1053 1675 1083 ⁸

190 1127 379 1183 ﬂiiini‘usi
403 1130 637 1186 lacrimis
661 1133 978 1189 recedebant
1005 1137 1070 1189 ab
1103 1152 1187 1191 eo.
1223 1137 1332 1192 lam
1364 1148 1488 1193 tunc
1516 1155 1673 1209 sepa-

189 1228 303 1271 ratam
328 1220 585 1275 habebant
614 1236 833 1278 uxorem
862 1240 1013 1279 suam
1052 1227 1071 1257 ⁷
1109 1227 1176 1281 ab
1216 1243 1301 1293 eo,
1360 1245 1482 1284 cum
1531 1231 1676 1285 iura-

187 1316 311 1361 mento
332 1308 706 1367 conﬁrmantes
730 1311 775 1379 ⁸,
830 1322 889 1368 ιιι
937 1330 1038 1370 nec
1087 1318 1154 1371 ad
1204 1327 1429 1374 mortem
1482 1335 1580 1375 nec
1607 1321 1674 1375 ad

185 1398 537 1469 debilitatiqnem
558 1401 582 1432 ’
604 1416 722 1456 eam
742 1404 941 1459 habere
957 1407 1341 1463 desiderarent.
1381 1410 1481 1477 Qui
1507 1413 1547 1442 ¹⁰
1570 1421 1676 1466 sta-

184 1488 245 1540 tim
280 1489 518 1544 miserunt
568 1494 813 1560 partibus
860 1495 1041 1553 Italiae
1091 1499 1145 1553 in
1187 1500 1453 1561 civitatem
1482 1503 1676 1559 Tartu-

182 1581 332 1646 nam“,
355 1581 417 1636 ibi
438 1598 559 1637 eam
593 1585 868 1642 habentes.
897 1588 1011 1644 Non
1041 1592 1207 1648 multo
1234 1600 1468 1663 tempore
1490 1606 1673 1665 postea

180 1680 460 1739 susceperunt
486 1673 529 1703 ¹²
557 1683 792 1744 patrem,
815 1687 871 1732 et
890 1679 1155 1736 duxerunt
1178 1698 1299 1738 eum
1330 1700 1451 1740 cum
1481 1687 1583 1742 illis
1605 1688 1670 1753 ¹³,

1773 520 2055 580 praecepta
2103 511 2376 566 Dominica
2413 512 2461 544 “
2511 515 2540 555 ιι
2591 533 2605 570 :
2673 515 2798 569 Non
2836 526 2912 571 est
2947 533 3124 572 servus
3166 535 3326 590 supra

1770 600 2037 652 dominum
2083 599 2150 653 ³⁵.
2197 598 2558 668 Quamobrem
2588 607 2977 675 \contempsiSti
3043 619 3326 679 praecepta

1771 688 2062 760 apostolica
2086 690 2131 721 ³⁸
2163 690 2322 757 illius,
2354 694 2445 762 qui
2471 709 2641 762 usque
2681 695 2724 726 ⁸⁷
2776 697 2844 751 ad
2873 698 3091 752 tertium
3117 699 3324 754 coelum

1772 786 1956 849 raptus
1979 788 2115 845 erat,
2146 790 2205 834 ut
2231 781 2370 836 inter
2403 783 2620 854 angelos
2643 784 2893 849 disceret,
2922 766 3047 855 quid
3075 786 3120 817 ³⁸
3147 788 3323 843 ιιοηιὶυ
3393 797 3397 802 ’

1772 867 1929 922 nibus
1972 869 2266 953 imperaret
2289 870 2332 901 ³⁸
2366 872 2389 924 ?
2431 873 2523 926 Ille
2548 872 2591 904 ⁸⁰
2626 875 2705 927 sic
2732 876 2993 953 praecipit
3034 878 3215 933 dicens
3245 890 3267 918 ε
3303 897 3317 931 :

1773 958 2021 1012 Omnibus
2064 945 2403 1030 potestatibus
2451 961 2836 1016 sublimioribus
2882 945 3108 1017 subiecti
3147 976 3323 1020 estote.

1773 1048 1896 1102 Non
1916 1059 1989 1103 est
2016 1052 2150 1103 enim
2181 1050 2223 1081 “
2263 1062 2487 1121 potestas
2512 1053 2611 1105 nisi
2634 1070 2664 1105 a
2698 1052 2915 1106 Domino
2946 1055 3012 1107 δ’.
3038 1055 3104 1109 Ει
3129 1056 3322 1112 iterum

1772 1139 1909 1194 alius
1934 1140 1980 1170 "
2008 1141 2138 1195 dicit
2175 1140 2202 1180 ἀ
2253 1160 2265 1195 :
2298 1142 2465 1196 Deum
2517 1144 2709 1209 timete,
2756 1162 2921 1214 regem
2967 1146 3321 1217 honoriﬁcate.

1772 1227 1917 1282 Servi
1964 1230 2158 1284 subditi
2202 1242 2357 1285 estote
2387 1234 2441 1285 in
2470 1235 2606 1286 omni
2657 1235 2839 1289 timore
2864 1236 3086 1295 dominis
3129 1238 3194 1306 “,
3224 1257 3324 1295 non

1770 1326 1973 1372 tantum
2021 1319 2164 1374 bonis
2190 1331 2235 1375 et
2263 1322 2524 1386 modestis,
2549 1323 2637 1376 sed
2666 1325 2820 1377 etiam
2843 1325 3052 1381 discetis
3082 1341 3101 1380 :
3126 1329 3252 1384 haec
3277 1329 3327 1363 “

1770 1417 1844 1461 est
1869 1409 2005 1461 enim
2044 1410 2232 1479 gratia.
2263 1410 2341 1465 Tu
2364 1426 2491 1465 vero
2512 1412 2676 1468 Deum
2708 1429 2812 1467 non
2837 1414 3087 1481 timuisti,
3117 1433 3215 1472 nec
3243 1432 3327 1472 rc-

1770 1511 1890 1566 gem
1920 1498 2212 1553 houorasti.
2246 1498 2300 1553 Si
2331 1501 2694 1570 unusquisque
2720 1504 2944 1580 gratiam
2969 1503 3063 1560 Dei
3097 1506 3322 1577 adipisci

1770 1588 1965 1656 poterit
1995 1588 2119 1642 talia
2159 1589 2422 1655 faciendo,
2450 1591 2691 1659 profecto
2720 1593 2859 1647 iram
2886 1594 2982 1649 Dei
3008 1596 3221 1652 habebit
3245 1605 3328 1652 ta.-

1770 1675 1842 1730 lia
1879 1680 2321 1748 contempnendo.
2357 1680 2618 1745 Crudelis,
2657 1683 2778 1752 quis
2823 1683 3159 1739 consiliarius
3203 1696 3326 1741 tuus

179 1764 278 1832 quod
300 1766 336 1798 ιι
360 1765 495 1823 [πω
522 1768 594 1835 ιε’
622 1770 919 1827 diviserunt
938 1790 997 1830 se
1019 1776 1122 1842 ibi;
1154 1778 1410 1849 pippinus
1435 1786 1671 1854 perrexit
1697 1780 1744 1839 Β
1771 1766 1887 1832 fuit,
1912 1778 2006 1823 aut
2028 1770 2216 1825 ductor
2236 1770 2280 1800 ⁸⁵
2306 1772 2457 1825 tuus?
2478 1771 2662 1829 Nonne
2689 1772 2796 1839 ille,
2824 1775 2914 1843 qui
2944 1784 3026 1830 est
3050 1791 3145 1830 rex
3166 1792 3325 1846 super

180 1856 556 1926 inAquitaniam,
593 1858 934 1921 Bludowicus
961 1868 1016 1921 in
1044 1867 1363 1928 Bawariam.

220 1948 287 2004 45.
330 1951 640 2010 Hlutharius
696 1956 740 1986 ¹⁶
779 1972 906 2013 vero
953 1959 1106 2015 duxit
1133 1977 1315 2018 secum
1356 1974 1559 2034 patrem
1602 1973 1672 2023 ad

176 2040 488 2111 Compendium
538 2045 821 2115 palatium,
868 2058 925 2104 et
949 2050 1022 2104 ibi
1060 2052 1213 2107 valde
1246 2054 1286 2085 "
1321 2054 1523 2111 adﬂixit
1545 2072 1669 2112 eum

175 2131 521 2203 mmepiscopis
570 2142 627 2188 et
666 2137 860 2192 ceteris
893 2139 1178 2195 nonnullis.
1211 2141 1486 2198 Iusserunt
1524 2161 1668 2213 eum,

177 2219 260 2270 ut"
275 2220 319 2274 in
338 2225 723 2280 monasterium
751 2227 855 2283 iret
882 2229 947 2295 ¹⁹,
977 2239 1031 2284 et
1049 2230 1122 2286 ibi
1147 2230 1338 2288 fuisset
1360 2236 1403 2266 ³ο
1426 2238 1672 2294 omnibus

175 2309 310 2367 diebus
344 2316 385 2347 ’³
419 2317 567 2373 vitae
613 2333 761 2373 suae.
799 2320 948 2386 Quod
974 2322 1061 2378 ille
1090 2338 1372 2391 rennuens,
1407 2343 1512 2383 non
1540 2344 1671 2385 con-

175 2400 295 2453 sensit
334 2403 591 2461 voluntati
634 2407 679 2437 "
714 2423 921 2464 eorum.
968 2409 1165 2469 Omnes
1192 2414 1334 2469 enim
1362 2417 1407 2448 "
1437 2418 1670 2488 episcopi

175 2487 328 2544 molesti
362 2491 580 2550 luerunt
618 2496 689 2562 ei,
716 2506 772 2551 et
808 2500 1040 2556 maxime
1069 2503 1147 2568 hi,
1176 2505 1266 2574 qui
1295 2505 1340 2536 “
1381 2522 1447 2561 ex
1477 2487 1671 2565 vilissi-

176 2581 284 2631 ma"
304 2585 467 2640 servili
495 2588 809 2655 conditione
843 2590 1130 2647 honoratos
1156 2594 1408 2661 habebat,
1437 2613 1557 2652 cum
1585 2599 1669 2654 his

173 2671 236 2739 qui
249 2689 300 2727 ex
320 2674 558 2733 barbaris
587 2680 895 2735 nationibus
915 2681 983 2736 ad
1001 2683 1102 2737 hoc
1126 2682 1394 2755 fastigium
1421 2689 1669 2757 perducti

172 2771 276 2815 sunt.

219 2853 287 2907 tl.
308 2855 582 2930 Elegerunt
610 2868 739 2917 tunc
776 2878 941 2918 unum
971 2863 1294 2935 impudicum
1323 2876 1378 2922 et
1414 2868 1668 2923 crudelis-

170 2954 336 3013 simum,
381 2948 466 3017 qui
506 2949 796 3005 dicebatur
823 2951 936 3007 Eho
970 2953 1035 3019 “,
1059 2953 1339 3011 Remensis
1364 2958 1663 3027 episcopus,

170 3033 345 3100 quierat
362 3053 423 3093 ex
447 3040 794 3111 originalium
817 3058 1092 3099 servorum
1121 3047 1308 3117 stirpe,
1338 3059 1396 3102 ut
1424 3064 1545 3103 eum
1584 3050 1666 3103 in-

1772 1872 1959 1927 omnes
1994 1857 2134 1914 iilios
2161 1861 2474 1930 superbiae?
2495 1863 2586 1931 qui
2612 1862 2823 1917 dicebat
2846 1864 2887 1896 "
2915 1866 3024 1920 Deo
3050 1864 3094 1897 ’⁸⁸
3122 1875 3329 1922 creato-

1769 1953 1815 2007 ri
1842 1967 1939 2007 suo
1964 1964 1986 1993 °
2024 1971 2036 2005 :
2071 1952 2216 2007 Haec
2245 1954 2420 2007 omnia
2453 1954 2545 2007 tibi
2573 1953 2727 2020 dabo,
2766 1956 2812 2008 si
2839 1956 3110 2025 procidens
3133 1958 3327 2012 adora-

1768 2044 1903 2099 beris
1950 2062 2029 2099 me
2053 2044 2095 2075 δ’
2150 2044 2201 2098 τι
2255 2044 2299 2101 Ο
2342 2045 2561 2099 Domine
2590 2045 2709 2100 Iesu
2748 2045 2958 2103 Christe
3002 2049 3070 2113 '°,
3098 2050 3188 2104 ubi
3210 2060 3330 2105 erat

1769 2135 1989 2206 angelus
2018 2144 2177 2201 tuus;
2226 2136 2320 2205 qui
2345 2136 2523 2189 omnia
2562 2137 2913 2205 primogenita
2954 2138 3181 2210 Aegypti
3219 2156 3326 2195 una

1767 2236 1927 2282 nocte
1973 2227 2137 2283 facile
2174 2228 2217 2259 ⁵⁸
2253 2227 2487 2283 ἀειθνίιῖ
2524 2237 2581 2283 et
2604 2228 2693 2283 ille
2712 2231 2802 2298 qui
2842 2230 2898 2284 in
2932 2232 3128 2286 castris
3166 2231 3330 2304 Assy-

1768 2320 1970 2376 riorum
1992 2321 2091 2377 sub
2112 2322 2506 2387 Sennacherib,
2544 2336 2670 2392 rege
2716 2322 2920 2391 iniquo,
2948 2332 3105 2378 nocte
3146 2339 3250 2379 una
3279 2325 3327 2357 "

1768 2421 1983 2467 centum
2013 2414 2318 2485 octuaginta
2357 2415 2593 2484 quinque
2620 2413 2766 2468 milia
2787 2415 3114 2485 perﬁdorum
3153 2417 3326 2471 extin-

1767 2501 1865 2566 xit,
1890 2510 2122 2557 testante
2150 2505 2175 2551 ε
2200 2502 2358 2557 Esaia
2382 2502 2677 2573 propheta?
2700 2502 2809 2557 Aut
2824 2502 2914 2558 ille
2939 2504 3032 2577 qui
3061 2504 3326 2560 Herodem

1768 2590 2029 2647 iuniorem
2059 2592 2104 2623 ⁸³
2133 2594 2540 2649 concionantem
2571 2592 2617 2623 ⁸⁵
2647 2594 2937 2665 percussit,
2968 2601 3027 2647 ut
3053 2594 3100 2626 ⁵⁸
3145 2594 3329 2649 statim

1766 2693 1975 2740 scatere
2013 2684 2189 2755 coepit
2234 2685 2540 2740 vermibus?
2597 2685 2666 2740 Et
2700 2693 2777 2751 tu,
2826 2694 2995 2751 terra,
3040 2701 3178 2756 quae
3202 2702 3327 2742 eum

1765 2774 2026 2829 sustulisti
2057 2773 2101 2805 “
2132 2775 2157 2813 ιι
2190 2774 2279 2829 illo
2328 2775 2380 2829 in
2408 2783 2677 2846 tempore,
2707 2791 2876 2846 quare
2909 2792 3016 2832 non
3066 2777 3327 2848 aperuisti

1765 2880 1827 2919 os
1858 2872 2027 2928 tuum,
2063 2873 2123 2917 ut
2177 2865 2462 2920 devorares
2495 2883 2639 2932 eum,
2681 2869 2820 2922 sicut
2863 2868 2971 2922 iam
2996 2868 3124 2923 olim
3152 2869 3328 2924 fecisti

1764 2955 1976 3010 Dathan
1998 2964 2052 3009 et
2074 2956 2311 3011 Abiron?
2335 2957 2415 3011 Tu
2445 2973 2553 3012 non
2581 2958 2893 3013 intellexisti
2928 2958 3324 3014 triformemle-

1763 3061 1881 3116 gem
1907 3057 2053 3101 tuam
2073 3061 2211 3116 quae
2237 3048 2366 3102 dicit
2396 3046 2448 3099 i:
2499 3045 2709 3102 Cibaria
2737 3059 2783 3103 et
2806 3052 2947 3119 virga
2970 3059 3015 3103 et
3038 3050 3203 3131 bonus
3229 3050 3272 3082 ⁸⁷
3299 3047 3314 3100 i

169 3126 346 3183 inaniter
362 3130 656 3211 adﬂirisset
690 3149 811 3188 cum
839 3134 1283 3192 conﬁnctionibus
1307 3148 1661 3195 caeterorum.
1692 3124 1736 3186 C
1767 3137 1937 3203 asino,
1967 3139 2116 3208 panis
2157 3148 2203 3192 et
2229 3138 2505 3210 disciplina
2544 3149 2594 3194 et
2622 3156 2750 3211 opus
2775 3156 2943 3195 servo.
2975 3141 3093 3195 Tibi
3139 3126 3330 3196 vatici-

168 3212 354 3273 luaudita
397 3206 564 3277 locuti
593 3233 735 3286 sunt,
778 3223 1016 3281 inaudita
1040 3224 1302 3294 fecerunt,
1333 3230 1549 3285 cottidie
1579 3230 1664 3284 in-

165 3317 452 3373 pmperantes
474 3312 553 3365 ei.
594 3312 946 3391 Abstulerunt
973 3316 1020 3370 ei
1048 3316 1280 3388 gladium
1329 3334 1358 3373 a
1392 3320 1433 3352 ⁸⁷
1465 3321 1667 3376 femore

165 3408 250 3457 δυο,
273 3396 446 3455 iudicio
468 3416 755 3457 servorum
776 3419 995 3460 suorum
1020 3407 1299 3465 induentes
1319 3425 1440 3466 eum
1466 3412 1662 3468 cilicio.

165 3480 275 3538 Tunc
305 3487 578 3559 impletum
607 3492 653 3523 ³⁸
680 3494 965 3565 epilogium
989 3496 1032 3527 ”
1060 3496 1356 3554 Hieremiae
1377 3502 1667 3571 prophetae

164 3573 341 3632 dicentis
379 3597 393 3633 :
425 3580 582 3636 Servi
631 3584 887 3640 dominati
936 3598 1055 3641 sunt
1098 3590 1259 3642 nostri
1295 3602 1341 3643 ι.
1383 3591 1426 3646 Ο
1454 3594 1664 3662 qualem

167 3671 602 3726 remunerationem
649 3673 923 3730 reddidisti
947 3677 996 3731 ei
1037 3679 1050 3732 !
1081 3679 1233 3734 Fecit
1262 3679 1305 3712 ³⁰
1328 3670 1379 3734 té
1416 3681 1663 3752 liberum,

166 3766 241 3807 non
277 3760 510 3828 nobilem,
549 3764 688 3832 quod
717 3764 1044 3834 impossibile
1073 3776 1157 3823 est
1200 3769 1266 3822 ³⁸.
1296 3769 1422 3827 Post
1446 3772 1668 3830 liberta-

167 3849 243 3897 tem
281 3852 479 3906 vestivit
528 3852 574 3883 ³²
625 3862 675 3908 te
702 3869 936 3925 purpura
980 3867 1035 3912 et
1058 3859 1249 3929 pallio;
1276 3861 1321 3893 ⁸³
1346 3849 1403 3917 tu
1434 3862 1555 3920 eum
1587 3866 1668 3922 in-

165 3931 286 3991 duisti
309 3942 495 3999 cilicio.
524 3943 621 3998 Ille
654 3954 704 3999 te
743 3949 1004 4016 pertraxit
1033 3950 1337 4007 inmeritum
1363 3956 1428 4009 ad
1455 3957 1666 4013 culmen

165 4026 442 4098 pontiﬁcale;
482 4041 542 4086 tu
572 4048 697 4088 eum
727 4034 860 4090 l‘also
884 4036 1079 4092 iudicio
1106 4040 1314 4096 voluisti
1342 4045 1610 4113 expellere
1631 4062 1665 4102 a

1770 3230 1918 3284 navit
1957 3231 2248 3291 Zacharias
2291 3234 2574 3302 propheta,
2605 3234 2789 3288 dicens
2818 3233 2863 3264 ⁸⁸
2902 3233 2932 3272 ¹ι
2962 3249 2976 3284 :
3004 3232 3129 3286 Non
3161 3232 3325 3295 vivas,

1766 3320 1890 3389 quia
1928 3320 2254 3375 mendacium
2283 3320 2486 3375 locutus
2519 3339 2573 3376 es
2609 3322 2664 3376 in
2705 3322 2910 3375 nomine
2929 3321 3160 3375 Domini.
3183 3323 3329 3377 Deus

1769 3411 2130 3466 manifestavit
2176 3413 2433 3467 malitiam
2488 3421 2652 3476 tuam,
2697 3423 2752 3468 et
2794 3413 3132 3467 conservavit
3167 3412 3210 3444 "
3251 3412 3325 3467 illi

1767 3518 1988 3575 regnum
2031 3513 2088 3560 et
2117 3506 2343 3575 gloriam
2372 3522 2543 3561 suam.
2574 3505 2801 3576 Propter
2832 3504 2876 3535 ⁶⁰
2906 3505 3247 3574 cupiditatem
3273 3515 3331 3561 et

1767 3597 2095 3651 mendatium
2135 3613 2327 3668 magna
2375 3607 2428 3653 te
2457 3599 2498 3629 ⁶¹
2536 3599 2808 3668 impietate
2843 3598 3140 3666 perdidisti.
3191 3597 3325 3653 Cor-

1770 3702 1866 3742 rue
1893 3703 2035 3743 nunc
2062 3688 2116 3743 in
2142 3688 2489 3758 obprobrium
2516 3688 2767 3742 omnibus
2793 3687 2978 3742 diebus
3012 3687 3152 3741 vitae
3178 3695 3322 3743 tuae.

1768 3775 1872 3832 Per
1920 3778 2233 3847 praecipitia
2266 3778 2309 3808 “
2350 3777 2655 3847 cupiditatis
2685 3786 2741 3831 et
2776 3774 3026 3830 falsitatis
3051 3775 3096 3806 “
3116 3784 3329 3831 crescat

1768 3868 2058 3939 ignominia
2085 3878 2175 3924 tua
2214 3870 2280 3924 de
2312 3868 2398 3923 die
2432 3869 2484 3922 in
2512 3868 2673 3932 diem,
2697 3867 2834 3921 sicut
2864 3864 2911 3896 “
2931 3880 3188 3936 numerus
3207 3881 3328 3936 par-

1767 3975 1867 4015 vus
1913 3974 2011 4028 per
2061 3968 2232 4014 artem
2262 3958 2659 4012 arithmeticam
2709 3956 2880 4025 surgit
2922 3956 2975 4009 in
3004 3956 3320 4011 maximum.

1767 4047 2028 4112 Crudelis,
2067 4049 2242 4104 adhuc
2280 4047 2651 4119 imperfectum
2688 4056 2771 4103 est
2824 4048 3137 4103 canonicum
3186 4047 3325 4104 iudi-

1298 4173 1684 4234 V’ARIANTES
1722 4178 2118 4237 LECTIONES.

699 4304 721 4333 ¹
760 4285 1089 4362 oii'cnderant
1126 4307 1184 4363 4.

194 4280 307 4368 ’_,Jli
350 4301 437 4368 qui
482 4301 594 4357 24.

161 4364 177 4393 '
202 4364 286 4421 iam
323 4364 431 4424 L's.
468 4374 525 4425 h.
560 4388 615 4425 ιι.
647 4387 799 4426 suam
829 4371 966 4429 deest
990 4377 1041 4430 1.

1146 4379 1170 4411 ⁸
1196 4381 1519 4438 confirmans
1547 4386 1600 4438 4.

1283 4310 1535 4389 [ceteris
1556 4315 1665 4389 2-4.
1709 4315 1784 4389 ,⁸,
1811 4318 2238 4389 derelinquentes
2264 4318 2319 4372 4.

1705 4386 1727 4418 ⁹
1753 4386 2083 4443 debilitatem
2118 4390 2153 4443 2
2185 4420 2255 4430 -
2275 4389 2330 4442 4.
2409 4389 2452 4421 ¹⁰

2415 4318 2507 4379 ’,0.
2560 4333 2691 4375 vero
2742 4335 2793 4374 a.
2836 4318 2891 4373 4.
2966 4318 3149 4374 “deest
3175 4319 3230 4374 2.
3258 4321 3315 4376 4.

2503 4403 2664 4458 quam
2690 4389 2808 4444 2-
2832 4389 2886 4443 4.
2965 4390 3005 4420 ¹¹
3036 4391 3314 4445 dartonam

160 4432 203 4528 ἑ.
225 4438 298 4528 ’³⁸
316 4440 669 4528 habentesft;
682 4457 757 4528 m.
791 4450 831 4498 t.
858 4432 1576 4528 ln’ostea‘l_._habentes;l§lon
1587 4432 1708 4528 post
1731 4432 2440 4528 multos-dies-susceperunt
2459 4432 2929 4514 5:1“:rduxerunt
2962 4432 3312 4517 εεέὗηῖίᾝ.

162 4505 193 4532 ’δ
221 4521 310 4577 quo
326 4509 373 4564 δ.
398 4510 453 4564 4.
570 4513 616 4542 η
642 4502 840 4567 factum
867 4513 919 4566 2.
1033 4517 1075 4547 η
1103 4502 1459 4577 ιιιίηιιξιῖίιξῖ.

160 4582 203 4625 ut
217 4576 261 4629 5.
327 4579 364 4610 ”
392 4582 532 4635 deest
568 4581 626 4635 4.
661 4600 675 4615 ο
701 4583 744 4614 ¹⁰
779 4598 897 4638 esse
922 4582 974 4638 4.
1049 4587 1092 4617 ’ί
1122 4589 1260 4643 deest
1290 4591 1337 4643 1.

158 4643 193 4672 ’⁵
213 4646 329 4702 deest
355 4649 404 4704 4.
516 4652 561 4682 ’⁸
589 4653 725 4707 hebo
746 4653 798 4706 4.

157 4712 189 4742 "
210 4727 279 4789 est
302 4733 413 4788 post
441 4721 767 4777 libertatem.
814 4723 1038 4780 Vestivit
1058 4726 1112 4780 4.
1219 4730 1264 4761 "
1299 4712 1577 4789 vestivii‘t'e
1598 4737 1647 4789 1.

1540 4526 1580 4605 ⁸]
1616 4526 2013 4605 vald_e_deest_i_.
2065 4599 2076 4605 _
2107 4530 2150 4560 ³⁸
2173 4530 2211 4583 i.
2246 4526 2308 4605 ei

1416 4593 1458 4623 "
1486 4595 1739 4670 voluptati
1777 4598 1826 4670 ig.
1901 4599 1948 4670 *1
1974 4599 2027 4653 in
2055 4599 2152 4670 hac
2202 4593 2319 4670 voce
2357 4599 2545 4653 desinit
2596 4600 2758 4653 codex
2807 4598 2867 4670 2.
2937 4598 2983 4631 "
3010 4616 3145 4670 quos
3171 4603 3224 4656 5.
3258 4601 3312 4654 4.

916 4656 959 4738 ’ξ
990 4656 1054 4738 de
1073 4656 1125 4711 5.
1148 4657 1201 4711 4.
1276 4662 1321 4692 ’⁸
1350 4661 1388 4715 i.
1415 4672 1498 4745 est
1524 4664 1577 4718 5.
1611 4656 1627 4666 ’
1652 4664 1696 4697 ²⁹
1725 4668 2046 4769 epilongium
2074 4669 2123 4722 1.
2154 4669 2454 4752 cpylogjum
2493 4671 2546 4723 5.
2577 4670 2806 4741 elogium
2841 4669 2896 4723 4.
2975 4656 3151 4725 “'l‘eci
3185 4679 3236 4724 te
3258 4672 3309 4723 1.

916 4735 1038 4769 twn.
1058 4726 1110 4769 Δ-
1219 4730 1264 4761 ³1
1299 4740 1488 4769 νραιιν.
1511 4734 1571 4769 ’1ο
1598 4737 1618 4769 4
1785 4738 1805 4767 ι
1835 4747 1883 4769 η.
1919 4748 1971 4769 ι..
2020 4738 2041 4769 r
2142 4739 2186 4769 st
2212 4744 2409 4769 Amm...
2446 4739 2466 4769 ι
2568 4739 2615 4769 ss
2646 4746 2676 4769 Α
2722 4756 2874 4769 ...ηηη
2903 4740 2933 4769 2
2991 4739 3012 4769 ι
3115 4741 3162 4769 ss
3187 4755 3285 4769 ...ιη

2107 4530 2150 4560 ³⁸
2173 4530 2211 4583 i.
2259 4531 2400 4584 enim
2430 4544 2550 4583 eum
2581 4529 2658 4585 ire
2701 4530 2755 4584 in
2786 4530 2840 4583 4.
2872 4531 3144 4585 iusserunt
3172 4532 3317 4587 enim

1834 4747 1888 4793 et
1911 4738 2067 4809 'tuA4.
2120 4738 2412 4809 rii‘domini
2439 4739 2493 4792 4.
2568 4739 2615 4771 ³⁸
2645 4738 2697 4795 (ι’.
2722 4756 2875 4795 suum
2901 4740 2954 4794 5.
2984 4739 3037 4793 4.
3115 4741 3162 4772 ³⁸
3185 4755 3315 4809 apo-

332 4790 377 4880 .
452 4792 495 4826 ⁸⁷
526 4792 666 4880 deeft
691 4792 763 4880 4.,
820 4793 875 4880 ³⁸.
889 4798 1032 4880 quod
1056 4785 1362 4880 hominibus
1386 4785 1573 4880 illeisic
1595 4785 2875 4880 praeciperet.“9mnibuswiw3°impura-rei-}:
2902 4785 2969 4880 vi?
3062 4785 3314 4866 enimnon:

156 4861 382 4933 [accepit
410 4880 423 4915 :
455 4864 707 4933 omnibus
731 4865 781 4933 3.
858 4861 1067 4920 “deest
1100 4868 1152 4922 4.
1194 4871 1273 4901 λιι
1304 4872 1403 4926 deo
1423 4874 1477 4928 5.
1505 4873 1560 4927 4.
1595 4861 1681 4907 ἰι
1713 4861 1834 4931 alibi
1877 4861 1929 4932 3.
1991 4861 2052 4909 ἰδ
2082 4861 2234 4933 aea:
2263 4861 2315 4933 2i.
2392 4880 2439 4911 δε
2466 4861 2896 4933 Βὸὶλῗῖοὲιω
2927 4861 3310 4933 dificit—sisi

156 4922 187 4949 "
204 4922 325 4981 dicet
351 4932 400 4984 1.
507 4933 554 4963 ⁸⁸
581 4931 721 4986 deest
747 4932 794 4986 5.
829 4933 881 4987 4.

158 4990 191 5019 "'
210 5001 561 5055 conciuantem
587 5002 636 5055 l.

155 5069 343 5123 sacravit
375 5070 422 5124 1.

156 5131 329 5200 cipiat.
391 5141 581 5197 “eti.
614 5131 753 5198 deest
781 5145 829 5199 ι.
904 5131 1050 5204 “sie
1072 5148 1124 5203 2.

990 4935 1036 5004 ⁸1
1058 4937 1362 4997 adoraveris
1390 4942 1443 4996 5.
1476 4943 1530 4998 4.
1608 4946 1652 4977 ⁸⁸
1676 4946 1814 5002 deest
1842 4947 1894 5001 4.
1970 4949 2014 4979 “
2039 4948 2182 5003 deest
2210 4949 2263 5002 4.
2343 4950 2388 4981 ⁵¹
2411 4967 2464 5003 n.
2510 4966 2563 5004 ιι.
2606 4951 2743 5002 deest
2773 4947 2824 5001 4.
2901 4948 2945 4978 ⁵³
2976 4949 3216 5002 iuvenem
3254 4950 3309 5000 4.

714 5003 760 5034 ⁸⁸
787 5014 841 5057 et
868 5005 919 5059 5.
950 5004 1004 5059 4.
1030 5002 1041 5017 ‘
1082 5008 1126 5039 “
1152 5012 1449 5068 sustinuisti
1479 5016 1531 5069 5.
1555 5016 1609 5069 4.
1684 5016 1730 5049 ⁸⁷
1770 5019 1939 5073 honus
1972 5034 2106 5072 corr.
2140 5002 2275 5073 onus
2305 5020 2355 5072 1.
2384 5002 2591 5073 οιιιιεν5.
2620 5018 2673 5072 4.
2749 5018 2793 5048 ⁵⁸
2821 5016 2961 5070 deest
2986 5018 3037 5071 4.
3114 5018 3158 5049 ⁵⁹
3182 5032 3310 5071 con-

528 5072 572 5159 ’ξ
600 5071 1105 5159 Drop‘ter...£surgit‘
1114 5078 1168 5132 in
1189 5082 1484 5139 maximum
1506 5086 1619 5142 lues
1647 5071 1827 5142 omnia
1844 5071 2031 5143 desunt
2081 5071 2405 5143 inﬁeiodice4
2497 5071 2539 5119 5‘
2567 5071 2758 5159 magno
2804 5095 2891 5140 ate
2929 5087 2979 5141 1.

3076 5087 3121 5118 ⁶²
3146 5099 3307 5157 prae-

1547 5280 1551 5305 ι
1616 5244 1843 5301 ΝΟΤΛΕ.

205 5334 225 5393 _°
253 5320 442 5393 Ihreo.
481 5344 536 5393 ν,
557 5329 609 5383 8.

205 5387 228 5427 δ
253 5390 429 5462 gauli.
446 5414 506 5462 ι,
522 5387 622 5455 ἲ4.

205 5459 397 5535 flium.
428 5459 547 5535 xuii,
576 5473 623 5526 l.

205 5527 226 5565 ⁸
248 5529 440 5602 ιίΡειτ.
472 5527 638 5602 ιι,’17.

210 5608 229 5674 ἐ
249 5600 424 5674 μειαιι.
454 5600 526 5674 tv,
552 5611 602 5665 9.

214 5668 301 5724 ‘ld
339 5685 437 5732 est.
493 5668 833 5750 adomveris;
890 5702 915 5739 υ
978 5694 1029 5739 et
1076 5685 1104 5738 b
1150 5682 1376 5742 invicem
1421 5698 1656 5742 commu-

1690 5340 1740 5399 D
1768 5347 1964 5393 tantur.

1836 5412 1860 5450 δ
1883 5410 1983 5465 lsa.
2013 5427 2215 5474 xxxv",
2244 5410 2329 5466 56.

1831 5480 2080 5552 ᾈΕιιςεειιι
2113 5493 2261 5535 certe
2290 5481 2678 5552 significatione
2698 5498 2760 5539 ac
2789 5482 3100 5539 sustinuisti.

1835 5550 1850 5590 i
1880 5549 2042 5605 Eccli.
2075 5566 2266 5615 xxxm,
2291 5549 2381 5607 25.

1832 5631 1844 5668 ι
1882 5620 1935 5673 Id
1962 5629 2075 5683 est,-
2091 5637 2244 5673 onus.

1802 5692 1853 5728 ι
1884 5689 2040 5743 Zacli.
2087 5706 2200 5755 χιιι,
2240 5693 2273 5746 5
