3956 6186
538 317 639 381 425

1471 310 1767 373 'l‘llEGANl
1801 313 2285 373 CHOREPISCOPI
2324 310 2765 368 TREVIRENSIS

3623 307 3730 367 49.4

537 441 680 495 cium
708 446 876 492 tuum.
905 433 1134 488 Necesse
1153 441 1237 488 est
1253 433 1415 498 enim,
1437 443 1499 486 ut
1520 433 1811 503 perfectum
1836 431 1929 486 ﬁat
1950 431 2087 485 indi-
2113 436 2172 490 A‘
2187 424 2474 482 adversarii
2495 435 2650 477 erant
2673 423 2838 492 patris
2862 422 2949 475 sui
2973 421 3196 487 iniuste;
3228 435 3365 491 quos
3402 430 3578 475 autem
3602 422 3736 477 illu—

539 531 678 587 cium
730 528 797 582 ad
842 525 1099 579 maiorem
1134 523 1476 595 ignominiam
1541 532 1705 577 tuam.
1768 522 1956 578 Patres
2006 521 2082 575 tui

538 622 733 679 erant‘
771 628 1012 692 pastores
1056 630 1373 686 caprarum,
1414 630 1519 669 non
1558 614 1847 669 consiliarii
1889 612 2089 684 princi-

538 729 682 786 pum.
712 711 793 765 'l'u
822 725 944 765 cum
973 714 1271 763 cetei'orum
1313 705 1507 759 iudicio
1552 704 1693 758 [esse
1718 718 1747 756 a
1790 703 2089 758 sacerdotio

539 803 827 877 tleposuisti
849 818 863 867 ;
884 817 1026 855 nunc
1048 801 1240 854 iterum
1271 795 1532 852 revocasti
1569 809 1690 849 eum
1718 796 1741 825 ¹
1766 794 1821 848 in
1870 794 2087 867 gradum

537 897 843 966 pristinum.
902 894 1008 946 Aut
1052 902 1197 954 tunc,
1248 899 1341 943 aut
1405 897 1546 941 nunc
1597 885 1785 940 falsum
1832 885 2087 938 iudicium

540 984 864 1047 cxhibuisti;
910 976 1183 1036 imitator‘
1208 980 1323 1033 eius
1348 977 1519 1041 fuisti,
1542 977 1608 1031 de
1630 991 1734 1044 quo
1758 984 1914 1045 poeta
1940 974 1993 1028 in
2020 974 2087 1027 liv-

432 1076 441 1088 '
537 1077 635 1131 bro
660 1084 813 1131 sexto
837 1072 1100 1127 Aeneidos
1128 1070 1151 1103 ⁸
1186 1070 1330 1125 canit
1352 1080 1377 1108 ι
1411 1085 1424 1119 :
1466 1098 1477 1117 .

659 1183 829 1233 Infelix
865 1181 1105 1239 Theseus,
1132 1179 1418 1238 Flegiasque
1444 1178 1465 1209 ⁸
1484 1176 1781 1224 miserrimus
1802 1184 1972 1239 omnes

660 1246 915 1295 Ammonet
927 1241 969 1301 ⁸,
998 1250 1050 1290 et
1071 1236 1246 1304 magna
1263 1236 1466 1304 tesiatur
1488 1249 1604 1285 voce
1629 1249 1715 1298 per
1739 1236 1929 1304 umbras
1953 1248 1965 1282 :

661 1307 844 1355 Discite
868 1295 1092 1352 iustitiam
1117 1295 1281 1350 moniti
1304 1305 1355 1349 et
1378 1312 1470 1349 non
1495 1295 1749 1357 tempncre
1776 1295 1936 1344 Divos.

660 1365 886 1414 Vendidit
907 1365 985 1412 hic
1004 1376 1121 1411 auro
1145 1364 1361 1422 patriam,
1386 1361 1728 1422 dominumque
1751 1364 1997 1419 potentem

664 1426 900 1490 Inposnit,
927 1425 1035 1473 ﬁxit
1050 1419 1189 1485 leges
1208 1422 1368 1483 pretio
1386 1427 1535 1482 atque
1557 1419 1735 1471 reﬁxit.

541 1531 680 1599 Quid
722 1542 938 1599 possum
986 1525 1083 1580 tibi
1114 1523 1344 1594 amplius
1381 1520 1602 1576 dicere?
1642 1518 1757 1574 Nisi
1795 1519 1815 1550 "
1855 1518 2090 1589 linguam

546 1619 848 1676 habuissem
889 1615 1116 1670 ferream
1144 1622 1202 1667 et
1228 1610 1429 1667 labia"
1468 1625 1656 1675 aenea,
1699 1624 1885 1664 omnes
1907 1607 2093 1676 nequi-

547 1713 649 1766 tias
679 1720 799 1765 tuas
833 1706 1120 1776 explanare
1179 1703 1201 1732 °
1262 1716 1362 1756 nec
1415 1714 1733 1756 enumerare
1778 1699 2087 1769 potuissem.

2186 516 2422 572 dowicus
2451 514 2680 569 habebat
2709 528 2911 576 secum,
2944 511 3126 566 ﬁdeles
3176 519 3334 566 erant
3374 512 3511 580 patri
3542 527 3638 568 suo
3668 528 3735 569 ac

2186 608 2306 663 sibi.
2344 606 2472 661 Inde
2514 592 2788 659 revertens
2831 603 3139 657 Hlutharius
3191 602 3339 656 venit
3373 602 3542 671 Aquis
3582 604 3727 672 pala-

2187 700 2340 761 tium,
2368 697 2766 765 celebravitque
2793 695 2837 726 ’⁸
2862 694 3087 749 natalem
3110 694 3320 748 Domini
3351 694 3524 753 adhuc
3552 694 3738 750 clauso

2185 798 2361 862 patre.

2255 882 2341 935 47.
2394 880 2520 934 Post
2560 886 2804 933 sanctum
2839 877 2980 931 diem
3024 877 3341 947 epiphaniae
3365 876 3514 949 (854)
3541 876 3739 931 itentnt

2187 973 2527 1029 Hludowicus
2558 971 2703 1025 misit
2735 969 2938 1041 legatos
2983 984 3109 1024 suos
3151 969 3219 1023 ad
3247 978 3474 1041 patrem,
3502 967 3741 1023 Grimal-

2187 1066 2311 1121 dum
2340 1064 2383 1095 "
2413 1062 2763 1118 venerabilem
2796 1062 3043 1115 abbatem
3069 1072 3091 1099 ο
3116 1070 3274 1130 atque
3295 1059 3669 1130 presbyterum
3693 1056 3741 1090 ³⁸

2184 1165 2243 1227 et
2268 1152 2603 1208 Gebaardum
2622 1151 2666 1182 “
2694 1138 3077 1205 nobilissimum
3100 1158 3260 1221 atque
3289 1149 3658 1211 ﬁdelissimum
3696 1150 3741 1181 ³¹

2187 1245 2395 1300 ducem.
2448 1242 2548 1310 Qui
2573 1243 2848 1298 venientes
2880 1241 3069 1311 Aquis,
3089 1243 3361 1297 consensit
3385 1243 3464 1297 eis
3510 1242 3742 1297 Hlotha-

2189 1336 2321 1401 rius,
2347 1343 2406 1389 ut
2425 1334 2668 1388 viderent
2693 1341 2899 1402 patrem
2919 1348 3041 1387 cum
3064 1332 3484 1399 insidiatoribus,
3513 1348 3745 1402 quorum

2188 1442 2327 1481 unus
2348 1424 2636 1481 vocabatur
2656 1422 2979 1494 Othogarius
3004 1422 3050 1455 ”
3070 1424 3353 1493 episcopus
3378 1422 3430 1485 ει,
3455 1422 3594 1477 alter
3614 1438 3745 1477 vero

2190 1517 2490 1588 Righordus
2541 1514 2588 1548 “
2611 1514 2867 1585 perﬁdus.
2900 1512 3187 1569 Venientes
3219 1513 3382 1585 legati
3429 1515 3494 1569 ad
3518 1528 3741 1584 conspe-

2189 1620 2335 1666 ctum
2377 1608 2653 1679 principis,
2692 1607 2738 1638 ³⁵
2764 1605 3036 1662 humiliter
3077 1612 3475 1674 prosternentes
3511 1620 3568 1659 se
3593 1606 3745 1674 pedi-

2188 1701 2288 1755 bus
2311 1700 2426 1755 eius
2452 1700 2517 1751 ³⁶.
2543 1698 2774 1754 Posthac
2796 1697 2838 1729 ³⁷
2867 1696 3233 1751 salutaverunt
3258 1711 3379 1755 eum
3399 1696 3467 1751 ab
3492 1696 3749 1767 aequivo-

544 1800 706 1858 Sedsi
727 1770 917 1869 aliquis
939 1797 1144 1860 fuisset,
1173 1794 1262 1863 qui
1288 1794 1329 1825 ¹⁰
1349 1793 1558 1864 poetico
1587 1792 1828 1846 carmine
1855 1788 2088 1844 omnia“
2119 1770 2165 1828 Β
2191 1805 2258 1855 co
2288 1789 2395 1845 ﬁlio
2429 1804 2545 1843 suo.
2578 1787 2798 1843 Secreta
2834 1801 2958 1841 vero
2989 1787 3153 1842 verba
3184 1784 3230 1817 ³⁸
3257 1785 3544 1840 noluerunt
3585 1786 3641 1840 ei
3672 1786 3750 1840 in-

540 1892 779 1946 i‘acinora
836 1898 925 1943 tua
989 1886 1172 1941 rimari
1224 1884 1502 1949 voluisset,
1560 1880 1787 1937 forsitan
1858 1880 2095 1936 Smirna-

543 1992 691 2037 mum
729 1981 775 2013 “
825 1989 1026 2043 vatem,
1069 1984 1334 2048 vetustum
1387 1974 1696 2038 Homerum,
1748 1972 2096 2027 Mincianum—

547 2088 652 2141 que
682 2072 726 2103 λι
760 2069 1030 2124 Maronem
1057 2083 1178 2123 cum
1205 2066 1392 2122 Ovidio
1411 2080 1663 2135 superare
1686 2064 1966 2135 potuisset.
1986 2062 2111 2125 Sed,

551 2162 827 2233 temptatio
873 2159 1100 2230 piissimi
1131 2157 1407 2228 principis,
1453 2171 1614 2226 quam
1658 2154 1877 2229 pertulit
1929 2169 1960 2208 a
2002 2171 2098 2208 ne-

548 2254 839 2323 quissimis,
875 2251 1007 2306 nihil
1029 2251 1099 2305 ob
1126 2248 1266 2304 aliud
1294 2248 1458 2304 fuisse
1479 2248 1736 2312 creditur,
1767 2247 1868 2301 nisi
1896 2256 1955 2301 ut
1977 2261 2119 2316 pro-‘

550 2347 767 2399 haretur
801 2344 916 2398 eius
960 2341 1190 2406 bonitas,
1220 2340 1360 2393 sicut
1386 2346 1444 2392 et
1482 2337 1743 2407 patientia
1790 2336 1932 2390 beati
1985 2335 2094 2389 Iob.

549 2434 655 2488 Sed
706 2447 897 2502 magna
928 2429 1247 2498 discrepatio
1281 2429 1325 2459 ³⁸
1356 2437 1473 2481 erat
1512 2426 1651 2480 inter
1677 2425 1722 2457 “‘
1746 2424 2099 2493 persecutori-

549 2524 649 2576 bus
687 2521 984 2589 utriusque.
1012 2518 1117 2585 Qui
1170 2517 1328 2572 beato
1367 2517 1412 2551 ⁸⁸
1447 2517 1536 2571 Iob
1570 2515 1912 2579 insuitabant,
1950 2529 2102 2586 rcges

554 2614 716 2668 fuisse
749 2612 1000 2683 leguntur
1030 2611 1083 2665 in
1119 2609 1257 2664 libro
1294 2607 1436 2663 beati
1465 2607 1663 2661 Tobiae
1692 2606 1731 2637 "
1760 2605 1888 2676 :qui
1940 2603 2099 2659 istum

553 2717 679 2758 vero
718 2702 954 2756 maxime
979 2701 1023 2735 ι’
1046 2696 1396 2772 "adﬂigebant,
1444 2698 1637 2761 legales
1680 2698 1821 2753 servi
1847 2695 1964 2753 eius
1984 2694 2099 2756 fue-

550 2801 679 2849 runt
708 2791 751 2823 ¹⁹
778 2808 842 2847 ac
867 2800 1080 2861 patrum
1100 2805 1341 2846 suorum.

619 2881 711 2935 45.
754 2880 832 2935 De
867 2879 1194 2949 Compendio
1252 2887 1439 2949 postea
1493 2879 1757 2935 duxerunt
1803 2877 2101 2948 piissimum

550 2972 846 3044 principem
894 2972 961 3027 ad
1007 2970 1331 3043 Aquisgrani
1388 2970 1663 3041 palatium.
1707 2969 1821 3026 Hoc
1881 2969 2103 3025 audiens

555 3064 875 3133 aequivocus
902 3063 1018 3117 eius
1043 3062 1205 3127 ﬁlius,
1242 3062 1469 3117 recessit
1495 3079 1526 3118 a
1558 3061 1803 3116 Bavvaria
1828 3061 1873 3092 ²⁰
1904 3073 2100 3130 magno

555 3109 616 3118 ..ν
660 3109 874 3123 -..η-ν
906 3109 1017 3117 ----
1245 3109 1467 3117 ---___--
1496 3109 1526 3118 _
1560 3109 1803 3116 __..____
1905 3109 2093 3130 ww---

550 3109 735 3209 dolore
750 3151 1057 3222 compulsus
1076 3151 1146 3206 ob
1168 3151 1412 3206 iniuriam
1435 3152 1624 3221 patris.
1652 3150 1756 3218 Qui
1792 3152 2009 3206 veniens
2033 3151 2100 3233 ad
2126 3109 2171 3171 Ο

556 3243 810 3313 palatium
836 3242 1294 3308 Franchonovurt,
1326 3243 1506 3297 statim
1526 3242 1649 3298 inde
1672 3244 1719 3274 ’ί
1742 3243 1935 3297 direxit
1958 3243 2103 3313 lega-

560 3343 642 3385 tos
667 3344 793 3385 suos
822 3329 1154 3387 Gozbaldum
1181 3330 1425 3384 abbatem
1451 3330 1478 3370 δ
1505 3339 1562 3384 et
1584 3331 1950 3400 presbyterum
1982 3331 2025 3360 “
2048 3339 2104 3384 et

456 3464 467 3471 .
562 3419 902 3476 Morhardum
926 3420 1218 3490 palatinum
1246 3420 1516 3486 comitem,
1542 3420 1813 3490 postulans
1849 3427 1907 3475 et
1939 3420 2104 3489 impe-

560 3526 707 3576 rans,
736 3519 796 3565 ut
822 3525 948 3582 erga
982 3518 1192 3581 patrem
1210 3510 1881 3575 humanioremﬁxhibere
1906 3510 1955 3543 ”
1979 3526 2102 3565 sen-

556 3601 800 3658 tentiam.
837 3600 989 3668 Quod
1009 3599 1178 3656 frater
1203 3600 1319 3661 eius
1339 3602 1385 3632 “
1404 3599 1715 3657 illutharius
1740 3602 1969 3672 benigne
1992 3617 2099 3656 non

466 3696 479 3717 ’
559 3700 865 3764 susceperat
902 3692 967 3745 ".
1004 3675 1293 3761 Postquam
1338 3690 1414 3744 illi
1461 3690 1618 3760 legati
1664 3691 1710 3723 “
1729 3691 1930 3745 reversi
1958 3699 2100 3757 sunt,

560 3784 742 3839 statim
766 3782 903 3838 alios
937 3781 1226 3836 destinavit
1248 3781 1317 3837 ad
1337 3788 1565 3855 patrem,
1597 3780 1689 3851 qui
1706 3780 1960 3850 prohibiti
1982 3791 2105 3837 sunt

559 3889 626 3928 ne
653 3888 776 3929 eum
806 3874 1066 3928 viderent.

628 3963 718 4018 46.
749 3963 941 4019 Postea
979 3964 1217 4034 perrexit
1238 3962 1550 4018 Hlotharius
1588 3963 1654 4018 de
1675 3962 1994 4035 Aquisgrani
2014 3978 2107 4033 pa.

559 4052 711 4119 latio,
755 4053 797 4084 "
842 4052 1085 4124 pervenit
1132 4050 1467 4122 Magontiam,
1498 4051 1591 4106 ubi
1639 4051 1851 4106 obviam
1885 4051 2033 4106 venit
2053 4051 2105 4106 ei

561 4144 746 4211 frater,
769 4153 825 4200 et
843 4144 1160 4214 colloquium
1183 4145 1460 4214 inaequale
1480 4145 1782 4200 habuerunt
1796 4144 1869 4201 ibi
1885 4152 2105 4215 propter

563 4235 681 4301 hoc,
733 4234 857 4304 quia
901 4249 1087 4291 omnes
1112 4249 1247 4305 quos
1297 4233 1608 4290 Hlutharius
1636 4234 1867 4290 habebat
1898 4250 2102 4299 secum,

2194 1882 2373 1937 dicare
2422 1888 2639 1951 propter
2690 1878 3030 1933 insidiatores
3075 1886 3405 1948 praesentes,
3432 1878 3525 1937 sed
3564 1877 3749 1948 aliquo

2193 1982 2339 2027 motu
2367 1972 2637 2042 signorum
2666 1969 2904 2024 fecerunt
2925 1982 3047 2023 eum
3076 1967 3298 2038 intelligi
3322 1966 3388 2030 ³⁸,
3413 1973 3472 2021 ut
3494 1966 3540 1997 “
3563 1968 3751 2036 aequi-

2193 2079 2357 2120 vocus
2386 2062 2429 2094 ’δι
2461 2062 2575 2118 eius
2619 2062 2721 2116 hoc
2747 2060 2793 2091 “
2836 2059 3138 2115 consentire
3187 2059 3448 2115 noluisset
3477 2057 3522 2090 “
3549 2057 3741 2128 suppli.

2196 2156 2336 2212 cium
2364 2155 2553 2225 patris.

2263 2249 2350 2304 48.
2407 2248 2516 2304 Illis
2560 2247 2742 2302 missis
2808 2245 3144 2311 abeuntihus,
3202 2245 3380 2300 statim
3436 2243 3753 2299 Hlutharius

2196 2341 2517 2411 compellens
2542 2339 2588 2409 ξι
2612 2348 2839 2410 patrem,
2868 2347 2927 2393 ut
2953 2353 3074 2393 cum
3102 2354 3167 2394 eo
3193 2337 3239 2370 “
3265 2338 3367 2392 iret
3389 2337 3583 2392 iterum
3618 2337 3665 2368 “
3686 2336 3751 2391 ad

2197 2433 2596 2504 Compendium,
2626 2432 2717 2502 qui
2736 2418 3081 2489 consentiens
3108 2431 3218 2486 ﬁlio
3241 2430 3481 2503 perrexit
3502 2445 3630 2485 cum
3666 2445 3748 2485 eo.

2199 2524 2311 2579 Hoc
2362 2523 2584 2578 audiens
2630 2523 2953 2592 aeqnirocus
2993 2522 3134 2579 ﬁlius
3173 2522 3288 2577 eius
3335 2521 3402 2585 δ’,
3451 2523 3752 2577 coodunata

2200 2615 2538 2671 multitudine
2590 2622 2805 2670 secutus
2845 2622 2928 2669 est
2984 2627 3106 2676 eos;
3161 2614 3250 2683 qui
3295 2628 3415 2668 cum
3455 2627 3563 2667 non
3602 2613 3753 2683 longe

2200 2714 2342 2760 esset
2382 2704 2428 2737 “
2461 2706 2528 2760 ab
2561 2705 2661 2769 eis,
2694 2703 3007 2759 Hlutharius
3044 2704 3244 2759 dimisit
3294 2712 3520 2773 patrem,
3562 2712 3624 2757 et
3672 2719 3753 2758 re-

2200 2796 2363 2851 cessit
2385 2795 2451 2850 ab
2489 2808 2553 2849 eo
2582 2810 2703 2850 cum
2740 2794 3075 2850 consiliariis
3103 2794 3213 2849 suis
3249 2793 3444 2863 impiis.
3484 2792 3751 2862 Aequine

2202 2903 2297 2942 cus
2317 2884 2360 2919 “
2392 2902 2521 2942 vero
2557 2886 2697 2943 ﬁlius
2741 2887 2859 2943 eius
2883 2888 3131 2966 pervenit
3172 2890 3237 2943 ad
3279 2901 3422 2951 eum,
3452 2893 3507 2941 et
3536 2886 3753 2940 honoris

2203 2976 2305 3032 tice
2338 2975 2386 3011 ⁵⁸
2416 2977 2652 3046 suscepit
2678 2992 2823 3043 eum,
2861 2986 2916 3037 et
2935 2978 3147 3032 reduxit
3174 2977 3365 3037 iterum
3394 2976 3459 3030 ad
3489 2974 3663 3045 Aquis
3688 2976 3747 3029 ad

2203 3064 2382 3120 sedem
2407 3079 2579 3131 suam,
2605 3074 2659 3119 et
2676 3064 2785 3120 Deo
2812 3065 3027 3120 iubente
3049 3064 3282 3119 restituit
3301 3078 3423 3118 eum
3445 3063 3498 3121 in
3528 3078 3748 3134 regnum

2200 3161 2256 3208 et
2276 3153 2329 3207 in
2356 3150 2397 3183 “
2423 3151 2596 3208 locum
2617 3167 2789 3207 suum.
2816 3153 2883 3206 Et
2907 3153 2978 3208 ibi
2998 3152 3203 3223 pariter
3224 3152 3266 3183 θ’
3289 3159 3531 3207 sanctum
3551 3152 3749 3221 pascha

2199 3242 2407 3298 Domini
2430 3242 2851 3298 celebraverunt.
2888 3242 2934 3274 "
2955 3242 3065 3298 Hoc
3085 3243 3306 3312 audiens
3332 3242 3443 3296 Eho
3471 3242 3539 3306 “,
3571 3242 3751 3296 statim

2201 3331 2378 3402 fugam
2411 3332 2561 3397 iniit;
2589 3332 2678 3402 qui
2697 3331 2742 3363 ⁵⁸
2762 3332 3191 3402 comprehensus,
3226 3342 3444 3386 coactus
3464 3332 3753 3402 perductus

2199 3429 2283 3475 est
2311 3421 2378 3475 ad
2413 3422 2772 3490 praesentiam
2817 3423 3074 3493 principis
3117 3423 3185 3488 ",
3219 3423 3308 3493 qui
3360 3421 3754 3477 commendavit

2201 3502 2323 3567 eum
2352 3513 2418 3567 ad
2444 3511 2845 3568 custodiendum
2877 3510 2942 3567 ".

2270 3604 2469 3659 Eodem
2492 3619 2651 3670 anno,
2678 3604 2767 3674 qui
2793 3613 2877 3659 est
2898 3602 3068 3662 annus
3092 3606 3240 3676 regni
3262 3606 3377 3661 eius
3396 3604 3488 3671 21,
3507 3605 3755 3667 omnibus

2203 3697 2582 3768 indulgentiam
2627 3698 2921 3767 praestitit;
2955 3698 3044 3768 qui
3101 3714 3219 3756 cum
3261 3699 3432 3753 coacti
3486 3698 3755 3769 relinque-

2203 3797 2330 3841 runt
2356 3787 2422 3840 ⁸⁸.
2458 3786 2522 3840 Ει
2552 3788 2653 3841 hoc
2679 3802 2783 3841 non
2814 3787 2914 3842 fuit
2940 3786 2983 3818 "
3008 3788 3057 3840 ei
3086 3798 3141 3842 et
3160 3787 3203 3818 ⁸ο
3244 3788 3565 3843 honerosum
3605 3789 3651 3819 “
3677 3782 3755 3843 vel

2206 3876 2249 3907 “
2275 3892 2456 3947 grave,
2482 3877 2572 3947 qui
2605 3888 2688 3931 est
2731 3877 3001 3947 piissimus
3035 3878 3434 3947 imperatorum,
3480 3881 3626 3947 quod
3664 3895 3756 3934 an-

2203 3974 2289 4019 tea
2317 3965 2362 3996 "
2382 3966 2620 4036 pepercit
2639 3965 2684 3996 “
2713 3966 2944 4020 inimicis
2969 3966 3096 4030 suis,
3130 3966 3354 4038 impleas
3377 3967 3506 4036 illud
3524 3968 3572 3999 "
3597 3984 3753 4023 eram

2198 4054 2425 4127 gelicum
2460 4063 2824 4125 praeceptum,
2856 4069 2961 4124 quo
2987 4056 3192 4111 dictum
3208 4057 3253 4087 “
3270 4066 3355 4112 est
3380 4068 3406 4097 θ
3436 4077 3448 4111 :
3476 4057 3749 4121 Dimittite,

2198 4155 2247 4198 et
2275 4143 2559 4198 dimittetur
2594 4144 2755 4198 vobis.
2813 4144 3117 4199 Praemium
3169 4147 3366 4201 bonum
3406 4156 3461 4202 et
3500 4163 3749 4218 maguum

2199 4243 2480 4304 praeparat
2511 4234 2560 4288 ei
2590 4234 2657 4298 ⁸⁷,
2685 4234 2776 4303 qui
2802 4235 2903 4289 hoc
2925 4234 3266 4307 praeceptum
3293 4239 3572 4294 constituit
3599 4239 3647 4271 ⁸⁸
3686 4239 3705 4278 ί
3733 4252 3746 4291 :

1751 4342 2140 4400 VARIANTES
2175 4342 2552 4399 LECTIONES

646 4454 664 4485 ¹
700 4452 916 4507 fuerunt
933 4451 988 4506 4.

569 4526 590 4556 ⁸
627 4523 877 4579 admonet
896 4522 950 4576 5.
1046 4521 1068 4553 ⁷
1098 4522 1292 4576 dicere.
1318 4520 1450 4576 Nam
1493 4521 1539 4575 si
1584 4521 1636 4591 5.
1666 4521 1719 4575 4.

565 4593 618 4648 4.
714 4593 757 4623 ³³
803 4592 1151 4646 smirmanum
1198 4593 1249 4645 1.
1293 4591 1346 4645 5.
1397 4604 1739 4660 smyrnaeum
1790 4591 1845 4646 4.

1094 4451 1114 4484 ¹
1169 4467 1212 4506 r.
1262 4466 1384 4506 eum
1435 4450 1576 4505 deest
1624 4452 1677 4506 1.
1753 4452 1774 4484 ³
1804 4453 2098 4508 immitator
2149 4453 2201 4507 1.

1098 4522 1292 4576 dicere.
1318 4520 1450 4576 Nam
1493 4521 1539 4575 si
1584 4521 1636 4575 5.
1666 4521 1719 4575 4.
1815 4523 1837 4554 ⁸
1873 4522 2020 4576 labra
2070 4522 2126 4576 4.

1892 4537 2020 4576 aura
2070 4537 2126 4576 4.

1945 4592 1988 4623 ¹³
2040 4593 2462 4663 minciarumque
2495 4593 2544 4645 1.

2232 4522 2253 4554 ⁹
2298 4452 2322 4484 ⁵
2368 4452 2720 4554 aeneidoaruml
2752 4453 2787 4507 4
2851 4451 2896 4553 ιζ
2932 4452 3221 4554 ςεξειιθειίιιιξ
3269 4457 3324 4512 5.
3366 4450 3658 4554 ἔθει-δξξιυξ
3701 4457 3753 4518 4.

2273 4523 2542 4591 explicare
2587 4522 2639 4577 5.
2688 4523 2743 4575 4.
2851 4523 2893 4553 ¹⁰
2944 4522 3149 4646 ιζ’ἓυῖ
3178 4526 3318 4597 deest
3366 4522 3450 4582 3.’
3520 4522 3585 4561 η’
3621 4532 3755 4589 de,“

2273 4607 2462 4654 ηιιιαιιθ
2495 4593 2544 4645 1.
2650 4591 2692 4624 ιδ
2740 4592 2992 4653 discretio
3079 4635 3091 4646 .
3146 4594 3200 4649 4.
3306 4597 3349 4628 η
3388 4597 3439 4650 in
3473 4598 3527 4653 δ,
3558 4600 3617 4654 ,ιο
3716 4602 3755 4633 ιο

568 4666 781 4718 beatum
805 4662 858 4716 5.
936 4662 976 4693 "
1006 4662 1219 4716 thohiae
1238 4660 1291 4714 4.
1324 4662 1376 4714 in
1396 4660 1438 4715 l.
1459 4662 1518 4725 b,
1550 4662 1724 4716 tobiae
1748 4662 1888 4716 deest
1908 4662 1962 4716 5.
1999 4711 2010 4722 ,
2040 4663 2081 4694 ⁸⁸
2109 4664 2247 4717 deest
2280 4663 2335 4716 4.
2375 4660 2454 4694 Ἷθ
2481 4670 2636 4716 erant
2678 4661 2732 4714 4.
2806 4663 2852 4694 ³ο
2902 4663 3103 4717 baioria
3132 4667 3183 4720 5.
3259 4667 3303 4697 ἰ
3344 4664 3480 4720 deest
3501 4669 3557 4721 5.
3636 4672 3682 4701 ³³
3705 4664 3767 4727 et‘

608 4772 620 4784 .
644 4732 783 4802 deest
807 4731 860 4802 5.
892 4730 946 4786 4.
1019 4731 1065 4802 5³
1090 4732 1366 4802 exhiberet
1392 4732 1447 4802 5.
1478 4730 1532 4784 4.
1607 4731 1653 4762 ⁸⁸
1681 4746 1809 4785 suus
1834 4732 1886 4785 5.
1926 4801 1930 4802 ί
1961 4732 2007 4764 ³⁸
2034 4734 2268 4802 suscepit
2291 4734 2343 4786 5.
2370 4731 2426 4787 4.
2500 4733 2547 4763 ’⁸
2576 4731 2715 4785 deest
2752 4732 2804 4786 5.
2878 4733 2923 4765 "
2963 4742 3018 4788 et

3045 4740 3286 4803 pervenit
3314 4736 3366 4789 5.
3398 4735 3451 4791 4.
3526 4739 3573 4772 ⁸⁸
3592 4736 3657 4795 (ξ.
3688 4740 3756 4795 ibi

606 4841 619 4855 .
647 4801 706 4855 4.
776 4801 839 4877 "_
854 4801 1247 4877 grimoldum5.
1275 4801 1330 4877 4.
1404 4801 1449 4877 '_°
1485 4810 1720 4877 atquep.
1751 4801 1975 4877 deestg5.
2051 4802 2096 4877 ‘_‘
2144 4801 2612 4877 gebah_ardum_5._
2634 4802 2995 4877 gebehardum
3020 4801 3195 4877 41H"!
3232 4822 3283 4860 a.
3312 4804 3367 4877 f._
3397 4806 3536 4877 deest
3583 4810 3637 4862 1.
3712 4811 3758 4841 ³³

566 4883 785 4943 otgarus
808 4870 941 4943 5.74.
1016 4872 1065 4905 ³⁸
1094 4872 1383 4943 κινὶοιιπίιιιε
1412 4870 1466 4925 5.
1490 4871 1544 4924 4.
1619 4870 1748 4943 "fiet
1772 4872 2041 4927 humiliter
2064 4873 2117 4926 5.
2147 4870 2200 4927 4.
2277 4872 2321 4903 “
2351 4871 2464 4943 suis
2502 4873 2555 4926 5.
2586 4870 2657 4943 4ξ
2690 4871 2751 4943 7³⁷
2780 4873 2918 4931 deest
2960 4874 3014 4928 4.
3090 4875 3139 4907 ³⁸
3162 4876 3302 4929 deest
3343 4875 3396 4931 4.
3472 4876 3516 4907 ”
3558 4878 3755 4936 intelli-

514 4962 518 4966 Α
565 4940 693 5066 gere
719 4941 773 4996 4.
846 4940 891 4972 ⁸⁰
916 4943 1057 5025 quod
1077 4942 1133 4998 4.
1208 4942 1252 4973 δι
1279 4943 1605 5023 aequivocus
1640 4941 1777 4995 ﬁlius
1792 4942 1915 4997 eius
1938 4943 1992 4995 6.
2066 4942 2112 4973 ⁸⁵⁸
2134 4944 2235 4998 hoc
2272 4942 2533 5024 essentire
2561 4941 2817 5023 voluisset
2842 4944 2895 4996 1.

606 5053 620 5066 .
695 5013 740 5043 ⁸⁵
761 5014 1018 5066 compulit.
1036 5010 1090 5066 4.
1162 5013 1291 5066 “eo
1314 5020 1517 5066 veniret
1536 5012 1602 5066 ad
1631 5012 1684 5065 4.
1759 5012 1806 5042 "
1827 5012 1965 5066 deest
1986 5014 2040 5066 5.
2115 5013 2157 5044 ³⁷
2184 5014 2404 5066 audiens
2426 5011 2715 5066 lodewrcus
2745 5011 2800 5065 4.
2876 5014 2895 5045 ⁸

2973 4943 3019 5019 f‘
3049 4945 3303 5019 noluisset
3354 4946 3555 5019 scilicet
3613 4964 3658 5003 s.
3697 4965 3751 5019 p.

606 5053 620 5066 .
695 5013 740 5043 “
761 5010 1018 5080 compulit
1036 5010 1090 5068 4.
1162 5013 1291 5068 “eo
1314 5010 1517 5067 veniret
1536 5012 1602 5066 ad
1631 5012 1684 5065 4.
1759 5012 1806 5042 "
1827 5012 1965 5066 deest
1986 5014 2040 5068 5.
2115 5013 2157 5044 ³⁷
2184 5014 2404 5068 audiens
2426 5011 2715 5066 lodewicus
2745 5011 2800 5065 4.
2876 5013 2921 5045 “
2942 5014 3152 5069 abesset
3175 5017 3242 5069 ab
3266 5014 3318 5069 4.
3394 5015 3437 5045 ’⁸⁸
3467 5010 3755 5073 lodewicus

567 5083 619 5136 4.
697 5082 739 5114 ⁵ο
769 5083 989 5138 honeste
1012 5083 1244 5151 suscepit
1271 5091 1325 5137 et
1352 5081 1405 5134 4.
1482 5083 1526 5113 ⁸⁸
1552 5082 1691 5136 deest
1713 5080 1767 5135 4.
1842 5083 1886 5113 ⁸¹
1908 5082 2065 5136 simul
2093 5083 2150 5136 4.
2225 5084 2270 5115 ⁵³
2301 5083 2645 5138 celebrarunt
2660 5085 2713 5139 4.
2788 5082 2836 5113 “
2870 5084 3006 5138 hebo
3035 5084 3089 5137 4.
3163 5085 3210 5117 ⁸⁸
3239 5085 3357 5139 iniit
3382 5087 3474 5138 sed
3497 5103 3546 5140 c.
3577 5088 3630 5140 4.
3670 5148 3674 5151 _
3712 5087 3755 5118 ³⁸

569 5151 903 5223 imperatoris
927 5155 980 5207 5.
1056 5154 1096 5184 ⁸⁷
1130 5153 1238 5223 Deo
1266 5151 1465 5223 gratias
1491 5152 1544 5204 5.
1620 5152 1664 5184 ³⁸
1694 5151 2023 5223 reliquerunt
2042 5152 2094 5206 5.
2124 5153 2178 5206 4.
2246 5151 2298 5223 ΡΨ
2328 5166 2433 5208 non
2455 5151 2592 5223 sitei
2616 5153 2665 5204 1.
2690 5151 2785 5223 ῌ⁶⁰
2817 5154 2954 5207 deest
2975 5154 3029 5208 5.
3056 5155 3109 5208 4.
3185 5154 3227 5186 ’ί
3259 5169 3569 5209 orncrosum
3614 5156 3667 5211 5.
3697 5157 3749 5210 4.

566 5219 724 5278 deest.
759 5290 768 5292 Α
797 5222 840 5252 ⁶²
869 5237 967 5279 nec
993 5219 1293 5279 Wratislavl
1366 5221 1412 5252 ”
1437 5230 1593 5276 antea
1630 5222 1679 5275 1.
1755 5219 2096 5292 “praecepit
2117 5224 2167 5276 1.
2236 5220 2291 5261 ⁸⁸
2309 5223 2446 5280 deest
2474 5219 2528 5274 5.
2557 5220 2608 5273 4.
2684 5220 2729 5252 °°
2751 5225 2893 5290 quod
2920 5224 3121 5279 dictum
3168 5225 3219 5277 1.
3295 5226 3336 5256 θ’
3378 5225 3428 5280 ei
3457 5225 3590 5281 deus
3626 5227 3681 5281 4.

570 5291 613 5322 "‘
648 5290 827 5363 implet
847 5292 899 5346 5.

641 5503 664 5529 ι
699 5489 830 5544 Vers
853 5463 1075 5542 lin-624
1089 5525 1104 5540 .

643 5570 666 5596 υ
686 5559 891 5613 Altahze
916 5556 1202 5623 inferioris,
1230 5565 1285 5612 et
1326 5555 1864 5626 archicappellanum.
1902 5556 1980 5613 Cf.
2008 5557 2100 5611 Ec-

575 5627 715 5679 turdi
744 5627 934 5679 Franc.
970 5626 1175 5681 Orient.
1201 5644 1264 5692 ll,
1289 5625 1412 5680 246.
1547 5625 1555 5626 “
1584 5625 1593 5626 “
1838 5631 1849 5645 ⁸

643 5705 664 5733 ι
698 5695 1298 5766 Weissemburgensem.
1325 5695 1546 5752 Eccard.
1579 5695 1616 5750 Ι.
1641 5710 1689 5751 c.
1718 5710 1777 5759 ιι,
1809 5696 1928 5752 198.

1306 5419 1333 5447 ο
2060 5393 2283 5452 sane.

1510 5498 1517 5513 ’
1646 5555 1679 5562 --
1916 5556 1968 5562 η
2009 5557 2047 5562 _
2134 5494 2186 5554 D
2278 5491 2303 5530 ἀ
2335 5493 2705 5562 Moguntiensts

2285 5572 2307 5598 ο
2333 5578 2460 5616 ωε.
2493 5578 2566 5625 v1,
2597 5565 2684 5617 57.

2288 5630 2305 5668 ί
2338 5632 2496 5686 llehr.
2534 5648 2633 5701 xu,
2666 5633 2719 5688 6.
