3910 6182
457 380 561 435 «4ῗὲ7

1027 373 1323 430 TIIEGANI
1359 368 1841 429 CHORE‘PISCOI‘I
1881 362 2330 423 TREVIRENSIS
2370 360 2526 423 ,V'ITA
2576 357 2888 416 LUDO‘ICI
2928 354 3061 413 IMP.

3570 350 3669 403 42R

459 492 642 548 fideles
700 490 717 524 ¹
773 486 1117 559 imperatoris
1170 488 1454 542 ostendere
1481 526 1494 548 ,
1533 485 1575 539 si
1633 484 1879 537 voluntas
1919 481 2010 535 Dei
2044 484 2086 540 Α
2116 479 2270 548 plane
2303 474 2551 529 dimissus
2579 482 2682 527 est.
2731 471 2879 539 Quod
2910 469 3083 523 adhuc
3132 467 3349 521 omnino
3392 465 3679 520 emendare

457 594 622 644 esset,
666 588 724 633 ut
768 576 1031 634 discordia
1079 590 1263 628 eorum
1309 583 1665 642 permaneret.
1707 589 1773 626 an
1814 587 1919 625 non
1975 571 2014 622 ².

456 675 584 728 Post
616 669 931 740 legationem
981 668 1216 737 episcopi
1265 680 1424 734 supra
1477 665 1736 719 nominati
1785 664 1806 695 ³
1859 664 2020 723 duces

459 763 798 834 protulerunt
826 760 966 830 quod
995 760 1073 813 eis
1093 759 1413 827 imperatum
1444 758 1639 810 fuerat.
1670 756 1814 825 Quos
1839 756 2018 810 statim

458 851 665 922 rogavit
691 851 755 904 ad
789 850 1057 904 modicum
1089 859 1295 916 tempus
1314 849 1492 917 egredi
1518 847 1754 909 foras,et
1793 847 1974 899 statim
1998 846 2019 875 δ
2052 871 2057 875 -

456 944 650 999 iterum
681 941 702 973 ⁵
731 939 1019 1002 revocavit,
1062 939 1356 1007 deprecans
1404 954 1521 1001 eos,
1558 947 1619 992 ut
1653 939 1700 992 ei
1737 937 2018 991 consilium

457 1034 731 1109 dedissent
779 1030 801 1063 ⁸
836 1032 902 1085 de
950 1030 1201 1085 omnibus
1246 1031 1381 1085 actis
1427 1031 1447 1061 "
1491 1032 1623 1084 suis.
1673 1032 1744 1084 At
1800 1029 1874 1083 illi
1934 1030 2019 1083 in-

456 1131 770 1179 struxerunt
801 1137 944 1185 eum,
985 1131 1043 1176 ut
1076 1122 1284 1177 veniret
1305 1123 1371 1175 ad
1403 1122 1824 1176 misericordiam
1877 1121 1898 1152 ⁸
1930 1136 2023 1189 pa-

459 1215 558 1269 tris
607 1230 728 1271 cum
756 1213 949 1269 ceteris
997 1214 1364 1268 seductoribus
1407 1212 1451 1279 ⁹,
1518 1214 1895 1283 promittentes
1930 1228 2019 1281 pa—

459 1310 595 1358 Cem.
624 1304 687 1357 Et
708 1303 794 1357 ille
825 1319 946 1357 cum
995 1304 1072 1357 eis
1119 1305 1166 1337 ‘0
1194 1304 1437 1373 promisit
1457 1304 1658 1359 venire.
1700 1304 1825 1358 Inde
1848 1320 2025 1376 regre-

458 1396 669 1449 dientes
699 1396 735 1425 “
768 1395 926 1465 lcgati
956 1394 1217 1451 venerunt
1246 1396 1312 1450 ad
1341 1396 1634 1467 principem
1653 1437 1666 1462 ,
1714 1397 2023 1451 nuntiantes

461 1484 511 1538 ei
533 1498 669 1551 quae
691 1493 838 1551 gesta
864 1492 1019 1537 erant
1045 1485 1106 1538 ".

528 1573 615 1628 55.
651 1573 775 1627 Post
811 1587 903 1628 eos
938 1573 980 1605 ¹²
1015 1575 1161 1628 venit
1200 1574 1510 1629 lllutharius
1544 1575 1633 1629 ubi
1659 1583 1777 1628 erat
1803 1576 2028 1646 impera-

468 1672 577 1726 tor,
610 1674 765 1732 pater
788 1660 928 1728 eius,
970 1665 1159 1718 sedens
1187 1665 1237 1717 in
1261 1658 1527 1734 papilione
1549 1680 1665 1729 suo,
1696 1665 1835 1734 quod
1862 1678 1886 1704 ιι
1910 1675 2025 1718 erat

459 1761 740 1807 extensum
775 1751 820 1783 ⁸⁸
849 1752 901 1806 in
931 1753 1096 1808 altum
1146 1754 1302 1807 valde
1347 1754 1400 1807 in
1448 1769 1639 1822 campo
1669 1767 1881 1822 magno,
1935 1755 2024 1808 ubi

2116 584 2249 636 opus
2270 576 2371 629 est,
2403 566 2528 634 quia
2574 563 2758 618 melior
2785 563 2829 594 ³³
2852 571 2935 616 est
2962 560 3009 592 “
3046 561 3243 614 iustum
3268 557 3526 612 iudicium
3558 572 3681 612 sau-

2118 670 2325 713 etorum
2352 667 2562 727 patrum
2601 667 2854 711 exercere
2888 654 2939 706 in
2970 666 3057 715 eo,
3085 665 3247 719 quam
3291 648 3482 703 falsam
3514 648 3684 715 picta-

2120 760 2224 805 tem
2251 750 2348 803 sub
2374 748 2594 801 obtentu
2620 744 2893 815 religionis
2914 748 3284 797 demonstrare
3309 779 3323 793 .

2185 842 2272 895 57.
2322 839 2443 909 lpSo
2494 838 2786 905 eodemque
2823 835 2870 869 ³⁸
2918 848 3057 888 anno
3104 831 3343 902 perrexit
3395 830 3689 899 imperator

2118 936 2359 1006 partibus
2388 933 2432 965 ³⁸
2461 929 2891 1001 Lugdunensium
2913 969 2926 992 ,
2955 926 3042 980 ubi
3074 925 3285 979 obviam
3331 921 3381 977 ei
3425 927 3694 976 venerunt

2122 1027 2213 1080 lilii
2242 1025 2322 1080 sui
2352 1023 2607 1093 Pippinus
2656 1031 2709 1075 et
2752 1020 3076 1090 aequivocus
3124 1016 3265 1071 (ilius
3316 1015 3435 1070 eius
3477 1043 3548 1052 —-—-
3594 1011 3688 1080 qui

2120 1116 2293 1167 adhuc
2332 1112 2576 1165 imitator
2602 1108 2645 1140 ³⁷
2678 1108 2907 1161 filiorum
2944 1114 3029 1160 est
3049 1102 3537 1173 suprascriptorum
3566 1109 3591 1136 ο
3615 1126 3691 1139 -—

2121 1213 2213 1281 qui
2237 1220 2417 1265 natum
2446 1209 2489 1240 ³⁸
2519 1208 2755 1261 iuniores
2782 1203 2998 1258 fuerunt
3021 1201 3089 1253 ³⁸.
3114 1200 3191 1255 Ibi
3216 1197 3697 1264 sedebatimpera~

2124 1312 2207 1356 tor
2232 1316 2355 1356 cum
2379 1298 2501 1352 filiis
2527 1296 2657 1359 suis,
2687 1308 2964 1364 quousque
3002 1291 3046 1324 ⁴⁰
3084 1289 3245 1359 legati
3290 1288 3334 1319 “
3381 1288 3433 1340 in
3478 1283 3693 1339 Italiam

2124 1399 2384 1447 venerunt
2408 1389 2450 1421 δ’
2483 1388 2549 1441 ad
2579 1386 2936 1446 Hlutharium,
2966 1391 3021 1438 et
3055 1382 3180 1436 inde
3208 1384 3542 1434 revertenter
3568 1388 3697 1446 per-

2124 1489 2386 1536 venerunt
2418 1480 2482 1533 ad
2514 1494 2637 1532 eum
2664 1477 2729 1529 “.
2756 1476 2884 1530 Inde
2910 1487 3160 1528 reversus
3188 1479 3272 1525 est
3297 1469 3593 1539 imperator
3623 1464 3694 1529 “,

2122 1579 2269 1631 venit
2296 1576 2465 1645 Aquis
2495 1575 2559 1629 ad
2589 1573 2768 1627 sedem
2814 1584 2966 1624 suam
2997 1586 3010 1621 τ
3040 1574 3096 1621 ct
3142 1564 3398 1634 Pippinos
3444 1573 3699 1614 reversus

2123 1676 2207 1722 est
2232 1668 2283 1720 in
2308 1664 2674 1735 Aquitaniam,
2698 1671 2753 1714 et
2775 1658 3100 1729 aequivocus
3139 1650 3484 1726 imperatoris
3510 1663 3699 1719 perre-
3724 1688 3731 1699 .

2125 1761 2202 1813 xit
2229 1758 2471 1828 partibus
2492 1754 2539 1786 ⁸⁸
2576 1753 2827 1807 Austriae
2856 1750 2920 1825 ‘f‘.

460 1857 581 1896 cum
618 1844 890 1897 exercitus
933 1843 1106 1897 omnis
1152 1842 1502 1911 contemplari
1541 1843 1716 1913 potuit
1745 1843 1809 1907 “,
1851 1853 1905 1896 et
1933 1842 2022 1897 filii
2053 1856 2099 1914 Β
2196 1850 2281 1905 58.
2307 1849 2505 1902 Eodem
2529 1861 2670 1900 anno
2686 1844 2801 1912 ipso
2823 1843 2875 1895 in
2896 1832 3615 1902 itinereobiitBerengarius
3631 1827 3697 1890 ".

460 1934 576 1988 eius
602 1932 786 1987 fideles
824 1941 1089 1987 steterunt
1129 1934 1274 1987 iuxta
1303 1949 1445 1997 eum.
1485 1934 1636 1988 Tunc
1665 1934 1882 1988 veniens
1904 1934 2026 1988 Illu~

465 2024 672 2085 tharius
688 2025 883 2079 cecidit
912 2026 976 2078 ad
1016 2027 1179 2095 pedes
1203 2026 1373 2095 patris
1399 2026 1459 2088 ιθ,
1493 2035 1547 2080 et
1575 2035 1694 2096 post
1725 2043 1845 2081 eum
1877 2042 2029 2081 socer

463 2115 582 2169 eius
634 2114 752 2184 Hug
780 2116 819 2147 "
862 2117 1097 2170 timidus.
1153 2116 1302 2171 Tunc
1354 2116 1636 2173 Matfridus
1670 2117 1731 2170 ⁸⁸.
1777 2126 1829 2173 et
1861 2117 2027 2172 ceteri

461 2218 651 2260 omnes
671 2205 759 2274 qui
812 2205 969 2273 primi
1012 2214 1166 2260 erant
1213 2206 1265 2261 in
1305 2204 1544 2261 facinore
1588 2206 1699 2271 illo,
1746 2216 2027 2276 postquam

464 2302 817 2349 surrexerunt
859 2295 925 2348 de
958 2303 1119 2358 terra,
1169 2295 1400 2349 confessi
1453 2305 1580 2350 sunt
1608 2311 1665 2349 se
1700 2295 1853 2349 valde
1902 2294 2032 2348 deli-

463 2385 663 2453 quisse.
696 2382 824 2438 Post
850 2383 982 2438 baec
1009 2383 1206 2438 iuravit
1235 2383 1546 2437 Illutliarius
1590 2384 1728 2454 patri
1771 2400 1867 2437 suo
1904 2383 2033 2436 fide-

464 2471 671 2526 litatem
722 2474 783 2535 '9,
812 2480 869 2524 ut
895 2472 1144 2528 omnibus
1168 2473 1408 2542 imperiis
1429 2473 1539 2527 suis
1575 2473 1792 2526 obedire
1820 2472 2035 2525 debuis-

467 2572 550 2619 set
574 2563 641 2627 ὀ,
677 2572 732 2615 et
760 2572 817 2616 ut
847 2563 950 2618 iret
989 2563 1045 2616 in
1075 2563 1278 2621 Italiam
1320 2571 1375 2617 ct
1427 2563 1497 2617 ibi
1536 2571 1798 2627 maneret,
1830 2572 1884 2617 et
1911 2562 2033 2617 inde

467 2668 573 2707 non
600 2652 768 2707 exiret
797 2652 895 2708 nisi
931 2668 1027 2722 per
1050 2654 1337 2709 iussionem
1365 2654 1406 2686 ²¹
1436 2654 1624 2722 patris.
1652 2652 1800 2709 Tunc
1826 2654 2035 2708 iurave-

469 2750 593 2798 runt
637 2752 693 2797 et
721 2744 903 2797 ceteri.
940 2744 1066 2797 Post
1103 2744 1236 2799 haec
1264 2744 1538 2814 piissimus
1564 2744 1812 2814 princeps
1860 2745 2035 2799 indul-

467 2839 702 2911 gentiam
752 2839 897 2895 dcdit
951 2839 1050 2905 eis,
1103 2840 1147 2896 si
1194 2840 1294 2894 hoc
1341 2839 1701 2895 iuramentum
1754 2853 2037 2893 conserva-

471 2940 591 2986 rcnt
639 2933 703 2984 ".
737 2932 949 2985 Dimisit
996 2946 1088 2985 eos
1134 2929 1331 2985 habere
1379 2928 1705 2999 patrimonia
1757 2936 1811 2983 et
1856 2928 2035 2981 omnia

471 3037 609 3091 quae
658 3023 950 3087 habebant,
1003 3022 1221 3092 praeter
1259 3021 1403 3091 quod
1439 3021 1553 3089 ipse
1603 3033 1763 3073 manu
1816 3017 2033 3089 propria

471 3112 690 3167 tradidit
716 3115 813 3166 eis.
836 3112 1144 3166 Diviserunt
1168 3126 1225 3165 se
1249 3111 1340 3175 ibi,
1364 3119 1420 3165 et
1449 3108 1762 3165 Illutliarius
1786 3108 2029 3178 perrexit

2130 1944 2238 1998 dux
2268 1940 2441 1996 ﬁdelis
2466 1947 2519 1994 et
2543 1938 2771 2007 sapiens,
2799 1948 2955 2003 quem
2980 1933 3273 2000 imperator
3296 1942 3417 1980 cum
3440 1923 3564 1977 Iuliis
3587 1922 3705 1976 suis

2128 2034 2263 2087 luxit
2300 2031 2467 2085 multo
2490 2038 2750 2096 tempore.
2776 2024 2883 2081 Iste
2926 2027 3010 2075 est
3052 2034 3225 2072 annus
3277 2013 3570 2069 vicesimus
3618 2025 3708 2065 se—

2128 2122 2335 2178 cundus
2368 2119 2415 2151 ⁸⁸
2448 2118 2474 2157 ἀ
2499 2116 2650 2187 regni
2681 2113 2859 2169 domni
2902 2109 3184 2165 Hludovici
3214 2104 3441 2177 piissimi
3471 2103 3708 2171 impera-

2130 2213 2281 2277 toris,
2309 2225 2468 2280 quem
2497 2219 2822 2263 conservare
2847 2211 2902 2256 et
2926 2209 3210 2272 protegere
3241 2197 3327 2251 diu
3356 2195 3408 2248 in
3438 2194 3545 2246 hoc
3589 2205 3710 2245 sae-

2131 2309 2254 2364 culo
2284 2306 2533 2374 dignetur
2563 2298 2606 2331 ¹⁵⁹
2628 2297 2858 2353 feliciter
2882 2296 3321 2349 commorantem,
3344 2293 3397 2339 et
3426 2292 3547 2352 post
3569 2282 3711 2335 haec

2133 2371 2490 2453 discurrentia
2522 2400 2763 2459 tempora
2794 2385 3093 2456 perducere
3132 2376 3391 2434 concedat
3415 2374 3459 2405 ”
3500 2371 3569 2427 ad
3613 2385 3712 2425 so-

2131 2489 2378 2542 cietatem
2405 2481 2644 2536 omnium
2674 2485 2981 2532 sanctorum
3017 2473 3134 2527 eius
3170 2468 3278 2533 ille,
3303 2466 3394 2536 qui
3427 2473 3513 2520 est
3545 2462 3591 2494 "
3618 2463 3713 2516 be‘

2134 2579 2381 2633 nedictus
2405 2575 2458 2629 in
2495 2569 2709 2626 saecula
2733 2566 3067 2624 saeculorum
3097 2562 3162 2616 ⁸⁸.
3192 2559 3382 2614 Amen.

2614 2662 3212 2684 ψ

2136 2748 2213 2807 In
2250 2742 2457 2806 codice
2494 2739 2868 2802 bibliotheca»
2899 2734 3182 2794 C(rsnrm
3219 2722 3710 2788 I’indobonensis

2616 2820 2737 2879 haec
2770 2814 3216 2892 subjiciuntur.

2205 2925 2361 2979 Anno
2388 2935 2517 2975 vero
2546 2918 2693 2987 regni
2741 2916 2823 2969 sui
2875 2913 2947 2969 25
2989 2909 3137 2983 (856)
3179 2907 3368 2963 habuit
3411 2904 3710 2972 imperator

2137 3016 2461 3086 colloquium
2486 3027 2607 3067 eum
2634 3009 2878 3064 ﬁdelibus
2902 3005 3012 3060 suis
3039 3005 3090 3059 in
3113 3000 3331 3074 praedio
3347 2996 3507 3067 regali
3529 2995 3712 3049 Theo-

2138 3083 2503 3165 donisvmense
2535 3100 2693 3155 Maio.
2729 3099 2793 3154 Et
2823 3097 2895 3152 ibi
2926 3101 3191 3152 venerunt
3230 3088 3386 3160 legati
3435 3083 3712 3139 Illutbarii

475 3205 526 3257 in
544 3203 756 3269 Italiam
783 3218 902 3256 cum
934 3202 1309 3257 consentaneis
1348 3201 1462 3257 suis
1484 3199 1731 3267 pessimis
1757 3199 1824 3263 ’³,
1854 3208 1910 3253 et
1928 3208 2037 3253 sta-
2064 3215 2107 3276 α
2139 3219 2168 3256 a
2214 3202 2259 3233 ⁸³
2308 3199 2555 3270 partibus
2598 3194 2802 3256 italiae,
2858 3189 3084 3245 Walach
3129 3185 3217 3255 qui
3269 3191 3387 3241 erat
3432 3178 3625 3239 abbas,
3657 3184 3716 3228 et

471 3300 569 3375 tim
585 3299 611 3337 ι)
635 3295 931 3360 Matri-idus,
955 3296 1043 3364 qui
1062 3303 1177 3350 erat
1200 3290 2034 3348 maximusincentor"omnium

471 3387 684 3443 illorum
715 3385 995 3449 malorum,
1048 3392 1288 3438 mortuus
1324 3392 1409 3438 est
1454 3390 1509 3437 et
1559 3381 1725 3437 ceteri
1769 3380 2032 3436 nonnulli.

474 3479 537 3532 Ili
564 3492 691 3531 vero
721 3477 810 3546 qui
839 3484 1228 3540 remanserant,
1258 3473 1405 3529 febre
1427 3473 1658 3542 correpti
1695 3483 1839 3527 sunt.

546 3568 631 3620 Siti.
658 3567 951 3637 Imperator
993 3578 1142 3629 vero,
1172 3564 1293 3619 inde
1328 3564 1652 3637 regrediens,
1681 3564 1825 3617 venit
1851 3562 1915 3616 ad
1943 3577 2038 3631 pa-

473 3658 657 3711 latium
712 3656 1033 3719 'fbeodonis,
1084 3664 1138 3709 ct
1181 3656 1249 3710 ibi
1306 3663 1470 3710 totam
1526 3656 1758 3709 hiemem
1811 3654 2035 3725 peregit.

476 3749 607 3804 Post
642 3748 871 3802 natalem
920 3747 1127 3801 Domini
1162 3746 1329 3801 altero
1359 3763 1499 3800 anno
1522 3746 1668 3815 (855)
1697 3747 1881 3801 Ital'uit
1917 3762 2043 3799 con-

474 3850 690 3895 ventum
738 3854 987 3910 magnum
1036 3838 1366 3908 populorum.
1409 3847 1463 3891 et
1508 3838 1578 3895 ibi
1608 3837 1790 3891 Eho"
1846 3837 2043 3905 turpis-

474 3933 643 3987 simus
690 3932 925 3987 rusticus
971 3931 1139 3995 venit,
1166 3947 1325 3999 quem
1360 3932 1429 3985 ibi
1462 3930 1506 3961 “
1550 3930 1786 4000 episcopi
1818 3929 2045 3985 firmiter

476 4038 690 4078 movere
721 4023 764 4055 ’7
798 4038 899 4077 non
925 4022 1038 4077 ausi
1087 4032 1230 4086 sunt,
1258 4022 1504 4076 timentes
1538 4029 1596 4076 ut
1622 4022 1667 4051 ³⁸
1695 4035 1881 4077 eorum
1919 4035 2043 4091 pro-

477 4115 618 4167 ditor
656 4114 886 4169 existere
915 4114 1205 4168 debuisset.
1241 4114 1306 4167 Et
1346 4114 1464 4167 ideo
1494 4121 1777 4167 suaserunt
1822 4127 1943 4166 eum
1974 4111 2039 4172 ”,

479 4196 535 4259 ut
557 4223 614 4260 se
638 4206 681 4237 ³ο
714 4205 1063 4261 concrederet
1108 4204 1150 4235 ³¹
1184 4204 1538 4258 ministerium
1571 4202 1902 4257 sacerdotale
1946 4202 2046 4255 mi-

481 4295 626 4349 nime
650 4295 849 4350 habere
891 4310 1079 4364 posse;
1117 4294 1258 4362 quod
1295 4302 1349 4346 et
1376 4293 1419 4323 "
1453 4294 1522 4345 ita
1553 4292 1700 4355 fecit,
1729 4302 1783 4347 et
1818 4293 1938 4347 ideo
1968 4292 2045 4346 sic

2143 3292 2453 3347 Ililibardus
2479 3287 2732 3357 perfidus,
2756 3292 2810 3339 et
2842 3280 3188 3337 Ebarbardus
3215 3274 3386 3330 fidelis
3410 3288 3536 3328 cum
3565 3279 3718 3325 cete-

2144 3384 2222 3437 ris
2252 3380 2546 3442 nonnullis,
2574 3376 2893 3431 nnnciantes
2940 3385 3062 3423 eum
3113 3367 3342 3425 libenter
3402 3361 3593 3416 venire
3646 3358 3713 3411 ad
3762 3390 3767 3407 ι

2143 3481 2372 3543 patrem,
2406 3469 2449 3523 si
2481 3466 2702 3538 pacifice
2730 3463 3009 3532 potuisset.
3034 3456 3183 3515 Tunc
3213 3454 3374 3532 aliqui
3399 3450 3643 3520 episcopi
3664 3457 3720 3502 et

2146 3541 2311 3618 ceteri
2348 3560 2634 3629 optimates
2678 3554 3043 3625 promiserunt
3079 3551 3129 3605 ei
3181 3548 3337 3602 fidem
3388 3559 3509 3598 cum
3571 3541 3720 3595 iura-

2148 3661 2348 3714 mento,
2374 3650 2418 3704 si
2463 3648 2748 3703 infirmitas
2800 3661 2903 3699 non
2950 3639 3332 3712 prohibuisset.
3375 3634 3527 3690 Tunc.
3554 3645 3717 3702 prae-

2145 3742 2424 3800 nunciavit
2480 3741 2708 3793 domnus
2766 3737 3054 3803 imperator
3114 3725 3362 3798 generale
3421 3720 3719 3776 concilium

2146 3846 2299 3890 simu
2354 3830 2716 3887 Wo-maeiam
2775 3825 3049 3887 civitatem
3097 3821 3328 3879 baiere,
3357 3824 3412 3868 et
3458 3810 3621 3865 iussit
3662 3816 3721 3861 ut

2147 3926 2459 3982 Hlutltarius
2482 3922 2552 3975 ibi
2582 3921 2758 3975 oviam
2779 3917 2821 3948 θλ
2850 3915 3084 3969 venisset
3109 3910 3377 3969 mediante
3400 3917 3594 3959 mense
3624 3901 3723 3955 Sco

2146 4017 2433 4090 ptembrio.
2463 4014 2705 4082 Cumque
2737 4011 2823 4065 die
2871 4016 3070 4063 statuto
3124 4005 3416 4072 imperator
3464 3996 3724 4052 Worma-

2148 4085 2286 4165 ciam
2325 4106 2597 4161 deveniret
2627 4118 2747 4157 cum
2782 4114 2970 4169 magna
3015 4093 3376 4155 multitudine,
3406 4097 3461 4144 et
3498 4087 3599 4143 filii
3638 4085 3721 4139 siti

2149 4200 2407 4269 Pippinus
2437 4204 2490 4249 et
2528 4192 2871 4246 llludowicus
2919 4204 3041 4243 cum
3090 4184 3327 4243 exercitu
3375 4193 3601 4241 eorum,
3650 4174 3721 4231 ibi

2152 4292 2343 4349 iterant
2375 4286 2648 4340 venientes
2689 4280 2847 4351 legati
2880 4277 3175 4339 Illutltarii,
3222 4282 3277 4329 et
3319 4269 3721 4326 nunciaverunt

1671 4419 1754 4475 VA
1766 4420 2058 4475 RIANTES
2094 4416 2492 4475 LECTIONES.

555 4536 572 4568 ¹
618 4536 901 4593 ῐίίιθιίιθιος
925 4533 977 4589 5.
1067 4533 1087 4563 ³
1118 4547 1183 4587 an
1234 4546 1302 4587 no
1360 4533 1409 4586 I.
1451 4533 1642 4586 italice.

487 4605 507 4639 ⁸
528 4608 665 4658 deest
689 4605 741 4658 4.
817 4605 837 4635 ⁸
860 4604 1051 4657 darent
1074 4602 1127 4655 4.
1200 4603 1219 4633 "
1255 4602 1465 4656 actibus
1494 4604 1547 4656 5.
1575 4603 1629 4655 4.

493 4677 535 4707 ¹⁴¹
568 4675 616 4728 ci
663 4674 912 4745 quicquid
948 4684 1158 4745 gestum
1189 4681 1302 4745 erat
1334 4672 1387 4724 4.

490 4746 531 4776 ¹⁶
552 4745 668 4798 cius
695 4746 748 4797 5.
812 4742 867 4774 7"
895 4753 1033 4812 nugo
1053 4744 1104 4797 5.
1133 4742 1185 4795 4.

486 4816 636 4869 sione
663 4817 714 4869 5.
741 4815 790 4867 4.
866 4814 909 4844 ⁹²
939 4811 1213 4867 servarent
1232 4811 1284 4865 5.

487 4883 539 4938 4.
633 4885 675 4917 "
706 4885 751 4939 ei
780 4885 831 4939 5.
861 4882 915 4935 4.
1015 4882 1058 4913 ³⁰
1078 4883 1178 4937 sibi
1203 4882 1235 4934 5
1279 4882 1332 4936 4.

493 4965 674 5025 partes
721 4955 774 5008 4.

1361 4812 1406 4843 ³³
1435 4812 1572 4865 deest
1615 4814 1667 4866 4.

1409 4882 1453 4913 ⁸¹
1483 4885 1790 4938 ostenderet
1817 4883 1868 4936 4.

490 5023 572 5079 est
600 5025 889 5080 lodcvvicus
915 5024 1003 5093 qui
1033 5032 1161 5076 natu
1202 5023 1435 5078 iuniores
1476 5032 1629 5078 erant
1662 5024 1714 5079 4.
1752 5024 1919 5078 media
1960 5025 2162 5076 desunt.

1744 4534 1764 4565 ³
1793 4533 2103 4601 supradicti.
2144 4533 2178 4586 5
2229 4531 2281 4583 4.

1705 4605 1726 4637 ⁸
1750 4604 2106 4657 nraesentiatn
2137 4603 2190 4653 5.
2223 4601 2275 4654 4.

1494 4622 1547 4656 ι’).
1575 4621 1629 4655 4.
1705 4621 1726 4637 °
1789 4621 2106 4657 I'KICSCIHIRHI
2138 4621 2190 4653 ο).
2223 4621 2275 4654 4.
2351 4621 2369 4630 ⁷
2400 4621 2444 4653 S.
2477 4621 2587 4654 SIIIS
2615 4621 2667 4651 ὖ.
2690 4621 2743 4649 4ο
2825 4621 2860 4625 ’⁷
2893 4621 2997 4648 una
3021 4621 3072 4646 do
3096 4621 3152 4646 ιι-
3309 4621 3447 4642 IC‘LI
3466 4621 3645 4643 “duca
3669 4621 3724 4641 ιι.

1468 4672 1509 4743 4³
1537 4684 1719 4742 postea
1831 4685 2112 4743 postquam
2140 4671 2193 4724 4.
2252 4669 2315 4743 βξ
2344 4671 2433 4738 qui
2466 4677 2585 4743 erat
2617 4676 2873 4743 extensus
2898 4664 2949 4743 5.
3111 4656 3724 4743 "contemplabatuni.

1266 4742 1305 4771 ⁸⁸
1330 4741 1621 4797 macft‘itlus
1666 4746 1719 4799 5.
1750 4741 2071 4798 ιιιιιὶὶιιὲἱιιιιδ
2116 4742 2169 4795 4.

1744 4816 1787 4844 ’³
1818 4814 2051 4867 intentor
2079 4813 2127 4865 I.

1957 4882 2000 4912 ³⁸
2030 4882 2166 4935 deest
2192 4880 2246 4933 4.

873 4954 916 4986 ³⁷
947 4955 1166 5007 mitator
1204 4953 1259 5024 fl.
1294 4953 1530 5008 imitator
1577 4964 1661 5008 cst
1699 4954 2122 5024 supradictorum
2179 4951 2280 5024 qui
2313 4960 2439 5003 natu
2473 4948 2888 5024 iunioreserant

2381 4530 2400 4560 ‘
2431 4528 2644 4600 rogavit
2688 4525 2754 4600 ad
2802 4530 2963 4600 mat.
3009 4537 3058 4600 (Ξ.
3161 4518 3443 4600 et__statim
3468 4522 3639 4600 ‘deest

2350 4600 2370 4630 ’
2400 4616 2444 4653 s.
2477 4589 2587 4654 sitis
2615 4598 2667 4651 5.
2690 4595 2743 4649 4.
2823 4594 2863 4625 ¹⁰
2893 4593 2997 4648 illis
3021 4593 3072 4646 5.
3096 4590 3152 4646 4.
3230 4590 3268 4620 “
3309 4596 3645 4643 revertentes
3669 4589 3724 4641 4.

2269 4740 2310 4771 ¹⁹
2341 4733 2394 4793 et
2445 4748 2503 4792 ut
2553 4739 2607 4791 5.
2666 4737 2719 4789 4.
2795 4735 2839 4765 ²⁰
2869 4734 3123 4788 voluisset
3158 4733 3206 4784 1.

2204 4812 2250 4842 ’⁸
2272 4812 2409 4864 belro
2430 4814 2480 4861 4.
2556 4807 2600 4836 ’⁸
2624 4806 2714 4859 alii
2737 4805 2789 4858 5.
2818 4804 2871 4856 4.
2946 4806 2988 4836 ³⁷
3021 4814 3269 4857 amovere
3296 4799 3348 4853 5.
3378 4796 3431 4849 4.
3510 4797 3555 4827 τ’
3579 4798 3731 4865 quod

2326 4881 2370 4911 ³³
2398 4878 2588 4933 melius
2613 4877 2666 4928 5.
2698 4876 2750 4928 4.
2835 4872 2882 4906 ”
2912 4882 3057 4928 esset
3076 4874 3127 4926 5.
3204 4869 3250 4901 ³⁸
3286 4869 3423 4925 deest
3446 4866 3501 4920 4.
3580 4867 3631 4898 “
3659 4868 3729 4920 ad

3055 4942 3098 4973 ³⁸
3121 4952 3246 4995 natu
3269 4940 3321 4993 5.
3397 4938 3443 4968 ³³
3474 4937 3732 5008 pippinus

3294 5010 3340 5040 "
3370 5006 3622 5063 venirent
3667 5006 3723 5059 4.

3284 4730 3321 4760 ¹¹
3355 4726 3455 4781 nisi
3486 4730 3728 4795 permis—

2239 5020 2283 5052 ⁸⁸³
2314 5022 2657 5089 quoadusque
2694 5016 2749 5089 4.
2804 5014 2866 5089 ’δ’
2913 5014 2951 5067 1.
2979 5013 3059 5069 sui
3090 5013 3141 5089 in
3166 5010 3221 5064 4.

492 5078 769 5150 “ietiiitzle
799 5111 842 5148 r.
877 5078 1028 5164 pfad
1053 5110 1173 5146 ριιιιι
1200 5093 1321 5164 inde
1347 5094 1482 5147 deest
1507 5094 1583 5164 4.7
1635 5093 1681 5125 “
1708 5094 1926 5147 etvenit
1951 5092 2084 5164 5.74.
2134 5091 2209 5164 7“,
2234 5078 2596 5164 aqu'itatiiam';
2629 5078 3449 5164 lodeyic_us_pznadpa'rtcstf.‘
3511 5078 3728 5164 angit?-

491 5165 631 5219 niam
652 5175 706 5218 et
734 5162 1023 5220 ludovrieus
1044 5162 1283 5264 perrexit
1313 5165 1530 5218 austrie.
1560 5163 1611 5217 6.
1686 5164 1732 5194 ⁸⁸
1761 5173 1977 5217 austrae
1999 5163 2051 5216 5.

496 5233 538 5264 Io
568 5237 812 5264 ,Ιζιηιηιιηι
836 5234 869 5264 ’ζ
925 5233 944 5264 ι
1077 5234 1089 5263 Ι
1116 5242 1192 5264 ηρ·
1225 5232 1529 5264 ιιΛιιΛᾸῖηΙηιι
1567 5234 1691 5264 Δίῃ-ιι
1721 5234 1753 5264 ’ζ
1805 5244 1882 5264 nol
1909 5235 2034 5264 ,Ιιιηο

496 5233 538 5268 ⁵⁰
566 5237 812 5307 dignetur
836 5234 889 5290 5.
925 5233 971 5288 ί.

2130 5163 2173 5193 ⁸⁷
2202 5162 2514 5231 berngarins
2542 5160 2590 5211 l.

1077 5234 1089 5263 '
1116 5242 1200 5288 est
1224 5232 1533 5289 benedictus
1565 5234 1694 5289 deus
1721 5234 1771 5287 5.
1804 5244 1886 5288 est
1908 5235 2037 5288 deus
2064 5233 2117 5287 b.
2141 5232 2193 5285 5.
2232 5233 2285 5285 4.
2339 5226 2405 5262 ⁷⁸²
2433 5230 2567 5283 deest
2597 5228 2649 5280 5.
2675 5226 2728 5280 4.

2666 5156 2712 5186 ³⁸
2744 5154 2903 5209 XXV.
2923 5147 2983 5211 5:
3009 5147 3193 5208 XXIII.
3221 5149 3274 5203 4.
3349 5149 3393 5180 ἰθ
3416 5147 3554 5203 deest
3580 5147 3640 5201 5.
3666 5147 3721 5199 4.

2807 5227 2852 5257 ⁵³
2876 5242 2908 5280 o
2937 5225 3117 5279 codex.
3194 5221 3239 5254 ⁸⁸⁸
3269 5220 3360 5274 sic.

1992 5357 2217 5413 ΝΟΤᾹΞ.

572 5488 597 5516 ι
622 5474 817 5531 lterum
841 5472 1171 5530 Germanum
1197 5472 1381 5538 audis;
1405 5471 1501 5526 das
1523 5469 1636 5526 Zelt
1676 5471 1817 5542 apud
1845 5486 1942 5527 nos
1970 5486 2059 5540 ge-
2085 5474 2136 5531 D
2162 5478 2343 5542 postea
2382 5467 2714 5542 rebellasset,
2743 5465 2949 5542 adjecta
2972 5471 3113 5518 sunt.

501 5547 644 5600 neris
665 5546 908 5600 neutrius
934 5553 1036 5600 est.

572 5617 596 5654 b
622 5614 758 5667 Αιιηί
778 5613 881 5667 856
901 5622 1175 5668 autumno.
1203 5610 1285 5667 Cf.
1326 5612 1466 5666 Ann.
1496 5612 1659 5677 l3ert.,
1687 5610 1839 5667 Fuld.
1886 5620 1939 5664 et
1965 5610 2058 5665 γι-

487 5670 612 5736 tam
642 5683 912 5735 Ludovici.

571 5762 591 5789 ε
628 5752 751 5804 ll;ec
784 5750 1010 5806 fortasse
1062 5765 1223 5822 opere
1268 5749 1543 5814 absoluto,
1587 5765 1706 5805 cum
1752 5750 2055 5807 Ludovicus

2231 5538 2258 5578 ἀ
2292 5538 2467 5607 Supra
2488 5538 2718 5591 vidimus
2746 5529 3054 5604 Tﬁeganum
3085 5548 3255 5588 annos
3279 5529 3621 5607 imperatoris
3650 5531 3726 5585 ab

2161 5624 2301 5662 anno
2336 5598 2438 5663 8M
2487 5614 2815 5677 computare,
2863 5598 3030 5673 quare
3072 5618 3245 5659 annus
3281 5598 3383 5659 853
3431 5598 3728 5656 vicesimus

2161 5677 2428 5733 secundus
2454 5677 2570 5745 ejus
2597 5676 2805 5731 dicatur
2836 5686 3055 5729 necesse
3078 5681 3178 5728 est.
