3910 6182
259 323 344 378 £29

1263 318 1639 374 AGNELLUS.
1671 349 1739 358 ——
1772 310 2295 371 PROLEGUMEbA.

3308 326 3408 381 £50

259 433 547 488 lliutbarium
568 433 620 486 in
644 432 792 487 febre
812 431 893 486 bis
926 432 940 461 ¹
994 430 1194 485 interea
1228 430 1379 484 valde
1409 430 1675 495 laborare,
1704 437 1758 484 et
1784 444 1833 499 Α
1861 429 2063 493 liberis,
2092 437 2147 483 et
2164 438 2285 500 post
2309 428 2597 483 missarum
2626 427 2934 497 sollempnia
2976 431 3171 507 ol-tulit
3194 435 3261 491 ibi
3300 453 3414 491 uta-

258 525 451 599 minime.
467 525 642 579 venire
672 522 922 592 potuisse.
970 521 1165 575 Eodem
1223 536 1364 574 anno
1414 521 1756 590 supradictus

256 612 410 666 Walah
436 622 669 667 mortuus
692 621 774 666 est
798 619 853 666 et
874 611 1036 666 ceteri
1060 609 1293 664 nonnulli
1324 608 1635 663 infidelium.
1661 608 1758 661 Eo-

255 707 347 760 dem
364 720 487 758 anno
506 704 643 758 lletti
670 705 853 757 beatus
873 701 1216 756 Treverensis
1237 699 1673 768 archiepiscopus
1705 712 1752 760 ει,

253 794 396 850 divino
425 795 563 849 iussu
596 796 909 858 instinctus,
929 793 1220 862 asportavit
1245 806 1438 859 corpus
1461 791 1631 845 sancti
1655 790 1757 844 Ca-

252 888 378 940 storis
402 885 462 940 de
493 886 607 940 loco
631 886 685 939 in
712 901 818 954 quo
848 893 1001 938 antea
1048 882 1434 952 requiescebat,
1462 881 1553 949 qui
1597 895 1757 933 voca-

251 978 372 1031 batur
387 976 654 1031 Caradona
680 979 706 1017 b
730 978 795 1031 ad
828 977 999 1031 locum
1021 976 1114 1045 qui
1142 983 1367 1029 vocatur
1386 973 1751 1035 Confluentes,

252 1068 316 1119 ubi
339 1067 530 1121 Mosella
560 1068 611 1121 in
644 1068 843 1122 Renum
871 1053 1057 1131 intrat,
1087 1066 1154 1121 ad
1192 1064 1574 1120 monasterium
1612 1063 1755 1131 quot!

250 1161 333 1228 ipse
358 1161 679 1230 supradictus
715 1154 1149 1228 archiepiscopus
1176 1172 1205 1212 a
1232 1148 1580 1211 fundamento
1627 1168 1755 1208 con-

247 1258 492 1312 struxerat,
517 1249 659 1303 sicut
692 1248 741 1303 ei
778 1250 829 1302 in
864 1249 979 1302 visu
1017 1247 1287 1317 praecepit
1317 1253 1535 1300 sanctus
1561 1242 1755 1298 Mater-

250 1355 339 1401 nus,
360 1340 436 1408 qui
465 1349 585 1393 erat
611 1340 805 1394 tercius
833 1338 1179 1394 Treverensis
1204 1337 1657 1406 archiepiscopus.
1688 1335 1756 1387 Et

245 1430 283 1483 in
303 1430 564 1486 festivitate
592 1432 764 1489 sancti
791 1431 1003 1485 Martini
1031 1430 1177 1485 venit
1198 1439 1440 1483 sanctum
1469 1443 1662 1496 corpus
1686 1426 1752 1480 ad

246 1521 531 1578 Conﬂuentes
552 1540 675 1578 cum
706 1538 895 1593 magno
917 1522 1149 1584 honore;
1181 1520 1315 1574 et'in
1348 1519 1642 1575 crastinum
1668 1518 1754 1572 die

247 1611 470 1667 Dominico
497 1613 839 1668 consecravit
862 1611 1199 1680 Supradictus
1222 1607 1460 1679 pontifex
1484 1608 1629 1661 illam
1660 1622 1749 1661 ec~

245 1703 414 1761 clesiam
441 1708 489 1761 in
523 1708 732 1761 ho:.ore
775 1706 948 1761 sancti
997 1704 1239 1759 Castoris
1271 1712 1325 1757 et
1367 1701 1603 1756 omnium
1636 1716 1753 1754 san-

1859 521 1999 573 xima
2031 520 2168 574 dona
2215 521 2266 573 in
2312 534 2443 573 auro
2479 527 2532 573 et
2575 528 2827 589 argento,
2866 529 2920 573 et
2964 526 3153 581 mansit
3179 527 3247 582 ibi
3274 528 3411 585 duo;

1856 613 1970 665 dies
1992 620 2043 664 et
2071 612 2286 665 totidem
2309 618 2521 675 noctes;
2555 618 2608 665 et
2629 610 2913 665 honoravit
2933 627 3054 666 cum
3075 619 3412 685 supradictus

1855 702 2091 769 pontifex
2118 719 2236 756 cum
2266 703 2490 773 coniuge
2516 709 2571 757 et
2596 702 2778 758 liberis
2809 711 2865 757 et
2890 703 3033 758 omni
3061 721 3180 760 cum
3209 707 3409 768 familia

1855 807 1950 845 SILI
1978 792 2127 846 donis
2154 793 2464 847 innumeris.
2490 793 2726 847 Domnus
2748 793 3041 863 imperator
3065 795 3221 850 rediit
3243 798 3411 870 Aquis

1854 882 1920 934 ad
1948 882 2126 934 sedem
2153 896 2323 944 suam,
2350 891 2402 936 et
2432 881 2500 935 ibi
2536 891 2700 935 totam
2728 882 2958 937 hiemem
2983 884 3298 953 permansit.

1922 972 2075 1022 Anno
2124 985 2246 1024 vero
2273 971 2341 1024 24
2370 969 2514 1042 (857)
2566 972 2971 1041 praenunciavit
3014 974 3325 1045 imperator,
3358 986 3417 1032 ut

1853 1076 1973 1115 cum
2003 1062 2144 1115 omni
2174 1062 2410 1115 exercitu
2456 1061 2711 1140 voluisset
2754 1063 2834 1117 ire
2874 1063 3099 1119 Romam
3128 1082 3249 1122 cum
3284 1068 3409 1126 ﬁliis

1850 1152 1965 1207 suis
1991 1160 2045 1206 et
2089 1151 2416 1216 llludowico,
2449 1160 2504 1207 ct
2532 1154 2716 1209 statuit
2771 1155 3067 1211 sediciones
3106 1167 3127 1195 ο
3176 1157 3230 1212 in
3248 1174 3409 1213 inon-

1852 1240 2012 1296 nullis
2052 1242 2183 1296 locis
2233 1250 2420 1296 contra
2466 1244 2694 1298 Danaos.
2722 1243 2797 1299 llli
2820 1258 2949 1299 vero
2972 1245 3138 1301 Danai
3160 1262 3298 1304 nave
3316 1264 3410 1304 ve-

1854 1333 2060 1389 nientes
2112 1333 2180 1387 ad
2223 1348 2379 1387 unam
2430 1333 2796 1399 sedictionem,
2825 1344 2879 1390 et
2919 1334 3301 1395 interfecerunt
3339 1339 3412 1396 ibi

1852 1422 2295 1477 innumerabilem
2325 1423 2716 1478 multitudinem
2755 1424 3208 1495 Christianorum;
3250 1436 3306 1484 et
3335 1430 3409 1485 ibi

1850 1514 2045 1569 cecidit
2072 1514 2385 1569 Hemminch
2413 1515 2505 1584 qui
2537 1524 2656 1568 erat
2683 1530 2748 1569 ex
2781 1515 2946 1585 stirpe
2972 1516 3240 1573 Danorum
3270 1517 3409 1592 (sic),

1851 1604 1955 1658 dux
1972 1604 2481 1669 Christianissimus,
2498 1614 2551 1659 et
2566 1606 2890 1661 Eccihardus
2903 1606 3038 1663 alius
3047 1606 3177 1673 dux,
3190 1616 3246 1663 et
3256 1609 3409 1664 multi

1851 1695 2049 1764 Optima
2059 1703 2137 1748 tes
2162 1695 2532 1764 imperatoris;
2558 1702 2613 1748 et
2633 1695 2796 1764 aliqui
2818 1696 3188 1765 comprehensi
3209 1706 3335 1753 sunt
3352 1708 3408 1753 et

242 1806 400 1850 ciorum
428 1797 820 1853 confessorem.
845 1797 909 1851 Et
934 1805 1053 1867 post
1083 1795 1539 1851 consecrationem
1564 1808 1624 1847 su
1644 1807 1747 1845 “ce-
1777 1789 1819 1855 Β
1847 1795 2029 1856 postea
2060 1786 2337 1855 redempti.
2367 1786 2477 1840 Hoc
2504 1786 2726 1842 audiens
2754 1788 3061 1856 imperator,
3088 1780 3289 1843 dimisit
3308 1788 3412 1844 iter

242 1886 532 1953 pitsanctum
563 1903 792 1958 corpus,
824 1898 878 1942 et
919 1887 1203 1943 collocavit
1251 1886 1379 1939 illud
1422 1886 1473 1937 in
1521 1883 1746 1938 ecclesia

240 1977 499 2043 honoriﬁce,
526 1980 901 2050 sicutdignum
930 1987 1065 2034 erat.
1096 1976 1296 2032 Octavo
1334 1989 1461 2029 vero
1499 1972 1586 2027 die
1630 1981 1752 2041 post

239 2071 679 2136 consecracionem,
706 2070 846 2140 quod
880 2078 962 2124 est
990 2068 1074 2123 14.
1102 2066 1219 2121 Kal.
1254 2063 1504 2120 Decemb.
1532 2063 1616 2116 die
1651 2061 1752 2115 Do-

237 2157 415 2223 minico,
444 2160 592 2214 venit
644 2161 871 2214 domnus
916 2160 1203 2227 imperator
1247 2171 1369 2211 cum
1410 2153 1636 2223 coniuge
1688 2161 1743 2208 et

1853 1881 1991 1950 quod
2022 1883 2456 1948 praenunciatum
2494 1883 2724 1938 habebat
2752 1924 2766 1945 ,
2792 1891 2849 1937 et
2874 1892 3147 1939 revertens
3167 1883 3233 1937 ad
3255 1898 3413 1956 prae-

1852 1974 1994 2027 dium
2025 1973 2293 2039 Gundulli,
2323 1990 2443 2028 cum
2483 1976 2629 2029 omni
2659 1976 2900 2031 exercitu
2937 1975 3085 2032 venit
3126 1976 3412 2031 Novioma-

1852 2082 1975 2137 gum
1999 2073 2256 2131 castrum,
2279 2067 2417 2135 quod
2440 2067 2600 2122 situm
2629 2075 2711 2122 est
2730 2083 2893 2138 super
2915 2066 3131 2122 ﬂuvium
3157 2065 3403 2122 Valvum.

2019 2156 2245 2220 Explica
2273 2159 2415 2227 origo
2445 2155 2644 2227 Regum
2674 2169 2828 2230 atque
2854 2160 3001 2213 Acta.

1394 2270 1779 2325 mammas
1817 2248 2211 2324 Lscrtoa‘ss.

292 2340 304 2369 ’
326 2341 371 2395 ιη
395 2342 626 2401 febribus
652 2345 883 2400 interea?

1688 2429 1912 2486 ΝΟΤιΕ.

290 2534 308 2598 ξ·
328 2522 451 2598 Qbiit
471 2542 561 2579 an.
592 2526 717 2598 811.
751 2525 1009 2598 Regium-

284 2591 306 2629 ιδ
328 2591 514 2648 Cardcn
552 2595 617 2649 ad
650 2591 941 2660 Mosellam,
971 2596 1024 2649 in
1045 2608 1177 2664 pago
1204 2593 1330 2648 olim
1369 2592 1674 2661 Meginensi.

1925 2531 1945 2558 ε
1978 2520 2250 2578 Stationes
2278 2520 2508 2576 militum
2529 2521 2611 2577 vel
2635 2521 2947 2593 pagensium

235 2714 3391 2765 Μ

1413 2875 1575 2920 ANNO
1619 2873 1843 2916 DOMINI
1887 2874 2172 2921 DCCCXLII

492 3073 1619 3270 AGNELLUS
1724 3179 1851 3248 tm
1895 3176 1988 3232 ετ
2110 3068 2398 3248 AN
2402 3071 3099 3269 DBEAS

817 3328 1034 3384 ABBAS
1073 3328 1130 3382 8.
1162 3325 1397 3381 MABl/E
1435 3326 1528 3380 AD
1566 3323 2019 3381 BLACHERNAS
2058 3322 2145 3377 ET
2181 3322 2239 3377 8.
2262 3320 2777 3381 BARTHOLOM/El

1568 3412 2028 3469 RAVENNATIS.

878 3682 1309 3760 NOTITIA
1373 3676 1913 3756 HISTORICA
1975 3676 2082 3753 IN
2137 3675 2726 3755 AGNELLUM.

1202 3866 1208 3875 .
1253 3825 1411 3903 (Apud
1439 3824 1732 3881 Fabricium,
1755 3823 1879 3872 Bibl.
1904 3821 2037 3872 med.
2065 3830 2113 3873 et
2138 3823 2219 3873 inf.
2241 3823 2369 3886 Lat.)

273 4032 533 4099 Agnellus,
572 4031 661 4101 qui
691 4036 745 4086 e‘t
772 4030 1034 4095 Andreas,
1061 4032 1225 4088 abbas
1253 4033 1309 4089 S.
1339 4033 1519 4088 Mat-ite
1545 4036 1612 4089 ad
1636 4035 1750 4091 Bla-
1776 4038 1820 4100 C
1854 4036 1910 4091 8.
1961 4037 2233 4092 Benedicti
2285 4034 2714 4106 congregationis
2766 4032 3101 4099 Casinensis,
3152 4034 3365 4092 Mutinae
3392 4078 3408 4099 ,

216 4116 417 4176 cliernas
443 4131 500 4177 et
544 4119 601 4176 S.
632 4119 1002 4177 llartholommi
1046 4123 1312 4180 Ravenna
1355 4126 1501 4181 circa
1545 4143 1742 4183 annum

217 4207 389 4265 Christi
417 4213 549 4277 842,
577 4214 788 4282 scripsit
813 4212 1027 4268 Librum
1056 4212 1441 4281 Pontificalem,
1467 4217 1577 4271 sive
1604 4219 1751 4274 Vitas

216 4297 567 4370 episcoporum
588 4302 994 4369 Ravennatium,
1010 4321 1041 4358 a
1067 4315 1252 4362 sancto
1269 4304 1562 4379 Apollinari
1584 4323 1751 4377 usque

218 4387 276 4438 ad
296 4387 689 4456 Petroniacum,
720 4402 793 4458 et,
822 4393 911 4461 qui
938 4394 987 4449 ei
1012 4395 1152 4449 circa
1179 4411 1378 4450 annum
1407 4395 1510 4450 836
1540 4411 1753 4451 succes-

216 4473 306 4539 sit,
330 4476 637 4551 Georgium.
671 4479 879 4537 Primus
900 4497 964 4537 ex
991 4484 1173 4539 codice
1198 4484 1534 4540 bibliotheca:
1566 4485 1754 4541 Esteu-

214 4564 280 4617 sis
319 4568 513 4635 edidit,
559 4570 1157 4644 dissertationibusque,
1201 4576 1665 4633 observationibus
1701 4589 1755 4634 ct

216 4658 489 4723 appendice
519 4670 979 4744 monumentorum
1005 4674 1243 4720 veterum
1279 4667 1559 4722 illustravit
1589 4669 1755 4723 Bene-

211 4743 370 4806 dictus
387 4743 892 4818 Baccbinus,abbas
914 4755 969 4810 S.
986 4755 1163 4812 Maria:
1183 4758 1246 4813 de
1271 4757 1528 4814 Lacroma
1551 4760 1755 4814 ordinis

1851 4128 2003 4189 1708,
2030 4128 2083 4181 in
2106 4127 2202 4193 ,4ος
2225 4134 2278 4183 et
2306 4136 2449 4182 tomo
2474 4125 2515 4180 ιι
2537 4124 2869 4196 Scriptorum
2897 4141 3075 4181 rerum
3102 4127 3410 4184 Italicarum

1852 4218 2196 4273 eruditissimi
2228 4218 2526 4284 Muratorii,
2561 4217 2836 4273 Mediolani
2867 4217 3027 4284 i725,
3064 4217 3245 4274 in-fol.
3272 4218 3414 4275 Con-

1854 4310 1935 4364 fer
1954 4309 2180 4365 Journal
2200 4310 2288 4365 des
2317 4319 2525 4365 savants
2551 4308 2706 4376 1716,
2738 4326 2877 4377 nam,
2907 4324 3032 4381 pag.
3062 4309 3200 4374 565;
3235 4309 3410 4364 Neren
3476 4352 3479 4355 η

1851 4400 2230 4466 Bucher-Saal,
2274 4410 2403 4458 tom;
2441 4401 2495 4467 Ι,
2540 4416 2660 4471 pag.
2696 4400 2840 4466 216;
2890 4400 3024 4456 Acta
3051 4401 3406 4456 eruditorum.

1850 4504 1992 4543 anno
2015 4491 2170 4557 1710,
2193 4506 2313 4562 pag.
2337 4490 2461 4556 550,
2483 4500 2536 4545 et
2552 4506 2638 4545 an.
2665 4490 2822 4554 1724,
2842 4506 2963 4561 pag.
2984 4489 3077 4556 49,
3102 4498 3207 4545 etc.
3231 4490 3408 4546 Vitam

1856 4583 2029 4636 sancti
2054 4581 2375 4653 Apollinaris
2411 4582 2665 4637 exhibent
2700 4581 2864 4636 etiam
2905 4579 3036 4635 Acta
3076 4593 3405 4645 sancwrum,

1862 4682 1990 4727 tom.
2018 4674 2060 4728 ν
2084 4672 2226 4737 Julii,
2252 4689 2373 4744 pag.
2399 4671 2520 4728 550.

1292 4964 1823 5024 "me
1841 4990 2333 5029 ruam-—
