3956 6190
480 355 572 410 431
1195 349 1556 405 AGNELLUS
1593 350 1809 403 ΑΒΗ.Χὸ
1947 349 2181 405 ΜΑῘΠᾸΞ
2224 348 2313 403 Αἰ)
2348 346 2821 411 BlACllERNAS,
2860 348 3010 403 ETC.
3605 343 3697 396 £769.

1020 616 1819 730 nomen!
1908 538 2036 738 at,

2150 674 2171 728 Γ
2262 618 3143 734 ΔΝΒΒΕΔΒ

1986 847 2238 889 ABBATIS

1285 988 1331 1027 S.
1374 989 1553 1027 HABIJS
1594 989 1658 1026 AD
1699 988 2033 1027 BLACIIERNAS
2065 989 2133 1027 ET
2172 989 2217 1028 S.
2258 988 2646 1029 Βλιιτιιοιοιιει
2682 989 2939 1029 BAVENNE

844 1064 852 1073 ’
951 1126 1605 1305 LIBER
1764 1162 3341 1308 PONTIFICALIS-

2028 1425 2180 1481 SIVE

1212 1579 1483 1655 VIT/E
1540 1574 2181 1691 PONTIFICUM
2246 1572 2969 1669 BAVENNATUM,

482 1740 654 1810 Quas
691 1738 764 1795 D.
798 1736 1192 1793 lin-tentoriis
1239 1733 1641 1799 Baccutatus,
1680 1730 1871 1810 abbas
1911 1732 1971 1790 S.
2016 1730 2230 1810 Mariae
2270 1728 2349 1810 de
2381 1731 2677 1810 Lacroma
2711 1731 2953 1793 ordinis
3003 1733 3062 1794 S.
3099 1731 3420 1793 Benedicti
3454 1747 3722 1810 congre-

565 1814 837 1890 gationis
874 1812 1294 1879 Cassinensis,
1346 1829 1420 1871 ex
1484 1810 1591 1871 bib
1620 1808 2398 1890 iothecapiﬂstensi‘eruit,
2431 1809 2988 1890 dissertationibus
3024 1817 3083 1872 et
3130 1808 3718 1881 observationibus,

563 1886 679 1954 nec
711 1909 837 1952 non
875 1890 1223 1969 appendiee
1254 1899 1838 1950 monumentorum.
1880 1886 2222 1948 illustravit
2253 1894 2314 1948 et
2343 1888 2523 1947 auxit

540 2033 762 2095 Omnia
800 2016 1189 2112 inprmsenti
1226 2029 1492 2090 editione
1521 2047 1658 2089 cum
1689 2045 1800 2088 ms.
1842 2025 2049 2087 codice
2085 2027 2334 2087 Estenst'
2366 2046 2589 2088 rursus
2623 2028 2874 2103 collata,
2914 2029 3325 2091 cmendatt'ora
3360 2036 3413 2091 et
3450 2037 3661 2091 aucta.

1510 2167 1619 2232 (Ex
1650 2167 1943 2227 “oratorio,
1969 2164 2141 2227 Script.
2166 2165 2280 2216 Rer.
2310 2166 2435 2226 ital.,
2460 2175 2574 2216 tom.
2606 2167 2689 2232 ll.)

1947 2298 2269 2313 ﬂ

1369 2394 1450 2467 L.
1515 2393 1597 2467 A.
1667 2388 2238 2467 MURATORII
2303 2392 2845 2475 ΡΗᾹΕΡΑΤΙΟ.

548 2630 718 2697 Vitas,
750 2644 843 2685 seu
874 2623 1164 2683 Historiam
1185 2600 1556 2696 episcoporum
1581 2607 1895 2681 llletensium
1918 2641 2045 2681 con-
2071 2632 2121 2690 Α
2148 2628 2231 2682 his
2256 2645 2270 2681 :
2309 2647 2327 2679 ι
2359 2627 2461 2684 Iste
2489 2629 2881 2684 monasterium
2911 2629 2968 2685 S.
2998 2628 3200 2699 Mariae,
3230 2637 3372 2704 quod
3402 2648 3631 2696 vocatur
3654 2642 3721 2699 ad

478 2722 696 2795 scripsit
728 2721 905 2792 magni
938 2719 1169 2775 nominis
1195 2719 1275 2772 vir
1311 2717 1506 2772 Paulus
1537 2716 1804 2773 Diaconus
1834 2718 2049 2774 circiter

478 2829 675 2869 annum
721 2812 923 2868 Christi
966 2811 1102 2876 784,
1137 2817 1194 2866 et
1234 2823 1541 2879 quanquam
1580 2808 1787 2878 primus
1824 2807 1911 2864 ille
1941 2824 2046 2864 non

477 2907 641 2963 fuerit
668 2906 759 2976 qui
790 2904 1053 2976 ejusmodi
1096 2918 1264 2975 genus
1311 2901 1590 2957 historiam
1634 2900 1826 2957 litteris
1871 2902 2049 2957 consi-

477 3013 643 3067 gnare
684 2995 928 3064 cmperit,
972 3002 1209 3047 attamen
1244 2990 1390 3045 Italis
1425 2989 1652 3060 ingeniis
1690 2989 1834 3045 illius
1869 3005 2050 3046 exem-

478 3089 622 3158 plum
664 3088 731 3142 ad
759 3087 907 3157 paria
956 3082 1314 3139 elucubranda
1343 3081 1544 3137 stimuli
1585 3081 1700 3137 loco
1724 3080 1890 3138 fuisse
1914 3084 2045 3139 mihi

476 3178 793 3248 persuadeo.
848 3176 912 3229 Et
956 3174 1171 3243 quidem
1218 3172 1403 3241 paucis
1457 3171 1613 3226 annis
1656 3181 1778 3241 post
1818 3182 2047 3229 mortem

478 3268 625 3323 Pauli
669 3276 828 3322 natus
855 3261 1141 3334 Agnellus,
1183 3262 1574 3319 Ravennatium
1620 3263 2049 3334 archiepiscopo-

478 3376 598 3414 rum
643 3359 790 3414 Vitas
828 3356 931 3411 sibi
974 3354 1335 3410 contexendas
1365 3354 1631 3424 suscepit,
1677 3369 1811 3424 quas
1852 3356 2047 3410 iterum

388 3490 409 3511 .
479 3449 628 3519 prelo
645 3448 697 3503 in
713 3447 1049 3504 commodum
1071 3445 1402 3498 eruditorum
1426 3443 1755 3512 subjicimus.
1772 3445 1847 3499 De
1862 3460 2047 3499 earum

479 3551 699 3597 auctore
740 3540 853 3594 haec
889 3537 1104 3592 habeto.
1136 3534 1409 3606 Agnellus,
1441 3533 1684 3588 Andreas
1716 3550 1929 3605 quoque
1955 3550 2049 3605 ap-

478 3629 727 3699 pellatus,
758 3627 1073 3690 itavennas,
1122 3635 1284 3695 natus
1330 3614 1544 3678 videtur
1585 3625 1802 3680 circiter
1847 3640 2045 3679 annum

478 3722 677 3777 Christi
700 3718 835 3785 805;
866 3727 990 3774 sunt
1017 3717 1163 3771 enim
1198 3714 1314 3784 ejus
1344 3716 1505 3787 verba
1531 3715 1583 3769 in
1598 3715 1719 3771 Vita
1738 3714 2041 3769 Aureliani:

486 3833 504 3865 ι
537 3812 703 3867 llodie
726 3826 818 3866 sex
850 3826 978 3881 gero
1006 3809 1195 3872 lustra,
1225 3807 1431 3861 duobus
1454 3807 1671 3877 insuper
1694 3807 1870 3871 annis,
1892 3815 1946 3861 et
1964 3807 2047 3861 bis

479 3907 674 3978 quinos
701 3919 932 3958 menses.
978 3922 996 3955 ι
1025 3901 1157 3957 Cum
1188 3915 1337 3965 vero,
1370 3906 1427 3953 ut
1455 3896 1591 3952 intra
1617 3898 1936 3963 videbimus,
1966 3897 2046 3951 af-

2148 2712 2491 2785 Blachernas,
2524 2722 2591 2774 ad
2615 2720 2884 2776 Andream
2914 2723 3133 2795 largivit
3152 2728 3543 2799 presbyterum,
3577 2742 3720 2789 erat-

2146 2825 2251 2879 que
2285 2810 2459 2864 adhuc
2487 2825 2640 2879 puer.
2681 2830 2698 2862 ι
2735 2809 2848 2865 Hoc
2874 2812 3012 2867 ide'm
3043 2815 3327 2870 conﬁrmat
3352 2817 3406 2871 in
3429 2816 3547 2873 Vita
3572 2820 3719 2877 Petri

2148 2898 2776 2985 archiepiscopbdeeimi
2826 2902 3039 2972 septimi
3087 2907 3369 2962 scribens:
3415 2927 3435 2960 ‹
3480 2910 3620 2966 Dum
3668 2929 3718 2968 In

2149 2991 2481 3046 monasterio
2503 3006 2625 3046 meo
2647 2992 2817 3047 beattc
2836 3002 2890 3046 et
2910 3009 3123 3065 semper
3140 2996 3363 3067 virginis
3381 2998 3578 3066 Mariaa,
3600 3018 3718 3072 quat

2146 3094 2369 3139 vocatur
2395 3084 2461 3138 ad
2489 3083 2834 3149 Blachernas,
2866 3085 3182 3141 residerem.
3223 3108 3242 3140 ι
3272 3088 3475 3156 Quibus
3496 3106 3562 3147 ex
3595 3109 3719 3147 verv

2147 3174 2252 3238 bis,
2276 3174 2353 3227 uti
2380 3182 2436 3230 et
2463 3189 2528 3227 ex
2554 3173 2674 3228 aliis
2712 3173 2949 3243 ejusdem
2980 3174 3183 3247 Agnelli
3213 3178 3492 3246 discimus,
3521 3191 3720 3251 praeter

2148 3260 2440 3316 monachos
2464 3262 2625 3317 etiam
2652 3262 2877 3318 clericos
2899 3266 3186 3321 saeculares
3212 3268 3442 3325 abbatiis
3467 3271 3716 3338 donatos,

2148 3364 2241 3407 aut
2263 3352 2596 3408 saecdlarium
2617 3354 2861 3411 ecclesiis
2883 3359 3195 3412 monasterii
3217 3375 3411 3415 nomen
3433 3362 3715 3431 tributum,

2147 3444 2377 3502 fortasse
2395 3448 2535 3516 quod
2562 3446 2687 3502 olim
2710 3449 2990 3504 monachis
3013 3449 3362 3517 inservirent;
3395 3469 3456 3508 ac
3478 3465 3719 3527 propter-

2146 3552 2207 3591 ea
2244 3538 2627 3593 monachorum
2675 3540 2728 3593 in
2767 3540 2947 3595 album
2977 3556 3082 3595 non
3111 3556 3231 3597 esse
3265 3546 3445 3600 statim
3478 3547 3717 3603 referen-

2145 3626 2263 3690 dos,
2292 3627 2382 3697 qui
2408 3626 2533 3683 olim
2557 3628 2760 3683 abbatis
2801 3629 3010 3683 titulum
3048 3631 3323 3701 gerebant.
3358 3634 3600 3691 Tandem
3625 3654 3717 3696 au-

2148 3725 2266 3771 ctor
2285 3728 2369 3772 est
2389 3717 2642 3789 Agnellus
2659 3727 2841 3774 noster
2864 3720 2917 3774 in
2941 3719 3061 3775 Vita
3093 3721 3289 3794 Sergii,
3318 3743 3337 3775 ι
3364 3740 3524 3782 avum
3546 3730 3717 3798 patris

2146 3807 2249 3870 sui,
2286 3825 2305 3857 ι
2337 3807 2478 3876 quod
2508 3807 2561 3861 in
2600 3822 2787 3863 necem
2827 3808 2975 3864 Pauli
3016 3810 3240 3867 Romani
3281 3815 3550 3885 pontiﬁcis
3589 3834 3716 3874 cou-

2146 3896 2379 3952 sensisse
2403 3899 2730 3965 crederetur,
2763 3915 2867 3954 una
2897 3917 3020 3956 cum
3056 3904 3257 3974 aliquot
3290 3906 3412 3963 aliis
3446 3910 3713 3966 nobilibus

483 3975 661 4053 ﬁrmet
700 3995 785 4051 ille
829 3995 926 4049 sibi
954 3992 1314 4061 conscriptum
1361 3989 1527 4045 fuisse
1555 3988 1865 4069 Pontiﬁcale
1898 4003 2040 4045 anno
2069 3975 2115 4033 Β
2142 3988 2540 4045 Ravennatibus
2582 3988 2810 4045 Romam
2841 3994 3155 4049 advocatum
3177 4038 3191 4062 ,
3240 4017 3259 4049 ‹
3296 3998 3479 4069 ibique
3523 4017 3713 4058 omnes

483 4086 612 4148 839,
664 4095 946 4156 propterea
994 4060 1225 4137 natalem
1266 4096 1465 4135 annum
1498 4079 1640 4135 illius
1683 4060 2046 4150 intelligimus.

483 4176 559 4229 Ex
599 4176 791 4231 illustri
823 4189 1015 4245 genere
1039 4173 1211 4243 ipsum
1239 4170 1582 4227 descendisse
1604 4170 1735 4225 satis
1764 4169 1903 4224 idem
1933 4185 2052 4238 pro-

483 4265 580 4329 dit,
605 4279 724 4319 cum
772 4266 911 4317 inter
939 4261 1169 4329 majores
1207 4276 1333 4315 suos
1372 4277 1436 4314 ex
1474 4269 1626 4328 parte
1655 4259 1887 4329 proaviaa
1915 4275 2051 4313 enu-

484 4363 654 4408 merct
681 4352 1017 4407 Joanniciutn
1039 4392 1054 4416 ,
1082 4350 1348 4404 celebrem
1386 4350 1513 4403 olim
1560 4348 1791 4403 scribam
1822 4350 2051 4418 impera-

483 4446 618 4499 toris
636 4441 1243 4512 ConstantinOpolitani:
1274 4461 1291 4491 ι
1325 4439 1596 4495 Joannicis
1617 4440 1819 4508 Agnem
1844 4444 2048 4510 genuit,

484 4531 661 4598 Agnes
688 4530 956 4587 Andream
985 4530 1305 4600 procreavit.
1342 4528 1420 4582 Ex
1451 4529 1661 4583 Andrea
1704 4529 1933 4585 Basilius
1960 4547 2050 4599 ge-

484 4629 605 4678 nuit
632 4625 893 4679 Andream
916 4624 1285 4695 presbyterum
1323 4622 1583 4676 editorem
1629 4619 1785 4690 hujus
1830 4620 2050 4677 Pontili-

484 4718 634 4769 catis.
670 4735 690 4767 ι
721 4720 981 4770 Ctertcate
1013 4716 1317 4767 institutum
1345 4721 1561 4767 secutus
1584 4711 1856 4782 Agnellus,
1887 4721 1941 4767 et
1968 4714 2050 4767 in-

485 4817 571 4861 ter
597 4806 941 4876 presbyteros
969 4812 1277 4873 cooptatus,
1313 4818 1378 4858 ex
1405 4801 1786 4857 ecclesiasticis
1816 4816 2047 4871 proven-

486 4899 629 4953 tibus
670 4905 725 4952 ct
761 4897 875 4968 ipse
902 4896 1181 4951 commoda
1221 4895 1427 4959 sensit;
1462 4894 1657 4963 quippe
1706 4893 1758 4947 in
1807 4908 1871 4948 ea
1916 4894 2048 4949 url'e

485 4991 651 5046 abbas
674 4990 730 5044 S.
767 4987 1139 5044 Bartholomaei
1171 4987 1303 5053 fuit,
1346 4995 1406 5041 ut
1435 4987 1548 5056 ipse
1577 4993 1806 5039 testatur
1841 4986 1899 5041 in
1931 4986 2047 5039 Vita

487 5081 741 5137 Ursicini.
777 5079 1097 5135 Monasterio
1130 5080 1255 5133 huic
1286 5077 1573 5149 prmfuerat
1607 5076 1733 5143 olim
1769 5076 1918 5132 Felix
1959 5093 2047 5131 ar-

485 5174 854 5243 chiepiscopus
903 5170 1186 5226 Ravennas
1236 5170 1542 5240 trigesimus
1585 5178 1842 5236 octavus,
1894 5168 2047 5238 cujus

487 5262 856 5317 tribulationes
888 5275 1172 5316 recensens
1193 5258 1447 5328 Aguellus
1491 5258 1544 5312 in
1584 5256 1698 5325 ejus
1742 5258 1892 5322 Vita,
1932 5258 2045 5312 haec

486 5352 701 5407 subdit:
736 5370 754 5401 ι
791 5351 881 5405 Sic
909 5358 964 5404 ot
1006 5350 1134 5403 mihi
1175 5348 1244 5401 de
1282 5348 1537 5417 prmdicto
1574 5348 1899 5404 monasterio
1921 5363 2048 5402 con-

487 5442 622 5511 tigit.
654 5440 699 5495 Α
723 5438 953 5511 Georgio
985 5436 1237 5508 pontiﬁce
1258 5448 1357 5506 per
1384 5451 1553 5505 pauca
1582 5452 1843 5491 annorum
1876 5438 2047 5491 curri-

488 5531 604 5587 cula
634 5532 751 5587 sine
778 5546 941 5587 causa
975 5530 1215 5599 privatus
1257 5528 1323 5582 de
1364 5528 1465 5581 hoc
1510 5528 1835 5583 monasterio
1882 5527 1976 5581 fui.
2021 5548 2040 5580 ι

489 5622 622 5676 Tum
678 5622 732 5676 in
781 5622 901 5678 Vita
953 5621 1160 5675 Martini
1215 5620 1598 5689 archiepiscopi
1655 5621 2047 5690 quadragesimi

490 5712 662 5780 quinti
690 5712 845 5767 alteri
874 5712 1199 5767 monasterio
1227 5726 1285 5766 se
1310 5710 1583 5780 priet'uisse
1608 5711 1795 5767 scribit
1820 5713 1903 5767 his
1929 5728 2047 5767 vcr-

2151 4080 2335 4135 tandiu
2356 4086 2677 4146 coarctatos,
2710 4096 2987 4153 quousque
3017 4086 3207 4140 mortui
3241 4095 3382 4143 sunt.
3418 4108 3436 4140 ι

2220 4171 2337 4239 Quo
2365 4185 2490 4226 vero
2515 4172 2848 4241 potissimum
2882 4182 3120 4244 tempore
3161 4175 3401 4233 ﬂoruerit
3430 4180 3711 4250 Agnellus,

2150 4270 2202 4315 et
2231 4277 2339 4332 quo
2359 4277 2500 4316 anno
2520 4262 2607 4317 hic
2627 4263 2676 4317 ei
2710 4262 2857 4317 labor
2884 4262 3045 4318 fuerit
3064 4277 3363 4336 susceptus,
3378 4269 3445 4322 ab
3468 4270 3586 4338 ipso
3610 4286 3711 4325 nou

2151 4366 2257 4405 uno
2298 4352 2349 4405 in
2381 4351 2496 4407 loco
2521 4353 2787 4423 proditum
2821 4361 2923 4408 est.
2962 4354 3017 4408 In
3060 4356 3177 4410 Vita
3206 4359 3377 4413 sancti
3404 4359 3711 4417 Maximiani

2150 4442 2537 4512 archiepisc0pi
2577 4453 2761 4497 narrat
2804 4444 2892 4498 ille
2910 4484 2924 4507 ,
2959 4465 2977 4496 ι
3006 4446 3192 4514 quinto
3214 4448 3419 4503 decimo
3447 4464 3594 4506 anno
3622 4451 3712 4506 Pe-

2149 4532 2383 4586 trouacis
2409 4533 2815 4602 archiepiscopi,
2838 4542 2891 4588 et
2913 4535 3110 4589 nostris
3132 4538 3461 4608 temporibus
3483 4559 3502 4591 ›
3538 4550 3711 4595 trans-

2149 4624 2314 4678 latum
2346 4622 2507 4678 fuisse
2535 4639 2729 4693 corpus
2770 4623 3005 4693 ejusdem
3045 4626 3366 4682 Maximiani.
3411 4627 3546 4684 Cum
3585 4647 3711 4686 vero

2149 4729 2272 4769 arca
2296 4713 2635 4779 eﬁoderetur,
2662 4713 2929 4770 Petronax
2960 4736 2977 4767 ‹
3006 4717 3142 4771 dixit
3163 4718 3370 4773 decimo
3386 4718 3712 4794 Presbytero

2148 4804 2202 4858 in
2229 4802 2418 4859 ordine
2446 4804 2589 4859 sedis
2625 4820 2735 4859 suae
2778 4806 2994 4861 nomine
3020 4806 3270 4880 Agnellus
3289 4850 3304 4873 ,
3352 4811 3442 4880 qui
3469 4812 3713 4868 Andreas

2148 4892 2437 4950 vocabatur
2462 4894 2610 4964 (erat
2645 4903 2822 4949 autem
2846 4895 2931 4951 ille
2963 4896 3051 4952 illo
3076 4876 3326 4968 tempore
3361 4876 3711 4958 artiﬁciorum

2146 4984 2384 5039 omnium
2420 4984 2644 5053 ingeniis
2679 4984 2940 5058 plenus):
2982 4996 3101 5042 csto
3131 4988 3216 5044 hic
3257 5005 3454 5060 prope,
3482 4993 3712 5063 praecipe

2146 5073 2439 5128 artiﬁcibus
2466 5073 2732 5143 quomodo
2770 5074 2949 5131 facere
2991 5078 3256 5143 debeant,
3307 5099 3325 5131 ι
3371 5092 3476 5136 etc.
3521 5081 3711 5137 Nescio

2148 5165 2330 5234 ipsene
2356 5163 2611 5234 Agnellus
2652 5180 2710 5219 se
2754 5167 2926 5234 ipsum
2952 5206 2967 5231 ,
3006 5182 3073 5220 an
3103 5166 3240 5223 alius
3275 5169 3557 5239 quisquam
3582 5178 3708 5223 nota

2149 5256 2325 5311 addita
2352 5268 2474 5308 eum
2510 5255 2756 5309 laudarit.
2787 5254 2938 5321 Quod
2970 5256 3014 5310 si
3056 5256 3241 5311 Rubeo
3265 5259 3706 5327 acquiescendum

2149 5355 2253 5411 est,
2285 5344 2548 5400 Petronax
2583 5359 2723 5399 anno
2763 5345 2864 5400 817
2909 5346 3366 5417 archiepiscopatu
3402 5348 3709 5403 Ravennate

2150 5446 2233 5492 est
2261 5446 2471 5491 auctus.
2506 5434 2707 5491 Saltem
2734 5436 2835 5491 hoc
2865 5436 2938 5490 illi
2968 5453 3161 5493 munus
3189 5439 3421 5494 delatum
3442 5456 3579 5496 anno
3602 5438 3709 5495 819

2151 5528 2396 5583 evincere
2423 5526 2632 5581 videtur
2657 5526 2886 5595 diploma
2911 5526 3180 5583 Paschalis
3204 5544 3353 5599 papa
3372 5532 3544 5586 eidem
3570 5529 3711 5585 iudi-

2151 5619 2328 5675 ctione
2353 5619 2421 5672 12
2446 5632 2780 5682 conccssum,
2811 5627 2866 5671 et
2892 5633 2920 5671 a
2954 5617 3139 5673 Rubeo
3161 5632 3533 5687 memoratum,
3558 5623 3629 5677 ita
3651 5629 3713 5675 ut

2152 5710 2388 5779 ignorem
2413 5725 2510 5763 cur
2537 5708 2850 5763 Bacchinius
2886 5707 3023 5763 inl'ra
3063 5709 3357 5768 laudandus
3384 5701 3500 5784 ejus
3523 5727 3712 5769 conse-
