3956 6190
286 333 387 390 433

1639 335 2168 394 PROLEGOMENA.

3413 339 3518 395 ιδι

284 447 573 503 orationem
603 458 745 499 anno
771 452 979 498 tantum
1001 445 1097 500 8‘3l
1127 445 1344 498 tribuat.
1371 445 1512 514 Ergo
1533 444 1850 517 Petronacis.
1871 451 1920 508 Α
1947 446 2312 502 Pontilicalem
2339 462 2437 516 ego
2465 446 2736 516 Agnellus,
2766 447 2856 518 qui
2883 457 2939 502 et
2975 447 3219 503 Andreas
3237 489 3251 513 ,
3295 449 3521 522 exiguus

285 551 452 590 annus
496 533 562 588 15
603 535 660 589 in
701 550 898 589 annum
942 535 1158 605 epochze
1195 534 1432 605 vulgaris
1473 535 1578 590 852
1611 545 1704 590 aut
1747 537 1852 590 854

284 629 446 690 cadit,
471 640 581 696 quo
606 625 858 698 Agnellus
884 636 1192 682 memoraue
1221 628 1554 682 translationi
1586 629 1846 682 interfuit.

285 718 488 772 Rursus
511 717 566 770 in
594 715 714 770 Vita
743 717 916 786 sancti
943 717 1088 771 Petri
1118 715 1359 772 Senioris
1385 718 1497 772 base
1517 718 1606 772 ille
1632 719 1846 774 scribit:

291 828 308 859 ο
345 808 496 861 Nunc
525 822 661 877 pene
704 807 830 861 anni
859 808 929 863 58
957 823 1078 862 cum
1106 807 1333 862 Karolus
1378 823 1470 862 rex
1521 808 1850 864 Francorum

284 898 462 952 omnia
489 897 827 968 subjugasset
853 914 1037 969 regna,
1061 906 1112 952 et
1141 899 1853 969 Romanorum-pcrcepisset

283 1005 313 1044 a
347 988 526 1044 Leone
573 989 634 1043 Ill
683 1003 816 1058 papa
863 989 1178 1057 imperium,
1222 998 1502 1059 postquam
1549 991 1615 1043 ad
1659 1005 1852 1058 corpus

284 1081 422 1136 beati
451 1081 598 1136 Petri
621 1090 1014 1135 sacramentum
1039 1081 1296 1150 przebuit;
1321 1090 1594 1134 revertens
1614 1081 1664 1134 in
1688 1081 1853 1135 Frmi-

282 1173 452 1238 ciam,
505 1172 814 1228 Ravennam
858 1171 1154 1242 ingressus,
1207 1171 1394 1226 videns
1437 1171 1850 1240 pulcherrimam

281 1264 588 1335 imaginem.
616 1278 774 1332 quam
807 1278 1070 1332 nusquam
1097 1263 1323 1317 similem
1342 1303 1356 1326 ,
1386 1272 1442 1316 ut
1481 1263 1593 1333 ipse
1630 1272 1854 1318 testatus

279 1366 363 1412 est
383 1397 400 1420 ,
427 1355 596 1418 vidit,
641 1356 693 1408 in
723 1355 1004 1410 Franciam
1033 1357 1314 1426 deportare
1340 1356 1484 1410 fecit.
1525 1377 1542 1407 ι
1569 1359 1722 1410 Anno
1750 1358 1846 1412 80l

279 1446 505 1501 Carolus
527 1445 770 1517 Magnus,
793 1445 1157 1500 Romanorum
1181 1446 1470 1516 imperator
1497 1447 1850 1505 renuntiatus.

281 1535 336 1589 in
367 1535 651 1590 Franciam
692 1551 940 1590 reversus
966 1543 1065 1590 est.
1097 1536 1237 1606 Ergo
1273 1553 1414 1590 anno
1457 1537 1559 1590 859
1603 1536 1854 1607 Agnellus

282 1627 398 1682 bac
443 1626 733 1682 scribebat.
783 1625 990 1680 Rursus
1033 1627 1280 1681 eumdem
1321 1627 1602 1686 audiamus
1641 1629 1692 1682 in
1735 1627 1851 1681 Vita

289 1714 451 1770 Mauri
475 1715 865 1786 archiepiscopi
894 1717 960 1770 de
989 1707 1125 1770 iuiro
1151 1716 1321 1785 lapide
1349 1719 1722 1788 porphyretico
1750 1719 1825 1772 Ra

1951 547 2150 592 sanctae
2189 552 2323 593 mea:
2359 535 2516 605 hujus
2555 538 2883 594 Ravennatis
2911 539 3161 594 Ecclesia:
3203 540 3522 613 presbyter,

1951 635 2166 699 rogatus
2192 637 2246 685 et
2269 636 2488 682 coactus
2509 644 2539 682 a
2563 627 2818 683 fratribus
2849 629 3018 698 ipsius
3037 630 3201 694 sedis.
3225 633 3521 700 composui,

1950 729 2005 774 et
2040 720 2126 773 ubi
2157 719 2331 772 inveni
2355 719 2481 788 quid
2507 717 2579 772 illi
2607 720 2810 773 certius
2839 718 3108 786 fecerunt,
3138 722 3336 777 vestris
3370 735 3526 792 aspe-

1951 810 2126 864 ctibus
2151 809 2310 862 allata
2341 819 2484 863 sunt.
2518 810 2584 864 Et
2622 809 2710 864 ubi
2739 811 3018 866 historiam
3047 826 3150 865 non
3191 813 3388 876 inveni,
3433 822 3525 868 aut

1949 901 2180 970 qualiter
2207 915 2392 954 eorum
2413 900 2520 954 vita
2550 899 2756 964 fuisset,
2783 913 2955 967 neque
2983 916 3080 970 per
3102 917 3334 956 annosos
3361 912 3414 956 ct
3435 918 3525 957 ve-

1951 997 2122 1044 tustos
2163 990 2406 1044 homines
2446 1003 2615 1058 neque
2644 1005 2738 1058 per
2772 988 3200 1050 aediﬁcationem,
3230 1005 3401 1060 neque
3429 1003 3525 1059 per

1951 1080 2243 1149 quamlibet
2283 1080 2689 1143 auctoritatem,
2737 1095 2803 1134 ne
2843 1079 3178 1134 intervallum
3215 1090 3522 1135 sanctorum

1952 1171 2260 1240 pontilicum
2292 1173 2473 1234 fieret,
2514 1169 2724 1224 illormn
2772 1169 2947 1225 Vitam
2991 1172 3301 1240 composui,
3349 1181 3453 1227 etc.
3499 1193 3518 1224 ι

1951 1261 2215 1314 Craterum
2261 1270 2368 1314 tam
2411 1277 2608 1330 paucos
2648 1261 2860 1314 rudium
2893 1260 3208 1316 smculorum
3239 1263 3526 1318 historicos

1951 1357 2235 1409 ostendere
2258 1354 2404 1409 Italia
2424 1364 2620 1424 potest,
2643 1363 2702 1408 ut
2729 1355 2991 1410 ambabus
3013 1356 3156 1410 ulnis
3179 1357 3526 1427 excipiendus

1953 1449 2022 1503 sit
2067 1449 2193 1512 iste,
2231 1457 2285 1502 et
2323 1448 2695 1518 gratulandum
2744 1447 2896 1502 nobis
2937 1451 3078 1516 quod
3121 1448 3352 1502 nortdum
3382 1458 3526 1502 totus

1953 1541 2168 1609 periret.
2548 1604 2560 1616 ‘

2025 1631 2088 1684 Et
2113 1632 2325 1702 quidem
2355 1632 2405 1684 in
2436 1633 2584 1701 gravi
2615 1631 2929 1686 discrimine
2953 1633 2999 1686 is
3029 1633 3147 1687 fuit.
3172 1634 3292 1702 lpso
3313 1636 3378 1689 ad
3399 1651 3524 1689 con-

1955 1701 2239 1781 tcxcnduin
2269 1721 2514 1774 llistorize
2559 1735 2671 1774 sum
2705 1720 3034 1775 Ravennatis
3073 1737 3208 1790 opus
3251 1725 3522 1794 egregium

291 1823 469 1862 reuna:
492 1809 667 1879 posito
689 1818 995 1862 narrantem
1023 1826 1036 1863 :
1083 1828 1100 1858 ι
1137 1807 1242 1863 Sed
1272 1823 1407 1880 pene.
1431 1826 1600 1864 annos
1626 1811 1688 1864 l2
1719 1820 1853 1865 tcm-
1882 1807 1924 1866 Β
1954 1825 2084 1864 usus
2111 1819 2191 1863 est
2216 1810 2573 1879 Hieronymus
2597 1809 2813 1864 Rubcus
2838 1827 2850 1874 ;
2891 1820 3124 1866 attamen
3172 1813 3262 1868 lib.
3302 1831 3362 1875 v,
3399 1830 3520 1884 pag.

300 1915 415 1970 pore
436 1899 748 1954 Petronacis
769 1900 1036 1968 pontificis
1057 1900 1343 1955 Lotharius
1367 1900 1638 1972 Augustus
1663 1903 1850 1958 tollere

299 1987 456 2056 jussit,
479 1998 532 2043 et
553 1989 835 2044 Franciam
859 1989 1177 2058 deportavit.
1206 2009 1224 2040 ι
1243 1989 1376 2044 Cum
1409 1990 1690 2045 Lotharius
1710 2009 1850 2047 anno

303 2080 394 2135 8‘23
417 2097 663 2154 coronam
696 2081 906 2152 imperii
945 2081 1124 2135 Roma:
1155 2083 1486 2152 perceperit,
1515 2091 1852 2154 consequens

303 2179 375 2224 est
395 2171 502 2226 haec
530 2172 596 2224 ab
623 2151 849 2242 Agnello
877 2172 1072 2240 scripta
1103 2171 1322 2225 circiter
1349 2187 1544 2226 annum
1573 2151 1849 2228 856.'Dis-

303 2273 503 2336 crepant
527 2267 642 2322 haec
671 2266 1062 2338 aliquantulum
1091 2282 1120 2319 a
1151 2268 1528 2336 supputatio:.c
1555 2269 1848 2338 prtemissa,

302 2357 382 2410 sed
407 2374 506 2414 non
539 2372 648 2412 uno
673 2365 880 2412 tantum
906 2374 1047 2412 anno
1069 2357 1322 2428 Agnellus
1341 2373 1494 2412 suum
1517 2375 1650 2429 opus
1671 2359 1848 2414 absol-

300 2448 438 2502 verit.
467 2449 523 2504 ln
559 2447 679 2503 Vita
709 2465 921 2521 quoque
951 2448 1163 2520 Georgii
1192 2458 1380 2504 narrat
1413 2452 1656 2520 przelium
1687 2463 1850 2507 teter-

299 2539 472 2594 rimum
498 2529 770 2611 peractum
802 2558 942 2596 anno
969 2541 1066 2594 841
1115 2542 1254 2595 inter
1277 2540 1592 2596 Loiharium
1629 2551 1683 2597 et
1723 2543 1848 2598 reli-

297 2643 420 2699 quos
441 2631 689 2687 Ludovici
717 2632 796 2686 Pii
826 2630 982 2687 ﬁlios.
1014 2630 1191 2698 Quare
1219 2631 1372 2686 vides
1393 2648 1672 2702 quousque
1692 2649 1849 2688 suum

300 2719 520 2779 laborem
541 2724 854 2795 produxerit
872 2725 1142 2796 Agncllus.

359 2810 434 2865 Ab
458 2820 676 2868 auctore
705 2813 772 2868 ad
801 2812 994 2868 librum
1033 2814 1208 2884 ipsum
1233 2815 1636 2872 descendamus.
1669 2817 1848 2872 Prima

303 2897 461 2956 fronte
487 2915 824 2968 contemnas,
859 2919 980 2958 cum
1013 2902 1144 2957 inibi
1167 2911 1246 2960 tot
1281 2904 1644 2961 barbarismos
1671 2921 1734 2961 ac
1762 2895 1850 2961 so-

303 2990 553 3072 lacismos
573 2993 844 3060 oﬂ‘endas,
873 3011 1099 3065 quorum
1128 3004 1334 3064 partem
1365 3005 1422 3051 ut
1451 3005 1510 3051 ut
1539 2997 1761 3067 rejieere
1793 2998 1844 3052 in

303 3083 664 3156 descriptorem
689 3086 922 3156 ineptum
949 3087 1100 3151 velis,
1137 3087 1311 3156 potior
1330 3096 1476 3142 certe
1501 3087 1724 3160 Agnello
1745 3088 1845 3158 ipsi

1950 1901 2077 1963 258,
2101 1901 2168 1954 de
2199 1899 2311 1968 ipso
2334 1899 2555 1969 Agnello
2593 1901 2645 1954 in
2675 1900 2789 1954 haec
2811 1902 2974 1954 verba
3001 1903 3221 1957 scribit:
3261 1924 3278 1954 α
3309 1903 3409 1972 Qui
3441 1907 3523 1959 his

1952 2007 2054 2044 non
2081 1989 2250 2044 solum
2279 1989 2539 2053 interfuit,
2567 1989 2656 2044 sed
2683 1989 2917 2059 prchuit,
2940 2007 3257 2062 summaque
3279 1993 3523 2050 doctrina

1949 2082 2190 2136 eruditus
2241 2082 2308 2136 de
2357 2081 2758 2136 Ravennatibus
2809 2082 3227 2154 archiepiscopis
3273 2084 3522 2140 volumen

1950 2175 2265 2245 gravissime
2307 2173 2566 2242 scriptum
2597 2171 2832 2241 reliquit.
2875 2171 3026 2239 Quod
3061 2189 3185 2228 cum
3225 2174 3314 2228 ditt
3352 2174 3407 2229 in
3435 2189 3523 2230 ara

1949 2263 2376 2333 chiepiscopatus
2390 2260 2712 2316 bibliotheca
2734 2259 2940 2324 fuisset,
2959 2262 3323 2332 superioribus
3345 2264 3520 2326 annis,

1949 2368 2070 2406 cum
2103 2353 2288 2406 multis
2314 2351 2433 2406 aliis
2460 2351 2751 2416 sublatum,
2785 2351 2972 2405 nullibi
3001 2351 3292 2416 invenitur,
3329 2369 3521 2425 magna

1949 2443 2163 2512 quidem
2193 2453 2340 2497 certe
2360 2441 2591 2510 jactura.
2639 2461 2656 2492 ι
2701 2441 2776 2496 lta
2813 2441 3049 2496 Rubeus.
3085 2441 3313 2498 Proinde
3341 2455 3520 2522 actum

1949 2535 2014 2589 de
2037 2533 2262 2606 Agnello
2281 2543 2419 2598 erat,
2445 2533 2546 2588 nisi
2565 2533 2810 2588 Estcnsis
2833 2533 3152 2592 bibliotheca
3181 2551 3342 2590 unum
3368 2537 3523 2591 nobis

1949 2625 2187 2680 codicem
2210 2633 2478 2680 servasset
2499 2625 2988 2695 membranaceum,
3007 2634 3062 2679 et
3086 2626 3302 2680 circiter
3322 2642 3520 2680 annum

1949 2715 2146 2770 Christi
2175 2715 2312 2770 1540
2353 2731 2511 2769 manu
2541 2724 2845 2770 exaratum.
2881 2716 3228 2773 Eruditorum
3265 2717 3523 2774 intererat

1949 2805 2092 2861 bime
2114 2803 2308 2858 librum
2335 2804 2580 2874 vulgari;
2610 2814 2666 2858 et
2695 2820 2818 2858 eum
2857 2821 2912 2859 re
2939 2807 3052 2875 ipsa
3076 2806 3324 2864 laudatus
3351 2825 3522 2880 nuper

1949 2894 2008 2948 P.
2038 2895 2100 2948 D.
2133 2895 2452 2950 Benedictus
2473 2895 2794 2961 Baccbinius
2823 2896 3201 2954 Benedictiuus
3227 2901 3412 2966 abbas,
3438 2903 3523 2956 vir

1950 2986 2128 3040 solidze
2153 2995 2206 3040 et
2236 2987 2516 3056 exquisitae
2537 2989 2876 3055 eruditionis,
2909 2991 3114 3060 primus
3142 2993 3379 3048 omnium
3407 2994 3520 3048 edi-

1949 3077 2025 3131 dit
2041 3076 2272 3142 )lutiuze,
2295 3092 2436 3132 anno
2461 3078 2612 3142 i708,
2634 3079 2772 3150 typis
2795 3081 3011 3134 Antonii
3033 3080 3312 3153 Capponii,
3336 3084 3521 3140 simul-

302 3173 562 3232 tribuenda
583 3176 812 3238 videtur,
828 3191 1014 3246 parum
1037 3177 1090 3230 in
1120 3175 1380 3232 Prisciani
1401 3159 1582 3232 schola
1611 3185 1842 3234 versato.

1948 3183 2053 3238 que
2087 3168 2283 3224 dicavit
2321 3171 2664 3224 serenissimo
2695 3169 2970 3241 Raynatdo
3008 3173 3224 3229 Estensi
3267 3175 3482 3230 Mutinae
3503 3217 3518 3243 ,

303 3262 422 3319 Tum
449 3266 813 3322 intolerabiles
840 3267 1232 3321 anachronismi
1269 3283 1328 3322 se
1352 3267 1617 3333 offerunt,
1665 3278 1720 3324 et
1766 3269 1847 3322 fa-

299 3351 452 3421 bella,
472 3371 605 3426 quas
632 3353 787 3410 facile
806 3364 936 3410 tetas
962 3355 1048 3410 illa
1084 3357 1525 3426 amplectebatur,
1552 3374 1649 3415 nos
1667 3369 1846 3414 autem

299 3451 385 3498 aut
407 3444 658 3510 ridemus,
690 3454 784 3499 aut
805 3444 1014 3503 dillicile
1038 3446 1352 3516 excipimus.
1384 3447 1464 3502 Ad
1493 3449 1608 3502 haec
1629 3450 1716 3505 ubi
1755 3467 1848 3504 na-

299 3533 462 3604 rigare
489 3535 718 3603 amplius
745 3536 958 3606 nequit,
1003 3552 1123 3590 eum
1163 3552 1300 3606 aqua
1337 3538 1637 3603 deficiente,
1673 3541 1847 3598 adhuc

295 3627 556 3683 subsidere
589 3629 804 3698 nequit;
846 3629 948 3684 hoc
973 3637 1054 3683 est
1076 3629 1292 3684 insulsis
1320 3631 1668 3686 concionibus
1690 3633 1849 3688 lecto-

295 3733 398 3772 rem
420 3720 641 3785 detinet,
671 3730 724 3774 et
752 3720 986 3790 phaleris
1009 3721 1122 3775 loca
1154 3737 1323 3776 vacua
1343 3723 1544 3791 implet,
1571 3740 1636 3779 ne
1649 3725 1847 3796 jejuna:

293 3808 438 3864 nimis
453 3810 825 3866 nonnullorum
847 3811 1365 3881 arcliiepisciiporum
1382 3813 1516 3868 Vita:
1530 3825 1841 3884 appareant.

292 3894 455 3964 Quid?
472 3902 612 3970 quod
637 3901 691 3956 in
711 3901 989 3972 episcopos
1008 3901 1092 3956 sui
1116 3904 1370 3972 temporis
1393 3905 1531 3960 male
1550 3907 1842 3961 animatum
1890 3936 1896 3945 -

292 4003 461 4046 senon
487 4008 592 4048 uno
617 3993 671 4046 in
700 3991 816 4048 loco
839 3994 1045 4064 prodit,
1093 4010 1215 4050 cum
1255 4004 1444 4051 contra
1484 3999 1651 4052 sancti
1693 3998 1844 4052 titulo

293 4084 556 4140 nonnullos
569 4101 638 4140 ex
656 4084 1052 4141 Ravennatibus
1068 4088 1385 4156 prmsulibus
1403 4087 1582 4153 donet,
1599 4105 1738 4158 quos
1752 4098 1845 4144 aut

295 4180 535 4235 tentatum
565 4176 824 4242 schisma,
856 4186 948 4232 aut
970 4177 1162 4247 perditi
1188 4193 1366 4234 mores
1388 4179 1706 4234 iniecerunt.
1731 4180 1842 4235 lmo

293 4263 486 4321 illorum
517 4269 738 4324 ausibus
763 4268 1030 4324 interdum
1060 4270 1132 4324 ita
1159 4271 1382 4340 plaudit,
1408 4280 1466 4325 ut
1493 4272 1546 4326 in
1570 4273 1712 4342 ipsos
1735 4272 1842 4326 Ro-

291 4369 460 4412 manos
480 4357 780 4428 pontifices,
803 4374 1096 4429 eorumque
1129 4357 1501 4431 antiquissima
1531 4360 1674 4430 jura,
1701 4363 1835 4417 scri-

289 4452 400 4510 ptor
415 4447 497 4504 hic
513 4449 774 4504 maledico
791 4449 946 4506 dente
969 4450 1226 4522 insurgat.
1256 4452 1451 4506 Verum
1477 4453 1591 4506 haec
1617 4453 1685 4506 mi
1693 4453 1834 4508 nime

287 4538 677 4598 absterruerunt
695 4543 1046 4600 clarissimum
1061 4546 1234 4600 virum
1256 4545 1598 4604 Benedictum
1619 4546 1836 4602 Bacchi-

284 4628 584 4702 nium,.quo
617 4633 794 4688 minus
818 4633 1012 4688 librum
1045 4636 1204 4700 hunc,
1231 4649 1506 4704 nunquam
1531 4645 1688 4692 antea
1725 4637 1836 4691 edi-

282 4727 408 4786 tum,
433 4723 632 4779 nostris
661 4723 850 4780 diebus
871 4725 1079 4796 publica
1105 4725 1222 4782 lucc
1250 4726 1492 4781 donaret.
1522 4724 1658 4780 Nam
1682 4741 1834 4796 aeque

277 4821 472 4868 certum
497 4823 602 4875 est.
632 4815 934 4887 Agnellum,
971 4827 1028 4871 ut
1051 4825 1110 4871 ut
1129 4818 1448 4889 scriptorem
1471 4818 1601 4874 velis
1622 4821 1832 4886 rudem,

277 4899 574 4970 barbarum,
600 4913 655 4959 et
673 4905 819 4960 dicas
842 4905 1024 4971 etiam,
1049 4907 1390 4962 triobolarem
1411 4947 1426 4974 ,
1457 4907 1622 4985 multa
1653 4917 1831 4963 tamen

269 4994 620 5066 nobis,caque
641 4997 815 5068 magni
845 4997 1106 5060 facienda,
1128 5015 1194 5054 ex
1219 5000 1536 5069 antiquitate
1559 5017 1826 5066 servasse,

265 5101 369 5141 non
394 5088 461 5142 ad
489 5089 854 5166 celeberrima:
889 5097 1094 5144 nutum
1117 5091 1442 5146 Ravennatis
1463 5093 1716 5148 Ecclesiae
1735 5107 1827 5147 ex-

254 5181 554 5234 ornandam
591 5181 867 5236 historiam
894 5180 1180 5250 plurimum
1205 5192 1524 5252 opportuna,
1562 5184 1654 5237 sed
1681 5193 1735 5238 et
1760 5185 1827 5239 ad

253 5287 438 5328 mores
469 5272 808 5342 antiquorum
856 5280 1188 5340 temporum,
1237 5272 1509 5342 ipsiusque
1551 5273 1825 5328 saecularis

243 5362 497 5417 historia:
519 5360 642 5417 acta'
665 5363 906 5432 quaedam
936 5361 990 5416 in
1029 5359 1216 5428 majori
1260 5361 1455 5416 lumine
1481 5363 1789 5416 collocanda
1808 5405 1822 5428 ,

241 5468 358 5508 non
423 5451 618 5521 exiguo
673 5451 980 5520 adjumento
1020 5449 1228 5504 futura.
1284 5451 1593 5512 Audiendns
1643 5461 1822 5507 autem

234 5541 511 5614 Agnellus
539 5543 676 5613 ipse,
705 5543 796 5613 qui
825 5543 890 5598 de
917 5558 1015 5598 suo
1041 5557 1204 5613 opere
1235 5543 1345 5596 hrec
1378 5543 1428 5596 in
1457 5544 1575 5598 Vita
1610 5545 1821 5615 Exupe-

239 5633 418 5689 rantii
450 5631 837 5702 archiepiscopi
862 5633 1049 5688 decimi
1073 5633 1195 5686 noni
1223 5633 1418 5686 habet:
1449 5653 1466 5682 ‹
1505 5632 1821 5688 Prtedictum

1949 3267 2080 3322 etc.,
2102 3258 2244 3314 duci.
2277 3258 2346 3313 At
2373 3275 2440 3314 ne
2463 3261 2540 3315 sic
2557 3261 2772 3331 quidem
2799 3271 2956 3318 notus
2981 3264 3270 3343 Agnellus;
3295 3267 3520 3338 ideoque

1949 3350 2228 3418 repetitam
2259 3349 2401 3404 illius
2434 3351 2722 3408 editionem
2751 3355 3006 3424 poscebat
3029 3355 3284 3412 Collectio
3312 3367 3516 3414 nostra.

1947 3439 2026 3494 En
2053 3453 2180 3511 ergo
2209 3431 2354 3494 illam
2381 3449 2437 3496 et
2475 3443 2689 3512 quidem
2718 3444 2977 3514 integram
2997 3487 3012 3511 ,
3057 3448 3266 3516 qualem
3294 3449 3520 3505 Bacchi-

1947 3529 2068 3584 nius
2093 3531 2255 3593 dedit,
2288 3533 2391 3586 hoc
2418 3543 2502 3586 est
2541 3549 2642 3587 una
2671 3550 2790 3588 cum
2835 3537 3297 3594 dissertationibus
3335 3549 3391 3594 et
3426 3556 3521 3610 ap-

1946 3619 2168 3689 pendice
2196 3621 2660 3686 documentorum,
2695 3625 2891 3694 quibus
2919 3626 3199 3698 Agnellum
3242 3629 3356 3697 ipse
3393 3647 3517 3684 eru-

1946 3701 2244 3768 ditissimus
2289 3715 2370 3768 vir
2415 3717 2680 3781 correxit,
2713 3715 2999 3771 illustravit
3043 3734 3106 3772 ac
3133 3721 3364 3774 ornavit.
3406 3721 3518 3790 Ego

1948 3819 2094 3870 vero,
2143 3813 2202 3859 ut
2248 3815 2432 3860 nostra
2479 3810 2592 3860 hate
2619 3807 2784 3862 editio
2814 3808 3038 3864 erudita:
3079 3811 3254 3882 gentis
3285 3813 3514 3882 gratiam

1945 3895 2094 3950 novis
2123 3895 2294 3950 titulis
2323 3896 2486 3958 ineat,
2516 3912 2702 3950 rursus
2731 3895 2851 3950 cum
2881 3899 3067 3952 eodem
3095 3901 3280 3956 codice
3308 3917 3409 3957 nis.
3434 3903 3516 3956 bi-

1941 3986 2221 4042 bliotheea:
2243 3987 2483 4040 Estcnsis
2517 3985 2928 4042 Bacchinianam
2969 3990 3256 4044 editionem
3291 3994 3512 4058 contuli,

1944 4076 2220 4145 multaque
2249 4076 2576 4144 deprehendi
2609 4087 2700 4130 aut
2733 4093 2838 4132 non
2868 4079 3000 4134 Satis
3029 4089 3280 4135 accurate
3312 4081 3514 4140 descri-

1941 4176 2054 4237 pta,
2079 4177 2171 4221 aut
2199 4184 2262 4221 ex
2299 4167 2640 4224 festinatione
2675 4170 3034 4239 praetermissa
3061 4189 3073 4224 ε
3110 4186 3268 4238 quam
3299 4159 3512 4244 culpam

1941 4278 2043 4317 non
2074 4263 2126 4318 in
2152 4264 2515 4326 Bacehinium,
2546 4265 2814 4319 hominem
2841 4265 3038 4334 veteris
3062 4265 3340 4334 scriptura:
3371 4266 3512 4334 peri-

1940 4355 2202 4412 tissimum
2224 4399 2239 4421 ,
2272 4357 2364 4412 sed
2393 4357 2444 4410 in
2476 4357 2860 4427 descriptorem
2890 4373 2998 4428 quo
3028 4357 3140 4428 ipse
3178 4358 3338 4412 luerit
3381 4374 3510 4414 usus

1940 4445 2281 4516 rejiciendam
2321 4458 2469 4516 puto.
2519 4448 2641 4502 Ihec
2683 4449 2862 4502 omnia
2908 4449 2962 4502 in
3007 4448 3207 4504 calcem
3252 4447 3510 4519 cujusque

1936 4539 2154 4611 pagella;
2183 4542 2434 4596 adnotata
2465 4541 2702 4610 reperies
2732 4541 2831 4612 (a).
2879 4541 2956 4596 Eo
2984 4557 3112 4597 vero
3151 4541 3405 4599 libentius
3431 4544 3509 4597 la-

1936 4631 2120 4685 borem
2146 4631 2288 4686 hunc
2317 4631 2511 4686 iterum
2546 4647 2832 4703 aggressus
2855 4649 2995 4699 sum,
3034 4642 3091 4687 ut
3126 4635 3351 4689 eruditis
3375 4636 3508 4690 viris

1934 4725 2290 4793 suspicionem
2339 4725 2603 4796 eriperem
2649 4726 2900 4786 mutilati,
2929 4727 2998 4781 ab
3049 4727 3166 4796 ipso
3217 4726 3506 4784 Bacchinio

1932 4817 2160 4888 Aguelli.
2190 4817 2348 4872 Certe
2373 4819 2426 4872 in
2453 4818 2686 4873 editione
2712 4818 3070 4873 Bacchiniana
3100 4834 3203 4873 non
3228 4835 3409 4891 pauca:
3435 4819 3506 4873 la-

1932 4921 2085 4960 cunae
2107 4915 2424 4970 occurrunt,
2447 4917 2514 4964 et.
2528 4908 2827 4976 przesertim
2853 4909 2903 4960 in
2933 4909 3220 4977 postremis
3245 4909 3504 4978 archiepi‘

1931 5009 2210 5064 scaporum
2241 4995 2394 5057 Vitis,
2429 4996 2480 5049 in
2516 4996 2710 5064 quibus
2751 5003 2930 5049 tamen
2972 4998 3216 5054 curiusus
3245 4998 3410 5053 lector
3433 4997 3500 5053 ab

1929 5083 2152 5156 Agncllo
2177 5095 2312 5142 teste
2339 5087 2551 5142 oculato
2577 5086 2727 5156 plura
2755 5089 3116 5156 exspectabat.
3142 5089 3211 5141 At
3244 5103 3386 5142 nunc
3405 5103 3498 5140 va-

1930 5177 2048 5230 dem
2080 5192 2166 5231 me
2192 5188 2406 5246 prtesto,
2443 5177 2577 5233 nihil
2617 5179 2671 5232 in
2717 5187 2862 5234 textu
2891 5179 3096 5252 Agnclli
3133 5179 3494 5243 imnmtatum,

1931 5268 2061 5322 nihil
2082 5269 2450 5334 additum,aut
2469 5272 2762 5342 demptum.
2784 5271 2970 5340 Qualia
2998 5273 3048 5328 in
3075 5271 3256 5342 codice
3278 5271 3491 5327 Esteusi

1927 5357 2131 5412 invenit
2157 5357 2500 5422 Bacchinius,
2518 5361 2722 5433 integra
2743 5379 2806 5418 ea
2825 5363 3095 5435 evolgavit
3117 5379 3132 5428 ;
3163 5377 3227 5417 ac
3247 5371 3496 5432 proptera

1923 5465 1988 5504 ea
2014 5451 2406 5521 antiquioribus
2446 5455 2776 5523 temporibus
2803 5457 3008 5512 lacuum
3046 5457 3149 5513 illte
3173 5457 3486 5512 tribuenda.

1926 5543 2112 5598 Serius
2135 5552 2312 5596 autem
2341 5543 2646 5606 didicimus,
2679 5545 2730 5598 in
2766 5544 3017 5602 Vaticana
3053 5562 3264 5616 quoque
3294 5546 3488 5601 biblio-

1927 5635 2079 5688 theca
2123 5633 2350 5690 alterum
2390 5632 2594 5705 Agnelli
2625 5633 2863 5690 codicem
2895 5651 2995 5689 uis.
3022 5635 3308 5692 asservari.
3343 5635 3494 5714 Sitne

318 5743 398 5806 (α)
430 5739 538 5796 Nos
568 5740 708 5796 inter
737 5757 918 5804 uncos,
948 5757 1044 5809 pro
1067 5759 1212 5796 inure
1236 5752 1436 5806 nostro,
1469 5743 1630 5797 textui
1667 5743 2006 5797 inseruimus.
2037 5744 2190 5796 Enn‘.
