3956 6190
442 348 549 402 ιῖὅ

1180 332 1540 389 aestiuus
1573 330 1792 384 ABBAS
1829 336 1866 382 s
1930 328 2022 407 ita

2129 328 2168 383 E
2207 328 2297 383 AD
2332 324 2805 389 BLACHERNAS,
2847 325 2997 381 ETC.

3567 320 3667 374 436

439 448 527 507 ille
570 447 802 503 recentis
840 461 1051 509 manus,
1093 461 1160 499 an
1204 444 1416 499 Estensi
1459 443 1739 505 vetustior,
1774 443 2010 514 ignotum
2040 446 2237 503 Acum
2264 442 2383 498 aliis
2411 442 2651 512 priorum
2675 440 2959 510 prazsulum
2988 438 3353 493 Ravennatum
3388 435 3676 505 lcgitur,et

442 539 591 595 mihi.
626 537 881 607 Denique,
911 544 971 591 ut
1000 536 1103 591 boc
1129 536 1290 601 etiam
1319 550 1588 599 moneam,
1620 532 1811 601 Vitam.
1835 532 2005 588 sancti

2105 532 2320 603 quidem
2366 533 2729 597 cmendatior,
2760 546 2924 601 quam
2962 529 3107 585 edita
3137 544 3204 583 ex
3233 528 3421 582 codice
3461 526 3673 580 Raven-

440 631 744 686 llarbatiani
780 647 845 686 ea:
885 632 1098 702 antiquo
1141 629 1438 686 Ravennate
1477 630 1803 685 Lectionario
1843 629 2010 683 edidit
2106 631 2250 677 nate.
2298 622 2406 676 llas
2444 637 2543 692 ego
2587 620 2988 676 emendationes
3017 618 3259 687 adiunxi.
3292 616 3396 673 Sed
3430 615 3545 685 jam
3585 631 3680 670 au-

440 720 762 777 llaccbinius
801 722 853 776 in
896 720 1221 791 Appendiee.
1273 721 1456 776 Mirari
1498 720 1641 774 subit
1683 734 1781 774 cur
1820 736 1924 774 non
1959 728 2011 773 et

440 810 681 864 codicem
709 809 880 880 ipsum
904 809 1111 881 Agnelli
1138 810 1190 865 in
1215 811 1425 866 Estensi
1444 810 1768 865 bibliotheca
1787 809 2013 864 existen-

442 913 550 958 tcm
574 903 827 969 laudarit,
843 903 934 958 ubi
952 911 1073 973 post
1094 903 1209 973 ejus
1230 903 1543 960 Pontiﬁcale
1562 902 1748 957 eadem
1771 901 1887 955 Vita
1909 917 2012 956 una

2109 714 2288 789 diatur
2314 713 2641 768 Baccbinius
2670 712 2781 780 ipse
2801 751 2816 776 ,
2856 712 2921 765 de
2956 710 3181 781 Agnello
3227 710 3450 779 ejusque
3476 707 3682 763 errori-

2110 806 2212 861 bus
2235 804 2406 860 fusius
2427 820 2609 877 agens.

1578 1168 1957 1229 EPISTULA
2010 1163 2551 1247 DEDICATORIA

442 1342 957 1408 Reverendissimi
1000 1340 1071 1399 Ρ.
1122 1340 1360 1401 abbatis
1414 1341 1743 1402 Baccara“
1787 1336 2172 1473 serenigvinio
2236 1339 2580 1396 RAYNALDO
2629 1339 2887 1394 Esrnssr
2935 1332 3227 1404 Mutinae,
3264 1332 3476 1411 Regii,
3522 1340 3639 1395 etc.
3670 1376 3715 1406 ,λ

2034 1434 2152 1473 act.

2034 1434 2152 1476 ιισῑ.

623 1653 973 1709 Snemssms
999 1651 1136 1714 Dux,

512 1785 764 1840 Decimus
784 1782 997 1838 tandem
1020 1779 1186 1852 emuit
1204 1781 1318 1837 fere
1338 1797 1512 1836 annus
1532 1797 1597 1837 ex
1619 1798 1727 1852 quo
1752 1784 1876 1837 dum
1895 1798 2019 1852 pcr-

2120 1647 2236 1717 ejns
2283 1643 2531 1717 videlicet
2570 1643 2677 1717 qui.
2710 1638 2979 1717 religione
3012 1656 3076 1694 ac
3122 1639 3653 1717 probitaieduoibus
3677 1681 3692 1705 ,

2122 1655 2236 1717 ejus
2283 1655 2531 1699 videlicet
2570 1659 2661 1711 qm
2710 1655 2965 1712 religione
3012 1656 3076 1694 ac
3122 1655 3388 1764 rmbllate
3428 1655 3692 1705 Ollt‘lDllS,

2122 1718 2273 1787 plura
2298 1714 2526 1787 obtinuit
2547 1711 2885 1787 conleeitque
2909 1704 3068 1787 qdam
3091 1725 3120 1764 a
3145 1711 3181 1764 ii
3209 1711 3376 1787 armis
3406 1710 3693 1787 bellisque,

2122 1780 2462 1855 ostenditque
2484 1783 2640 1837 factis
2659 1780 3118 1855 immortalitatem
3143 1780 3470 1855 promeritis,
3487 1780 3701 1855 brevio-

444 1866 722 1912 scrutarer
746 1852 1002 1923 absolutae
1028 1851 1367 1907 bibliotheca:
1393 1860 1497 1923 tua:
1525 1849 1755 1915 codices,
1780 1849 2016 1923 serenis-
2048 1861 2092 1919 Β
2120 1873 2233 1912 rem
2271 1849 2629 1923 tutioremque
2656 1853 2708 1905 in
2740 1852 2921 1905 arduis
2956 1852 3022 1905 ad
3062 1867 3263 1923 veram_
3279 1849 3504 1923 gloriam
3548 1852 3698 1923 viam

444 1928 579 1983 sime
605 1924 754 1987 Dux,
782 1931 838 1979 et
875 1921 1219 1978 offendissem
1260 1922 1468 1992 Agnelli
1510 1923 1837 1978 Ravennatis
1870 1922 2016 1992 Opus

444 1993 778 2057 Pontiﬁeale,
810 1994 1049 2048 animum
1086 1992 1268 2063 statim
1303 1992 1474 2063 adjeci
1502 2001 1561 2047 ut
1591 2009 1710 2063 qum
1736 1995 1803 2049 ab
1832 2009 1897 2048 eo
1925 2009 2019 2047 au-

445 2076 597 2123 ctore
622 2062 1110 2135 quondamtradita
1134 2062 1647 2135 fuerant,quantum
1678 2079 1775 2133 pro
1802 2063 2017 2135 modulo

448 2152 568 2192 meo
595 2132 826 2205 poterat,
855 2133 1147 2205 illustrata_
1169 2134 1222 2187 in
1266 2132 1437 2188 lucem
1477 2133 1866 2205 proferrentur,
1898 2132 2017 2187 Non

446 2215 530 2262 est
553 2203 641 2261 hic
660 2205 814 2259 locus
837 2204 1076 2274 rationes
1097 2203 1213 2258 illas
1231 2203 1519 2258 enarrandi
1542 2204 1736 2274 quibus
1758 2204 2019 2274 adductus

450 2292 570 2334 sum
597 2284 660 2330 ut
692 2274 1030 2345 idbagerem;
1062 2273 1190 2345 illud
1220 2274 1381 2328 modo
1411 2273 1614 2328 tantum
1643 2273 2015 2338 recolendum,

402 2367 413 2377 ·
448 2346 601 2425 plura
630 2343 875 2400 videlicet
900 2345 1003 2399 hoc
1023 2344 1235 2425 diutino
1242 2345 1511 2425 _teinpoi:is
1534 2344 1707 2413 spatio
1722 2345 2017 2425 accidisse,

447 2413 568 2523 Quae
588 2425 642 2471 et
669 2428 841 2469 meam
866 2429 1106 2495 operam,
1125 2422 1181 2469 et
1202 2413 1323 2469 libri
1343 2413 1633 2468 editionem
1656 2415 2015 2469 rctardavere.

450 2519 458 2523 .
491 2486 664 2523 nilinot
693 2484 1055 2523 fulinicmmnm
1081 2493 1289 2523 [ammte
1310 2486 1728 2523 (ueniant-nntium
1752 2491 1865 2523 pml
1892 2500 1999 2523 mm

450 2484 667 2542 Scilicet
693 2484 1057 2539 felicissimum
1081 2493 1290 2553 tempus
1310 2486 1729 2554 exspectandum
1752 2491 1870 2538 erat
1892 2500 2016 2553 quo,

448 2557 518 2610 ab
545 2563 771 2611 externo
802 2554 1223 2609 militemedditis
1245 2554 1463 2608 ditiOnis
1487 2562 1591 2609 tuae
1615 2554 1855 2615 urbibus,
1882 2570 1946 2608 ac
1965 2555 2020 2608 in

446 2626 639 2697 primis
662 2623 972 2697 Mutinensi,
1015 2624 1109 2697 tibi
1147 2625 1434 2697 revertenti
1474 2624 1730 2697 laureatis
1756 2624 1905 2680 hisee
1933 2625 2023 2697 lit-

447 2694 583 2751 teﬁs
600 2694 868 2767 gratulari
898 2695 1303 2750 concederetur.
1332 2694 1590 2767 Faustum
1627 2694 1903 2767 enimvero
1940 2695 2020 2749 la-

447 2767 567 2821 bori
600 2764 725 2821 huic
749 2778 868 2820 meo
889 2780 1068 2828 omen,
1098 2781 1204 2833 quo
1225 2766 1476 2833 augurari
1506 2765 1663 2819 liceat
1688 2765 1858 2819 serius
1879 2766 2023 2820 hunc

448 2837 507 2892 in
553 2851 713 2891 auras
764 2836 1062 2904 prodiisse,
1104 2844 1163 2889 ut
1205 2835 1502 2890 celebritati
1542 2851 1606 2891 ac
1634 2834 2021 2890 immortalitati

449 2907 635 3031 floris.
655 2914 761 2962 tua:
788 2906 964 2961 cultor
986 2906 1269 2971 accedens,
1310 2905 1520 2988 felicius
1557 2922 1588 2961 e
1624 2906 2021 2978 typotbetarum

471 2979 670 3031 atebrts
695 2977 965 3031 evaderet.
998 2992 1156 3031 uuam
1190 2975 1352 3030 fuerit
1376 2976 1443 3031 ad
1479 2992 1570 3031 eas
1596 2976 1902 3031 subeundas
1927 2992 2021 3031 uer

471 2975 670 3033 alebris
695 2977 979 3047 evaderet,
998 2992 1156 3047 quam
1190 2975 1443 3047 fueritad
1479 2992 1570 3032 eas
1596 2975 1902 3047 subeundas
1927 2992 2024 3047 per

449 3063 537 3103 me
561 3055 926 3117 comparatus.
957 3045 1119 3101 Plane
1144 3047 1231 3117 vix
1263 3046 1377 3101 ﬁeri
1405 3048 1622 3115 poterit,
1663 3055 1720 3101 ut
1757 3046 1884 3117 dum
1910 3045 2023 3100 am-

449 3116 939 3189 plissime’tropzeo,
981 3120 1142 3189 quem
1168 3116 1304 3170 bene
1336 3126 1491 3189 parta
1516 3116 1863 3189 erexeretibi
1895 3116 2024 3189 insi-

450 3185 597 3242 denti
621 3187 690 3241 ad
713 3185 895 3256 throni
934 3186 1132 3256 gradus
1166 3185 1443 3254 provoluta
1489 3202 1643 3242 sacra
1693 3185 2019 3256 Philologia,

450 3257 649 3327 librum
668 3255 918 3327 porrigit,
945 3255 1167 3327 coronis
1197 3255 1391 3324 quibus
1421 3268 1473 3311 te
1506 3255 2017 3327 mdimithictoi-ia,

452 3326 598 3383 haud
626 3325 996 3381 obumbretur.
1026 3326 1408 3380 Verumtamen
1435 3325 1865 3395 quandoquidem
1909 3334 2022 3380 stu-

453 3397 665 3450 diorum
695 3403 1003 3466 nostrorum
1026 3395 1169 3466 ratio
1189 3410 1252 3449 ea
1274 3403 1358 3466 est
1380 3411 1483 3463 qua
1514 3396 1824 3463 religionem
1847 3396 2023 3466 probi-

452 3474 727 3535 tatemque
754 3464 923 3522 solide
962 3465 1233 3530 colamus,
1277 3465 1501 3521 virtutes
1544 3482 1576 3521 e
1619 3466 1814 3535 quibus
1841 3464 2024 3535 partas

452 3535 709 3591 victorias
746 3535 933 3602 debes,
959 3550 1184 3606 qumque
1218 3535 1372 3590 lateri
1416 3545 1507 3592 tuo
1548 3551 1818 3605 nunquam
1846 3551 2024 3590 reces—

454 3621 594 3660 sura:
612 3606 897 3676 assistunt,
925 3607 1075 3675 operi
1108 3606 1232 3661 huic
1276 3606 1478 3661 nomini
1515 3615 1607 3661 tuo
1648 3621 1802 3661 sacro
1825 3606 2026 3676 Opinio-

453 3690 578 3747 nem
602 3674 909 3744 famamque
938 3674 1346 3745 comparabant,
1378 3693 1482 3747 qua
1520 3677 1685 3731 animi
1731 3674 2021 3747 legentium

455 3746 522 3817 ad
545 3744 667 3800 ﬁdei
691 3746 1026 3817 sanctitatem
1058 3744 1372 3815 morumque
1394 3744 1729 3817 disciplinam
1760 3744 1813 3800 in
1835 3747 2026 3800 adver-

456 3816 530 3888 sis
558 3816 1241 3888 servandam_erndiantur.
1284 3817 1349 3871 Et
1378 3820 1493 3872 hcce
1520 3816 1734 3888 quidem
1762 3832 1826 3871 ex
1858 3817 2024 3871 histo-

458 3885 551 3940 rice
576 3900 745 3941 sacrae
768 3886 1203 3945 meditationibus
1224 3897 1307 3942 est
1330 3888 1471 3941 haud
1491 3885 1790 3956 spernenda
1816 3902 2024 3942 merces

458 3971 579 4023 qua:
599 3964 905 4028 reportatur
930 3973 944 4021 ;
984 3966 1040 4011 at
1077 3958 1307 4028 insignia
1334 3958 1647 4028 constantia:
1678 3958 1731 4028 in
1761 3958 2021 4028 adversis,

458 4025 818 4097 strenui'tatis,
838 4026 1063 4095 iustitia:
1088 4035 1141 4081 et
1168 4025 1461 4096 prudentiae
1489 4027 1902 4097 exempla,'qu:e
1927 4026 2028 4082 dit-

458 4095 713 4176 ilcillimis
736 4095 1241 4176 temporibusbime
1265 4098 1562 4168 praebuisti,
1594 4095 2028 4176 luculentissima:

459 4165 699 4222 historia:
733 4165 866 4222 loco
880 4176 935 4223 et
967 4168 1121 4222 nobis
1144 4165 1390 4236 prosunt,
1416 4177 1472 4222 et
1512 4169 1649 4224 seris
1690 4170 2026 4223 subditorum

459 4244 673 4315 tuorum
697 4238 979 4315 nepotibus
999 4246 1125 4315 sunt
1141 4238 1442 4315 profutura.
1472 4238 1756 4315 liabebunt
1778 4255 1885 4309 quo
1904 4254 2029 4315 erit:

460 4307 677 4380 diantur
719 4309 907 4380 operis
939 4308 1097 4380 hujgs
1141 4307 1414 4380 Lectores,
1462 4309 1587 4363 dum
1637 4309 1690 4363 in
1743 4307 1856 4380 ipsa
1903 4309 2027 4362 libri

459 4372 637 4431 fronte
660 4372 1291 4446 serenissimi'Raynaldi
1332 4378 1561 4432 Atestini
1602 4372 1797 4433 nomen
1827 4382 2025 4450 legent,

2048 3225 2094 3287 C

2119 1942 2238 1981 eam
2264 1940 2383 1991 esse
2417 1920 2579 1994 quam
2608 1923 2779 1994 virtus
2801 1929 3192 1994 prmmonstrat.
3226 1920 3700 1994 Et__h:ee_quidem

2119 1998 2189 2060 ob
2215 1991 2516 2066 argumenti
2544 1992 3133 2066 necessitudinem,qua
3160 1991 3385 2066 consilio
3404 1991 3704 2066 adnectan-

2121 2077 2211 2122 tur
2237 2060 2387 2130 mito,
2431 2065 2575 2119 dicta
2595 2104 2608 2127 ,
2654 2071 2716 2116 ut
2762 2063 2907 2130 (equi
2930 2063 3163 2130 bonique
3178 2064 3442 2131 consulas
3469 2060 3703 2131 supplex

2120 2129 2401 2207 deprecor,
2430 2135 2523 2207 qui
2553 2134 2696 2207 bene
2717 2129 2841 2207 novi
2875 2129 3134 2202 quantum
3175 2129 3383 2186 laudari
3412 2129 3698 2195 merearis,

2120 2217 2175 2262 et
2191 2202 2463 2276 quantuni
2492 2202 2708 2276 laudari
2729 2202 2887 2276 nolisf

2189 2272 2453 2343 Cteternm
2494 2284 2552 2328 ut
2581 2274 2647 2328 ad
2683 2273 3051 2343 Agnellianum
3099 2286 3234 2341 opus
3274 2280 3535 2343 revertar,
3590 2272 3699 2327 hoc

2122 2341 2294 2416 ipsum
2326 2345 2469 2415 quod
2500 2341 2754 2467 nusriam
2782 2342 3156 2397 inveniebatur
3186 2343 3254 2396 ab
3282 2342 3508 2396 eruditis
3532 2357 3705 2410 expe-

2122 2418 2307 2467 titum.
2348 2415 2543 2467 unione
2584 2413 2659 2467 ili
2694 2422 2954 2467 nuotuuot
2980 2413 3045 2466 de
3084 2412 3412 2465 Ravennatis
3450 2412 3701 2467 ecclesiae

2122 2412 2307 2478 titum.
2345 2412 2543 2485 quippe
2584 2412 2659 2467 illi
2694 2422 2954 2481 quotquot
2980 2413 3045 2466 de
3084 2412 3412 2465 Ravennatis
3450 2412 3701 2467 ecclesiae

2123 2486 2346 2541 historia
2369 2485 2634 2553 scripsere
2683 2491 3193 2551 superstruxerunt,
3230 2496 3514 2553 servavere
3542 2498 3700 2536 sere-

2123 2557 2330 2612 nissimi
2414 2552 2799 2610 raidecessores
2825 2554 2935 2617 tui,
2973 2553 3064 2623 qui
3097 2568 3193 2621 pro
3233 2552 3395 2606 insito
3434 2553 3704 2606 Atestinae

2123 2628 2268 2679 uenti
2294 2626 2349 2679 in
2374 2571 2541 2679 Bonas
2566 2624 2776 2678 litteras
2794 2639 2977 2678 amore
2998 2664 3010 2679 .
3034 2623 3275 2678 codicem
3301 2636 3423 2677 cum
3452 2622 3704 2679 pluribus

2123 2628 2268 2699 genti
2294 2626 2349 2680 in
2375 2622 2552 2699 bonas
2566 2624 2776 2699 litteras
2794 2622 3010 2699 amore,
3034 2623 3275 2699 codicem
3301 2636 3423 2677 cum
3452 2622 3704 2691 pluribus

2124 2692 2281 2760 aliis,
2340 2706 2451 2750 tum
2498 2692 2757 2757 'Grarcis,
2806 2709 2928 2747 cum
2976 2692 3216 2757 Latinis,
3269 2708 3334 2745 ex
3397 2703 3701 2761 temporum

2124 2782 2412 2837 rerumque
2440 2764 3001 2837 vicibusjncolumem
3032 2765 3103 2837 ad
3125 2779 3221 2817 nos
3258 2762 3699 2837 transmiserunt.

2124 2838 2202 2892 Tu
2231 2878 2245 2900 ,
2278 2831 2621 2893 serenissime
2656 2833 2803 2898 Dux,
2847 2850 2952 2889 non
2987 2835 3143 2888 modo
3174 2848 3411 2895 summa,
3443 2847 3549 2898 qua
3586 2831 3702 2885 'nos

2121 2908 2252 2963 beas
2275 2906 2558 2963 clementia
2577 2946 2593 2969 ,
2637 2911 2695 2958 ut
2720 2920 2816 2975 per
2842 2918 2926 2972 me
2962 2904 3324 2975 illustraretur
3351 2918 3414 2957 ac
3450 2903 3704 2975 ederetur

2123 2978 2455 3037 concessisti,
2503 2977 2596 3031 sed
2621 2971 2958 3045 quo—facilius
2988 2974 3397 3045 promptiusque
3417 2987 3554 3045 opus
3581 2971 3701 3045 illu-

2126 3057 2354 3104 stratum
2393 3042 2898 3116 prodiret',_sprmtc
2926 3042 3029 3116 nec
3065 3042 3281 3116 rogatus
3325 3042 3703 3116 liberalissime

2125 3119 2381 3173 editionis
2395 3113 2652 3186 sumptus
2675 3113 2885 3182 iussisti
2916 3113 3280 3186 subiciendus.
3314 3114 3508 3186 Quidni
3538 3113 3702 3183 igitur

2126 3190 2223 3243 tibi
2263 3204 2362 3260 per
2405 3202 2490 3241 me
2529 3184 2844 3240 redderetur
2883 3185 3024 3254 quod
3076 3193 3152 3260 tot
3195 3184 3502 3260 nominibus
3546 3194 3700 3236 tuum

2124 3252 2281 3314 erat‘.i
2303 3259 2683 3313 Verumtamen
2713 3264 2861 3309 tuum
2885 3252 2989 3309 non
3013 3255 3169 3309 modo
3181 3253 3387 3324 Agnelli
3410 3252 3699 3306 Ravenna-

2122 3329 2192 3384 tis
2216 3327 2549 3389 Pontiﬁcale.
2572 3327 2662 3381 sed
2689 3334 2776 3378 tua
2794 3335 2875 3380 est
2892 3341 3030 3389 mea,
3058 3325 3444 3396 qualiscunque
3480 3325 3699 3396 demum

2124 3414 2187 3453 ea
2218 3400 2287 3454 sit
2318 3398 2492 3467 epella
2512 3395 2745 3467 ,Agnello
2774 3393 3090 3467 illustrando
3107 3395 3344 3467 adhibita
3370 3411 3385 3446 :
3410 3410 3533 3447 nam
3559 3393 3702 3461 quod

2125 3465 2456 3524 incredibilia
2503 3468 2556 3521 in
2579 3465 2686 3521 'me
2727 3466 3020 3521 con‘uleris
3059 3465 3349 3528 beneficia,
3404 3479 3525 3517 eum
3575 3472 3703 3516 tuus

2126 3540 2240 3609 ipse
2264 3540 2364 3594 sim
2391 3547 2556 3609 totus,
2581 3545 2669 3590 tua
2694 3537 2802 3609 sint
2819 3540 2981 3591 etiam
3000 3544 3211 3609 oportet
3230 3551 3347 3609 qnze
3370 3549 3455 3587 me
3478 3540 3703 3609 anetore

2126 3602 2435 3679 gignuntur.
2467 3608 2593 3662 Hmc
2618 3607 2961 3679 vernularum
3001 3602 3116 3659 loco
3141 3602 3283 3658 domi
3318 3615 3423 3679 tuze
3449 3602 3703 3679 nata-tibi

2131 3673 2423 3744 debentur;
2459 3679 2581 3732 inde
2615 3686 2668 3731 et
2699 3678 2828 3745 ipsis
2855 3693 2917 3730 ac
2947 3677 3180 3745 ipsorum
3220 3673 3427 3743 parenti
3464 3673 3701 3742 pretium

2131 3750 2370 3813 accedit,
2399 3764 2505 3816 quo
2545 3747 2679 3801 alias
2707 3748 3061 3816 privarentur.
3102 3745 3311 3800 Utinam
3342 3745 3394 3816 id
3419 3745 3619 3812 sarpius
3650 3755 3703 3816 te

2131 3782 2370 3813 αιιῠυιι,
2399 3782 2411 3803 ι
2439 3782 2505 3801 υυ
2545 3782 2679 3801 ..ηαδ
2708 3782 3061 3816 μιμαιωμιι.
3102 3782 3311 3800 νημαι..
3420 3782 3619 3812 mrum
3650 3782 3702 3797 ιν

2131 3819 2332 3889 sospite
2356 3782 2432 3873 ad
2466 3818 2953 3889 Nestoreos_annos
2986 3816 3219 3885 experiri
3257 3814 3564 3889 contingat;
3597 3814 3705 3866 uti-

2130 3886 2253 3943 nam
2285 3889 2641 3944 serenissima:
2668 3887 2802 3956 proli
2841 3896 2893 3940 tu
2915 3929 2929 3951 ,
2961 3892 3218 3939 virtutum
3249 3886 3494 3956 omnium
3522 3898 3705 3956 esciu-

2130 3960 2246 4028 plar
2275 3975 2339 4014 ac
2386 3953 2825 4028 praemonstrator
2863 3958 2951 4011 diu
2999 3965 3270 4028 superstes
3295 3996 3317 4028 ._
3347 3956 3437 4028 qui
3485 3954 3537 4028 in
3566 3953 3705 4006 hanc

2130 4024 2270 4085 diem
2317 4024 2612 4084 absolutam
2660 4028 2949 4082 Christiani
3005 4026 3259 4095 principis
3307 4024 3700 4095 institutionem

2129 4100 2339 4155 actibus
2369 4100 2475 4155 tuis
2502 4097 2811 4153 exhibuisti.
2844 4098 2899 4150 Η
2941 4096 3098 4151 enixe
3137 4096 3296 4148 etiam
3334 4103 3496 4162 atque
3538 4094 3707 4148 etiam

2130 4170 2427 4225 humillime
2461 4187 2491 4224 a
2534 4171 2596 4224 D.
2635 4167 2698 4223 Ο.
2742 4168 2811 4222 Μ.
2861 4183 3052 4236 precor
3078 4167 3222 4235 ipse,
3271 4166 3362 4233 qui
3409 4166 3463 4218 in
3491 4164 3703 4233 signum

2130 4239 2600 4310 obsequentissimi
2630 4239 2793 4310 animi
2823 4237 3198 4310 procumbens.
3234 4236 3547 4310 Subscribor
3581 4250 3594 4285 :

2204 4304 2331 4375 Tui,
2363 4310 2682 4365 serenissime
2709 4304 2850 4372 Diui,
2881 4306 3220 4361 humillimus.
3276 4304 3663 4373 addictissinms
3682 4342 3698 4364 ,

2131 4381 2613 4451 obsequentissimus
2640 4377 2818 4443 cliens,
2843 4380 2906 4433 D.
2939 4378 3271 4431 Buxautc'ws
3294 4375 3632 4429 BACCIIINIDS.

1365 4687 2008 4795 BACCHINII
2090 4689 2798 4791 Pli/EFATIO.

538 4969 587 5024 Ι.
611 4966 861 5023 Solemne
886 4972 967 5020 est
998 4963 1081 5018 his
1098 4963 1187 5031 qui
1215 4963 1412 5019 inedita
1438 4962 1489 5016 in
1525 4962 1698 5017 lucem
1727 4961 2025 5033 proferunt,
2055 4964 2107 5023 D
2134 4961 2361 5018 Ursiana
2396 4960 2632 5033 Ecclesia
2661 4963 2928 5027 enutrito,
2961 4967 3223 5020 sermonis
3261 4965 3571 5029 barbaries,
3602 4965 3703 5019 nisi

461 5055 526 5095 ea
571 5038 796 5094 summis
840 5034 1086 5089 laudibus
1118 5035 1409 5089 celebrare.
1462 5033 1724 5087 Mirabere
1769 5033 2025 5102 proinde,

462 5110 651 5172 lector,
675 5122 760 5162 me
780 5105 885 5162 alia
902 5104 1121 5159 omnino
1141 5106 1230 5159 via
1251 5104 1432 5159 statim
1452 5118 1697 5173 pergere,
1721 5103 1813 5172 qui
1835 5103 2032 5173 Agnel—

365 5236 373 5244 ,
462 5179 575 5235 lum
602 5194 745 5233 nunc
762 5178 994 5247 primum
1012 5175 1380 5247 prodeuntem,
1400 5173 1697 5247 qualisest,
1725 5175 2033 5247 describere

465 5242 779 5321 aggrediar}
809 5242 1093 5321 horridum
1122 5245 1394 5308 videlicet,
1422 5242 1819 5321 squallentein,_
1840 5242 2032 5321 barba-

467 5312 605 5374 ι’ἶὶἷιι.
629 5318 821 5386 Quidni
846 5325 1020 5386 tamen
1044 5316 1094 5369 id
1110 5330 1284 5386 agam,
1308 5330 1428 5386 cum
1447 5312 1513 5367 ex
1536 5314 1647 5383 ipsa
1672 5313 1790 5366 libri
1807 5312 2033 5386 lectione

468 5383 707 5444 auctoris
721 5386 942 5456 hujusce
962 5384 1513 5456 illiberaleingenium
1532 5383 2030 5456 tandem_q_nisquis,

471 5460 595 5514 licet
630 5474 737 5513 non
777 5452 1058 5511 admodum
1103 5452 1376 5518 eruditus,
1421 5455 1707 5523 agnoscet?
1748 5453 1914 5506 Plane
1961 5452 2034 5505 ita

469 5544 621 5589 esse,
648 5527 900 5598 Aguellus
926 5527 1058 5598 ipse
1079 5535 1222 5580 totus
1246 5534 1481 5598 quantus
1515 5534 1596 5577 est
1641 5532 1912 5598 testatur,_
1942 5524 2032 5589 qui

474 5599 646 5652 nullas
666 5591 1026 5667 εἷιιιιιιιιςιιίὸιιι
1049 5596 1191 5667 leges
1210 5591 1484 5667 obs_ervat,_
1497 5602 1550 5647 ct
1569 5596 1801 5661 undique
1824 5591 2034 5667 inliccta

473 5662 790 5734 stribiligine
831 5662 1235 5720 obductus'est.
1282 5664 1523 5718 Fcrenda
1567 5673 1745 5723 tamen
1790 5671 1932 5718 essm
1984 5662 2034 5734 in

475 5733 738 5806 scriptore
783 5737 905 5790 noni
936 5737 1111 5791 sia-mili
1130 5776 1143 5799 ,
1177 5735 1422 5804 quamvis
1450 5735 1515 5789 ab
1545 5734 1760 5788 ineunte
1798 5742 1954 5787 aetate
1984 5733 2037 5785 in

2133 5044 2187 5086 et
2210 5033 2262 5085 in
2296 5032 2504 5086 cmteris
2541 5032 2840 5087 incredibili
2871 5050 3071 5099 rerum,
3103 5044 3213 5089 tum
3247 5051 3560 5100 sacrarum,
3592 5044 3700 5089 tum

2132 5103 2478 5174 profanarum
2525 5103 2823 5174 ignorantia
2872 5103 3161 5159 laboraret.
3213 5104 3418 5159 Nimius
3479 5106 3611 5167 sim,
3658 5105 3700 5158 si

2132 5173 2314 5227 Omnia
2344 5173 2429 5227 hic
2456 5187 2763 5227 enumerem
2793 5173 2908 5229 loca
2946 5191 2999 5229 tn
3020 5177 3214 5244 quibus
3243 5177 3472 5231 absurde
3497 5184 3697 5244 peccat.

2134 5244 2418 5310 Tempo’ra,
2444 5259 2532 5298 res
2556 5258 2920 5312 personasque
2940 5245 3240 5309 confundit,
3265 5246 3457 5311 t'ntilia,
3497 5245 3697 5301 inania.

2134 5312 2501 5387 iuverisimilia
2545 5314 2890 5387 eorumiscct,
2923 5314 3002 5368 sui
3041 5316 3324 5387 immemor
3354 5314 3698 5387 repugnantia

2136 5391 2351 5456 narrat,
2383 5393 2438 5438 ct
2483 5383 2813 5456 ineptissime
2839 5400 3029 5456 ocreas
3057 5385 3217 5453 capiti
3239 5383 3444 5456 jungit,
3484 5383 3541 5456 Act
3572 5400 3697 5453 qua-

2139 5454 2292 5507 drata
2347 5454 2609 5508 rotundis.
2660 5453 2787 5520 Qum
2837 5454 3068 5522 legerat,
3115 5453 3359 5517 viderat;
3393 5454 3696 5519 audiverat,

2139 5523 2381 5591 congerit
2402 5525 2603 5590 absque
2618 5523 2847 5586 delectu,
2871 5525 3162 5593 inanesque
3182 5522 3471 5593 plebecula:
3496 5538 3699 5578 rumus-

2140 5593 2288 5646 culos
2315 5594 2455 5646 veris
2504 5595 2709 5664 miscet.
2739 5594 2870 5647 Cum
2913 5593 3017 5657 nil,
3046 5594 3126 5648 vel
3151 5609 3319 5661 pauca
3349 5595 3415 5648 de
3455 5595 3698 5664 quopiam

2142 5664 2449 5734 Ravennate
2464 5663 2735 5734 cpiSCopo,
2758 5664 2897 5731 quod
2914 5674 3113 5734 narret.
3137 5665 3373 5727 rescivit,
3397 5676 3457 5718 ut
3476 5663 3699 5734 ieqnales

2141 5732 2304 5789 totius
2335 5732 2518 5802 δοιοίξηὶ
2548 5741 2728 5803 partes
2756 5732 2991 5803 singulas
3017 5733 3235 5799 efﬁciat,
3269 5735 3464 5797 inertis
3484 5732 3699 5788 metiu-
