3956 6190
404 276 405 285 ‘
426 289 530 344 ιδυ

430 476 733 542 τὸηκιιευὶῑ,’
756 477 847 530 sed
908 476 1131 529 uoddam
1158 476 1333 546 quasi
1383 476 1793 539 aludanientum,
1842 482 1983 538 etc.;

428 550 522 599 sed
545 548 736 599 merito
757 494 903 599 apud
933 546 1299 599 doctissimum
1331 493 1620 599 garonium
1647 547 1716 599 ob
1745 545 1797 599 id
1821 559 1983 599 vanu-

428 550 522 602 sod
545 548 736 603 merito
757 545 895 615 apud
933 545 1299 601 doctissimum
1331 545 1620 600 Baronium
1647 547 1716 601 ob
1745 545 1797 599 id
1821 559 1986 614 vapu-

428 620 522 681 lat,
570 628 645 681 ct,
692 614 895 687 rejecto
931 617 1234 687 apocrypho
1279 619 1627 687 documento,
1665 615 1981 687 castigatur.

427 689 638 755 Quanto
681 686 890 740 facilius
934 685 1266 754 validiusque
1313 696 1491 741 tamen
1530 685 1986 740 eminentissimus

424 757 710 812 Annalium
781 765 934 827 pater
999 757 1364 810 narrationem
1435 772 1648 810 omnem
1704 755 1987 827 evertisset

423 828 645 895 Agnello
667 826 800 887 viso,
843 842 907 881 ex
950 843 1055 896 quo
1082 827 1224 880 illam
1269 827 1488 881 Rubcus
1527 841 1655 896 non;
1677 826 1856 888 modo,
1892 826 1983 896 sed
2013 866 2031 887 ,

422 883 659 952 Blondus
694 907 747 951 et
778 883 1076 951 Sabellicus
1103 898 1325 950 mutuati
1349 895 1598 950 fuerant?
1625 883 1853 950 Ostensa
1871 894 1987 962 ejus

422 966 627 1050 fabellae
652 968 820 1050 prima
862 967 1099 1050 origine“,
1142 982 1311 1035 caque
1332 966 1526 1050 nullius
1552 964 1863 1050 ﬁdedigna,
1892 980 1986 1050 va-

422 1034 699 1092 lidissimis
721 1039 856 1092 alias
884 1034 1178 1091 rationibus
1218 1034 1544 1090 momentum
1585 1034 1793 1104 insigne
1838 1035 1988 1088 addi-

423 1108 612 1163 disset.
650 1106 849 1162 Vermn
881 1122 1002 1161 cum
1024 1107 1075 1159 id
1103 1106 1216 1177 fieri
1246 1122 1351 1160 non
1381 1107 1617 1177 potuerit
1639 1104 1986 1177 delitescente

420 1178 627 1248 Agnellt
656 1178 795 1232 libro
813 1218 829 1239 ,
863 1178 1102 1248 narratio
1131 1175 1431 1248 hujusmodi
1462 1177 1600 1248 apud
1623 1175 1801 1248 plures
1827 1189 1893 1228 ex
1921 1190 1985 1229 eo

420 1244 624 1303 credita
641 1257 742 1309 est,
774 1246 913 1316 quod
943 1246 1161 1301 Rubcus
1181 1246 1466 1315 caeterique
1480 1244 1757 1316 Agnellum
1786 1245 1984 1313 ipsum,

420 1334 518 1388 per
545 1332 703 1387 quem
750 1333 808 1372 se
835 1316 1129 1387 profecisse
1170 1317 1364 1385 saepius
1407 1316 1983 1388 fatentur,_tanquam

419 1384 695 1444 auctorem
744 1384 853 1442 fide
883 1388 1101 1456 dignum
1144 1384 1542 1440 commendent.
1575 1384 1769 1452 Quidni
1800 1393 1981 1439 autem

417 1459 860 1514 commendarent
904 1467 959 1511 et
998 1456 1200 1521 caueri,
1246 1456 1528 1525 enixisque
1576 1456 1716 1509 votis
1766 1463 1985 1525 expete-

416 1540 563 1591 rent,
596 1543 756 1598 quem
810 1527 1029 1598 Rubcus
1067 1526 1204 1580 libro
1244 1524 1455 1598 quinto
1479 1526 1723 1598 plurimis
1772 1524 1985 1598 laudat?

425 1616 443 1648 ι
474 1594 635 1661 Haec,
661 1619 679 1650 ι
724 1599 898 1667 inquit
939 1596 1059 1659 ille,
1104 1617 1122 1647 ι
1152 1612 1219 1667 ex
1266 1594 1740 1667 Andrea'Agnello
1786 1594 1983 1667 descri-

415 1668 657 1736 psimus,
702 1664 909 1736 qui'his
938 1682 1043 1720 non
1088 1665 1258 1721 solum
1298 1664 1583 1729 interfuit,
1614 1666 1707 1720 sed
1746 1664 1977 1736 praefuit,

414 1734 732 1805 summaque
765 1737 1007 1791 doctrina
1054 1736 1297 1790 eruditus
1340 1736 1406 1791 de
1451 1735 1779 1790 Ravennatis
1812 1734 1984 1788 archi-

413 1808 683 1886 episcopis
731 1808 976 1886 volmucn
1040 1806 1357 1886 gravissime
1416 1806 1698 1886 scripturn
1741 1805 1982 1886 reliquit,

372 1935 379 1941 ,
414 1875 555 1945 quod
578 1893 701 1931 eum
743 1876 831 1930 diu
873 1878 927 1929 in
958 1875 1455 1945 archiepiscopatus
1493 1875 1818 1945 bibliotheca
1847 1875 1983 1930 fuis-

413 1944 515 2007 set,
561 1948 929 2015 superioribus
975 1944 1307 2003 annis’cum'
1337 1946 1521 2000 multis
1543 1944 1663 2015 aliis
1691 1944 1978 2008 sublatum,

410 2016 597 2087 nullibi
629 2014 916 2081 invenitur,
949 2032 1140 2087 magna
1168 2016 1385 2085 quidem
1414 2014 1815 2087 certeiactura.
1840 2034 1857 2087 ξ
1886 2015 1983 2087 ‘ny

414 2087 500 2141 his
524 2086 720 2141 factum
751 2096 833 2141 est
880 2086 1023 2157 quod
1050 2084 1453 2157 documentum
1495 2101 1526 2139 a
1562 2084 1750 2140 Rubeo
1775 2085 1987 2157 exhibi-

411 2165 557 2222 tum,
586 2171 708 2212 cum
756 2157 868 2226 ipsa
899 2155 962 2211 se
994 2157 1190 2225 prodat
1216 2155 1449 2220 falsitas,
1479 2166 1734 2224 tanquam
1761 2156 1983 2226 omnino

321 2266 333 2280 .
411 2224 809 2297 supposititium
864 2224 1195 2297 agnoscitur,
1216 2226 1354 2297 isint
1383 2234 1579 2297 autem
1606 2227 1696 2297 qui
1726 2224 1977 2297 narratis,

407 2294 632 2368 Agnello
676 2313 782 2352 non
829 2294 1007 2368 lecto,»
1037 2296 1129 2368 sed
1151 2312 1181 2349 a
1214 2295 1399 2350 Rubeo
1422 2296 1619 2368 eximie
1648 2295 1887 2368 laudato,
1920 2294 1981 2347 ﬁ-

411 2364 530 2421 dem
561 2367 813 2437 habeant.
832 2366 932 2437 70b
963 2366 1013 2420 id
1044 2367 1109 2421 de
1131 2381 1195 2420 ea
1224 2382 1283 2420 re
1312 2381 1480 2437 agens
1506 2364 1698 2437 Petrus
1736 2365 1802 2437 de
1835 2364 1978 2437 litar-

408 2451 493 2497 ca,
530 2437 759 2492 Coneor.
790 2436 883 2491 lib.
920 2453 995 2500 vt,
1037 2452 1156 2505 cap.
1197 2437 1251 2499 6,
1284 2435 1433 2490 num.
1465 2435 1810 2505 H,_Barouio
1838 2435 1979 2489 ultro

407 2507 910 2577 conceditdiploma
931 2506 1255 2577 przedictunt
1278 2505 1500 2577 omnino
1517 2523 1536 2557 ι
1558 2506 1974 2577 supposititium,

409 2585 465 2630 et
492 2576 706 2647 egregie
733 2574 1071 2632 confutatum
1103 2577 1169 2631 ab
1206 2574 1571 2647 illustrissimo
1593 2574 1851 2647 cardinali
1875 2592 1899 2647 ;
1923 2575 1979 2629 in

334 2656 341 2661 '
405 2660 471 2700 eo
498 2644 701 2720 tamen,
723 2648 1000 2720 ait,_cpgor
1021 2644 1619 2720 aBarouiodissentiri,
1650 2644 1790 2713 quod
1814 2646 1978 2720 enixe

406 2718 699 2773 contendat
725 2716 941 2788 pallium
970 2716 1224 2788 episcopo
1257 2716 1423 2788 tribui
1455 2716 1849 2788 nonposseab
1875 2716 1977 2769 im-

475 2796 678 2853 rato‘re,
700 2785 765 2842 eo
792 2788 935 2858 quod
968 2785 1339 2858 indumentum
1364 2787 1434 2858 sit
1473 2785 1919 2858 ecclesiasticum.
1950 2805 1969 2838 ι

455 2874 486 2911 it
515 2872 582 2912 eo
610 2859 774 2912 etiam
797 2855 941 2928 quod
954 2857 1330 2928 Agnellianum
1362 2855 1563 2911 fontem
1587 2856 1972 2928 ignoraverint,

400 2942 471 2981 ex
519 2944 629 2997 quo
676 2926 907 2983 fabulam
942 2928 1110 2983 ebibit
1149 2927 1397 2991 Rubcus,
1443 2940 1547 2997 non
1597 2926 1977 2997 dubitaverunt

401 2996 647 3051 asserere
672 2998 898 3067 piissimi
940 2998 1253 3067 scriptores,
1296 2997 1438 3065 quod
1475 2996 1733 3063 Barouius
1770 2996 1976 3050 refuta-

404 3076 576 3137 verat,
608 3066 829 3136 pallium
876 3066 1129 3123 videlicet
1163 3066 1440 3137 dignitatis
1468 3067 1681 3137 signum
1720 3082 1750 3119 a
1784 3066 1973 3137 Valen-

400 3136 607 3191 tiniano
628 3137 903 3192 collatum.
949 3138 1081 3190 Eam
1116 3139 1169 3190 in
1201 3136 1311 3191 rem
1356 3136 1717 3191 transcribere
1743 3136 1970 3191 suiliciat

399 3204 577 3262 locum
607 3221 676 3262 ex
700 3206 864 3261 Marci
892 3206 1043 3261 Pauli
1072 3206 1265 3260 Leonis
1289 3204 1515 3260 Romani
1545 3205 1820 3259 societatis
1838 3205 1966 3260 Jesu

398 3275 538 3332 libro
564 3277 630 3331 de
673 3276 1015 3339 auctoritate,
1056 3285 1111 3330 et
1158 3292 1258 3329 usu
1284 3274 1438 3329 Pallii
1472 3274 1754 3343 pontiﬁcii,
1784 3274 1968 3331 Romae

400 3347 545 3403 edito
570 3347 711 3418 typis
739 3346 997 3418 Ludovici
1044 3344 1338 3418 Qrignanl,
1385 3344 1548 3418 1649,
1584 3343 1724 3409 in-i,
1747 3359 1814 3399 ex
1844 3360 1962 3416 cap.

399 3417 451 3478 l,
482 3432 537 3470 n.
572 3414 641 3470 l2
675 3436 688 3469 :
746 3435 764 3466 ι
790 3415 940 3483 Quod
980 3414 1232 3486 pallium,
1255 3436 1274 3466 ι
1307 3416 1479 3483 inquit
1514 3414 1592 3477 is,
1646 3432 1664 3463 ι
1702 3424 1861 3486 prout
1886 3414 1969 3471 est

397 3486 677 3567 dignitatis
723 3487 935 3567 signum
984 3485 1091 3567 et.
1117 3494 1493 3567 ornamentum
1520 3485 1967 3567 .co‘mprehendat

397 3553 559 3626 etiam
607 3553 922 3611 ornamenta
963 3554 1188 3626 profana
1208 3596 1223 3620 ,
1252 3555 1559 3611 observavit
1583 3553 1870 3626 Gretscrus
1899 3559 1964 3611 ad

396 3624 661 3680 Codinum
722 3642 790 3681 ex
844 3624 1215 3695 Turcogrtecia
1246 3668 1261 3691 ,
1314 3626 1441 3680 dum
1501 3625 1693 3681 asserit
1742 3626 1962 3694 pallium

395 3695 904 3767 fuisseconcessum
930 3696 1252 3767 patriarchis
1280 3705 1336 3767 et
1356 3695 1644 3767 episcopis,
1673 3706 1737 3767 ut
1751 3696 1817 3751 de
1855 3695 1966 3767 An-

395 3765 1161 3837 timo_(‘.onstantino;iolitauze
1190 3766 1444 3821 Ecclesiae
1480 3765 1965 3837 Patriarchaialiir-

401 3844 509 3889 luat
536 3835 821 3891 Liberatus
862 3835 926 3891 in
964 3852 1061 3892 $th
1094 3838 1388 3899 Breviario,
1415 3852 1531 3906 cap.
1563 3835 1662 3901 2|;
1694 3846 1749 3890 et
1774 3835 1967 3891 Valen-

395 3905 659 3977 tinianum
704 3906 770 3960 Ill
814 3908 1057 3963 adinstar
1104 3907 1449 3977 imperatoris
1478 3905 1813 3977 concessisse
1853 3907 1965 3977 pal-

394 3974 524 4030 lium
577 3974 873 4047 Ravennati
935 3974 1338 4047 archiepiscopo
1402 3975 1595 4047 asserit
1652 3974 1880 4031 Carolus
1932 3994 1964 4032 a

394 4054 584 4117 sancto
608 4045 776 4101 Paulo
810 4047 977 4117 abbas
1004 4045 1353 4102 Fuliensis'in
1385 4063 1480 4102 sua
1509 4046 1848 4117 Geographia
1883 4064 1967 4103 sa-

396 4131 508 4187 cra,
541 4115 634 4187 lib.
664 4133 737 4182 ix,
778 4118 843 4172 de
885 4115 1259 4172 Patriarchatu
1290 4115 1903 4187 Constantinopolitano.
1936 4139 1956 4172 ι

400 4184 857 4258 ilisgdjiciendus
878 4195 961 4241 est
979 4187 1363 4258 iFerdinandus
1387 4184 1723 4256 Ughellus'in
1755 4189 1965 4258 episco—

392 4256 477 4339 pis
506 4255 777 4339 Ravennae
800 4298 833 4339 ,θ
859 4259 925 4311 ad
1062 4257 1324 4339 Joannem
1348 4255 1704 4339 cognomento
1729 4255 1963 4339 Angela:

395 4334 571 4398 ptem;
605 4335 730 4382 ante
749 4330 891 4382 enim
925 4338 980 4383 et
1013 4337 1137 4398 post
1174 4329 1571 4398 supposititium
1599 4329 1961 4386 Valentiniani

393 4395 646 4466 diploma,
671 4398 859 4451 eadem
889 4395 1515 4466 quze'Rubeus'dixerat,
1553 4409 1816 4453 recantat.

434 2858 449 2870 Ἰ

1132 291 1497 377 1AGNELLUS
1534 292 1755 350 ABBAS
1793 292 1848 348 S.
1888 290 2124 346 MARIAS
2162 294 2253 347 AD
2286 290 2758 361 BLACHERNAS,
2801 295 2947 350 ETC.

430 408 559 479 tiret
581 406 847 488 maximus.
877 424 904 461 e
954 405 1044 488 ι)...
1064 405 1209 461 Petri
1237 423 1449 488 corpore
1467 415 1727 488 sumptum
1759 404 1986 488 prwlfere
2012 406 2063 466 Α
2087 404 2461 488 Ravennatttm
2500 407 2833 488 proceribus
2859 447 2872 470 ,

3536 294 3636 350 “0

2963 404 3030 460 ui.
3059 402 3287 458 alterum
3348 404 3640 477 elegerant,

2087 478 2337 545 editoque
2359 477 2636 533 electionis
2671 477 2906 539 decreto,
2939 477 3162 528 Romam
3202 481 3477 537 venerant,
3511 490 3643 528 con-

2088 545 2446 601 ﬁrmationem
2493 557 2548 601 et
2586 546 2741 601 electi
2771 545 3227 599 consecrationem
3261 553 3520 612 petentes.
3564 545 3649 601 Nil

2088 616 2176 671 hic
2194 617 2449 687 Agnellus
2478 618 2542 670 de
2590 616 2947 687 Valentiniani
2990 616 3330 687 auctoritate,
3373 615 3464 687 qui
3493 616 3539 669 si
3565 631 3647 671 re-

2087 702 2217 742 cens
2244 680 2580 757 inetrOpolim
2611 685 2993 757 fundasset,_et
3004 683 3224 757 pallium
3252 680 3443 757 {Dauni
3486 686 3651 740 tradi-

2087 756 2272 822 disset,
2303 752 2503 826 aliquid
2524 758 2686 811 etiam
2707 755 2845 826 juris
2873 752 3193 826 vindicasset
3228 752 3329 826 sibi
3346 753 3411 826 in
3449 756 3675 815 tuenda,

2084 828 2251 896 priori
2279 822 2564 889 electione,
2593 836 2646 881 et
2675 822 2726 880 in
2754 824 3126 896 independeuti
3154 822 3298 896 Petri
3332 823 3651 895 Clirysologi

2084 893 2183 968 per
2206 898 2509 968 pontificem
2532 896 2695 960 facta,
2726 895 2905 949 invitis
2927 893 3344 968 Ravennatibus,
3368 893 3654 968 consecra-

2087 960 2252 1032 tione,
2294 960 2395 1023 sibi
2437 967 2527 1037 jus
2562 968 2841 1037 quaesitum
2877 965 3238 1037 ass_eruisset_,_
3262 963 3650 1037 intercedendo

2087 1037 2413 1107 palliumque
2437 1032 2594 1091 'novd
2635 1037 2804 1091 electo
2857 1034 3129 1107 tradendo.
3195 1032 3376 1107 Neque
3401 1048 3483 1107 _eo
3530 1036 3652 1090 loco

2086 1102 2294 1161 tantum
2325 1102 2589 1175 'Agnellus
2628 1105 2954 1160 Ravennatis
2982 1102 3652 1175 metropolitauiRomano

2085 1176 2322 1245 pontifici
2352 1173 2739 1245 subjectionem
2779 1182 3026 1245 testatur,
3068 1174 3242 1245 sedet
3271 1173 3399 1245 alibi
3420 1177 3650 1243 praecla-

2085 1242 2328 1306 rissime;
2379 1242 2462 1300 in'
2479 1247 2664 1316 primis
2707 1261 2831 1300 vero
2881 1245 2933 1298 in
2987 1242 3210 1316 Ecclesii
3252 1242 3650 1316 archiepiscopi

2085 1317 2205 1371 Vita
2231 1358 2245 1381 ,
2293 1317 2383 1371 ubi
2413 1313 2534 1371 cuin
2564 1316 2783 1371 dissidia
2825 1314 3072 1384 exposuit
3112 1313 3250 1384 inter
3288 1313 3572 1384 praesulem
3596 1313 3656 1371 et

2074 1387 2289 1461 'clerum
2308 1388 2517 1450 oborta,
2542 1402 2602 1461 ea
2626 1382 2950 1461 auctoritate
2969 1382 3197 1461 Romani
3220 1383 3657 1461 pontificiscom-

2082 1457 2258 1526 posita
2296 1473 2402 1511 non
2446 1457 2603 1511 modo
2628 1457 2733 1520 ait,
2780 1455 2872 1510 sed
2910 1464 2965 1526 et
3002 1454 3207 1526 insigne
3234 1454 3347 1526 ejus
3377 1454 3453 1507 rei
3480 1456 3649 1510 docu-

2083 1522 2321 1582 mentum
2351 1535 2507 1581 antea
2541 1526 2795 1581 ineditum
2821 1524 2975 1579 nobis
2994 1522 3229 1585 exhibet,
3266 1522 3471 1578 litteras
3498 1526 3649 1580 vide-

2083 1597 2210 1679 licet
2231 1596 2422 1679 Felicis
2451 1612 2602 1679 papa:
2645 1594 2762 1679 ejus
2800 1591 3157 1679 uoniinis‘lV.
3182 1591 3482 1679 Aliundene
3512 1595 3648 1679 vali-

2084 1668 2235 1722 diora
2280 1663 2465 1721 haberi
2506 1663 2730 1736 possunt
2784 1663 3376 1736 argunienta,_tptibus
3419 1664 3647 1736 etfalsa

2086 1739 2408 1793 evincantur
2440 1732 2633 1791 tradita
2673 1735 2740 1789 de
2770 1732 3162 1803 metropolitani
3201 1732 3532 1803 Ravennatis
3556 1733 3649 1803 ju—

2088 1808 2164 1863 ris
2206 1807 2423 1870 initiis,.
2446 1817 2499 1861 et
2546 1807 2786 1874 iniquam
2834 1801 3054 1875 prorsus
3107 1801 3276 1856 Mauri
3316 1801 3647 1860 schismatici

2086 1885 2344 1948 tentatam
2373 1917 2387 1942 ,
2435 1876 2773 1948 imperatoris
2819 1885 2873 1929 et
2917 1875 3181 1948 exarchze
3208 1886 3326 1948 ope,
3379 1877 3649 1948 rhenon-

2081 1947 2262 2003 λαίανῖ
2284 1943 2537 2017 Agnellus
2556 1945 2781 2015 proinde
2811 1961 2841 1999 e
2868 1944 3102 2017 tenebris
3132 1943 3482 2017 vindicandos
3505 1943 3648 2011 erat,

2082 2020 2150 2073 ob
2177 2019 2230 2072 id
2253 2012 2485 2072 maxime
2511 2012 2651 2086 quod
2685 2032 2810 2086 quae
2834 2013 3110 2086 cuni‘falso
3136 2012 3330 2086 tradita
3359 2014 3585 2086 fuissent
3615 2032 3647 2069 a

2083 2087 2471 2143 recentioribus
2503 2082 2750 2156 a'tloptata
2801 2085 2917 2155 ipso
2960 2082 3194 2156 laudato,
3223 2083 3316 2156 sed
3346 2083 3648 2154 deperdita,

2082 2158 2307 2226 alicujus
2333 2157 2588 2211 momenti
2607 2152 2984 2226 habebantur;
3017 2155 3106 2226 sed
3134 2161 3190 2207 et
3215 2152 3284 2207 ob
3303 2167 3367 2207 ea
3394 2152 3520 2226 qua:
3537 2172 3649 2210 non

2081 2224 2384 2297 spernendo
2418 2227 2663 2297 veritatis
2686 2236 2739 2280 et
2769 2225 3006 2297 historia;
3032 2225 3171 2297 bono
3190 2238 3358 2297 ,_cu_m
3391 2224 3651 2297 prmjudi-

2081 2292 2198 2353 cata
2231 2296 2483 2367 opinione
2526 2296 2662 2351 haud
2700 2297 2934 2358 ducitur,
2959 2293 3198 2367 pluribus
3219 2294 3272 2347 in
3300 2292 3432 2367 locis
3459 2292 3646 2362 habet,

2080 2384 2145 2423 ac
2169 2364 2383 2423 demum
2410 2367 2573 2421 etiam
2599 2368 2666 2420 ob
2706 2383 2768 2419 ea
2799 2381 2917 2435 quae
2948 2379 3063 2437 non
3093 2364 3411 2437 habet_,tsed
3450 2381 3651 2437 magno

2077 2439 2364 2493 verborum
2401 2445 2660 2507 apparatu
2695 2452 2726 2489 a
2762 2434 3152 2490 recentioribus
3190 2434 3308 2488 orbi
3349 2434 3651 2491 obtruditn-

2079 2516 2187 2561 tur.

2151 2576 2280 2633 Vill.
2318 2577 2488 2633 Porro
2520 2577 2565 2632 si
2599 2576 2880 2630 veritatem
2907 2590 3183 2637 amamus,
3206 2570 3335 2629 licet
3358 2574 3647 2644 barbarus,

2079 2664 2261 2703 rerum
2286 2657 2341 2702 et
2364 2657 2666 2717 temporum
2692 2646 2912 2717 ignarus
2949 2660 3012 2700 ac
3040 2644 3324 2717 indiligens
3353 2646 3423 2698 sit
3445 2645 3648 2717 Agnel-

2078 2717 2182 2790 lus,
2212 2720 2399 2790 negari
2431 2713 2611 2773 tamen
2647 2713 2832 2785 nequit
2861 2715 3012 2790 plura
3053 2729 3118 2769 ex
3152 2713 3265 2790 ejus
3286 2729 3465 2790 eperc
3499 2713 3649 2790 han-

2078 2789 2206 2843 cisci
2226 2785 2415 2853 lic'ere,
2442 2803 2561 2858 quae
2591 2802 2799 2843 sacram
2835 2785 3223 2858 profanamque
3249 2785 3526 2858 historiam
3549 2785 3647 2855 ju-

2078 2805 2206 2843 ειεοι
2227 2802 2415 2853 licere,
2442 2803 2561 2858 quae
2591 2802 2799 2843 sacram
2835 2802 3223 2910 Bromnamque
3249 2802 3526 2839 msmrtam
3549 2802 3642 2855 ju-

2075 2869 2222 2913 vent.
2265 2860 2467 2916 Omitto
2496 2859 2550 2912 in
2572 2857 2831 2927 superiori
2875 2871 2937 2910 us
2958 2855 3198 2927 laudata,
3224 2871 3343 2927 qua:
3362 2856 3642 2927 hominem

2077 2930 2479 2985 schismaticum
2504 2937 2560 2982 et
2584 2924 2812 2981 Romani
2839 2925 3161 2981 sanctissimi
3180 2924 3320 2993 juris
3357 2926 3646 2996 impatien-

2079 3007 2193 3063 tem,
2218 3000 2443 3064 dixisse,
2468 2997 2712 3068 prodigio
2736 2996 2912 3052 simile
2940 3006 3054 3058 est;
3090 2996 3222 3068 dixit
3244 3006 3421 3068 tamen
3452 2996 3645 3066 q'uam-

2078 3068 2157 3140 vis
2177 3072 2423 3140 partibus
2450 3066 2697 3132 studens,
2730 3076 2782 3121 et
2817 3083 3017 3140 magno
3046 3066 3291 3140 veritatis
3316 3067 3456 3140 bono
3481 3068 3641 3124 dixit.

2076 3136 2276 3194 Verum
2314 3142 2365 3194 in
2393 3141 2697 3209 plerisque,
2745 3153 2865 3207 quae
2910 3136 3055 3191 nullo
3101 3136 3258 3209 modo
3291 3136 3510 3209 odorem
3536 3154 3645 3208 quo

2075 3219 2211 3264 testa
2239 3205 2601 3273 imbuébatur,
2640 3205 2951 3276 sapiebant,
2981 3222 3078 3262 cur
3106 3205 3236 3260 ﬁdes
3274 3206 3322 3260 ei
3346 3222 3452 3261 non
3484 3205 3642 3263 adhi-

2067 3280 2262 3333 beatur
2301 3288 2357 3334 et
2396 3280 2442 3334 si
2473 3279 2810 3339 adhibeatur,
2842 3290 2955 3349 cur
3001 3291 3104 3349 non
3145 3277 3277 3349 utile
3322 3278 3466 3349 quod
3506 3294 3643 3349 pene

2070 3350 2406 3419 deperditum
2428 3365 2562 3416 opus
2583 3348 2808 3402 (tiatur?
2834 3347 2890 3402 Si
2922 3348 3049 3417 quid
3081 3346 3133 3399 in
3158 3346 3641 3419 chronologia'Ra-

2070 3417 2358 3473 vcnnatum
2386 3420 2727 3490 pontilicum,
2744 3433 2911 3490 quam
2938 3417 3418 3490 Dissertationibus
3442 3432 3642 3473 ornare

2068 3498 2293 3544 conatus
2314 3486 2430 3544 sum
2455 3531 2469 3553 ,
2502 3490 2627 3544 boui
2665 3486 3037 3551 adiuveneris,
3089 3487 3134 3541 si
3159 3487 3285 3555 quid
3318 3486 3409 3540 tibi
3443 3492 3642 3556 proba-

2068 3560 2234 3625 bitur,
2259 3562 2468 3615 erudite
2497 3559 2687 3620 lector,
2717 3560 2885 3612 facem
2915 3556 3148 3627 przetulit
3172 3556 3446 3627 Agnellus,
3490 3559 3628 3612 anti-

2066 3630 2199 3702 quis
2211 3630 2443 3702 diptycis
2480 3629 2801 3702 perspectis,
2847 3628 3301 3702 inscriptionibus
3325 3627 3633 3698 descriptis,

2067 3698 2410 3755 basilicarum
2460 3698 2684 3754 musivis
2729 3698 2911 3753 relatis
2933 3742 2946 3762 ,
2976 3698 3199 3768 digestis
3232 3698 3639 3768 etiam,quam—

2067 3770 2150 3841 vis
2193 3771 2395 3841 absque
2445 3770 2686 3833 delectu,
2729 3784 2846 3838 qua:
2886 3769 3004 3841 sibi
3028 3767 3266 3822 Seniores
3315 3767 3632 3841 retulerant.

2065 3838 2381 3894 Antistitum
2422 3841 2795 3895 Ravennatum
2838 3838 3175 3893 sanctitatem
3195 3879 3209 3902 ,
3235 3854 3418 3891 eorum
3446 3840 3635 3907 praaci-

2065 3926 2171 3980 pue
2204 3926 2339 3980 quos
2360 3910 2595 3980 publicis
2612 3910 2752 3964 votis
2772 3908 3345 3980 catholicaveneratur
3370 3908 3630 3975 Ecclesia,

2065 3978 2271 4050 primus
2303 3978 2543 4035 omnium
2587 3979 2855 4045 laudavit,
2901 3978 3185 4047 effecitque
3227 3988 3284 4032 ut
3322 3980 3630 4050 earumdem

2063 4049 2199 4106 Acta
2242 4065 2619 4115 nosceremus,
2662 4065 2781 4118 quae
2825 4049 2957 4104 alias
2988 4050 3309 4118 periissent;
3353 4049 3406 4102 in
3442 4049 3633 4118 primis

2065 4137 2194 4175 vero
2221 4129 2529 4176 sanctorum
2556 4120 2913 4190 Apollinaris,
2958 4128 3011 4174 et
3039 4119 3247 4183 Severi,
3277 4135 3413 4189 quos
3442 4119 3533 4188 qui
3565 4135 3627 4174 ex

2064 4192 2296 4261 posteris
2320 4191 2579 4247 encomiis
2611 4192 2849 4245 venerati
2879 4201 3003 4246 sunt
3022 4232 3037 4253 ,
3079 4190 3359 4261 Agneltuni
3389 4205 3629 4258 prmcen-

2067 4259 2233 4317 torem
2261 4262 2533 4328 habuisse,
2568 4262 2742 4316 nullus
2776 4262 2986 4317 inﬁcias
3011 4259 3330 4314 ibit.'1Edes
3365 4276 3547 4315 sacras
3576 4270 3627 4315 et

2062 4348 2250 4387 eorum
2299 4342 2521 4388 ornatus
2568 4332 2888 4401 descripsit,
2940 4332 3226 4401 docuitque
3257 4332 3378 4399 quis
3415 4341 3626 4401 auctor,

2063 4402 2278 4472 quando
2320 4404 2550 4472 primum
2599 4400 2937 4465 constructae,
2987 4400 3181 4470 quibus
3205 4400 3485 4472 expensis;
3514 4414 3628 4455 em-

474 4464 575 4519 Vll.
612 4464 1103 4542 Intererat—itaque
1146 4480 1208 4522 ut
1246 4468 1501 4542 Agnellus
1528 4469 1812 4534 ederetur;
1861 4470 1957 4526 de-
1985 4467 2039 4527 D
2064 4464 2293 4527 lilemata
2321 4464 2537 4542 quoque
2573 4480 2627 4525 et
2654 4474 2972 4542 epigraphas
3002 4464 3196 4539 sapius
3226 4464 3487 4525 vcrbatim
3518 4472 3631 4525 eili-

395 4535 499 4588 leta
529 4536 725 4607 etenim
754 4538 981 4591 testibus
1011 4535 1314 4605 lutjusmodi
1344 4555 1427 4599 ea,
1460 4535 1619 4607 quam
1650 4551 1833 4593 contra
1867 4557 1957 4594 ve-

394 4607 609 4659 ritatem
633 4605 850 4661 Rubcus
874 4609 1212 4673 obtruscrat,
1255 4605 1525 4677 opinione,
1562 4610 1662 4663 hac
1700 4610 1784 4662 via
1815 4609 1957 4665 futu—

396 4690 513 4729 rum
534 4686 758 4751 eratut
797 4686 1213 4751 cognosceretur
1242 4680 1627 4751 narrationem,
1663 4697 1692 4733 a
1723 4696 1817 4734 sua
1848 4682 1957 4751 pri-

391 4762 559 4801 nueva
603 4747 841 4818 origine,
896 4750 992 4801 niti
1021 4748 1163 4803 fluxo
1197 4749 1554 4817 imbecillique
1586 4747 1953 4817 fundamento,

392 4826 567 4871 ortam
620 4818 835 4888 insuper
864 4820 1171 4874 schismatis
1208 4829 1483 4888 tempore,
1534 4828 1588 4873 et
1634 4820 1857 4875 relatam
1901 4823 1954 4877 in

392 4888 608 4959 scriptis
633 4905 663 4941 a
689 4889 803 4943 solo
850 4899 1069 4943 auctore
1112 4892 1237 4945 noni
1275 4891 1474 4953 seculi,
1510 4889 1761 4947 Romana:
1788 4892 1955 4959 digni-

391 4957 518 5031 tatis
545 4960 735 5023 hoste,
785 4969 840 5015 et
889 4976 1065 5013 rerum
1110 4960 1412 5029 lntjusmodi
1446 4961 1825 5029 incompeteuti
1848 4957 1952 5031 “ju-

391 5027 662 5099 diceﬂnec
682 5031 967 5099 autiquiori
1000 5040 1136 5084 teste
1169 5027 1307 5085 tradi
1331 5027 1770 5086 admodum—ullo.
1797 5027 1953 5088 Edito

391 5068 507 5082 mw
563 5068 662 5085 ..νυ
682 5068 792 5085 ......
1001 5068 1136 5084 .w...
1171 5068 1307 5085 .......
1331 5068 1616 5085 suum“...
1647 5068 1770 5086 μην.
1797 5068 1950 5088 mm,

387 5068 633 5170 Agnello,
659 5115 725 5154 ex
756 5068 871 5170 ipso
902 5101 1025 5154 mali
1055 5101 1200 5155 fonte
1226 5101 1461 5155 futurum
1488 5110 1606 5157 erat
1633 5114 1693 5156 ut
1718 5105 1950 5157 remedia

389 5168 721 5241 validissima
761 5168 1101 5226 haberemus.
1156 5171 1358 5225 Auctor
1390 5173 1528 5225 idem
1559 5174 1700 5240 quod
1730 5174 1953 5241 protulit

389 5240 456 5292 de
483 5241 677 5313 collato
727 5242 887 5310 pallio
931 5257 1026 5311 per
1067 5241 1500 5313 Valentinianum
1543 5240 1955 5313 Augustum,et

386 5312 702 5383 metropolis
734 5313 1029 5383 erectione,
1061 5311 1315 5379 subjectis
1344 5311 1951 5383 duodecim‘cpiscopis,

387 5376 580 5434 Joanni
625 5380 932 5504 Angelopti,
996 5376 1357 5436 etunmcntum
1402 5382 1611 5437 evertit.
1656 5376 1955 5439 Verum-si;

387 5448 603 5504 ttuidem
629 5451 718 5504 nul
739 5467 773 5504 o
796 5456 954 5504 modo
977 5468 1095 5504 esse
1118 5449 1295 5504 potest
1330 5453 1382 5504 id
1421 5453 1561 5504 quod
1595 5453 1661 5504 de
1705 5454 1788 5504 his
1818 5456 1954 5504 scri-

378 5448 603 5521 quidem
629 5448 773 5505 nullo
796 5448 954 5506 modo
977 5468 1095 5507 esse
1118 5449 1295 5521 potest
1330 5453 1382 5506 id
1421 5453 1561 5521 quod
1595 5453 1661 5507 de
1705 5454 1788 5507 his
1818 5456 1954 5509 scri-

387 5519 497 5642 psit
523 5522 630 5579 ille.
662 5523 706 5576 si
755 5519 1251 5603 componatut'cum
1287 5519 1519 5575 narratis
1554 5523 1607 5575 in
1630 5525 1749 5577 Vita
1779 5526 1950 5579 sancti

433 5591 532 5642 ett'i
583 5592 917 5642 Chrvsolom.
957 5591 1178 5642 Joannis
1206 5592 1446 5642 uncditzti
1489 5593 1778 5642 immediati
1832 5612 1950 5642 sm:-

433 5591 532 5643 etri
583 5591 918 5663 Chrysologi,
957 5591 1178 5646 Joannis
1206 5592 1453 5663 praedicti
1489 5593 1779 5649 inunediati
1832 5612 1951 5648 suc-

389 5663 641 5723 cessoris,
673 5664 762 5730 qui
800 5671 930 5715 ntttu
978 5664 1158 5729 divino
1199 5678 1228 5715 a
1282 5662 1532 5730 pontifice
1572 5663 1811 5719 Romano
1850 5667 1951 5718 Ra-

391 5742 576 5784 vennm
607 5734 887 5802 cpiscopus
920 5743 1266 5788 consecratus
1291 5736 1379 5799 sit,
1412 5733 1800 5790 rcluctautiiuts
1830 5736 1954 5789 licet

2064 4544 2162 4606 dit,
2192 4558 2313 4620 qua:
2360 4544 2492 4596 alias
2524 4543 2933 4620 ignoraremus;
2973 4551 3219 4620 veterem
3244 4542 3404 4595 etiam
3441 4556 3625 4620 sacro-

2062 4630 2181 4667 rum
2212 4611 2450 4678 rituum,
2498 4621 2554 4667 et
2591 4612 2837 4681 liturgica
2885 4612 3112 4681 plurima
3140 4611 3220 4666 sui
3249 4621 3302 4666 et
3323 4611 3630 4680 pneccden-

2064 4684 2195 4736 tium
2214 4692 2535 4805 temporum,
2559 4684 2712 4737 nobis
2734 4684 2844 4737 fere
2867 4681 3049 4753 ignota
3070 4683 3319 4737 servavit.
3347 4681 3625 4743 Novimus,

2064 4763 2120 4805 ut
2149 4769 2326 4805 nonnu
2352 4753 2402 4805 la
2446 4753 2755 4805 singillatim
2797 4754 3055 4805 attingam
3076 4792 3091 4805 .
3124 4752 3187 4805 D.
3218 4752 3361 4805 Petri
3388 4751 3625 4805 Chrvso-

2062 4763 2120 4807 ut
2149 4751 2402 4807 nonnulla
2446 4753 2755 4823 singillatim
2797 4751 3055 4823 attingam
3076 4792 3091 4817 ,
3124 4752 3187 4806 D.
3218 4752 3361 4806 Petri
3388 4751 3627 4823 Chryso-

2062 4823 2164 4892 logi
2190 4840 2380 4878 versus
2406 4824 2459 4877 in
2483 4822 2721 4878 oratorio
2754 4822 2810 4877 S.
2842 4822 3068 4877 Andrcte
3098 4824 3330 4892 positos,
3362 4822 3453 4891 qui
3482 4824 3628 4875 auri-

2060 4893 2259 4949 cularis
2289 4893 2689 4963 Exomologesis
2714 4895 2920 4964 praxim
2945 4895 3196 4964 probent;
3222 4893 3627 4964 novinmsinte-

2053 4981 2201 5035 grain
2248 4965 2485 5034 ejusdem
2529 4963 2990 5033 sancti’prazsulis
3030 4964 3310 5034 epistolam
3353 4963 3419 5016 ad
3456 4963 3623 5035 But):

2055 5038 2264 5090 chetcm
2319 5035 2540 5105 datam,
2589 5049 2752 5105 quam
2808 5035 2861 5088 in
2917 5035 3305 5089 recentioribus
3346 5034 3622 5105 Vaticanm

2054 5105 2390 5160 hibliothccze
2420 5103 2694 5159 codicibus
2726 5104 2933 5159 duobus
2959 5106 3292 5158 decurtatam
3322 5104 3454 5157 vidit
3511 5103 3619 5156 Ge-

2058 5177 2290 5229 rhardus
2324 5177 2564 5238 Vossius,
2595 5176 2738 5228 unde
2768 5175 3093 5229 recentiores
3120 5175 3289 5230 critici
3317 5189 3506 5228 ansam
3527 5189 3619 5227 ac-

2055 5262 2268 5315 cepere,
2292 5256 2559 5313 postrema
2586 5246 2746 5298 verba
2771 5245 2997 5300 Romani
3019 5246 3287 5316 pontilicis
3315 5245 3619 5300 deﬁnientis

2058 5316 2490 5370 iutaliibilitatem
2514 5316 2807 5369 astruentia
2828 5356 2843 5380 ,
2879 5324 3129 5385 tanquam
3159 5316 3356 5371 recenti
3398 5330 3619 5385 mango—

2024 5386 2147 5440 rnio
2195 5385 2425 5453 adjecta,
2465 5387 2779 5449 accusandi;
2830 5388 3076 5440 novimus
3112 5385 3240 5441 cleri
3290 5386 3618 5440 Ravennatis

2055 5456 2285 5510 formam
2320 5466 2429 5509 tum
2459 5472 2526 5510 ex
2562 5456 2755 5510 Felicis
2786 5456 2853 5510 lV
2874 5456 3214 5526 pnelaudatis
3244 5455 3436 5511 litteris
3457 5497 3472 5519 ,
3506 5466 3616 5507 tum

2055 5527 2250 5597 saapius
2274 5526 2431 5590 alibi,
2478 5536 2532 5580 et
2572 5526 2869 5580 reddituum
2907 5526 3406 5597 Adistribuendorum
3451 5526 3614 5579 ratio-

2058 5595 2201 5658 nein,
2236 5612 2334 5651 nec
2366 5612 2467 5652 non
2495 5596 2844 5666 insigniornm
2873 5595 3188 5650 clericorttm
3213 5598 3386 5651 oliieia
3417 5606 3469 5650 ct
3503 5612 3617 5650 niu-

2057 5684 2206 5720 nera.
2250 5667 2372 5721 Haec
2401 5679 2455 5721 et
2497 5665 2646 5737 plura
2686 5666 2788 5719 alia
2830 5681 2894 5719 ex
2931 5665 3155 5737 Agnello
3177 5668 3441 5731 novimus,
3474 5683 3611 5737 quze,

2057 5738 2179 5792 licet
2211 5738 2411 5808 absque
2436 5732 2621 5793 ordine
2650 5738 2934 5807 inepteque
2965 5732 3162 5794 tradita
3191 5739 3327 5801 sint,
3360 5754 3465 5793 non
3492 5732 3614 5794 ideo
