  <div class='ocr_page' id='page_1' title='image "/cluster/home/n/w/nwhite01/storage/ocr_20150623/106/hvd.32044054759717/229.png"; bbox 0 0 3910 6182; ppageno 0'>
   <div class='ocr_carea' id='block_1_1' title="bbox 490 297 591 353">
    <p class='ocr_par' dir='ltr' id='par_1_1' title="bbox 490 297 591 353">
     <span class='ocr_line' id='line_1_1' title="bbox 490 297 591 353; baseline 0 0"><span class='ocrx_word' id='word_1_1' title='bbox 490 297 591 353; x_wconf 73' lang='grc' dir='ltr'>ιιτ</span> 
     </span>
    </p>
   </div>
   <div class='ocr_carea' id='block_1_2' title="bbox 1170 296 3005 369">
    <p class='ocr_par' dir='ltr' id='par_1_2' title="bbox 1170 296 3005 369">
     <span class='ocr_line' id='line_1_2' title="bbox 1170 296 3005 369; baseline 0 -15"><span class='ocrx_word' id='word_1_2' title='bbox 1170 296 1548 369; x_wconf 58' lang='grc' dir='ltr'><strong>ἈῼΝΕΙιιυὸ</strong></span> <span class='ocrx_word' id='word_1_3' title='bbox 1582 298 1801 355; x_wconf 84' lang='lat' dir='ltr'><strong>ABBAS</strong></span> <span class='ocrx_word' id='word_1_4' title='bbox 1837 300 1892 355; x_wconf 88' lang='lat' dir='ltr'><strong>S.</strong></span> <span class='ocrx_word' id='word_1_5' title='bbox 1930 299 2165 354; x_wconf 68' lang='grc' dir='ltr'><strong>ΜΛΙίΙίΕ</strong></span> <span class='ocrx_word' id='word_1_6' title='bbox 2203 300 2293 355; x_wconf 79' lang='lat' dir='ltr'><strong>AD</strong></span> <span class='ocrx_word' id='word_1_7' title='bbox 2330 299 2807 368; x_wconf 77' lang='lat' dir='ltr'><strong>BLACHERNAS,</strong></span> <span class='ocrx_word' id='word_1_8' title='bbox 2847 299 3005 354; x_wconf 88' lang='lat' dir='ltr'><strong>ETC.</strong></span> 
     </span>
    </p>
   </div>
   <div class='ocr_carea' id='block_1_3' title="bbox 3623 299 3731 354">
    <p class='ocr_par' dir='ltr' id='par_1_3' title="bbox 3623 299 3731 354">
     <span class='ocr_line' id='line_1_3' title="bbox 3623 299 3731 354; baseline 0 0"><span class='ocrx_word' id='word_1_9' title='bbox 3623 299 3731 354; x_wconf 66' lang='grc'><strong>443</strong></span> 
     </span>
    </p>
   </div>
   <div class='ocr_carea' id='block_1_4' title="bbox 488 412 3733 486">
    <p class='ocr_par' dir='ltr' id='par_1_4' title="bbox 488 412 3733 486">
     <span class='ocr_line' id='line_1_4' title="bbox 488 412 3733 486; baseline -0.001 -17"><span class='ocrx_word' id='word_1_10' title='bbox 488 412 889 486; x_wconf 86' lang='lat' dir='ltr'><strong>cumventiones</strong></span> <span class='ocrx_word' id='word_1_11' title='bbox 912 414 1277 486; x_wconf 84' lang='lat' dir='ltr'><strong>episcoporum</strong></span> <span class='ocrx_word' id='word_1_12' title='bbox 1310 428 1406 486; x_wconf 87' lang='lat' dir='ltr'><strong>vos</strong></span> <span class='ocrx_word' id='word_1_13' title='bbox 1432 413 1684 484; x_wconf 88' lang='lat' dir='ltr'><strong>abcgistis</strong></span> <span class='ocrx_word' id='word_1_14' title='bbox 1704 434 1720 465; x_wconf 77' lang='grc' dir='ltr'><strong>ι</strong></span> <span class='ocrx_word' id='word_1_15' title='bbox 1745 429 1760 478; x_wconf 91' lang='grc'><strong>;</strong></span> <span class='ocrx_word' id='word_1_16' title='bbox 1786 429 1885 469; x_wconf 89' lang='lat' dir='ltr'><strong>nec</strong></span> <span class='ocrx_word' id='word_1_17' title='bbox 1903 413 2053 486; x_wconf 85' lang='lat' dir='ltr'><strong>quid—</strong></span> <span class='ocrx_word' id='word_1_18' title='bbox 2078 415 2126 473; x_wconf 81' lang='grc' dir='ltr'><strong>Α</strong></span> <span class='ocrx_word' id='word_1_19' title='bbox 2154 428 2296 477; x_wconf 89' lang='lat' dir='ltr'><strong>cere,</strong></span> <span class='ocrx_word' id='word_1_20' title='bbox 2347 414 2461 486; x_wconf 78' lang='lat' dir='ltr'><strong>nisi</strong></span> <span class='ocrx_word' id='word_1_21' title='bbox 2490 413 2684 486; x_wconf 47' lang='lat' dir='ltr'><strong>Leonis</strong></span> <span class='ocrx_word' id='word_1_22' title='bbox 2725 416 3016 486; x_wconf 69' lang='lat' dir='ltr'><strong>consensus</strong></span> <span class='ocrx_word' id='word_1_23' title='bbox 3055 415 3353 486; x_wconf 74' lang='lat' dir='ltr'><strong>accederet.</strong></span> <span class='ocrx_word' id='word_1_24' title='bbox 3400 412 3479 486; x_wconf 87' lang='lat' dir='ltr'><strong>ld_</strong></span> <span class='ocrx_word' id='word_1_25' title='bbox 3507 422 3733 486; x_wconf 78' lang='lat' dir='ltr'><strong>constat</strong></span> 
     </span>
    </p>
   </div>
   <div class='ocr_carea' id='block_1_5' title="bbox 488 484 1732 553">
    <p class='ocr_par' dir='ltr' id='par_1_5' title="bbox 488 484 1732 553">
     <span class='ocr_line' id='line_1_5' title="bbox 488 484 1732 553; baseline -0.001 -16"><span class='ocrx_word' id='word_1_26' title='bbox 488 498 650 553; x_wconf 89' lang='lat' dir='ltr'><strong>quam</strong></span> <span class='ocrx_word' id='word_1_27' title='bbox 676 485 1047 553; x_wconf 22' lang='lat' dir='ltr'><strong>inicanonibus</strong></span> <span class='ocrx_word' id='word_1_28' title='bbox 1068 486 1134 539; x_wconf 82' lang='lat' dir='ltr'><strong>de</strong></span> <span class='ocrx_word' id='word_1_29' title='bbox 1154 498 1215 538; x_wconf 93' lang='lat' dir='ltr'><strong>ea</strong></span> <span class='ocrx_word' id='word_1_30' title='bbox 1246 498 1304 537; x_wconf 90' lang='lat' dir='ltr'><strong>re</strong></span> <span class='ocrx_word' id='word_1_31' title='bbox 1332 484 1604 538; x_wconf 87' lang='lat' dir='ltr'><strong>decretum</strong></span> <span class='ocrx_word' id='word_1_32' title='bbox 1631 492 1732 538; x_wconf 87' lang='lat' dir='ltr'><strong>est.</strong></span> 
     </span>
    </p>
   </div>
   <div class='ocr_carea' id='block_1_6' title="bbox 562 551 2052 616">
    <p class='ocr_par' dir='ltr' id='par_1_6' title="bbox 562 551 2052 616">
     <span class='ocr_line' id='line_1_6' title="bbox 562 551 2052 616; baseline 0 -9"><span class='ocrx_word' id='word_1_33' title='bbox 562 552 679 607; x_wconf 76' lang='lat' dir='ltr'><strong>XX.</strong></span> <span class='ocrx_word' id='word_1_34' title='bbox 732 551 832 606; x_wconf 84' lang='lat' dir='ltr'><strong>llic</strong></span> <span class='ocrx_word' id='word_1_35' title='bbox 878 555 1152 609; x_wconf 80' lang='lat' dir='ltr'><strong>enimvero</strong></span> <span class='ocrx_word' id='word_1_36' title='bbox 1199 553 1492 609; x_wconf 72' lang='lat' dir='ltr'><strong>doctissimi</strong></span> <span class='ocrx_word' id='word_1_37' title='bbox 1550 553 1925 616; x_wconf 81' lang='lat' dir='ltr'><strong>Thomassini,</strong></span> <span class='ocrx_word' id='word_1_38' title='bbox 1985 552 2052 608; x_wconf 90' lang='lat' dir='ltr'><strong>de</strong></span> 
     </span>
    </p>
   </div>
   <div class='ocr_carea' id='block_1_7' title="bbox 490 622 2052 693">
    <p class='ocr_par' dir='ltr' id='par_1_7' title="bbox 490 622 2052 693">
     <span class='ocr_line' id='line_1_7' title="bbox 490 622 2052 693; baseline -0.003 -13"><span class='ocrx_word' id='word_1_39' title='bbox 490 637 625 679; x_wconf 89' lang='lat' dir='ltr'><strong>nova</strong></span> <span class='ocrx_word' id='word_1_40' title='bbox 657 631 714 677; x_wconf 89' lang='lat' dir='ltr'><strong>et</strong></span> <span class='ocrx_word' id='word_1_41' title='bbox 743 632 849 677; x_wconf 85' lang='lat' dir='ltr'><strong>vet.</strong></span> <span class='ocrx_word' id='word_1_42' title='bbox 882 624 1222 693; x_wconf 59' lang='lat' dir='ltr'><strong>Disc.,&#39;part.</strong></span> <span class='ocrx_word' id='word_1_43' title='bbox 1272 640 1311 686; x_wconf 84' lang='grc' dir='ltr'><strong>ι⁹</strong></span> <span class='ocrx_word' id='word_1_44' title='bbox 1355 623 1446 678; x_wconf 89' lang='lat' dir='ltr'><strong>lib.</strong></span> <span class='ocrx_word' id='word_1_45' title='bbox 1491 639 1529 693; x_wconf 79' lang='grc' dir='ltr'>ι,</span> <span class='ocrx_word' id='word_1_46' title='bbox 1575 638 1689 690; x_wconf 90' lang='lat' dir='ltr'><strong>cap.</strong></span> <span class='ocrx_word' id='word_1_47' title='bbox 1740 622 1830 687; x_wconf 79' lang='lat'><strong>59,</strong></span> <span class='ocrx_word' id='word_1_48' title='bbox 1861 622 2052 676; x_wconf 88' lang='lat' dir='ltr'><strong>mentis</strong></span> 
     </span>
    </p>
   </div>
   <div class='ocr_carea' id='block_1_8' title="bbox 490 692 2053 763">
    <p class='ocr_par' dir='ltr' id='par_1_8' title="bbox 490 692 2053 763">
     <span class='ocr_line' id='line_1_8' title="bbox 490 692 2053 763; baseline -0.001 -17"><span class='ocrx_word' id='word_1_49' title='bbox 490 693 675 763; x_wconf 79' lang='lat' dir='ltr'><strong>aciein</strong></span> <span class='ocrx_word' id='word_1_50' title='bbox 698 693 881 747; x_wconf 85' lang='lat' dir='ltr'><strong>mirari</strong></span> <span class='ocrx_word' id='word_1_51' title='bbox 930 692 1103 753; x_wconf 49' lang='lat' dir='ltr'><strong>subit;</strong></span> <span class='ocrx_word' id='word_1_52' title='bbox 1136 694 1225 763; x_wconf 89' lang='lat' dir='ltr'><strong>qui</strong></span> <span class='ocrx_word' id='word_1_53' title='bbox 1268 694 1322 747; x_wconf 90' lang='lat' dir='ltr'><strong>in</strong></span> <span class='ocrx_word' id='word_1_54' title='bbox 1364 693 1447 747; x_wconf 86' lang='lat' dir='ltr'><strong>bis</strong></span> <span class='ocrx_word' id='word_1_55' title='bbox 1480 692 1930 747; x_wconf 81' lang='lat' dir='ltr'><strong>Chalcedonensis</strong></span> <span class='ocrx_word' id='word_1_56' title='bbox 1966 707 2053 760; x_wconf 86' lang='lat' dir='ltr'><strong>sy-</strong></span> 
     </span>
    </p>
   </div>
   <div class='ocr_carea' id='block_1_9' title="bbox 489 762 2051 833">
    <p class='ocr_par' dir='ltr' id='par_1_9' title="bbox 489 762 2051 833">
     <span class='ocr_line' id='line_1_9' title="bbox 489 762 2051 833; baseline -0.001 -16"><span class='ocrx_word' id='word_1_57' title='bbox 489 763 614 833; x_wconf 84' lang='lat' dir='ltr'><strong>nodi</strong></span> <span class='ocrx_word' id='word_1_58' title='bbox 652 762 801 829; x_wconf 78' lang='lat' dir='ltr'><strong>Actjs</strong></span> <span class='ocrx_word' id='word_1_59' title='bbox 835 763 1108 833; x_wconf 83' lang='lat' dir='ltr'><strong>cujusdam</strong></span> <span class='ocrx_word' id='word_1_60' title='bbox 1136 762 1303 816; x_wconf 89' lang='lat' dir='ltr'><strong>mutui</strong></span> <span class='ocrx_word' id='word_1_61' title='bbox 1332 764 1549 818; x_wconf 89' lang='lat' dir='ltr'><strong>honoris</strong></span> <span class='ocrx_word' id='word_1_62' title='bbox 1582 763 1728 817; x_wconf 83' lang='lat' dir='ltr'><strong>vices</strong></span> <span class='ocrx_word' id='word_1_63' title='bbox 1755 762 1916 833; x_wconf 84' lang='lat' dir='ltr'><strong>videt,</strong></span> <span class='ocrx_word' id='word_1_64' title='bbox 1946 777 2051 831; x_wconf 87' lang='lat' dir='ltr'><strong>quo</strong></span> 
     </span>
    </p>
   </div>
   <div class='ocr_carea' id='block_1_10' title="bbox 489 832 2045 901">
    <p class='ocr_par' dir='ltr' id='par_1_10' title="bbox 489 832 2045 901">
     <span class='ocr_line' id='line_1_10' title="bbox 489 832 2045 901; baseline -0.004 -13"><span class='ocrx_word' id='word_1_65' title='bbox 489 848 548 888; x_wconf 88' lang='lat' dir='ltr'><strong>se</strong></span> <span class='ocrx_word' id='word_1_66' title='bbox 570 832 856 901; x_wconf 74' lang='lat' dir='ltr'><strong>imperator</strong></span> <span class='ocrx_word' id='word_1_67' title='bbox 880 832 932 888; x_wconf 89' lang='lat' dir='ltr'><strong>et</strong></span> <span class='ocrx_word' id='word_1_68' title='bbox 949 833 1137 887; x_wconf 89' lang='lat' dir='ltr'><strong>Patres</strong></span> <span class='ocrx_word' id='word_1_69' title='bbox 1164 834 1427 901; x_wconf 78' lang='lat' dir='ltr'><strong>prosecuti</strong></span> <span class='ocrx_word' id='word_1_70' title='bbox 1459 841 1601 885; x_wconf 88' lang='lat' dir='ltr'><strong>sunt.</strong></span> <span class='ocrx_word' id='word_1_71' title='bbox 1630 852 1649 883; x_wconf 75' lang='grc' dir='ltr'><strong>ι</strong></span> <span class='ocrx_word' id='word_1_72' title='bbox 1672 832 2004 895; x_wconf 77' lang='lat' dir='ltr'><strong>Exclamant,</strong></span> <span class='ocrx_word' id='word_1_73' title='bbox 2026 850 2045 882; x_wconf 76' lang='grc' dir='ltr'><strong>ι</strong></span> 
     </span>
    </p>
   </div>
   <div class='ocr_carea' id='block_1_11' title="bbox 490 902 2047 971">
    <p class='ocr_par' dir='ltr' id='par_1_11' title="bbox 490 902 2047 971">
     <span class='ocr_line' id='line_1_11' title="bbox 490 902 2047 971; baseline -0.002 -14"><span class='ocrx_word' id='word_1_74' title='bbox 490 903 663 971; x_wconf 84' lang='lat' dir='ltr'><strong>inquit</strong></span> <span class='ocrx_word' id='word_1_75' title='bbox 718 903 841 965; x_wconf 90' lang='lat' dir='ltr'><strong>ille,</strong></span> <span class='ocrx_word' id='word_1_76' title='bbox 886 923 903 953; x_wconf 80' lang='grc' dir='ltr'><strong>ι</strong></span> <span class='ocrx_word' id='word_1_77' title='bbox 928 904 1138 957; x_wconf 90' lang='lat' dir='ltr'><strong>concilii</strong></span> <span class='ocrx_word' id='word_1_78' title='bbox 1175 903 1359 958; x_wconf 83' lang='lat' dir='ltr'><strong>Patres</strong></span> <span class='ocrx_word' id='word_1_79' title='bbox 1402 912 1583 957; x_wconf 84' lang='lat' dir='ltr'><strong>exerte</strong></span> <span class='ocrx_word' id='word_1_80' title='bbox 1636 902 2047 971; x_wconf 82' lang='lat' dir='ltr'><strong>liberrimeque:</strong></span> 
     </span>
    </p>
   </div>
   <div class='ocr_carea' id='block_1_12' title="bbox 491 970 2054 1043">
    <p class='ocr_par' dir='ltr' id='par_1_12' title="bbox 491 970 2054 1043">
     <span class='ocr_line' id='line_1_12' title="bbox 491 970 2054 1043; baseline -0.001 -18"><span class='ocrx_word' id='word_1_81' title='bbox 491 972 682 1025; x_wconf 80' lang='lat' dir='ltr'><strong>Contra</strong></span> <span class='ocrx_word' id='word_1_82' title='bbox 708 972 911 1042; x_wconf 80' lang='lat' dir='ltr'><strong>regulas</strong></span> <span class='ocrx_word' id='word_1_83' title='bbox 934 974 1252 1043; x_wconf 83' lang='lat' dir='ltr'><strong>pragmatica</strong></span> <span class='ocrx_word' id='word_1_84' title='bbox 1279 972 1408 1027; x_wconf 81' lang='lat' dir='ltr'><strong>nihil</strong></span> <span class='ocrx_word' id='word_1_85' title='bbox 1449 971 1669 1043; x_wconf 70' lang='lat' dir='ltr'><strong>ualeant,</strong></span> <span class='ocrx_word' id='word_1_86' title='bbox 1711 971 1899 1043; x_wconf 67' lang='lat' dir='ltr'><strong>regulae</strong></span> <span class='ocrx_word' id='word_1_87' title='bbox 1926 970 2054 1043; x_wconf 26' lang='lat' dir='ltr'><strong>’Pag</strong></span> 
     </span>
    </p>
   </div>
   <div class='ocr_carea' id='block_1_13' title="bbox 491 1041 2051 1103">
    <p class='ocr_par' dir='ltr' id='par_1_13' title="bbox 491 1041 2051 1103">
     <span class='ocr_line' id='line_1_13' title="bbox 491 1041 2051 1103; baseline 0.001 -9"><span class='ocrx_word' id='word_1_88' title='bbox 491 1052 628 1095; x_wconf 84' lang='lat' dir='ltr'><strong>trum</strong></span> <span class='ocrx_word' id='word_1_89' title='bbox 671 1041 893 1096; x_wconf 75' lang='lat' dir='ltr'><strong>teneant.</strong></span> <span class='ocrx_word' id='word_1_90' title='bbox 936 1041 1138 1098; x_wconf 73' lang='lat' dir='ltr'><strong>Verum</strong></span> <span class='ocrx_word' id='word_1_91' title='bbox 1183 1044 1234 1097; x_wconf 89' lang='lat' dir='ltr'><strong>id</strong></span> <span class='ocrx_word' id='word_1_92' title='bbox 1280 1052 1389 1097; x_wconf 90' lang='lat' dir='ltr'><strong>tum</strong></span> <span class='ocrx_word' id='word_1_93' title='bbox 1437 1041 1647 1095; x_wconf 90' lang='lat' dir='ltr'><strong>demum</strong></span> <span class='ocrx_word' id='word_1_94' title='bbox 1695 1042 1915 1103; x_wconf 78' lang='lat' dir='ltr'><strong>audent,</strong></span> <span class='ocrx_word' id='word_1_95' title='bbox 1960 1042 2051 1096; x_wconf 88' lang='lat' dir='ltr'><strong>ubi</strong></span> 
     </span>
    </p>
   </div>
   <div class='ocr_carea' id='block_1_14' title="bbox 489 1111 2054 1183">
    <p class='ocr_par' dir='ltr' id='par_1_14' title="bbox 489 1111 2054 1183">
     <span class='ocr_line' id='line_1_14' title="bbox 489 1111 2054 1183; baseline 0.001 -19"><span class='ocrx_word' id='word_1_96' title='bbox 489 1111 693 1183; x_wconf 81' lang='lat' dir='ltr'><strong>judices</strong></span> <span class='ocrx_word' id='word_1_97' title='bbox 726 1112 1052 1183; x_wconf 84' lang='lat' dir='ltr'><strong>imperatorii</strong></span> <span class='ocrx_word' id='word_1_98' title='bbox 1084 1113 1220 1167; x_wconf 90' lang='lat' dir='ltr'><strong>votis</strong></span> <span class='ocrx_word' id='word_1_99' title='bbox 1251 1112 1607 1183; x_wconf 83' lang='lat' dir='ltr'><strong>permiserunt</strong></span> <span class='ocrx_word' id='word_1_100' title='bbox 1636 1111 1868 1183; x_wconf 80' lang='lat' dir='ltr'><strong>concilii,</strong></span> <span class='ocrx_word' id='word_1_101' title='bbox 1895 1126 2054 1166; x_wconf 83' lang='lat' dir='ltr'><strong>cano-</strong></span> 
     </span>
    </p>
   </div>
   <div class='ocr_carea' id='block_1_15' title="bbox 491 1180 2053 1252">
    <p class='ocr_par' dir='ltr' id='par_1_15' title="bbox 491 1180 2053 1252">
     <span class='ocr_line' id='line_1_15' title="bbox 491 1180 2053 1252; baseline 0.001 -17"><span class='ocrx_word' id='word_1_102' title='bbox 491 1180 648 1236; x_wconf 83' lang='lat' dir='ltr'><strong>nibus</strong></span> <span class='ocrx_word' id='word_1_103' title='bbox 689 1198 754 1236; x_wconf 89' lang='lat' dir='ltr'><strong>an</strong></span> <span class='ocrx_word' id='word_1_104' title='bbox 793 1180 996 1252; x_wconf 82' lang='lat' dir='ltr'><strong>legibus</strong></span> <span class='ocrx_word' id='word_1_105' title='bbox 1020 1181 1139 1237; x_wconf 89' lang='lat' dir='ltr'><strong>lites</strong></span> <span class='ocrx_word' id='word_1_106' title='bbox 1164 1180 1540 1252; x_wconf 69' lang='lat' dir='ltr'><strong>ecclesiasticae</strong></span> <span class='ocrx_word' id='word_1_107' title='bbox 1585 1182 1703 1235; x_wconf 66' lang='lat' dir='ltr'><strong>ista:</strong></span> <span class='ocrx_word' id='word_1_108' title='bbox 1740 1180 2053 1252; x_wconf 75' lang='lat' dir='ltr'><strong>dirimendas</strong></span> 
     </span>
    </p>
   </div>
   <div class='ocr_carea' id='block_1_16' title="bbox 493 1250 2054 1323">
    <p class='ocr_par' dir='ltr' id='par_1_16' title="bbox 493 1250 2054 1323">
     <span class='ocr_line' id='line_1_16' title="bbox 493 1250 2054 1323; baseline -0.001 -17"><span class='ocrx_word' id='word_1_109' title='bbox 493 1259 690 1323; x_wconf 78' lang='lat' dir='ltr'><strong>essent,</strong></span> <span class='ocrx_word' id='word_1_110' title='bbox 716 1260 777 1323; x_wconf 84' lang='lat' dir='ltr'><strong>et</strong></span> <span class='ocrx_word' id='word_1_111' title='bbox 806 1250 867 1306; x_wconf 71' lang='grc' dir='ltr'><strong>ιη’</strong></span> <span class='ocrx_word' id='word_1_112' title='bbox 886 1254 1024 1307; x_wconf 84' lang='lat' dir='ltr'><strong>votis</strong></span> <span class='ocrx_word' id='word_1_113' title='bbox 1057 1267 1179 1308; x_wconf 90' lang='lat' dir='ltr'><strong>esse</strong></span> <span class='ocrx_word' id='word_1_114' title='bbox 1208 1251 1515 1323; x_wconf 85' lang='lat' dir='ltr'><strong>imperatori</strong></span> <span class='ocrx_word' id='word_1_115' title='bbox 1545 1253 1645 1322; x_wconf 88' lang='lat' dir='ltr'><strong>ipsi</strong></span> <span class='ocrx_word' id='word_1_116' title='bbox 1671 1252 1929 1306; x_wconf 89' lang='lat' dir='ltr'><strong>certiores</strong></span> <span class='ocrx_word' id='word_1_117' title='bbox 1952 1250 2054 1305; x_wconf 78' lang='lat' dir='ltr'><strong>Pa—</strong></span> 
     </span>
    </p>
   </div>
   <div class='ocr_carea' id='block_1_17' title="bbox 492 1319 2053 1392">
    <p class='ocr_par' dir='ltr' id='par_1_17' title="bbox 492 1319 2053 1392">
     <span class='ocr_line' id='line_1_17' title="bbox 492 1319 2053 1392; baseline 0.001 -18"><span class='ocrx_word' id='word_1_118' title='bbox 492 1329 602 1375; x_wconf 84' lang='lat' dir='ltr'><strong>tres</strong></span> <span class='ocrx_word' id='word_1_119' title='bbox 628 1319 898 1387; x_wconf 88' lang='lat' dir='ltr'><strong>fecissent,</strong></span> <span class='ocrx_word' id='word_1_120' title='bbox 930 1332 985 1376; x_wconf 92' lang='lat' dir='ltr'><strong>ut</strong></span> <span class='ocrx_word' id='word_1_121' title='bbox 1007 1323 1183 1377; x_wconf 85' lang='lat' dir='ltr'><strong>omnia</strong></span> <span class='ocrx_word' id='word_1_122' title='bbox 1211 1319 1613 1392; x_wconf 57' lang='lat' dir='ltr'><strong>ex&#39;prazscripio</strong></span> <span class='ocrx_word' id='word_1_123' title='bbox 1650 1338 1913 1377; x_wconf 91' lang='lat' dir='ltr'><strong>canonum</strong></span> <span class='ocrx_word' id='word_1_124' title='bbox 1945 1329 2053 1392; x_wconf 83' lang='lat' dir='ltr'><strong>ter-</strong></span> 
     </span>
    </p>
   </div>
   <div class='ocr_carea' id='block_1_18' title="bbox 491 1391 2051 1464">
    <p class='ocr_par' dir='ltr' id='par_1_18' title="bbox 491 1391 2051 1464">
     <span class='ocr_line' id='line_1_18' title="bbox 491 1391 2051 1464; baseline -0.001 -19"><span class='ocrx_word' id='word_1_125' title='bbox 491 1392 840 1464; x_wconf 78' lang='lat' dir='ltr'><strong>minarentur.</strong></span> <span class='ocrx_word' id='word_1_126' title='bbox 867 1414 903 1464; x_wconf 63' lang='lat' dir='ltr'><strong>r</strong></span> <span class='ocrx_word' id='word_1_127' title='bbox 937 1393 1206 1464; x_wconf 86' lang='lat' dir='ltr'><strong>Emoilivit</strong></span> <span class='ocrx_word' id='word_1_128' title='bbox 1245 1391 1871 1464; x_wconf 77' lang='lat' dir='ltr'><strong>scilicetsolertissimus</strong></span> <span class='ocrx_word' id='word_1_129' title='bbox 1914 1391 2051 1447; x_wconf 84' lang='lat' dir='ltr'><strong>scri-</strong></span> 
     </span>
    </p>
   </div>
   <div class='ocr_carea' id='block_1_19' title="bbox 491 1462 2053 1533">
    <p class='ocr_par' dir='ltr' id='par_1_19' title="bbox 491 1462 2053 1533">
     <span class='ocr_line' id='line_1_19' title="bbox 491 1462 2053 1533; baseline 0 -19"><span class='ocrx_word' id='word_1_130' title='bbox 491 1470 616 1533; x_wconf 78' lang='lat' dir='ltr'><strong>pter</strong></span> <span class='ocrx_word' id='word_1_131' title='bbox 642 1477 760 1531; x_wconf 66' lang='lat' dir='ltr'><strong>quae</strong></span> <span class='ocrx_word' id='word_1_132' title='bbox 792 1462 976 1533; x_wconf 85' lang='lat' dir='ltr'><strong>durius</strong></span> <span class='ocrx_word' id='word_1_133' title='bbox 1016 1462 1315 1519; x_wconf 71' lang='lat' dir='ltr'><strong>etl‘utiverat</strong></span> <span class='ocrx_word' id='word_1_134' title='bbox 1356 1462 1683 1533; x_wconf 89' lang='lat' dir='ltr'><strong>Spalatensis</strong></span> <span class='ocrx_word' id='word_1_135' title='bbox 1726 1462 1844 1517; x_wconf 75' lang='lat' dir='ltr'><strong>luco</strong></span> <span class='ocrx_word' id='word_1_136' title='bbox 1891 1476 2053 1532; x_wconf 86' lang='lat' dir='ltr'><strong>supra</strong></span> 
     </span>
    </p>
   </div>
   <div class='ocr_carea' id='block_1_20' title="bbox 491 1531 2053 1600">
    <p class='ocr_par' dir='ltr' id='par_1_20' title="bbox 491 1531 2053 1600">
     <span class='ocr_line' id='line_1_20' title="bbox 491 1531 2053 1600; baseline -0.001 -15"><span class='ocrx_word' id='word_1_137' title='bbox 491 1531 679 1594; x_wconf 88' lang='lat' dir='ltr'><strong>citato,</strong></span> <span class='ocrx_word' id='word_1_138' title='bbox 713 1548 766 1585; x_wconf 84' lang='grc' dir='ltr'>ιι.</span> <span class='ocrx_word' id='word_1_139' title='bbox 804 1532 926 1596; x_wconf 77' lang='grc'><strong>157,</strong></span> <span class='ocrx_word' id='word_1_140' title='bbox 957 1533 1142 1588; x_wconf 86' lang='lat' dir='ltr'><strong>Patres</strong></span> <span class='ocrx_word' id='word_1_141' title='bbox 1166 1531 1411 1587; x_wconf 81' lang='lat' dir='ltr'><strong>videlicet</strong></span> <span class='ocrx_word' id='word_1_142' title='bbox 1441 1542 1743 1591; x_wconf 84' lang='lat' dir='ltr'><strong>recantasse</strong></span> <span class='ocrx_word' id='word_1_143' title='bbox 1778 1533 1918 1600; x_wconf 87' lang='lat' dir='ltr'><strong>quod</strong></span> <span class='ocrx_word' id='word_1_144' title='bbox 1953 1533 2053 1586; x_wconf 89' lang='lat' dir='ltr'><strong>im-</strong></span> 
     </span>
    </p>
   </div>
   <div class='ocr_carea' id='block_1_21' title="bbox 490 1601 2053 1674">
    <p class='ocr_par' dir='ltr' id='par_1_21' title="bbox 490 1601 2053 1674">
     <span class='ocr_line' id='line_1_21' title="bbox 490 1601 2053 1674; baseline -0.001 -19"><span class='ocrx_word' id='word_1_145' title='bbox 490 1611 709 1674; x_wconf 85' lang='lat' dir='ltr'><strong>perator</strong></span> <span class='ocrx_word' id='word_1_146' title='bbox 735 1601 1033 1674; x_wconf 81' lang='lat' dir='ltr'><strong>deﬁnierat.</strong></span> <span class='ocrx_word' id='word_1_147' title='bbox 1085 1604 1141 1658; x_wconf 90' lang='lat' dir='ltr'><strong>Id</strong></span> <span class='ocrx_word' id='word_1_148' title='bbox 1177 1605 1320 1658; x_wconf 92' lang='lat' dir='ltr'><strong>enim</strong></span> <span class='ocrx_word' id='word_1_149' title='bbox 1363 1618 1491 1658; x_wconf 90' lang='lat' dir='ltr'><strong>vero</strong></span> <span class='ocrx_word' id='word_1_150' title='bbox 1533 1602 1670 1674; x_wconf 78' lang='lat' dir='ltr'><strong>(ipso</strong></span> <span class='ocrx_word' id='word_1_151' title='bbox 1708 1604 1903 1674; x_wconf 61' lang='lat' dir='ltr'><strong>prinde)</strong></span> <span class='ocrx_word' id='word_1_152' title='bbox 1944 1617 2053 1674; x_wconf 83' lang='lat' dir='ltr'><strong>non</strong></span> 
     </span>
    </p>
   </div>
   <div class='ocr_carea' id='block_1_22' title="bbox 491 1671 2052 1744">
    <p class='ocr_par' dir='ltr' id='par_1_22' title="bbox 491 1671 2052 1744">
     <span class='ocr_line' id='line_1_22' title="bbox 491 1671 2052 1744; baseline 0.001 -21"><span class='ocrx_word' id='word_1_153' title='bbox 491 1671 789 1744; x_wconf 84' lang='lat' dir='ltr'><strong>ausissent,</strong></span> <span class='ocrx_word' id='word_1_154' title='bbox 837 1672 936 1726; x_wconf 91' lang='lat' dir='ltr'><strong>nisi</strong></span> <span class='ocrx_word' id='word_1_155' title='bbox 977 1673 1248 1744; x_wconf 70' lang='lat' dir='ltr'><strong>Augustus</strong></span> <span class='ocrx_word' id='word_1_156' title='bbox 1286 1671 1551 1743; x_wconf 84' lang='lat' dir='ltr'><strong>jussisset.</strong></span> <span class='ocrx_word' id='word_1_157' title='bbox 1602 1671 1855 1744; x_wconf 81' lang='lat' dir='ltr'><strong>Profecto</strong></span> <span class='ocrx_word' id='word_1_158' title='bbox 1885 1671 2052 1744; x_wconf 82' lang='lat' dir='ltr'><strong>nobis</strong></span> 
     </span>
    </p>
   </div>
   <div class='ocr_carea' id='block_1_23' title="bbox 2130 483 3729 555">
    <p class='ocr_par' dir='ltr' id='par_1_23' title="bbox 2130 483 3729 555">
     <span class='ocr_line' id='line_1_23' title="bbox 2130 483 3729 555; baseline 0.002 -20"><span class='ocrx_word' id='word_1_159' title='bbox 2130 498 2216 551; x_wconf 15' lang='lat' dir='ltr'><strong>hex</strong></span> <span class='ocrx_word' id='word_1_160' title='bbox 2245 484 2550 555; x_wconf 78' lang='lat' dir='ltr'><strong>earumdem</strong></span> <span class='ocrx_word' id='word_1_161' title='bbox 2583 484 2773 555; x_wconf 84' lang='lat' dir='ltr'><strong>litteris</strong></span> <span class='ocrx_word' id='word_1_162' title='bbox 2801 486 2866 537; x_wconf 90' lang='lat' dir='ltr'><strong>ad</strong></span> <span class='ocrx_word' id='word_1_163' title='bbox 2898 484 3144 555; x_wconf 82' lang='lat' dir='ltr'><strong>Magnum</strong></span> <span class='ocrx_word' id='word_1_164' title='bbox 3178 485 3408 555; x_wconf 85' lang='lat' dir='ltr'><strong>Leonem</strong></span> <span class='ocrx_word' id='word_1_165' title='bbox 3449 483 3729 555; x_wconf 80' lang='lat' dir='ltr'><strong>datis,_ad</strong></span> 
     </span>
    </p>
   </div>
   <div class='ocr_carea' id='block_1_24' title="bbox 2152 553 3733 624">
    <p class='ocr_par' dir='ltr' id='par_1_24' title="bbox 2152 553 3733 624">
     <span class='ocr_line' id='line_1_24' title="bbox 2152 553 3733 624; baseline 0 -18"><span class='ocrx_word' id='word_1_166' title='bbox 2152 568 2355 624; x_wconf 3' lang='lat' dir='ltr'><strong>annum,</strong></span> <span class='ocrx_word' id='word_1_167' title='bbox 2376 553 2483 624; x_wconf 15' lang='lat'><strong>4517</strong></span> <span class='ocrx_word' id='word_1_168' title='bbox 2516 554 2900 624; x_wconf 75' lang='lat' dir='ltr'><strong>spectantibus,</strong></span> <span class='ocrx_word' id='word_1_169' title='bbox 2927 553 3232 624; x_wconf 83' lang='lat' dir='ltr'><strong>_relatisquc</strong></span> <span class='ocrx_word' id='word_1_170' title='bbox 3272 558 3327 607; x_wconf 92' lang='lat' dir='ltr'><strong>in</strong></span> <span class='ocrx_word' id='word_1_171' title='bbox 3367 553 3581 607; x_wconf 85' lang='lat' dir='ltr'><strong>laudato</strong></span> <span class='ocrx_word' id='word_1_172' title='bbox 3614 553 3733 606; x_wconf 51' lang='lat' dir='ltr'><strong>Ro.</strong></span> 
     </span>
    </p>
   </div>
   <div class='ocr_carea' id='block_1_25' title="bbox 2152 622 3626 689">
    <p class='ocr_par' dir='ltr' id='par_1_25' title="bbox 2152 622 3626 689">
     <span class='ocr_line' id='line_1_25' title="bbox 2152 622 3626 689; baseline 0.001 -13"><span class='ocrx_word' id='word_1_173' title='bbox 2152 638 2317 689; x_wconf 73' lang='lat' dir='ltr'><strong>mane,</strong></span> <span class='ocrx_word' id='word_1_174' title='bbox 2331 623 2584 677; x_wconf 84' lang='lat' dir='ltr'><strong>Bonifacii</strong></span> <span class='ocrx_word' id='word_1_175' title='bbox 2615 623 2859 678; x_wconf 90' lang='lat' dir='ltr'><strong>concilio.</strong></span> <span class='ocrx_word' id='word_1_176' title='bbox 2920 622 3165 679; x_wconf 80' lang='lat' dir='ltr'><strong>Petentes</strong></span> <span class='ocrx_word' id='word_1_177' title='bbox 3189 632 3249 677; x_wconf 92' lang='lat' dir='ltr'><strong>ut</strong></span> <span class='ocrx_word' id='word_1_178' title='bbox 3275 623 3626 678; x_wconf 90' lang='lat' dir='ltr'><strong>Constantino</strong></span> 
     </span>
    </p>
   </div>
   <div class='ocr_carea' id='block_1_26' title="bbox 2154 692 3729 763">
    <p class='ocr_par' dir='ltr' id='par_1_26' title="bbox 2154 692 3729 763">
     <span class='ocr_line' id='line_1_26' title="bbox 2154 692 3729 763; baseline -0.001 -17"><span class='ocrx_word' id='word_1_179' title='bbox 2154 692 2352 747; x_wconf 80' lang='lat' dir='ltr'><strong>litantis</strong></span> <span class='ocrx_word' id='word_1_180' title='bbox 2372 693 2652 763; x_wconf 81' lang='lat' dir='ltr'><strong>episcopus</strong></span> <span class='ocrx_word' id='word_1_181' title='bbox 2684 694 2947 748; x_wconf 75' lang='lat' dir='ltr'><strong>secundus</strong></span> <span class='ocrx_word' id='word_1_182' title='bbox 2975 709 3004 747; x_wconf 90' lang='lat' dir='ltr'><strong>a</strong></span> <span class='ocrx_word' id='word_1_183' title='bbox 3028 693 3270 748; x_wconf 84' lang='lat' dir='ltr'><strong>Romano</strong></span> <span class='ocrx_word' id='word_1_184' title='bbox 3291 692 3600 763; x_wconf 86' lang='lat' dir='ltr'><strong>patriarcha</strong></span> <span class='ocrx_word' id='word_1_185' title='bbox 3624 692 3729 747; x_wconf 84' lang='lat' dir='ltr'><strong>ha-</strong></span> 
     </span>
    </p>
   </div>
   <div class='ocr_carea' id='block_1_27' title="bbox 2151 762 3729 832">
    <p class='ocr_par' dir='ltr' id='par_1_27' title="bbox 2151 762 3729 832">
     <span class='ocr_line' id='line_1_27' title="bbox 2151 762 3729 832; baseline -0.001 -15"><span class='ocrx_word' id='word_1_186' title='bbox 2151 770 2364 825; x_wconf 75' lang='lat' dir='ltr'><strong>-‘teatur,</strong></span> <span class='ocrx_word' id='word_1_187' title='bbox 2390 762 2439 816; x_wconf 88' lang='lat' dir='ltr'><strong>id</strong></span> <span class='ocrx_word' id='word_1_188' title='bbox 2473 762 2737 832; x_wconf 83' lang='lat' dir='ltr'><strong>imperiali</strong></span> <span class='ocrx_word' id='word_1_189' title='bbox 2766 764 3085 818; x_wconf 90' lang='lat' dir='ltr'><strong>auctoritate</strong></span> <span class='ocrx_word' id='word_1_190' title='bbox 3126 763 3240 817; x_wconf 79' lang='lat' dir='ltr'><strong>fieri</strong></span> <span class='ocrx_word' id='word_1_191' title='bbox 3286 762 3391 817; x_wconf 84' lang='lat' dir='ltr'><strong>non</strong></span> <span class='ocrx_word' id='word_1_192' title='bbox 3434 777 3593 832; x_wconf 88' lang='lat' dir='ltr'><strong>posse</strong></span> <span class='ocrx_word' id='word_1_193' title='bbox 3631 778 3729 817; x_wconf 86' lang='lat' dir='ltr'><strong>co-</strong></span> 
     </span>
    </p>
   </div>
   <div class='ocr_carea' id='block_1_28' title="bbox 2152 832 3727 903">
    <p class='ocr_par' dir='ltr' id='par_1_28' title="bbox 2152 832 3727 903">
     <span class='ocr_line' id='line_1_28' title="bbox 2152 832 3727 903; baseline 0.001 -19"><span class='ocrx_word' id='word_1_194' title='bbox 2152 839 2450 903; x_wconf 85' lang='lat' dir='ltr'><strong>gnoscunt,</strong></span> <span class='ocrx_word' id='word_1_195' title='bbox 2501 832 2885 903; x_wconf 82' lang='lat' dir='ltr'><strong>proferuutque</strong></span> <span class='ocrx_word' id='word_1_196' title='bbox 2930 833 3207 903; x_wconf 87' lang='lat' dir='ltr'><strong>utriusque</strong></span> <span class='ocrx_word' id='word_1_197' title='bbox 3248 832 3593 903; x_wconf 59' lang='lat' dir='ltr'><strong>meumeniee</strong></span> <span class='ocrx_word' id='word_1_198' title='bbox 3635 848 3727 902; x_wconf 82' lang='lat' dir='ltr'><strong>sy-</strong></span> 
     </span>
    </p>
   </div>
   <div class='ocr_carea' id='block_1_29' title="bbox 2152 901 3725 971">
    <p class='ocr_par' dir='ltr' id='par_1_29' title="bbox 2152 901 3725 971">
     <span class='ocr_line' id='line_1_29' title="bbox 2152 901 3725 971; baseline -0.001 -16"><span class='ocrx_word' id='word_1_199' title='bbox 2152 901 2278 956; x_wconf 85' lang='lat' dir='ltr'><strong>nodi</strong></span> <span class='ocrx_word' id='word_1_200' title='bbox 2323 901 2536 957; x_wconf 81' lang='lat' dir='ltr'><strong>decreta</strong></span> <span class='ocrx_word' id='word_1_201' title='bbox 2566 943 2581 969; x_wconf 91' lang='lat'><strong>,</strong></span> <span class='ocrx_word' id='word_1_202' title='bbox 2635 901 2828 971; x_wconf 84' lang='lat' dir='ltr'><strong>quibus</strong></span> <span class='ocrx_word' id='word_1_203' title='bbox 2874 901 3185 971; x_wconf 81' lang='lat' dir='ltr'><strong>petitionem</strong></span> <span class='ocrx_word' id='word_1_204' title='bbox 3245 918 3397 957; x_wconf 91' lang='lat' dir='ltr'><strong>suam</strong></span> <span class='ocrx_word' id='word_1_205' title='bbox 3450 901 3725 965; x_wconf 85' lang='lat' dir='ltr'><strong>fulciunt,</strong></span> 
     </span>
    </p>
   </div>
   <div class='ocr_carea' id='block_1_30' title="bbox 2152 972 3731 1042">
    <p class='ocr_par' dir='ltr' id='par_1_30' title="bbox 2152 972 3731 1042">
     <span class='ocr_line' id='line_1_30' title="bbox 2152 972 3731 1042; baseline 0.002 -18"><span class='ocrx_word' id='word_1_206' title='bbox 2152 979 2413 1042; x_wconf 82' lang='lat' dir='ltr'><strong>orantque</strong></span> <span class='ocrx_word' id='word_1_207' title='bbox 2441 972 2602 1027; x_wconf 82' lang='lat' dir='ltr'><strong>enixe</strong></span> <span class='ocrx_word' id='word_1_208' title='bbox 2642 980 2702 1027; x_wconf 91' lang='lat' dir='ltr'><strong>ut</strong></span> <span class='ocrx_word' id='word_1_209' title='bbox 2729 972 3187 1042; x_wconf 18' lang='lat' dir='ltr'><strong>quodidecretum</strong></span> <span class='ocrx_word' id='word_1_210' title='bbox 3228 972 3402 1027; x_wconf 87' lang='lat' dir='ltr'><strong>fuerat</strong></span> <span class='ocrx_word' id='word_1_211' title='bbox 3446 972 3731 1027; x_wconf 81' lang='lat' dir='ltr'><strong>Romanus</strong></span> 
     </span>
    </p>
   </div>
   <div class='ocr_carea' id='block_1_31' title="bbox 2153 1040 3723 1112">
    <p class='ocr_par' dir='ltr' id='par_1_31' title="bbox 2153 1040 3723 1112">
     <span class='ocr_line' id='line_1_31' title="bbox 2153 1040 3723 1112; baseline 0.001 -18"><span class='ocrx_word' id='word_1_212' title='bbox 2153 1040 2390 1112; x_wconf 81' lang='lat' dir='ltr'><strong>pontifex</strong></span> <span class='ocrx_word' id='word_1_213' title='bbox 2439 1040 2763 1097; x_wconf 48' lang='lat' dir='ltr'><strong>confirmeti</strong></span> <span class='ocrx_word' id='word_1_214' title='bbox 2817 1061 2836 1093; x_wconf 79' lang='grc' dir='ltr'><strong>ι</strong></span> <span class='ocrx_word' id='word_1_215' title='bbox 2867 1040 3141 1107; x_wconf 81' lang='lat' dir='ltr'><strong>Quoniam</strong></span> <span class='ocrx_word' id='word_1_216' title='bbox 3176 1057 3303 1098; x_wconf 90' lang='lat' dir='ltr'><strong>vero</strong></span> <span class='ocrx_word' id='word_1_217' title='bbox 3329 1082 3345 1109; x_wconf 92' lang='lat'><strong>,</strong></span> <span class='ocrx_word' id='word_1_218' title='bbox 3372 1062 3389 1093; x_wconf 77' lang='grc' dir='ltr'><strong>ι</strong></span> <span class='ocrx_word' id='word_1_219' title='bbox 3449 1043 3723 1111; x_wconf 87' lang='lat' dir='ltr'><strong>inquiunt,</strong></span> 
     </span>
    </p>
   </div>
   <div class='ocr_carea' id='block_1_32' title="bbox 2159 1111 3731 1182">
    <p class='ocr_par' dir='ltr' id='par_1_32' title="bbox 2159 1111 3731 1182">
     <span class='ocr_line' id='line_1_32' title="bbox 2159 1111 3731 1182; baseline 0.002 -20"><span class='ocrx_word' id='word_1_220' title='bbox 2159 1126 2177 1162; x_wconf 69' lang='grc' dir='ltr'><strong>ι</strong></span> <span class='ocrx_word' id='word_1_221' title='bbox 2207 1119 2262 1167; x_wconf 91' lang='lat' dir='ltr'><strong>et</strong></span> <span class='ocrx_word' id='word_1_222' title='bbox 2298 1111 2401 1168; x_wconf 88' lang='lat' dir='ltr'><strong>hoc</strong></span> <span class='ocrx_word' id='word_1_223' title='bbox 2430 1120 2689 1167; x_wconf 87' lang='lat' dir='ltr'><strong>statutum</strong></span> <span class='ocrx_word' id='word_1_224' title='bbox 2730 1119 2832 1176; x_wconf 90' lang='lat' dir='ltr'><strong>est,</strong></span> <span class='ocrx_word' id='word_1_225' title='bbox 2864 1121 2923 1165; x_wconf 90' lang='lat' dir='ltr'><strong>ut</strong></span> <span class='ocrx_word' id='word_1_226' title='bbox 2953 1128 3014 1167; x_wconf 91' lang='lat' dir='ltr'><strong>ea</strong></span> <span class='ocrx_word' id='word_1_227' title='bbox 3054 1128 3171 1182; x_wconf 63' lang='lat' dir='ltr'><strong>quae</strong></span> <span class='ocrx_word' id='word_1_228' title='bbox 3205 1120 3419 1167; x_wconf 89' lang='lat' dir='ltr'><strong>centum</strong></span> <span class='ocrx_word' id='word_1_229' title='bbox 3462 1114 3731 1182; x_wconf 80' lang='lat' dir='ltr'><strong>quinqua~</strong></span> 
     </span>
    </p>
   </div>
   <div class='ocr_carea' id='block_1_33' title="bbox 2191 1182 3733 1250">
    <p class='ocr_par' dir='ltr' id='par_1_33' title="bbox 2191 1182 3733 1250">
     <span class='ocr_line' id='line_1_33' title="bbox 2191 1182 3733 1250; baseline 0.001 -15"><span class='ocrx_word' id='word_1_230' title='bbox 2191 1182 2655 1237; x_wconf 78' lang='lat' dir='ltr'><strong>iuta-sanctissimi</strong></span> <span class='ocrx_word' id='word_1_231' title='bbox 2695 1183 2928 1250; x_wconf 87' lang='lat' dir='ltr'><strong>episcopi</strong></span> <span class='ocrx_word' id='word_1_232' title='bbox 2971 1183 3071 1237; x_wconf 88' lang='lat' dir='ltr'><strong>sub</strong></span> <span class='ocrx_word' id='word_1_233' title='bbox 3100 1182 3162 1236; x_wconf 93' lang='lat' dir='ltr'><strong>D.</strong></span> <span class='ocrx_word' id='word_1_234' title='bbox 3196 1182 3495 1238; x_wconf 90' lang='lat' dir='ltr'><strong>Theodosio</strong></span> <span class='ocrx_word' id='word_1_235' title='bbox 3528 1182 3733 1250; x_wconf 78' lang='lat' dir='ltr'><strong>Majore</strong></span> 
     </span>
    </p>
   </div>
   <div class='ocr_carea' id='block_1_34' title="bbox 2154 1198 3731 1322">
    <p class='ocr_par' dir='ltr' id='par_1_34' title="bbox 2154 1198 3731 1322">
     <span class='ocr_line' id='line_1_34' title="bbox 2192 1198 3731 1250; baseline 0.001 -15"><span class='ocrx_word' id='word_1_236' title='bbox 2192 1198 2655 1237; x_wconf 70' lang='lat' dir='ltr'><strong>tnta-sanctissumi</strong></span> <span class='ocrx_word' id='word_1_237' title='bbox 2695 1198 2725 1236; x_wconf 89' lang='lat' dir='ltr'><strong>e</strong></span> <span class='ocrx_word' id='word_1_238' title='bbox 2765 1198 2928 1250; x_wconf 79' lang='lat' dir='ltr'><strong>iscopt</strong></span> <span class='ocrx_word' id='word_1_239' title='bbox 2971 1198 3071 1237; x_wconf 91' lang='lat' dir='ltr'><strong>sun</strong></span> <span class='ocrx_word' id='word_1_240' title='bbox 3100 1198 3162 1236; x_wconf 86' lang='grc' dir='ltr'><strong>υ.</strong></span> <span class='ocrx_word' id='word_1_241' title='bbox 3197 1198 3227 1236; x_wconf 53' lang='grc' dir='ltr'>τι</span> <span class='ocrx_word' id='word_1_242' title='bbox 3241 1198 3495 1238; x_wconf 80' lang='lat' dir='ltr'><strong>neouosw</strong></span> <span class='ocrx_word' id='word_1_243' title='bbox 3528 1198 3731 1250; x_wconf 71' lang='lat' dir='ltr'><strong>majore</strong></span> 
     </span>
     <span class='ocr_line' id='line_1_35' title="bbox 2154 1198 3731 1322; baseline 0 -15"><span class='ocrx_word' id='word_1_244' title='bbox 2154 1198 2221 1307; x_wconf 59' lang='lat' dir='ltr'><strong>ge</strong></span> <span class='ocrx_word' id='word_1_245' title='bbox 2246 1252 2446 1308; x_wconf 90' lang='lat' dir='ltr'><strong>honore</strong></span> <span class='ocrx_word' id='word_1_246' title='bbox 2473 1198 2794 1307; x_wconf 58' lang='lat' dir='ltr'><strong>venerabifis</strong></span> <span class='ocrx_word' id='word_1_247' title='bbox 2832 1252 3084 1307; x_wconf 79' lang='lat' dir='ltr'><strong>Ecclesiae</strong></span> <span class='ocrx_word' id='word_1_248' title='bbox 3120 1251 3731 1322; x_wconf 71' lang='lat' dir='ltr'><strong>Constantinopolitante</strong></span> 
     </span>
    </p>
   </div>
   <div class='ocr_carea' id='block_1_35' title="bbox 2154 1323 3733 1404">
    <p class='ocr_par' dir='ltr' id='par_1_35' title="bbox 2154 1323 3733 1404">
     <span class='ocr_line' id='line_1_36' title="bbox 2154 1323 3733 1404; baseline -0.001 -28"><span class='ocrx_word' id='word_1_249' title='bbox 2154 1330 2475 1404; x_wconf 81' lang='lat' dir='ltr'><strong>statuerunt,</strong></span> <span class='ocrx_word' id='word_1_250' title='bbox 2512 1331 2713 1404; x_wconf 68' lang='lat' dir='ltr'><strong>etquae</strong></span> <span class='ocrx_word' id='word_1_251' title='bbox 2740 1337 2880 1377; x_wconf 91' lang='lat' dir='ltr'><strong>nunc</strong></span> <span class='ocrx_word' id='word_1_252' title='bbox 2908 1338 2938 1376; x_wconf 88' lang='lat' dir='ltr'><strong>a</strong></span> <span class='ocrx_word' id='word_1_253' title='bbox 2971 1332 3156 1404; x_wconf 80' lang='lat' dir='ltr'><strong>sancta</strong></span> <span class='ocrx_word' id='word_1_254' title='bbox 3198 1324 3401 1404; x_wconf 59' lang='lat' dir='ltr'><strong>sxnodo</strong></span> <span class='ocrx_word' id='word_1_255' title='bbox 3437 1324 3504 1404; x_wconf 84' lang='lat' dir='ltr'><strong>de</strong></span> <span class='ocrx_word' id='word_1_256' title='bbox 3540 1323 3733 1404; x_wconf 87' lang='lat' dir='ltr'><strong>eadem</strong></span> 
     </span>
    </p>
   </div>
   <div class='ocr_carea' id='block_1_36' title="bbox 2156 1392 3736 1463">
    <p class='ocr_par' dir='ltr' id='par_1_36' title="bbox 2156 1392 3736 1463">
     <span class='ocr_line' id='line_1_37' title="bbox 2156 1392 3736 1463; baseline -0.001 -17"><span class='ocrx_word' id='word_1_257' title='bbox 2156 1407 2214 1446; x_wconf 88' lang='lat' dir='ltr'><strong>re</strong></span> <span class='ocrx_word' id='word_1_258' title='bbox 2242 1400 2438 1446; x_wconf 89' lang='lat' dir='ltr'><strong>statuta</strong></span> <span class='ocrx_word' id='word_1_259' title='bbox 2473 1400 2599 1463; x_wconf 80' lang='lat' dir='ltr'><strong>sunt</strong></span> <span class='ocrx_word' id='word_1_260' title='bbox 2634 1392 2787 1463; x_wconf 85' lang='lat' dir='ltr'><strong>ﬁrma</strong></span> <span class='ocrx_word' id='word_1_261' title='bbox 2825 1400 3136 1447; x_wconf 84' lang='lat' dir='ltr'><strong>serventur:</strong></span> <span class='ocrx_word' id='word_1_262' title='bbox 3162 1392 3367 1448; x_wconf 89' lang='lat' dir='ltr'><strong>scilicet</strong></span> <span class='ocrx_word' id='word_1_263' title='bbox 3398 1402 3459 1446; x_wconf 91' lang='lat' dir='ltr'><strong>ut</strong></span> <span class='ocrx_word' id='word_1_264' title='bbox 3494 1402 3615 1463; x_wconf 86' lang='lat' dir='ltr'><strong>post</strong></span> <span class='ocrx_word' id='word_1_265' title='bbox 3648 1408 3736 1447; x_wconf 89' lang='lat' dir='ltr'><strong>se-</strong></span> 
     </span>
    </p>
   </div>
   <div class='ocr_carea' id='block_1_37' title="bbox 2154 1461 3737 1531">
    <p class='ocr_par' dir='ltr' id='par_1_37' title="bbox 2154 1461 3737 1531">
     <span class='ocr_line' id='line_1_38' title="bbox 2154 1461 3737 1531; baseline 0.001 -15"><span class='ocrx_word' id='word_1_266' title='bbox 2154 1463 2272 1516; x_wconf 85' lang='lat' dir='ltr'><strong>dem</strong></span> <span class='ocrx_word' id='word_1_267' title='bbox 2312 1461 2656 1531; x_wconf 88' lang='lat' dir='ltr'><strong>apostolicam</strong></span> <span class='ocrx_word' id='word_1_268' title='bbox 2691 1461 3289 1531; x_wconf 80' lang='lat' dir='ltr'><strong>Constantinopolitanae</strong></span> <span class='ocrx_word' id='word_1_269' title='bbox 3326 1463 3469 1518; x_wconf 92' lang='lat' dir='ltr'><strong>sedis</strong></span> <span class='ocrx_word' id='word_1_270' title='bbox 3497 1461 3737 1517; x_wconf 78' lang='lat' dir='ltr'><strong>antistes</strong></span> 
     </span>
    </p>
   </div>
   <div class='ocr_carea' id='block_1_38' title="bbox 2155 1478 3739 1603">
    <p class='ocr_par' dir='ltr' id='par_1_38' title="bbox 2155 1478 3739 1603">
     <span class='ocr_line' id='line_1_39' title="bbox 2155 1478 3737 1531; baseline 0.001 -15"><span class='ocrx_word' id='word_1_271' title='bbox 2155 1478 2272 1516; x_wconf 85' lang='lat' dir='ltr'><strong>nem</strong></span> <span class='ocrx_word' id='word_1_272' title='bbox 2312 1478 2341 1516; x_wconf 92' lang='lat' dir='ltr'><strong>a</strong></span> <span class='ocrx_word' id='word_1_273' title='bbox 2379 1478 2656 1517; x_wconf 79' lang='lat' dir='ltr'><strong>osmucam</strong></span> <span class='ocrx_word' id='word_1_274' title='bbox 2691 1478 3289 1531; x_wconf 74' lang='lat' dir='ltr'><strong>uonsmnunopontanae</strong></span> <span class='ocrx_word' id='word_1_275' title='bbox 3326 1478 3469 1518; x_wconf 79' lang='lat' dir='ltr'><strong>seats</strong></span> <span class='ocrx_word' id='word_1_276' title='bbox 3506 1478 3737 1517; x_wconf 78' lang='lat' dir='ltr'><strong>antistes</strong></span> 
     </span>
     <span class='ocr_line' id='line_1_40' title="bbox 2155 1478 3739 1603; baseline 0.001 -18"><span class='ocrx_word' id='word_1_277' title='bbox 2155 1478 2444 1586; x_wconf 58' lang='lat' dir='ltr'><strong>secund‘iim</strong></span> <span class='ocrx_word' id='word_1_278' title='bbox 2470 1532 2708 1603; x_wconf 81' lang='lat' dir='ltr'><strong>obtineat</strong></span> <span class='ocrx_word' id='word_1_279' title='bbox 2740 1532 2937 1603; x_wconf 85' lang='lat' dir='ltr'><strong>locum,</strong></span> <span class='ocrx_word' id='word_1_280' title='bbox 2974 1535 3224 1603; x_wconf 89' lang='lat' dir='ltr'><strong>quoniam</strong></span> <span class='ocrx_word' id='word_1_281' title='bbox 3253 1541 3307 1588; x_wconf 89' lang='lat' dir='ltr'><strong>et</strong></span> <span class='ocrx_word' id='word_1_282' title='bbox 3333 1533 3521 1587; x_wconf 89' lang='lat' dir='ltr'><strong>eadem</strong></span> <span class='ocrx_word' id='word_1_283' title='bbox 3554 1533 3739 1603; x_wconf 87' lang='lat' dir='ltr'><strong>splen-</strong></span> 
     </span>
    </p>
   </div>
   <div class='ocr_carea' id='block_1_39' title="bbox 2156 1601 3736 1674">
    <p class='ocr_par' dir='ltr' id='par_1_39' title="bbox 2156 1601 3736 1674">
     <span class='ocr_line' id='line_1_41' title="bbox 2156 1601 3736 1674; baseline 0 -18"><span class='ocrx_word' id='word_1_284' title='bbox 2156 1602 2429 1674; x_wconf 90' lang='lat' dir='ltr'><strong>didissima</strong></span> <span class='ocrx_word' id='word_1_285' title='bbox 2455 1603 2643 1657; x_wconf 87' lang='lat' dir='ltr'><strong>civitas</strong></span> <span class='ocrx_word' id='word_1_286' title='bbox 2656 1601 2839 1674; x_wconf 87' lang='lat' dir='ltr'><strong>junior</strong></span> <span class='ocrx_word' id='word_1_287' title='bbox 2877 1601 3042 1674; x_wconf 63' lang='lat' dir='ltr'><strong>itania</strong></span> <span class='ocrx_word' id='word_1_288' title='bbox 3078 1611 3437 1674; x_wconf 89' lang='lat' dir='ltr'><strong>nuncupatur,</strong></span> <span class='ocrx_word' id='word_1_289' title='bbox 3483 1601 3736 1672; x_wconf 82' lang='lat' dir='ltr'><strong>dignetur</strong></span> 
     </span>
    </p>
   </div>
   <div class='ocr_carea' id='block_1_40' title="bbox 2157 1671 3739 1743">
    <p class='ocr_par' dir='ltr' id='par_1_40' title="bbox 2157 1671 3739 1743">
     <span class='ocr_line' id='line_1_42' title="bbox 2157 1671 3739 1743; baseline 0.001 -17"><span class='ocrx_word' id='word_1_290' title='bbox 2157 1672 2414 1727; x_wconf 86' lang='lat' dir='ltr'><strong>sanctitas</strong></span> <span class='ocrx_word' id='word_1_291' title='bbox 2461 1680 2549 1726; x_wconf 88' lang='lat' dir='ltr'><strong>tua</strong></span> <span class='ocrx_word' id='word_1_292' title='bbox 2597 1671 2759 1743; x_wconf 66' lang='lat' dir='ltr'><strong>etiam</strong></span> <span class='ocrx_word' id='word_1_293' title='bbox 2811 1671 2934 1727; x_wconf 90' lang='lat' dir='ltr'><strong>huic</strong></span> <span class='ocrx_word' id='word_1_294' title='bbox 2974 1673 3111 1743; x_wconf 88' lang='lat' dir='ltr'><strong>parti</strong></span> <span class='ocrx_word' id='word_1_295' title='bbox 3140 1671 3428 1743; x_wconf 84' lang='lat' dir='ltr'><strong>proprium</strong></span> <span class='ocrx_word' id='word_1_296' title='bbox 3476 1674 3739 1728; x_wconf 88' lang='lat' dir='ltr'><strong>adbibere</strong></span> 
     </span>
    </p>
   </div>
   <div class='ocr_carea' id='block_1_41' title="bbox 490 1740 3743 1824">
    <p class='ocr_par' dir='ltr' id='par_1_41' title="bbox 490 1740 3743 1824">
     <span class='ocr_line' id='line_1_43' title="bbox 490 1740 3743 1824; baseline 0.001 -32"><span class='ocrx_word' id='word_1_297' title='bbox 490 1740 896 1824; x_wconf 41' lang='lat' dir='ltr'><strong>non_licet.esse</strong></span> <span class='ocrx_word' id='word_1_298' title='bbox 915 1753 1041 1824; x_wconf 59' lang='lat' dir='ltr'><strong>tam</strong></span> <span class='ocrx_word' id='word_1_299' title='bbox 1066 1740 1301 1824; x_wconf 59' lang='lat' dir='ltr'><strong>acutos,</strong></span> <span class='ocrx_word' id='word_1_300' title='bbox 1314 1749 1404 1824; x_wconf 83' lang='lat' dir='ltr'><strong>qui</strong></span> <span class='ocrx_word' id='word_1_301' title='bbox 1433 1758 1496 1824; x_wconf 65' lang='lat' dir='ltr'><strong>ea</strong></span> <span class='ocrx_word' id='word_1_302' title='bbox 1526 1743 1799 1824; x_wconf 73' lang='lat' dir='ltr'><strong>videamus</strong></span> <span class='ocrx_word' id='word_1_303' title='bbox 1823 1742 2049 1824; x_wconf 67' lang='lat' dir='ltr'><strong>qumisti</strong></span> <span class='ocrx_word' id='word_1_304' title='bbox 2078 1765 2125 1824; x_wconf 82' lang='lat' dir='ltr'><strong>B</strong></span> <span class='ocrx_word' id='word_1_305' title='bbox 2154 1756 2496 1824; x_wconf 64' lang='lat' dir='ltr'><strong>consensum.</strong></span> <span class='ocrx_word' id='word_1_306' title='bbox 2529 1760 2548 1793; x_wconf 80' lang='grc' dir='ltr'><strong>ι</strong></span> <span class='ocrx_word' id='word_1_307' title='bbox 2613 1742 2831 1824; x_wconf 73' lang='lat' dir='ltr'><strong>Restitit</strong></span> <span class='ocrx_word' id='word_1_308' title='bbox 2880 1740 3169 1824; x_wconf 58' lang='lat' dir='ltr'><strong>enimvero</strong></span> <span class='ocrx_word' id='word_1_309' title='bbox 3201 1740 3312 1824; x_wconf 78' lang='lat' dir='ltr'><strong>Leo</strong></span> <span class='ocrx_word' id='word_1_310' title='bbox 3362 1744 3743 1824; x_wconf 74' lang='lat' dir='ltr'><strong>sanctissimus</strong></span> 
     </span>
    </p>
   </div>
   <div class='ocr_carea' id='block_1_42' title="bbox 493 1810 2053 1884">
    <p class='ocr_par' dir='ltr' id='par_1_42' title="bbox 493 1810 2053 1884">
     <span class='ocr_line' id='line_1_44' title="bbox 493 1810 2053 1884; baseline 0.003 -21"><span class='ocrx_word' id='word_1_311' title='bbox 493 1810 843 1884; x_wconf 82' lang='lat' dir='ltr'><strong>oculatissimi</strong></span> <span class='ocrx_word' id='word_1_312' title='bbox 875 1812 1072 1884; x_wconf 83' lang='lat' dir='ltr'><strong>vident.</strong></span> <span class='ocrx_word' id='word_1_313' title='bbox 1132 1812 1285 1884; x_wconf 81' lang='lat' dir='ltr'><strong>Prior</strong></span> <span class='ocrx_word' id='word_1_314' title='bbox 1317 1810 1404 1884; x_wconf 84' lang='lat' dir='ltr'><strong>qui</strong></span> <span class='ocrx_word' id='word_1_315' title='bbox 1434 1813 1500 1868; x_wconf 91' lang='lat' dir='ltr'><strong>de</strong></span> <span class='ocrx_word' id='word_1_316' title='bbox 1525 1810 2053 1884; x_wconf 28' lang='lat' dir='ltr'><strong>discrimineiutriys-</strong></span> 
     </span>
    </p>
   </div>
   <div class='ocr_carea' id='block_1_43' title="bbox 491 1880 2109 1954">
    <p class='ocr_par' dir='ltr' id='par_1_43' title="bbox 491 1880 2109 1954">
     <span class='ocr_line' id='line_1_45' title="bbox 491 1880 2109 1954; baseline 0.002 -22"><span class='ocrx_word' id='word_1_317' title='bbox 491 1894 594 1947; x_wconf 91' lang='lat' dir='ltr'><strong>que</strong></span> <span class='ocrx_word' id='word_1_318' title='bbox 609 1881 835 1954; x_wconf 71' lang='lat' dir='ltr'><strong>eriterii</strong></span> <span class='ocrx_word' id='word_1_319' title='bbox 854 1882 920 1935; x_wconf 89' lang='lat' dir='ltr'><strong>ad</strong></span> <span class='ocrx_word' id='word_1_320' title='bbox 945 1882 1093 1954; x_wconf 83' lang='lat' dir='ltr'><strong>litem</strong></span> <span class='ocrx_word' id='word_1_321' title='bbox 1117 1880 1470 1938; x_wconf 73' lang='lat' dir='ltr'><strong>dirimendam</strong></span> <span class='ocrx_word' id='word_1_322' title='bbox 1499 1883 1662 1954; x_wconf 82' lang='lat' dir='ltr'><strong>verba</strong></span> <span class='ocrx_word' id='word_1_323' title='bbox 1697 1880 1907 1954; x_wconf 78' lang='lat' dir='ltr'><strong>fecerit,</strong></span> <span class='ocrx_word' id='word_1_324' title='bbox 1926 1882 2053 1954; x_wconf 33' lang='grc' dir='ltr'>ηΕιι-</span> <span class='ocrx_word' id='word_1_325' title='bbox 2106 1952 2109 1953; x_wconf 16' lang='grc' dir='ltr'><em>ν</em></span> 
     </span>
    </p>
   </div>
   <div class='ocr_carea' id='block_1_44' title="bbox 491 1949 2054 2022">
    <p class='ocr_par' dir='ltr' id='par_1_44' title="bbox 491 1949 2054 2022">
     <span class='ocr_line' id='line_1_46' title="bbox 491 1949 2054 2022; baseline 0.002 -20"><span class='ocrx_word' id='word_1_326' title='bbox 491 1949 730 2022; x_wconf 71' lang='lat' dir='ltr'><strong>stacliius</strong></span> <span class='ocrx_word' id='word_1_327' title='bbox 764 1951 885 2015; x_wconf 87' lang='lat' dir='ltr'><strong>fuit,</strong></span> <span class='ocrx_word' id='word_1_328' title='bbox 922 1953 998 2007; x_wconf 90' lang='lat' dir='ltr'><strong>rei</strong></span> <span class='ocrx_word' id='word_1_329' title='bbox 1034 1950 1214 2022; x_wconf 85' lang='lat' dir='ltr'><strong>partes</strong></span> <span class='ocrx_word' id='word_1_330' title='bbox 1242 1969 1423 2022; x_wconf 82' lang='lat' dir='ltr'><strong>agens,</strong></span> <span class='ocrx_word' id='word_1_331' title='bbox 1470 1953 1562 2022; x_wconf 89' lang='lat' dir='ltr'><strong>qui</strong></span> <span class='ocrx_word' id='word_1_332' title='bbox 1607 1952 1745 2008; x_wconf 90' lang='lat' dir='ltr'><strong>lecto</strong></span> <span class='ocrx_word' id='word_1_333' title='bbox 1785 1952 1959 2007; x_wconf 90' lang='lat' dir='ltr'><strong>Pbotii</strong></span> <span class='ocrx_word' id='word_1_334' title='bbox 1997 1952 2054 2006; x_wconf 85' lang='lat' dir='ltr'><strong>li-</strong></span> 
     </span>
    </p>
   </div>
   <div class='ocr_carea' id='block_1_45' title="bbox 492 2018 2055 2095">
    <p class='ocr_par' dir='ltr' id='par_1_45' title="bbox 492 2018 2055 2095">
     <span class='ocr_line' id='line_1_47' title="bbox 492 2018 2055 2095; baseline 0.003 -22"><span class='ocrx_word' id='word_1_335' title='bbox 492 2018 653 2095; x_wconf 62' lang='lat' dir='ltr'><strong>bello,</strong></span> <span class='ocrx_word' id='word_1_336' title='bbox 699 2036 820 2074; x_wconf 91' lang='lat' dir='ltr'><strong>cum</strong></span> <span class='ocrx_word' id='word_1_337' title='bbox 854 2018 1063 2095; x_wconf 81' lang='lat' dir='ltr'><strong>judices</strong></span> <span class='ocrx_word' id='word_1_338' title='bbox 1102 2018 1592 2095; x_wconf 73' lang='lat' dir='ltr'><strong>interrogavissent,</strong></span> <span class='ocrx_word' id='word_1_339' title='bbox 1631 2022 1806 2095; x_wconf 70' lang='lat' dir='ltr'><strong>«Quid</strong></span> <span class='ocrx_word' id='word_1_340' title='bbox 1837 2024 1905 2095; x_wconf 69' lang='lat' dir='ltr'><strong>ad</strong></span> <span class='ocrx_word' id='word_1_341' title='bbox 1940 2024 2055 2079; x_wconf 66' lang='lat' dir='ltr'><strong>hinc</strong></span> 
     </span>
    </p>
   </div>
   <div class='ocr_carea' id='block_1_46' title="bbox 494 2089 2054 2164">
    <p class='ocr_par' dir='ltr' id='par_1_46' title="bbox 494 2089 2054 2164">
     <span class='ocr_line' id='line_1_48' title="bbox 494 2089 2054 2164; baseline 0.004 -22"><span class='ocrx_word' id='word_1_342' title='bbox 494 2089 687 2164; x_wconf 72' lang='lat' dir='ltr'><strong>allegat</strong></span> <span class='ocrx_word' id='word_1_343' title='bbox 708 2089 1182 2164; x_wconf 81' lang='lat' dir='ltr'><strong>reverendissimus</strong></span> <span class='ocrx_word' id='word_1_344' title='bbox 1205 2089 1487 2163; x_wconf 69' lang='lat' dir='ltr'><strong>episcopus</strong></span> <span class='ocrx_word' id='word_1_345' title='bbox 1509 2093 1843 2164; x_wconf 86' lang='lat' dir='ltr'><strong>Berytiorum</strong></span> <span class='ocrx_word' id='word_1_346' title='bbox 1865 2093 2054 2148; x_wconf 83' lang='lat' dir='ltr'><strong>Eusta-</strong></span> 
     </span>
    </p>
   </div>
   <div class='ocr_carea' id='block_1_47' title="bbox 492 2160 2101 2231">
    <p class='ocr_par' dir='ltr' id='par_1_47' title="bbox 492 2160 2101 2231">
     <span class='ocr_line' id='line_1_49' title="bbox 492 2160 2101 2231; baseline 0.002 -18"><span class='ocrx_word' id='word_1_347' title='bbox 492 2160 712 2231; x_wconf 64' lang='lat' dir='ltr'><strong>titius?»</strong></span> <span class='ocrx_word' id='word_1_348' title='bbox 731 2163 1033 2231; x_wconf 86' lang='lat' dir='ltr'><strong>respondit:</strong></span> <span class='ocrx_word' id='word_1_349' title='bbox 1057 2182 1074 2213; x_wconf 79' lang='grc' dir='ltr'><strong>ι</strong></span> <span class='ocrx_word' id='word_1_350' title='bbox 1097 2160 1285 2218; x_wconf 70' lang='lat' dir='ltr'><strong>iubete</strong></span> <span class='ocrx_word' id='word_1_351' title='bbox 1314 2160 1436 2218; x_wconf 83' lang='lat' dir='ltr'><strong>eum</strong></span> <span class='ocrx_word' id='word_1_352' title='bbox 1462 2160 1640 2218; x_wconf 80' lang='lat' dir='ltr'><strong>dicere</strong></span> <span class='ocrx_word' id='word_1_353' title='bbox 1664 2173 1841 2217; x_wconf 90' lang='lat' dir='ltr'><strong>utrum</strong></span> <span class='ocrx_word' id='word_1_354' title='bbox 1871 2178 2055 2217; x_wconf 90' lang='lat' dir='ltr'><strong>secun-</strong></span> <span class='ocrx_word' id='word_1_355' title='bbox 2090 2188 2101 2195; x_wconf 90' lang='lat'><strong>-</strong></span> 
     </span>
    </p>
   </div>
   <div class='ocr_carea' id='block_1_48' title="bbox 492 2228 2056 2304">
    <p class='ocr_par' dir='ltr' id='par_1_48' title="bbox 492 2228 2056 2304">
     <span class='ocr_line' id='line_1_50' title="bbox 492 2228 2056 2304; baseline 0.004 -23"><span class='ocrx_word' id='word_1_356' title='bbox 492 2228 873 2304; x_wconf 62' lang='lat' dir='ltr'><strong>dumcanones</strong></span> <span class='ocrx_word' id='word_1_357' title='bbox 900 2243 1129 2296; x_wconf 84' lang='lat' dir='ltr'><strong>moveat,</strong></span> <span class='ocrx_word' id='word_1_358' title='bbox 1165 2249 1230 2304; x_wconf 88' lang='lat' dir='ltr'><strong>an</strong></span> <span class='ocrx_word' id='word_1_359' title='bbox 1261 2233 1551 2304; x_wconf 88' lang='lat' dir='ltr'><strong>secundum</strong></span> <span class='ocrx_word' id='word_1_360' title='bbox 1582 2233 1742 2304; x_wconf 80' lang='lat' dir='ltr'><strong>leges.</strong></span> <span class='ocrx_word' id='word_1_361' title='bbox 1769 2253 1787 2282; x_wconf 77' lang='grc' dir='ltr'><strong>ι</strong></span> <span class='ocrx_word' id='word_1_362' title='bbox 1830 2234 1915 2304; x_wconf 74' lang='lat' dir='ltr'><strong>9b</strong></span> <span class='ocrx_word' id='word_1_363' title='bbox 1944 2234 2056 2287; x_wconf 73' lang='lat' dir='ltr'><strong>btec</strong></span> 
     </span>
    </p>
   </div>
   <div class='ocr_carea' id='block_1_49' title="bbox 491 2296 2050 2382">
    <p class='ocr_par' dir='ltr' id='par_1_49' title="bbox 491 2296 2050 2382">
     <span class='ocr_line' id='line_1_51' title="bbox 491 2296 2050 2382; baseline 0.003 -30"><span class='ocrx_word' id='word_1_364' title='bbox 491 2296 728 2382; x_wconf 44' lang='lat' dir='ltr'><strong>Photius&#39;</strong></span> <span class='ocrx_word' id='word_1_365' title='bbox 769 2310 1052 2382; x_wconf 75' lang='lat' dir='ltr'><strong>antequam</strong></span> <span class='ocrx_word' id='word_1_366' title='bbox 1097 2303 1385 2382; x_wconf 69' lang='lat' dir='ltr'><strong>quidquam</strong></span> <span class='ocrx_word' id='word_1_367' title='bbox 1435 2296 1787 2382; x_wconf 62' lang='lat' dir='ltr'><strong>adjungErent</strong></span> <span class='ocrx_word' id='word_1_368' title='bbox 1824 2301 2050 2382; x_wconf 80' lang='lat' dir='ltr'><strong>judices,</strong></span> 
     </span>
    </p>
   </div>
   <div class='ocr_carea' id='block_1_50' title="bbox 491 2369 2056 2441">
    <p class='ocr_par' dir='ltr' id='par_1_50' title="bbox 491 2369 2056 2441">
     <span class='ocr_line' id='line_1_52' title="bbox 491 2369 2056 2441; baseline 0.003 -20"><span class='ocrx_word' id='word_1_369' title='bbox 491 2369 672 2441; x_wconf 79' lang='lat' dir='ltr'><strong>statim</strong></span> <span class='ocrx_word' id='word_1_370' title='bbox 715 2369 936 2425; x_wconf 81' lang='lat' dir='ltr'><strong>instavit</strong></span> <span class='ocrx_word' id='word_1_371' title='bbox 976 2388 1034 2427; x_wconf 92' lang='lat' dir='ltr'><strong>se</strong></span> <span class='ocrx_word' id='word_1_372' title='bbox 1072 2369 1206 2427; x_wconf 82' lang='lat' dir='ltr'><strong>velle</strong></span> <span class='ocrx_word' id='word_1_373' title='bbox 1240 2369 1393 2440; x_wconf 82' lang='lat' dir='ltr'><strong>juxta</strong></span> <span class='ocrx_word' id='word_1_374' title='bbox 1435 2369 1653 2441; x_wconf 76' lang='lat' dir='ltr'><strong>Patrum</strong></span> <span class='ocrx_word' id='word_1_375' title='bbox 1692 2369 1903 2441; x_wconf 79' lang='lat' dir='ltr'><strong>regulas</strong></span> <span class='ocrx_word' id='word_1_376' title='bbox 1942 2387 2056 2426; x_wconf 86' lang='lat' dir='ltr'><strong>rem</strong></span> 
     </span>
    </p>
   </div>
   <div class='ocr_carea' id='block_1_51' title="bbox 492 2434 2057 2519">
    <p class='ocr_par' dir='ltr' id='par_1_51' title="bbox 492 2434 2057 2519">
     <span class='ocr_line' id='line_1_53' title="bbox 492 2434 2057 2519; baseline 0.003 -28"><span class='ocrx_word' id='word_1_377' title='bbox 492 2437 728 2519; x_wconf 75' lang='lat' dir='ltr'><strong>decerni,</strong></span> <span class='ocrx_word' id='word_1_378' title='bbox 762 2449 817 2494; x_wconf 90' lang='lat' dir='ltr'><strong>et</strong></span> <span class='ocrx_word' id='word_1_379' title='bbox 841 2456 870 2495; x_wconf 91' lang='lat' dir='ltr'><strong>a</strong></span> <span class='ocrx_word' id='word_1_380' title='bbox 901 2441 1147 2496; x_wconf 89' lang='lat' dir='ltr'><strong>Patribus</strong></span> <span class='ocrx_word' id='word_1_381' title='bbox 1170 2434 1638 2519; x_wconf 82' lang='lat' dir='ltr'><strong>concilii_deli_niri.</strong></span> <span class='ocrx_word' id='word_1_382' title='bbox 1690 2461 1707 2492; x_wconf 78' lang='grc' dir='ltr'><strong>ι</strong></span> <span class='ocrx_word' id='word_1_383' title='bbox 1730 2434 1902 2519; x_wconf 66' lang='lat' dir='ltr'><strong>Quod,</strong></span> <span class='ocrx_word' id='word_1_384' title='bbox 1923 2461 1940 2491; x_wconf 78' lang='grc' dir='ltr'><strong>ι</strong></span> <span class='ocrx_word' id='word_1_385' title='bbox 1976 2442 2057 2495; x_wconf 82' lang='lat' dir='ltr'><strong>in-</strong></span> 
     </span>
    </p>
   </div>
   <div class='ocr_carea' id='block_1_52' title="bbox 530 2510 2055 2573">
    <p class='ocr_par' dir='ltr' id='par_1_52' title="bbox 530 2510 2055 2573">
     <span class='ocr_line' id='line_1_54' title="bbox 530 2510 2055 2573; baseline 0.003 -13"><span class='ocrx_word' id='word_1_386' title='bbox 530 2510 631 2573; x_wconf 91' lang='lat' dir='ltr'><strong>uit,</strong></span> <span class='ocrx_word' id='word_1_387' title='bbox 689 2519 994 2565; x_wconf 70' lang='lat' dir='ltr'><strong>«vetustum</strong></span> <span class='ocrx_word' id='word_1_388' title='bbox 1039 2526 1240 2566; x_wconf 90' lang='lat' dir='ltr'><strong>morem</strong></span> <span class='ocrx_word' id='word_1_389' title='bbox 1281 2512 1547 2566; x_wconf 88' lang='lat' dir='ltr'><strong>studuerit</strong></span> <span class='ocrx_word' id='word_1_390' title='bbox 1583 2520 1824 2567; x_wconf 87' lang='lat' dir='ltr'><strong>evertere</strong></span> <span class='ocrx_word' id='word_1_391' title='bbox 1861 2510 2055 2565; x_wconf 87' lang='lat' dir='ltr'><strong>Eusta-</strong></span> 
     </span>
    </p>
   </div>
   <div class='ocr_carea' id='block_1_53' title="bbox 493 2577 2057 2652">
    <p class='ocr_par' dir='ltr' id='par_1_53' title="bbox 493 2577 2057 2652">
     <span class='ocr_line' id='line_1_55' title="bbox 493 2577 2057 2652; baseline 0.004 -22"><span class='ocrx_word' id='word_1_392' title='bbox 493 2577 638 2652; x_wconf 81' lang='lat' dir='ltr'><strong>thius</strong></span> <span class='ocrx_word' id='word_1_393' title='bbox 683 2582 1158 2636; x_wconf 85' lang='lat' dir='ltr'><strong>rcverendissimus</strong></span> <span class='ocrx_word' id='word_1_394' title='bbox 1200 2581 1501 2652; x_wconf 90' lang='lat' dir='ltr'><strong>episcopus,</strong></span> <span class='ocrx_word' id='word_1_395' title='bbox 1537 2583 1930 2652; x_wconf 79' lang='lat' dir='ltr'><strong>interrogentur</strong></span> <span class='ocrx_word' id='word_1_396' title='bbox 1964 2581 2057 2636; x_wconf 86' lang='lat' dir='ltr'><strong>do-</strong></span> 
     </span>
    </p>
   </div>
   <div class='ocr_carea' id='block_1_54' title="bbox 492 2646 2057 2722">
    <p class='ocr_par' dir='ltr' id='par_1_54' title="bbox 492 2646 2057 2722">
     <span class='ocr_line' id='line_1_56' title="bbox 492 2646 2057 2722; baseline 0.004 -23"><span class='ocrx_word' id='word_1_397' title='bbox 492 2646 625 2722; x_wconf 82' lang='lat' dir='ltr'><strong>mini</strong></span> <span class='ocrx_word' id='word_1_398' title='bbox 654 2657 709 2722; x_wconf 81' lang='lat' dir='ltr'><strong>et</strong></span> <span class='ocrx_word' id='word_1_399' title='bbox 737 2651 1058 2722; x_wconf 82' lang='lat' dir='ltr'><strong>sanctissimi</strong></span> <span class='ocrx_word' id='word_1_400' title='bbox 1083 2646 1348 2721; x_wconf 76' lang='lat' dir='ltr'><strong>episcopi;</strong></span> <span class='ocrx_word' id='word_1_401' title='bbox 1370 2646 1469 2722; x_wconf 78' lang='lat' dir='ltr'><strong>ego</strong></span> <span class='ocrx_word' id='word_1_402' title='bbox 1493 2653 1634 2706; x_wconf 89' lang='lat' dir='ltr'><strong>enim</strong></span> <span class='ocrx_word' id='word_1_403' title='bbox 1663 2666 1694 2705; x_wconf 89' lang='lat' dir='ltr'><strong>a</strong></span> <span class='ocrx_word' id='word_1_404' title='bbox 1731 2646 1930 2721; x_wconf 65' lang='lat' dir='ltr'><strong>regulis</strong></span> <span class='ocrx_word' id='word_1_405' title='bbox 1950 2667 2057 2706; x_wconf 93' lang='lat' dir='ltr'><strong>non</strong></span> 
     </span>
    </p>
   </div>
   <div class='ocr_carea' id='block_1_55' title="bbox 492 2716 2059 2793">
    <p class='ocr_par' dir='ltr' id='par_1_55' title="bbox 492 2716 2059 2793">
     <span class='ocr_line' id='line_1_57' title="bbox 492 2716 2059 2793; baseline 0.003 -23"><span class='ocrx_word' id='word_1_406' title='bbox 492 2716 730 2793; x_wconf 70' lang='lat' dir='ltr'><strong>discedo,</strong></span> <span class='ocrx_word' id='word_1_407' title='bbox 759 2735 859 2776; x_wconf 86' lang='lat' dir='ltr'><strong>nec</strong></span> <span class='ocrx_word' id='word_1_408' title='bbox 885 2721 1003 2776; x_wconf 92' lang='lat' dir='ltr'><strong>volo</strong></span> <span class='ocrx_word' id='word_1_409' title='bbox 1024 2716 1175 2792; x_wconf 74' lang='lat' dir='ltr'><strong>typos</strong></span> <span class='ocrx_word' id='word_1_410' title='bbox 1196 2716 1429 2793; x_wconf 59' lang='lat' dir='ltr'><strong>Pairum&#39;</strong></span> <span class='ocrx_word' id='word_1_411' title='bbox 1444 2716 1821 2793; x_wconf 25' lang='lat' dir='ltr'><strong>evertere,‘sed</strong></span> <span class='ocrx_word' id='word_1_412' title='bbox 1850 2721 2059 2793; x_wconf 88' lang='lat' dir='ltr'><strong>postulo</strong></span> 
     </span>
    </p>
   </div>
   <div class='ocr_carea' id='block_1_56' title="bbox 492 2787 2055 2866">
    <p class='ocr_par' dir='ltr' id='par_1_56' title="bbox 492 2787 2055 2866">
     <span class='ocr_line' id='line_1_58' title="bbox 492 2787 2055 2866; baseline 0.003 -26"><span class='ocrx_word' id='word_1_413' title='bbox 492 2800 563 2866; x_wconf 79' lang='lat' dir='ltr'><strong>ne</strong></span> <span class='ocrx_word' id='word_1_414' title='bbox 589 2787 676 2842; x_wconf 89' lang='lat' dir='ltr'><strong>illa</strong></span> <span class='ocrx_word' id='word_1_415' title='bbox 700 2789 827 2866; x_wconf 82' lang='lat' dir='ltr'><strong>jura</strong></span> <span class='ocrx_word' id='word_1_416' title='bbox 858 2787 1188 2866; x_wconf 72' lang='lat' dir='ltr'><strong>evertantur.</strong></span> <span class='ocrx_word' id='word_1_417' title='bbox 1210 2812 1229 2843; x_wconf 78' lang='grc' dir='ltr'><strong>ι</strong></span> <span class='ocrx_word' id='word_1_418' title='bbox 1266 2792 1644 2866; x_wconf 77' lang='lat' dir='ltr'><strong>lnter_actoris</strong></span> <span class='ocrx_word' id='word_1_419' title='bbox 1672 2787 1865 2866; x_wconf 77' lang='lat' dir='ltr'><strong>itaque</strong></span> <span class='ocrx_word' id='word_1_420' title='bbox 1887 2801 1943 2847; x_wconf 89' lang='lat' dir='ltr'><strong>et</strong></span> <span class='ocrx_word' id='word_1_421' title='bbox 1979 2792 2055 2846; x_wconf 90' lang='lat' dir='ltr'><strong>rei</strong></span> 
     </span>
    </p>
   </div>
   <div class='ocr_carea' id='block_1_57' title="bbox 493 2860 2059 2937">
    <p class='ocr_par' dir='ltr' id='par_1_57' title="bbox 493 2860 2059 2937">
     <span class='ocr_line' id='line_1_59' title="bbox 493 2860 2059 2937; baseline 0.003 -26"><span class='ocrx_word' id='word_1_422' title='bbox 493 2860 778 2937; x_wconf 74' lang='lat' dir='ltr'><strong>instantias</strong></span> <span class='ocrx_word' id='word_1_423' title='bbox 832 2870 1021 2937; x_wconf 80' lang='lat' dir='ltr'><strong>petunt</strong></span> <span class='ocrx_word' id='word_1_424' title='bbox 1061 2863 1269 2931; x_wconf 88' lang='lat' dir='ltr'><strong>judices</strong></span> <span class='ocrx_word' id='word_1_425' title='bbox 1319 2872 1378 2917; x_wconf 90' lang='lat' dir='ltr'><strong>ut</strong></span> <span class='ocrx_word' id='word_1_426' title='bbox 1422 2861 1608 2937; x_wconf 80' lang='lat' dir='ltr'><strong>Patres</strong></span> <span class='ocrx_word' id='word_1_427' title='bbox 1647 2860 1939 2937; x_wconf 67' lang='lat' dir='ltr'><strong>decernant</strong></span> <span class='ocrx_word' id='word_1_428' title='bbox 1990 2877 2059 2915; x_wconf 90' lang='lat' dir='ltr'><strong>an</strong></span> 
     </span>
    </p>
   </div>
   <div class='ocr_carea' id='block_1_58' title="bbox 487 2929 2055 3050">
    <p class='ocr_par' dir='ltr' id='par_1_58' title="bbox 487 2929 2055 3050">
     <span class='ocr_line' id='line_1_60' title="bbox 487 2929 2055 3050; baseline 0.003 -69"><span class='ocrx_word' id='word_1_429' title='bbox 487 2929 639 3050; x_wconf 47' lang='lat' dir='ltr'><strong>{lima</strong></span> <span class='ocrx_word' id='word_1_430' title='bbox 674 2929 818 3001; x_wconf 82' lang='lat' dir='ltr'><strong>leges</strong></span> <span class='ocrx_word' id='word_1_431' title='bbox 833 2929 937 2987; x_wconf 47' lang='lat' dir='ltr'><strong>’vel</strong></span> <span class='ocrx_word' id='word_1_432' title='bbox 981 2929 1132 3003; x_wconf 73' lang='lat' dir='ltr'><strong>juxta</strong></span> <span class='ocrx_word' id='word_1_433' title='bbox 1171 2948 1402 2988; x_wconf 89' lang='lat' dir='ltr'><strong>canones</strong></span> <span class='ocrx_word' id='word_1_434' title='bbox 1447 2933 1513 2987; x_wconf 92' lang='lat' dir='ltr'><strong>lis</strong></span> <span class='ocrx_word' id='word_1_435' title='bbox 1559 2932 1853 2987; x_wconf 91' lang='lat' dir='ltr'><strong>dirimenda</strong></span> <span class='ocrx_word' id='word_1_436' title='bbox 1893 2940 2055 2986; x_wconf 84' lang='lat' dir='ltr'><strong>esset.</strong></span> 
     </span>
     <span class='ocr_line' id='line_1_61' title="bbox 547 3000 2055 3050; baseline 0 0"><span class='ocrx_word' id='word_1_437' title='bbox 547 3008 710 3050; x_wconf 84' lang='lat' dir='ltr'><strong>onem</strong></span> <span class='ocrx_word' id='word_1_438' title='bbox 733 3000 969 3050; x_wconf 79' lang='lat' dir='ltr'><strong>auidem.</strong></span> <span class='ocrx_word' id='word_1_439' title='bbox 999 3002 1138 3050; x_wconf 86' lang='lat' dir='ltr'><strong>numl</strong></span> <span class='ocrx_word' id='word_1_440' title='bbox 1173 3004 1321 3050; x_wconf 82' lang='lat' dir='ltr'><strong>nrius</strong></span> <span class='ocrx_word' id='word_1_441' title='bbox 1345 3002 1555 3050; x_wconf 79' lang='lat' dir='ltr'><strong>dixerat</strong></span> <span class='ocrx_word' id='word_1_442' title='bbox 1578 3001 1826 3050; x_wconf 81' lang='lat' dir='ltr'><strong>Photins-</strong></span> <span class='ocrx_word' id='word_1_443' title='bbox 1859 3002 2055 3050; x_wconf 72' lang='lat' dir='ltr'><strong>princi-</strong></span> 
     </span>
    </p>
   </div>
   <div class='ocr_carea' id='block_1_59' title="bbox 535 3000 2060 3077">
    <p class='ocr_par' dir='ltr' id='par_1_59' title="bbox 535 3000 2060 3077">
     <span class='ocr_line' id='line_1_62' title="bbox 535 3000 2060 3077; baseline 0.003 -25"><span class='ocrx_word' id='word_1_444' title='bbox 535 3000 710 3077; x_wconf 79' lang='lat' dir='ltr'><strong>ionent</strong></span> <span class='ocrx_word' id='word_1_445' title='bbox 733 3000 1139 3077; x_wconf 53' lang='lat' dir='ltr'><strong>quidem.&#39;quod</strong></span> <span class='ocrx_word' id='word_1_446' title='bbox 1173 3004 1321 3072; x_wconf 88' lang='lat' dir='ltr'><strong>prius</strong></span> <span class='ocrx_word' id='word_1_447' title='bbox 1345 3002 1555 3077; x_wconf 77' lang='lat' dir='ltr'><strong>dixerat</strong></span> <span class='ocrx_word' id='word_1_448' title='bbox 1578 3001 1827 3077; x_wconf 79' lang='lat' dir='ltr'><strong>Photius,</strong></span> <span class='ocrx_word' id='word_1_449' title='bbox 1859 3002 2060 3077; x_wconf 51' lang='lat' dir='ltr'><strong>princij</strong></span> 
     </span>
    </p>
   </div>
   <div class='ocr_carea' id='block_1_60' title="bbox 496 3071 2059 3141">
    <p class='ocr_par' dir='ltr' id='par_1_60' title="bbox 496 3071 2059 3141">
     <span class='ocr_line' id='line_1_63' title="bbox 496 3071 2059 3141; baseline 0.013 -22"><span class='ocrx_word' id='word_1_450' title='bbox 496 3071 584 3141; x_wconf 84' lang='lat' dir='ltr'><strong>pis</strong></span> <span class='ocrx_word' id='word_1_451' title='bbox 617 3071 937 3141; x_wconf 77' lang='lat' dir='ltr'><strong>sententiam</strong></span> <span class='ocrx_word' id='word_1_452' title='bbox 965 3071 1082 3127; x_wconf 86' lang='lat' dir='ltr'><strong>esse</strong></span> <span class='ocrx_word' id='word_1_453' title='bbox 1107 3089 1226 3141; x_wconf 67' lang='lat' dir='ltr'><strong>qua:</strong></span> <span class='ocrx_word' id='word_1_454' title='bbox 1264 3074 1559 3128; x_wconf 88' lang='lat' dir='ltr'><strong>canonibus</strong></span> <span class='ocrx_word' id='word_1_455' title='bbox 1598 3072 1804 3137; x_wconf 86' lang='lat' dir='ltr'><strong>faveat;</strong></span> <span class='ocrx_word' id='word_1_456' title='bbox 1842 3071 1897 3126; x_wconf 55' lang='lat' dir='ltr'><strong>ai</strong></span> <span class='ocrx_word' id='word_1_457' title='bbox 1932 3073 2059 3141; x_wconf 80' lang='lat' dir='ltr'><strong>quid</strong></span> 
     </span>
    </p>
   </div>
   <div class='ocr_carea' id='block_1_61' title="bbox 2153 1812 3741 1884">
    <p class='ocr_par' dir='ltr' id='par_1_61' title="bbox 2153 1812 3741 1884">
     <span class='ocr_line' id='line_1_64' title="bbox 2153 1812 3741 1884; baseline 0.001 -18"><span class='ocrx_word' id='word_1_458' title='bbox 2153 1813 2349 1867; x_wconf 89' lang='lat' dir='ltr'><strong>veteris</strong></span> <span class='ocrx_word' id='word_1_459' title='bbox 2390 1812 2574 1867; x_wconf 68' lang='lat' dir='ltr'><strong>Romae</strong></span> <span class='ocrx_word' id='word_1_460' title='bbox 2618 1813 2933 1884; x_wconf 85' lang='lat' dir='ltr'><strong>episcopus,</strong></span> <span class='ocrx_word' id='word_1_461' title='bbox 2979 1820 3034 1868; x_wconf 89' lang='lat' dir='ltr'><strong>et</strong></span> <span class='ocrx_word' id='word_1_462' title='bbox 3078 1813 3305 1883; x_wconf 90' lang='lat' dir='ltr'><strong>piissimi</strong></span> <span class='ocrx_word' id='word_1_463' title='bbox 3346 1813 3593 1884; x_wconf 82' lang='lat' dir='ltr'><strong>Augusti,</strong></span> <span class='ocrx_word' id='word_1_464' title='bbox 3640 1814 3741 1882; x_wconf 87' lang='lat' dir='ltr'><strong>qui</strong></span> 
     </span>
    </p>
   </div>
   <div class='ocr_carea' id='block_1_62' title="bbox 2151 1881 3741 1952">
    <p class='ocr_par' dir='ltr' id='par_1_62' title="bbox 2151 1881 3741 1952">
     <span class='ocr_line' id='line_1_65' title="bbox 2151 1881 3741 1952; baseline 0.001 -15"><span class='ocrx_word' id='word_1_465' title='bbox 2151 1897 2262 1937; x_wconf 62' lang='lat' dir='ltr'><strong>sua:</strong></span> <span class='ocrx_word' id='word_1_466' title='bbox 2299 1884 2578 1952; x_wconf 86' lang='lat' dir='ltr'><strong>potestatis</strong></span> <span class='ocrx_word' id='word_1_467' title='bbox 2617 1881 2751 1938; x_wconf 82' lang='lat' dir='ltr'><strong>fines</strong></span> <span class='ocrx_word' id='word_1_468' title='bbox 2785 1881 2985 1952; x_wconf 82' lang='lat' dir='ltr'><strong>optime</strong></span> <span class='ocrx_word' id='word_1_469' title='bbox 3036 1881 3318 1949; x_wconf 85' lang='lat' dir='ltr'><strong>noverant,</strong></span> <span class='ocrx_word' id='word_1_470' title='bbox 3358 1881 3505 1938; x_wconf 63' lang='lat' dir='ltr'><strong>ita&#39;a</strong></span> <span class='ocrx_word' id='word_1_471' title='bbox 3539 1881 3741 1952; x_wconf 69' lang='lat' dir='ltr'><strong>emptis</strong></span> 
     </span>
    </p>
   </div>
   <div class='ocr_carea' id='block_1_63' title="bbox 2151 1950 3741 2024">
    <p class='ocr_par' dir='ltr' id='par_1_63' title="bbox 2151 1950 3741 2024">
     <span class='ocr_line' id='line_1_66' title="bbox 2151 1950 3741 2024; baseline 0.001 -17"><span class='ocrx_word' id='word_1_472' title='bbox 2151 1950 2425 2024; x_wconf 81' lang='lat' dir='ltr'><strong>destitere,</strong></span> <span class='ocrx_word' id='word_1_473' title='bbox 2453 1960 2514 2024; x_wconf 90' lang='lat' dir='ltr'><strong>ut</strong></span> <span class='ocrx_word' id='word_1_474' title='bbox 2538 1950 2835 2024; x_wconf 78' lang='lat' dir='ltr'><strong>Anatolius</strong></span> <span class='ocrx_word' id='word_1_475' title='bbox 2853 1950 3473 2023; x_wconf 89' lang='lat' dir='ltr'><strong>Constantinopolitanus</strong></span> <span class='ocrx_word' id='word_1_476' title='bbox 3522 1950 3741 2024; x_wconf 79' lang='lat' dir='ltr'><strong>episco-</strong></span> 
     </span>
    </p>
   </div>
   <div class='ocr_carea' id='block_1_64' title="bbox 2151 2021 3738 2095">
    <p class='ocr_par' dir='ltr' id='par_1_64' title="bbox 2151 2021 3738 2095">
     <span class='ocr_line' id='line_1_67' title="bbox 2151 2021 3738 2095; baseline 0 -18"><span class='ocrx_word' id='word_1_477' title='bbox 2151 2038 2251 2092; x_wconf 86' lang='lat' dir='ltr'><strong>pus</strong></span> <span class='ocrx_word' id='word_1_478' title='bbox 2274 2021 2471 2095; x_wconf 84' lang='lat' dir='ltr'><strong>factnm</strong></span> <span class='ocrx_word' id='word_1_479' title='bbox 2501 2021 3006 2095; x_wconf 19' lang='lat' dir='ltr'><strong>in‘Chaicedonensi</strong></span> <span class='ocrx_word' id='word_1_480' title='bbox 3031 2021 3363 2095; x_wconf 69' lang='lat' dir='ltr'><strong>synodosibi</strong></span> <span class='ocrx_word' id='word_1_481' title='bbox 3388 2021 3610 2095; x_wconf 82' lang='lat' dir='ltr'><strong>minime</strong></span> <span class='ocrx_word' id='word_1_482' title='bbox 3638 2024 3738 2077; x_wconf 86' lang='lat' dir='ltr'><strong>im-</strong></span> 
     </span>
    </p>
   </div>
   <div class='ocr_carea' id='block_1_65' title="bbox 2151 2092 3739 2162">
    <p class='ocr_par' dir='ltr' id='par_1_65' title="bbox 2151 2092 3739 2162">
     <span class='ocr_line' id='line_1_68' title="bbox 2151 2092 3739 2162; baseline 0 -16"><span class='ocrx_word' id='word_1_483' title='bbox 2151 2093 2445 2162; x_wconf 89' lang='lat' dir='ltr'><strong>putandum</strong></span> <span class='ocrx_word' id='word_1_484' title='bbox 2472 2093 2751 2162; x_wconf 86' lang='lat' dir='ltr'><strong>scripserit</strong></span> <span class='ocrx_word' id='word_1_485' title='bbox 2773 2092 2936 2147; x_wconf 90' lang='lat' dir='ltr'><strong>Leoni</strong></span> <span class='ocrx_word' id='word_1_486' title='bbox 2958 2134 2973 2159; x_wconf 93' lang='lat'><strong>,</strong></span> <span class='ocrx_word' id='word_1_487' title='bbox 3010 2092 3102 2149; x_wconf 83' lang='lat' dir='ltr'><strong>sed</strong></span> <span class='ocrx_word' id='word_1_488' title='bbox 3141 2092 3389 2149; x_wconf 63' lang='lat' dir='ltr'><strong>Ecclesia:</strong></span> <span class='ocrx_word' id='word_1_489' title='bbox 3417 2109 3527 2149; x_wconf 65' lang='lat' dir='ltr'><strong>sum.</strong></span> <span class='ocrx_word' id='word_1_490' title='bbox 3565 2092 3739 2149; x_wconf 85' lang='lat' dir='ltr'><strong>clero-</strong></span> 
     </span>
    </p>
   </div>
   <div class='ocr_carea' id='block_1_66' title="bbox 2153 2162 3740 2232">
    <p class='ocr_par' dir='ltr' id='par_1_66' title="bbox 2153 2162 3740 2232">
     <span class='ocr_line' id='line_1_69' title="bbox 2153 2162 3740 2232; baseline 0.001 -16"><span class='ocrx_word' id='word_1_491' title='bbox 2153 2162 2303 2229; x_wconf 87' lang='lat' dir='ltr'><strong>Quod</strong></span> <span class='ocrx_word' id='word_1_492' title='bbox 2347 2164 2526 2232; x_wconf 88' lang='lat' dir='ltr'><strong>itaque</strong></span> <span class='ocrx_word' id='word_1_493' title='bbox 2568 2163 2970 2219; x_wconf 78' lang='lat' dir='ltr'><strong>Valentinianus</strong></span> <span class='ocrx_word' id='word_1_494' title='bbox 3022 2164 3123 2218; x_wconf 91' lang='lat' dir='ltr'><strong>sibi</strong></span> <span class='ocrx_word' id='word_1_495' title='bbox 3170 2163 3390 2219; x_wconf 85' lang='lat' dir='ltr'><strong>minime</strong></span> <span class='ocrx_word' id='word_1_496' title='bbox 3415 2164 3581 2219; x_wconf 88' lang='lat' dir='ltr'><strong>licere</strong></span> <span class='ocrx_word' id='word_1_497' title='bbox 3606 2179 3740 2218; x_wconf 87' lang='lat' dir='ltr'><strong>cen-</strong></span> 
     </span>
    </p>
   </div>
   <div class='ocr_carea' id='block_1_67' title="bbox 2154 2232 3738 2301">
    <p class='ocr_par' dir='ltr' id='par_1_67' title="bbox 2154 2232 3738 2301">
     <span class='ocr_line' id='line_1_70' title="bbox 2154 2232 3738 2301; baseline 0.001 -15"><span class='ocrx_word' id='word_1_498' title='bbox 2154 2233 2263 2286; x_wconf 87' lang='lat' dir='ltr'><strong>suit</strong></span> <span class='ocrx_word' id='word_1_499' title='bbox 2304 2241 2457 2287; x_wconf 83' lang='lat' dir='ltr'><strong>extra</strong></span> <span class='ocrx_word' id='word_1_500' title='bbox 2500 2232 2726 2287; x_wconf 84' lang='lat' dir='ltr'><strong>Romani</strong></span> <span class='ocrx_word' id='word_1_501' title='bbox 2762 2233 3160 2301; x_wconf 86' lang='lat' dir='ltr'><strong>patriarchatus</strong></span> <span class='ocrx_word' id='word_1_502' title='bbox 3207 2234 3361 2295; x_wconf 81' lang='lat' dir='ltr'><strong>fines,</strong></span> <span class='ocrx_word' id='word_1_503' title='bbox 3402 2233 3617 2288; x_wconf 88' lang='lat' dir='ltr'><strong>etiamsi</strong></span> <span class='ocrx_word' id='word_1_504' title='bbox 3666 2234 3738 2288; x_wconf 88' lang='lat' dir='ltr'><strong>de</strong></span> 
     </span>
    </p>
   </div>
   <div class='ocr_carea' id='block_1_68' title="bbox 2153 2302 3738 2374">
    <p class='ocr_par' dir='ltr' id='par_1_68' title="bbox 2153 2302 3738 2374">
     <span class='ocr_line' id='line_1_71' title="bbox 2153 2302 3738 2374; baseline 0.001 -17"><span class='ocrx_word' id='word_1_505' title='bbox 2153 2302 2740 2374; x_wconf 83' lang='lat' dir='ltr'><strong>Cunstantinopolitana</strong></span> <span class='ocrx_word' id='word_1_506' title='bbox 2766 2304 2892 2359; x_wconf 87' lang='lat' dir='ltr'><strong>sede</strong></span> <span class='ocrx_word' id='word_1_507' title='bbox 2909 2312 3177 2374; x_wconf 78' lang='lat' dir='ltr'><strong>ageretur,</strong></span> <span class='ocrx_word' id='word_1_508' title='bbox 3218 2312 3273 2358; x_wconf 93' lang='lat' dir='ltr'><strong>et</strong></span> <span class='ocrx_word' id='word_1_509' title='bbox 3293 2302 3425 2374; x_wconf 86' lang='lat' dir='ltr'><strong>licet</strong></span> <span class='ocrx_word' id='word_1_510' title='bbox 3462 2304 3514 2358; x_wconf 90' lang='lat' dir='ltr'><strong>id</strong></span> <span class='ocrx_word' id='word_1_511' title='bbox 3546 2304 3738 2374; x_wconf 82' lang='lat' dir='ltr'><strong>ipsum</strong></span> 
     </span>
    </p>
   </div>
   <div class='ocr_carea' id='block_1_69' title="bbox 2153 2372 3738 2455">
    <p class='ocr_par' dir='ltr' id='par_1_69' title="bbox 2153 2372 3738 2455">
     <span class='ocr_line' id='line_1_72' title="bbox 2153 2372 3738 2455; baseline 0.002 -30"><span class='ocrx_word' id='word_1_512' title='bbox 2153 2387 2250 2455; x_wconf 76' lang='lat' dir='ltr'><strong>per</strong></span> <span class='ocrx_word' id='word_1_513' title='bbox 2274 2373 2661 2455; x_wconf 54' lang='lat' dir='ltr'><strong>mepmenicam</strong></span> <span class='ocrx_word' id='word_1_514' title='bbox 2687 2372 3247 2455; x_wconf 60' lang='lat' dir='ltr'><strong>synodpm&#39;deeretum</strong></span> <span class='ocrx_word' id='word_1_515' title='bbox 3278 2373 3496 2455; x_wconf 69' lang='lat' dir='ltr'><strong>fuisset;</strong></span> 
     </span>
    </p>
   </div>
   <div class='ocr_carea' id='block_1_70' title="bbox 2156 2442 3738 2511">
    <p class='ocr_par' dir='ltr' id='par_1_70' title="bbox 2156 2442 3738 2511">
     <span class='ocr_line' id='line_1_73' title="bbox 2156 2442 3738 2511; baseline 0.001 -15"><span class='ocrx_word' id='word_1_516' title='bbox 2156 2442 2295 2496; x_wconf 89' lang='lat' dir='ltr'><strong>intra</strong></span> <span class='ocrx_word' id='word_1_517' title='bbox 2346 2442 2574 2497; x_wconf 83' lang='lat' dir='ltr'><strong>Romani</strong></span> <span class='ocrx_word' id='word_1_518' title='bbox 2599 2442 2943 2511; x_wconf 65' lang='lat' dir='ltr'><strong>patriarchae</strong></span> <span class='ocrx_word' id='word_1_519' title='bbox 2983 2443 3241 2498; x_wconf 86' lang='lat' dir='ltr'><strong>ditionem</strong></span> <span class='ocrx_word' id='word_1_520' title='bbox 3288 2443 3738 2507; x_wconf 87' lang='lat' dir='ltr'><strong>ecclesiasticam,</strong></span> 
     </span>
    </p>
   </div>
   <div class='ocr_carea' id='block_1_71' title="bbox 2156 2511 3740 2582">
    <p class='ocr_par' dir='ltr' id='par_1_71' title="bbox 2156 2511 3740 2582">
     <span class='ocr_line' id='line_1_74' title="bbox 2156 2511 3740 2582; baseline 0.001 -16"><span class='ocrx_word' id='word_1_521' title='bbox 2156 2512 2264 2582; x_wconf 90' lang='lat' dir='ltr'><strong>imo</strong></span> <span class='ocrx_word' id='word_1_522' title='bbox 2297 2513 2436 2566; x_wconf 87' lang='lat' dir='ltr'><strong>intra</strong></span> <span class='ocrx_word' id='word_1_523' title='bbox 2464 2511 2691 2582; x_wconf 81' lang='lat' dir='ltr'><strong>Romani</strong></span> <span class='ocrx_word' id='word_1_524' title='bbox 2722 2512 3073 2582; x_wconf 68' lang='lat' dir='ltr'><strong>metropolitae</strong></span> <span class='ocrx_word' id='word_1_525' title='bbox 3107 2514 3399 2577; x_wconf 77' lang='lat' dir='ltr'><strong>dimcesim,</strong></span> <span class='ocrx_word' id='word_1_526' title='bbox 3429 2522 3483 2568; x_wconf 88' lang='lat' dir='ltr'><strong>et</strong></span> <span class='ocrx_word' id='word_1_527' title='bbox 3523 2514 3598 2568; x_wconf 86' lang='lat' dir='ltr'><strong>ita</strong></span> <span class='ocrx_word' id='word_1_528' title='bbox 3637 2514 3740 2568; x_wconf 84' lang='lat' dir='ltr'><strong>du-</strong></span> 
     </span>
    </p>
   </div>
   <div class='ocr_carea' id='block_1_72' title="bbox 2190 2579 3739 2657">
    <p class='ocr_par' dir='ltr' id='par_1_72' title="bbox 2190 2579 3739 2657">
     <span class='ocr_line' id='line_1_75' title="bbox 2190 2579 3739 2657; baseline 0.001 -22"><span class='ocrx_word' id='word_1_529' title='bbox 2190 2581 2277 2637; x_wconf 91' lang='lat' dir='ltr'><strong>lici</strong></span> <span class='ocrx_word' id='word_1_530' title='bbox 2306 2581 2573 2657; x_wconf 81' lang='lat' dir='ltr'><strong>ex_cap_ite</strong></span> <span class='ocrx_word' id='word_1_531' title='bbox 2597 2579 2687 2649; x_wconf 90' lang='lat' dir='ltr'><strong>jus</strong></span> <span class='ocrx_word' id='word_1_532' title='bbox 2712 2579 3109 2657; x_wconf 69' lang='lat' dir='ltr'><strong>sacrosanctum</strong></span> <span class='ocrx_word' id='word_1_533' title='bbox 3134 2582 3401 2657; x_wconf 41' lang='lat' dir='ltr'><strong>humanae</strong></span> <span class='ocrx_word' id='word_1_534' title='bbox 3426 2585 3578 2657; x_wconf 78' lang='lat' dir='ltr'><strong>sedis</strong></span> <span class='ocrx_word' id='word_1_535' title='bbox 3616 2584 3739 2638; x_wconf 90' lang='lat' dir='ltr'><strong>vio-</strong></span> 
     </span>
    </p>
   </div>
   <div class='ocr_carea' id='block_1_73' title="bbox 2177 2651 3587 2715">
    <p class='ocr_par' dir='ltr' id='par_1_73' title="bbox 2177 2651 3587 2715">
     <span class='ocr_line' id='line_1_76' title="bbox 2177 2651 3587 2715; baseline 0.001 -10"><span class='ocrx_word' id='word_1_536' title='bbox 2177 2652 2395 2715; x_wconf 56' lang='lat' dir='ltr'><strong>asse,,id</strong></span> <span class='ocrx_word' id='word_1_537' title='bbox 2424 2651 2566 2706; x_wconf 91' lang='lat' dir='ltr'><strong>enim</strong></span> <span class='ocrx_word' id='word_1_538' title='bbox 2596 2666 2725 2707; x_wconf 89' lang='lat' dir='ltr'><strong>vero</strong></span> <span class='ocrx_word' id='word_1_539' title='bbox 2756 2653 2824 2706; x_wconf 92' lang='lat' dir='ltr'><strong>ab</strong></span> <span class='ocrx_word' id='word_1_540' title='bbox 2848 2651 2992 2707; x_wconf 82' lang='lat' dir='ltr'><strong>omni</strong></span> <span class='ocrx_word' id='word_1_541' title='bbox 3023 2653 3377 2709; x_wconf 85' lang='lat' dir='ltr'><strong>credibilitate</strong></span> <span class='ocrx_word' id='word_1_542' title='bbox 3408 2654 3587 2709; x_wconf 88' lang='lat' dir='ltr'><strong>distat.</strong></span> 
     </span>
    </p>
   </div>
   <div class='ocr_carea' id='block_1_74' title="bbox 2230 2707 3739 2802">
    <p class='ocr_par' dir='ltr' id='par_1_74' title="bbox 2230 2707 3739 2802">
     <span class='ocr_line' id='line_1_77' title="bbox 2230 2707 3739 2802; baseline 0.001 -26"><span class='ocrx_word' id='word_1_543' title='bbox 2230 2707 2389 2776; x_wconf 68' lang='lat' dir='ltr'><strong>XXll.</strong></span> <span class='ocrx_word' id='word_1_544' title='bbox 2417 2720 2519 2802; x_wconf 40' lang='lat' dir='ltr'><strong>’Ut</strong></span> <span class='ocrx_word' id='word_1_545' title='bbox 2547 2721 2625 2802; x_wconf 73' lang='lat' dir='ltr'><strong>nii</strong></span> <span class='ocrx_word' id='word_1_546' title='bbox 2655 2721 2964 2802; x_wconf 81' lang='lat' dir='ltr'><strong>omittamus</strong></span> <span class='ocrx_word' id='word_1_547' title='bbox 2989 2707 3100 2792; x_wconf 80' lang='lat' dir='ltr'><strong>quo</strong></span> <span class='ocrx_word' id='word_1_548' title='bbox 3130 2707 3739 2802; x_wconf 13' lang='lat' dir='ltr'><strong>cognoscamusjeorum</strong></span> 
     </span>
    </p>
   </div>
   <div class='ocr_carea' id='block_1_75' title="bbox 2160 2792 3735 2865">
    <p class='ocr_par' dir='ltr' id='par_1_75' title="bbox 2160 2792 3735 2865">
     <span class='ocr_line' id='line_1_78' title="bbox 2160 2792 3735 2865; baseline -0.001 -18"><span class='ocrx_word' id='word_1_549' title='bbox 2160 2792 2458 2860; x_wconf 84' lang='lat' dir='ltr'><strong>temporum</strong></span> <span class='ocrx_word' id='word_1_550' title='bbox 2486 2792 2789 2865; x_wconf 75' lang='lat' dir='ltr'><strong>opinionem</strong></span> <span class='ocrx_word' id='word_1_551' title='bbox 2811 2792 2952 2856; x_wconf 82' lang='lat' dir='ltr'><strong>circa</strong></span> <span class='ocrx_word' id='word_1_552' title='bbox 2981 2808 3045 2847; x_wconf 89' lang='lat' dir='ltr'><strong>ea</strong></span> <span class='ocrx_word' id='word_1_553' title='bbox 3070 2808 3187 2865; x_wconf 70' lang='lat' dir='ltr'><strong>qua:</strong></span> <span class='ocrx_word' id='word_1_554' title='bbox 3208 2792 3458 2865; x_wconf 71' lang='lat' dir='ltr'><strong>Spectant</strong></span> <span class='ocrx_word' id='word_1_555' title='bbox 3481 2795 3549 2849; x_wconf 91' lang='lat' dir='ltr'><strong>ad</strong></span> <span class='ocrx_word' id='word_1_556' title='bbox 3570 2804 3735 2865; x_wconf 50' lang='lat' dir='ltr'><strong>poteg</strong></span> 
     </span>
    </p>
   </div>
   <div class='ocr_carea' id='block_1_76' title="bbox 2159 2860 3839 2945">
    <p class='ocr_par' dir='ltr' id='par_1_76' title="bbox 2159 2860 3839 2945">
     <span class='ocr_line' id='line_1_79' title="bbox 2159 2860 3839 2945; baseline 0.001 -30"><span class='ocrx_word' id='word_1_557' title='bbox 2159 2872 2350 2945; x_wconf 72' lang='lat' dir='ltr'><strong>statem</strong></span> <span class='ocrx_word' id='word_1_558' title='bbox 2396 2861 2704 2945; x_wconf 66' lang='lat' dir='ltr'><strong>conferendi</strong></span> <span class='ocrx_word' id='word_1_559' title='bbox 2742 2860 2832 2945; x_wconf 80' lang='lat' dir='ltr'><strong>jus</strong></span> <span class='ocrx_word' id='word_1_560' title='bbox 2871 2860 3354 2945; x_wconf 74' lang='lat' dir='ltr'><strong>metroppliticum,</strong></span> <span class='ocrx_word' id='word_1_561' title='bbox 3399 2860 3733 2945; x_wconf 46' lang='lat' dir='ltr'><strong>dissimulati.</strong></span> <span class='ocrx_word' id='word_1_562' title='bbox 3829 2864 3839 2872; x_wconf 91' lang='grc'><em>’</em></span> 
     </span>
    </p>
   </div>
   <div class='ocr_carea' id='block_1_77' title="bbox 2160 2931 3736 3002">
    <p class='ocr_par' dir='ltr' id='par_1_77' title="bbox 2160 2931 3736 3002">
     <span class='ocr_line' id='line_1_80' title="bbox 2160 2931 3736 3002; baseline 0 -16"><span class='ocrx_word' id='word_1_563' title='bbox 2160 2932 2301 2987; x_wconf 89' lang='lat' dir='ltr'><strong>baud</strong></span> <span class='ocrx_word' id='word_1_564' title='bbox 2363 2940 2541 3002; x_wconf 82' lang='lat' dir='ltr'><strong>potest</strong></span> <span class='ocrx_word' id='word_1_565' title='bbox 2585 2931 2868 3002; x_wconf 87' lang='lat' dir='ltr'><strong>aliquando</strong></span> <span class='ocrx_word' id='word_1_566' title='bbox 2906 2931 3188 3002; x_wconf 86' lang='lat' dir='ltr'><strong>irrepsisse</strong></span> <span class='ocrx_word' id='word_1_567' title='bbox 3220 2942 3276 2988; x_wconf 91' lang='lat' dir='ltr'><strong>et</strong></span> <span class='ocrx_word' id='word_1_568' title='bbox 3307 2934 3361 2987; x_wconf 92' lang='lat' dir='ltr'><strong>in</strong></span> <span class='ocrx_word' id='word_1_569' title='bbox 3405 2932 3736 2989; x_wconf 82' lang='lat' dir='ltr'><strong>Occidentali</strong></span> 
     </span>
    </p>
   </div>
   <div class='ocr_carea' id='block_1_78' title="bbox 2160 3002 3741 3072">
    <p class='ocr_par' dir='ltr' id='par_1_78' title="bbox 2160 3002 3741 3072">
     <span class='ocr_line' id='line_1_81' title="bbox 2160 3002 3741 3072; baseline 0 -16"><span class='ocrx_word' id='word_1_570' title='bbox 2160 3002 2402 3057; x_wconf 86' lang='lat' dir='ltr'><strong>Ecclesia</strong></span> <span class='ocrx_word' id='word_1_571' title='bbox 2451 3002 2737 3057; x_wconf 84' lang='lat' dir='ltr'><strong>Orientalis</strong></span> <span class='ocrx_word' id='word_1_572' title='bbox 2782 3002 3000 3056; x_wconf 91' lang='lat' dir='ltr'><strong>abusus.</strong></span> <span class='ocrx_word' id='word_1_573' title='bbox 3053 3002 3230 3059; x_wconf 92' lang='lat' dir='ltr'><strong>Unum</strong></span> <span class='ocrx_word' id='word_1_574' title='bbox 3273 3012 3453 3058; x_wconf 89' lang='lat' dir='ltr'><strong>tamen</strong></span> <span class='ocrx_word' id='word_1_575' title='bbox 3502 3002 3619 3072; x_wconf 90' lang='lat' dir='ltr'><strong>ejus</strong></span> <span class='ocrx_word' id='word_1_576' title='bbox 3655 3003 3741 3057; x_wconf 87' lang='lat' dir='ltr'><strong>rei</strong></span> 
     </span>
    </p>
   </div>
   <div class='ocr_carea' id='block_1_79' title="bbox 2162 3072 3738 3143">
    <p class='ocr_par' dir='ltr' id='par_1_79' title="bbox 2162 3072 3738 3143">
     <span class='ocr_line' id='line_1_82' title="bbox 2162 3072 3738 3143; baseline 0.002 -18"><span class='ocrx_word' id='word_1_577' title='bbox 2162 3072 2463 3143; x_wconf 83' lang='lat' dir='ltr'><strong>exemplum</strong></span> <span class='ocrx_word' id='word_1_578' title='bbox 2494 3072 2771 3143; x_wconf 86' lang='lat' dir='ltr'><strong>habemus,</strong></span> <span class='ocrx_word' id='word_1_579' title='bbox 2803 3073 2981 3143; x_wconf 83' lang='lat' dir='ltr'><strong>sedet</strong></span> <span class='ocrx_word' id='word_1_580' title='bbox 3016 3074 3260 3129; x_wconf 80' lang='lat' dir='ltr'><strong>novimus</strong></span> <span class='ocrx_word' id='word_1_581' title='bbox 3285 3089 3436 3128; x_wconf 63' lang='lat' dir='ltr'><strong>novae</strong></span> <span class='ocrx_word' id='word_1_582' title='bbox 3463 3081 3738 3143; x_wconf 80' lang='lat' dir='ltr'><strong>metropo—</strong></span> 
     </span>
    </p>
   </div>
   <div class='ocr_carea' id='block_1_80' title="bbox 496 3130 3739 3214">
    <p class='ocr_par' dir='ltr' id='par_1_80' title="bbox 496 3130 3739 3214">
     <span class='ocr_line' id='line_1_83' title="bbox 496 3130 3739 3214; baseline 0.002 -24"><span class='ocrx_word' id='word_1_583' title='bbox 496 3130 661 3192; x_wconf 84' lang='lat' dir='ltr'><strong>inde?</strong></span> <span class='ocrx_word' id='word_1_584' title='bbox 689 3139 945 3214; x_wconf 81' lang='lat' dir='ltr'><strong>Pietatem</strong></span> <span class='ocrx_word' id='word_1_585' title='bbox 973 3130 1191 3212; x_wconf 76' lang='lat' dir='ltr'><strong>Augusti</strong></span> <span class='ocrx_word' id='word_1_586' title='bbox 1218 3144 1612 3214; x_wconf 75' lang='lat' dir='ltr'><strong>commendant,</strong></span> <span class='ocrx_word' id='word_1_587' title='bbox 1640 3130 2059 3214; x_wconf 82' lang='lat' dir='ltr'><strong>non_definiéndi</strong></span> <span class='ocrx_word' id='word_1_588' title='bbox 2086 3130 2130 3191; x_wconf 88' lang='lat' dir='ltr'><strong>C</strong></span> <span class='ocrx_word' id='word_1_589' title='bbox 2163 3142 2228 3214; x_wconf 85' lang='lat' dir='ltr'><strong>lis</strong></span> <span class='ocrx_word' id='word_1_590' title='bbox 2266 3130 2648 3214; x_wconf 61' lang='lat' dir='ltr'><strong>constituendm</strong></span> <span class='ocrx_word' id='word_1_591' title='bbox 2677 3130 2956 3196; x_wconf 46' lang='lat' dir='ltr'><strong>ex&#39;civilis</strong></span> <span class='ocrx_word' id='word_1_592' title='bbox 2978 3142 3126 3214; x_wconf 83' lang='lat' dir='ltr'><strong>urbis</strong></span> <span class='ocrx_word' id='word_1_593' title='bbox 3150 3144 3317 3214; x_wconf 87' lang='lat' dir='ltr'><strong>gloria</strong></span> <span class='ocrx_word' id='word_1_594' title='bbox 3344 3130 3739 3214; x_wconf 59' lang='lat' dir='ltr'><strong>rationemini-</strong></span> 
     </span>
    </p>
   </div>
   <div class='ocr_carea' id='block_1_81' title="bbox 494 3211 2059 3281">
    <p class='ocr_par' dir='ltr' id='par_1_81' title="bbox 494 3211 2059 3281">
     <span class='ocr_line' id='line_1_84' title="bbox 494 3211 2059 3281; baseline 0.003 -21"><span class='ocrx_word' id='word_1_595' title='bbox 494 3217 812 3276; x_wconf 88' lang='lat' dir='ltr'><strong>potestatem</strong></span> <span class='ocrx_word' id='word_1_596' title='bbox 852 3211 1299 3267; x_wconf 89' lang='lat' dir='ltr'><strong>circumscribunt</strong></span> <span class='ocrx_word' id='word_1_597' title='bbox 1332 3212 1387 3266; x_wconf 90' lang='lat' dir='ltr'><strong>in</strong></span> <span class='ocrx_word' id='word_1_598' title='bbox 1431 3212 1696 3265; x_wconf 89' lang='lat' dir='ltr'><strong>Patribus.</strong></span> <span class='ocrx_word' id='word_1_599' title='bbox 1749 3212 2059 3281; x_wconf 81' lang='lat' dir='ltr'><strong>Excipiente</strong></span> 
     </span>
    </p>
   </div>
   <div class='ocr_carea' id='block_1_82' title="bbox 496 3280 2058 3345">
    <p class='ocr_par' dir='ltr' id='par_1_82' title="bbox 496 3280 2058 3345">
     <span class='ocr_line' id='line_1_85' title="bbox 496 3280 2058 3345; baseline 0.004 -15"><span class='ocrx_word' id='word_1_600' title='bbox 496 3291 613 3340; x_wconf 89' lang='lat' dir='ltr'><strong>reo,</strong></span> <span class='ocrx_word' id='word_1_601' title='bbox 654 3286 711 3332; x_wconf 91' lang='lat' dir='ltr'><strong>et</strong></span> <span class='ocrx_word' id='word_1_602' title='bbox 742 3280 1138 3336; x_wconf 84' lang='lat' dir='ltr'><strong>contradicente</strong></span> <span class='ocrx_word' id='word_1_603' title='bbox 1181 3289 1361 3337; x_wconf 88' lang='lat' dir='ltr'><strong>actore</strong></span> <span class='ocrx_word' id='word_1_604' title='bbox 1398 3282 1463 3335; x_wconf 89' lang='lat' dir='ltr'><strong>de</strong></span> <span class='ocrx_word' id='word_1_605' title='bbox 1501 3281 1726 3335; x_wconf 84' lang='lat' dir='ltr'><strong>art:culo</strong></span> <span class='ocrx_word' id='word_1_606' title='bbox 1772 3281 2058 3345; x_wconf 87' lang='lat' dir='ltr'><strong>incidente,</strong></span> 
     </span>
    </p>
   </div>
   <div class='ocr_carea' id='block_1_83' title="bbox 497 3346 2061 3405">
    <p class='ocr_par' dir='ltr' id='par_1_83' title="bbox 497 3346 2061 3405">
     <span class='ocr_line' id='line_1_86' title="bbox 497 3346 2061 3405; baseline 0.003 -6"><span class='ocrx_word' id='word_1_607' title='bbox 497 3346 786 3403; x_wconf 86' lang='lat' dir='ltr'><strong>decernere</strong></span> <span class='ocrx_word' id='word_1_608' title='bbox 831 3349 1090 3405; x_wconf 89' lang='lat' dir='ltr'><strong>debebant</strong></span> <span class='ocrx_word' id='word_1_609' title='bbox 1135 3350 1342 3405; x_wconf 85' lang='lat' dir='ltr'><strong>Patres.</strong></span> <span class='ocrx_word' id='word_1_610' title='bbox 1406 3350 1620 3405; x_wconf 84' lang='lat' dir='ltr'><strong>Judices</strong></span> <span class='ocrx_word' id='word_1_611' title='bbox 1670 3351 1944 3405; x_wconf 88' lang='lat' dir='ltr'><strong>insinuant</strong></span> <span class='ocrx_word' id='word_1_612' title='bbox 1995 3352 2061 3404; x_wconf 88' lang='lat' dir='ltr'><strong>de</strong></span> 
     </span>
    </p>
   </div>
   <div class='ocr_carea' id='block_1_84' title="bbox 537 3420 2062 3476">
    <p class='ocr_par' dir='ltr' id='par_1_84' title="bbox 537 3420 2062 3476">
     <span class='ocr_line' id='line_1_87' title="bbox 537 3420 2062 3476; baseline 0.003 -6"><span class='ocrx_word' id='word_1_613' title='bbox 537 3432 604 3471; x_wconf 92' lang='lat' dir='ltr'><strong>uo</strong></span> <span class='ocrx_word' id='word_1_614' title='bbox 632 3425 756 3473; x_wconf 88' lang='lat' dir='ltr'><strong>ante</strong></span> <span class='ocrx_word' id='word_1_615' title='bbox 787 3420 965 3473; x_wconf 88' lang='lat' dir='ltr'><strong>omnia</strong></span> <span class='ocrx_word' id='word_1_616' title='bbox 990 3421 1253 3476; x_wconf 85' lang='lat' dir='ltr'><strong>sententia</strong></span> <span class='ocrx_word' id='word_1_617' title='bbox 1282 3420 1410 3475; x_wconf 88' lang='lat' dir='ltr'><strong>ferri</strong></span> <span class='ocrx_word' id='word_1_618' title='bbox 1441 3420 1686 3475; x_wconf 89' lang='lat' dir='ltr'><strong>debebat.</strong></span> <span class='ocrx_word' id='word_1_619' title='bbox 1738 3420 1845 3475; x_wconf 90' lang='lat' dir='ltr'><strong>Nec</strong></span> <span class='ocrx_word' id='word_1_620' title='bbox 1884 3421 1933 3473; x_wconf 92' lang='lat' dir='ltr'><strong>id</strong></span> <span class='ocrx_word' id='word_1_621' title='bbox 1978 3430 2062 3474; x_wconf 89' lang='lat' dir='ltr'><strong>est</strong></span> 
     </span>
    </p>
   </div>
   <div class='ocr_carea' id='block_1_85' title="bbox 533 3486 2057 3559">
    <p class='ocr_par' dir='ltr' id='par_1_85' title="bbox 533 3486 2057 3559">
     <span class='ocr_line' id='line_1_88' title="bbox 533 3486 2057 3559; baseline 0.004 -20"><span class='ocrx_word' id='word_1_622' title='bbox 533 3486 741 3551; x_wconf 84' lang='lat' dir='ltr'><strong>eiinire,</strong></span> <span class='ocrx_word' id='word_1_623' title='bbox 766 3489 919 3543; x_wconf 89' lang='lat' dir='ltr'><strong>venia</strong></span> <span class='ocrx_word' id='word_1_624' title='bbox 942 3491 1084 3553; x_wconf 87' lang='lat' dir='ltr'><strong>data,</strong></span> <span class='ocrx_word' id='word_1_625' title='bbox 1115 3492 1247 3546; x_wconf 89' lang='lat' dir='ltr'><strong>alias</strong></span> <span class='ocrx_word' id='word_1_626' title='bbox 1273 3499 1327 3546; x_wconf 93' lang='lat' dir='ltr'><strong>et</strong></span> <span class='ocrx_word' id='word_1_627' title='bbox 1351 3492 1505 3545; x_wconf 89' lang='lat' dir='ltr'><strong>venia</strong></span> <span class='ocrx_word' id='word_1_628' title='bbox 1532 3490 1675 3555; x_wconf 89' lang='lat' dir='ltr'><strong>data,</strong></span> <span class='ocrx_word' id='word_1_629' title='bbox 1700 3490 1840 3559; x_wconf 85' lang='lat' dir='ltr'><strong>quod</strong></span> <span class='ocrx_word' id='word_1_630' title='bbox 1861 3492 2057 3559; x_wconf 62' lang='lat' dir='ltr'><strong>pinaci-</strong></span> 
     </span>
    </p>
   </div>
   <div class='ocr_carea' id='block_1_86' title="bbox 498 3559 2060 3630">
    <p class='ocr_par' dir='ltr' id='par_1_86' title="bbox 498 3559 2060 3630">
     <span class='ocr_line' id='line_1_89' title="bbox 498 3559 2060 3630; baseline 0.004 -20"><span class='ocrx_word' id='word_1_631' title='bbox 498 3570 603 3630; x_wconf 81' lang='lat' dir='ltr'><strong>pue</strong></span> <span class='ocrx_word' id='word_1_632' title='bbox 648 3559 925 3630; x_wconf 78' lang='lat' dir='ltr'><strong>agebatur,</strong></span> <span class='ocrx_word' id='word_1_633' title='bbox 971 3560 1250 3615; x_wconf 82' lang='lat' dir='ltr'><strong>definitum</strong></span> <span class='ocrx_word' id='word_1_634' title='bbox 1295 3563 1415 3630; x_wconf 89' lang='lat' dir='ltr'><strong>quis</strong></span> <span class='ocrx_word' id='word_1_635' title='bbox 1455 3559 1654 3623; x_wconf 89' lang='lat' dir='ltr'><strong>credat,</strong></span> <span class='ocrx_word' id='word_1_636' title='bbox 1705 3576 1825 3614; x_wconf 90' lang='lat' dir='ltr'><strong>eum</strong></span> <span class='ocrx_word' id='word_1_637' title='bbox 1851 3561 2060 3627; x_wconf 90' lang='lat' dir='ltr'><strong>judices</strong></span> 
     </span>
    </p>
   </div>
   <div class='ocr_carea' id='block_1_87' title="bbox 498 3626 2059 3700">
    <p class='ocr_par' dir='ltr' id='par_1_87' title="bbox 498 3626 2059 3700">
     <span class='ocr_line' id='line_1_90' title="bbox 498 3626 2059 3700; baseline 0.001 -19"><span class='ocrx_word' id='word_1_638' title='bbox 498 3626 659 3700; x_wconf 86' lang='lat' dir='ltr'><strong>iidem</strong></span> <span class='ocrx_word' id='word_1_639' title='bbox 692 3626 934 3684; x_wconf 77' lang='lat' dir='ltr'><strong>dixerint</strong></span> <span class='ocrx_word' id='word_1_640' title='bbox 962 3639 1065 3684; x_wconf 91' lang='lat' dir='ltr'><strong>act.</strong></span> <span class='ocrx_word' id='word_1_641' title='bbox 1101 3632 1171 3686; x_wconf 80' lang='lat'><strong>5:</strong></span> <span class='ocrx_word' id='word_1_642' title='bbox 1207 3651 1223 3681; x_wconf 84' lang='grc'><strong><em>‹</em></strong></span> <span class='ocrx_word' id='word_1_643' title='bbox 1246 3626 1530 3686; x_wconf 82' lang='lat' dir='ltr'><strong>Dioscorus</strong></span> <span class='ocrx_word' id='word_1_644' title='bbox 1569 3631 1782 3684; x_wconf 87' lang='lat' dir='ltr'><strong>dicebat</strong></span> <span class='ocrx_word' id='word_1_645' title='bbox 1818 3626 1958 3700; x_wconf 85' lang='lat' dir='ltr'><strong>quod</strong></span> <span class='ocrx_word' id='word_1_646' title='bbox 1992 3646 2059 3684; x_wconf 79' lang='lat' dir='ltr'><strong>ex</strong></span> 
     </span>
    </p>
   </div>
   <div class='ocr_carea' id='block_1_88' title="bbox 498 3696 2061 3771">
    <p class='ocr_par' dir='ltr' id='par_1_88' title="bbox 498 3696 2061 3771">
     <span class='ocr_line' id='line_1_91' title="bbox 498 3696 2061 3771; baseline 0.002 -20"><span class='ocrx_word' id='word_1_647' title='bbox 498 3696 705 3771; x_wconf 81' lang='lat' dir='ltr'><strong>duabus</strong></span> <span class='ocrx_word' id='word_1_648' title='bbox 739 3701 942 3755; x_wconf 88' lang='lat' dir='ltr'><strong>naturis</strong></span> <span class='ocrx_word' id='word_1_649' title='bbox 964 3709 1048 3754; x_wconf 84' lang='lat' dir='ltr'><strong>est</strong></span> <span class='ocrx_word' id='word_1_650' title='bbox 1074 3702 1325 3771; x_wconf 89' lang='lat' dir='ltr'><strong>suscipio,</strong></span> <span class='ocrx_word' id='word_1_651' title='bbox 1351 3703 1482 3756; x_wconf 85' lang='lat' dir='ltr'><strong>duas</strong></span> <span class='ocrx_word' id='word_1_652' title='bbox 1509 3716 1613 3771; x_wconf 80' lang='lat' dir='ltr'><strong>non</strong></span> <span class='ocrx_word' id='word_1_653' title='bbox 1636 3696 1899 3771; x_wconf 79' lang='lat' dir='ltr'><strong>suscipio;</strong></span> <span class='ocrx_word' id='word_1_654' title='bbox 1937 3716 2061 3754; x_wconf 88' lang='lat' dir='ltr'><strong>san-</strong></span> 
     </span>
    </p>
   </div>
   <div class='ocr_carea' id='block_1_89' title="bbox 497 3766 2061 3841">
    <p class='ocr_par' dir='ltr' id='par_1_89' title="bbox 497 3766 2061 3841">
     <span class='ocr_line' id='line_1_92' title="bbox 497 3766 2061 3841; baseline 0.003 -21"><span class='ocrx_word' id='word_1_655' title='bbox 497 3766 769 3841; x_wconf 78' lang='lat' dir='ltr'><strong>ctissimus</strong></span> <span class='ocrx_word' id='word_1_656' title='bbox 807 3778 987 3841; x_wconf 76' lang='lat' dir='ltr'><strong>autem</strong></span> <span class='ocrx_word' id='word_1_657' title='bbox 1035 3766 1463 3841; x_wconf 77' lang='lat' dir='ltr'><strong>archiepiscopus</strong></span> <span class='ocrx_word' id='word_1_658' title='bbox 1509 3770 1615 3841; x_wconf 85' lang='lat' dir='ltr'><strong>Leo</strong></span> <span class='ocrx_word' id='word_1_659' title='bbox 1663 3766 1796 3841; x_wconf 80' lang='lat' dir='ltr'><strong>duas</strong></span> <span class='ocrx_word' id='word_1_660' title='bbox 1842 3780 2061 3825; x_wconf 88' lang='lat' dir='ltr'><strong>naturas</strong></span> 
     </span>
    </p>
   </div>
   <div class='ocr_carea' id='block_1_90' title="bbox 500 3836 2058 3904">
    <p class='ocr_par' dir='ltr' id='par_1_90' title="bbox 500 3836 2058 3904">
     <span class='ocr_line' id='line_1_93' title="bbox 500 3836 2058 3904; baseline 0.003 -14"><span class='ocrx_word' id='word_1_661' title='bbox 500 3836 630 3892; x_wconf 86' lang='lat' dir='ltr'><strong>dicit</strong></span> <span class='ocrx_word' id='word_1_662' title='bbox 656 3851 775 3893; x_wconf 87' lang='lat' dir='ltr'><strong>esse</strong></span> <span class='ocrx_word' id='word_1_663' title='bbox 804 3839 855 3893; x_wconf 91' lang='lat' dir='ltr'><strong>in</strong></span> <span class='ocrx_word' id='word_1_664' title='bbox 881 3839 1093 3896; x_wconf 90' lang='lat' dir='ltr'><strong>Christo</strong></span> <span class='ocrx_word' id='word_1_665' title='bbox 1122 3836 1299 3897; x_wconf 76' lang='lat' dir='ltr'><strong>unitas</strong></span> <span class='ocrx_word' id='word_1_666' title='bbox 1337 3836 1643 3904; x_wconf 80' lang='lat' dir='ltr'><strong>inconfuse,</strong></span> <span class='ocrx_word' id='word_1_667' title='bbox 1674 3839 2058 3895; x_wconf 84' lang='lat' dir='ltr'><strong>inconvertibi-</strong></span> 
     </span>
    </p>
   </div>
   <div class='ocr_carea' id='block_1_91' title="bbox 498 3905 2060 3979">
    <p class='ocr_par' dir='ltr' id='par_1_91' title="bbox 498 3905 2060 3979">
     <span class='ocr_line' id='line_1_94' title="bbox 498 3905 2060 3979; baseline 0.003 -20"><span class='ocrx_word' id='word_1_668' title='bbox 498 3905 644 3972; x_wconf 85' lang='lat' dir='ltr'><strong>liter,</strong></span> <span class='ocrx_word' id='word_1_669' title='bbox 674 3919 728 3962; x_wconf 89' lang='lat' dir='ltr'><strong>et</strong></span> <span class='ocrx_word' id='word_1_670' title='bbox 757 3909 1143 3966; x_wconf 88' lang='lat' dir='ltr'><strong>indivisibiliter</strong></span> <span class='ocrx_word' id='word_1_671' title='bbox 1170 3912 1223 3965; x_wconf 90' lang='lat' dir='ltr'><strong>in</strong></span> <span class='ocrx_word' id='word_1_672' title='bbox 1246 3927 1357 3966; x_wconf 89' lang='lat' dir='ltr'><strong>uno</strong></span> <span class='ocrx_word' id='word_1_673' title='bbox 1394 3911 1667 3979; x_wconf 84' lang='lat' dir='ltr'><strong>unigenito</strong></span> <span class='ocrx_word' id='word_1_674' title='bbox 1705 3909 1837 3964; x_wconf 83' lang='lat' dir='ltr'><strong>Filio</strong></span> <span class='ocrx_word' id='word_1_675' title='bbox 1876 3910 2060 3966; x_wconf 89' lang='lat' dir='ltr'><strong>Salva-</strong></span> 
     </span>
    </p>
   </div>
   <div class='ocr_carea' id='block_1_92' title="bbox 501 3979 2059 4053">
    <p class='ocr_par' dir='ltr' id='par_1_92' title="bbox 501 3979 2059 4053">
     <span class='ocr_line' id='line_1_95' title="bbox 501 3979 2059 4053; baseline 0.003 -23"><span class='ocrx_word' id='word_1_676' title='bbox 501 3984 614 4053; x_wconf 61' lang='lat' dir='ltr'><strong>iore</strong></span> <span class='ocrx_word' id='word_1_677' title='bbox 640 3988 843 4035; x_wconf 86' lang='lat' dir='ltr'><strong>nostro.</strong></span> <span class='ocrx_word' id='word_1_678' title='bbox 887 3979 1061 4053; x_wconf 70' lang='lat' dir='ltr'><strong>Quem</strong></span> <span class='ocrx_word' id='word_1_679' title='bbox 1099 3982 1262 4053; x_wconf 88' lang='lat' dir='ltr'><strong>igitur</strong></span> <span class='ocrx_word' id='word_1_680' title='bbox 1300 3981 1623 4053; x_wconf 83' lang='lat' dir='ltr'><strong>sequimini?</strong></span> <span class='ocrx_word' id='word_1_681' title='bbox 1664 3980 2059 4053; x_wconf 84' lang='lat' dir='ltr'><strong>sanctissimum</strong></span> 
     </span>
    </p>
   </div>
   <div class='ocr_carea' id='block_1_93' title="bbox 499 4046 2058 4123">
    <p class='ocr_par' dir='ltr' id='par_1_93' title="bbox 499 4046 2058 4123">
     <span class='ocr_line' id='line_1_96' title="bbox 499 4046 2058 4123; baseline 0.004 -22"><span class='ocrx_word' id='word_1_682' title='bbox 499 4046 730 4123; x_wconf 75' lang='lat' dir='ltr'><strong>Leonem</strong></span> <span class='ocrx_word' id='word_1_683' title='bbox 761 4058 854 4104; x_wconf 90' lang='lat' dir='ltr'><strong>aut</strong></span> <span class='ocrx_word' id='word_1_684' title='bbox 886 4046 1270 4107; x_wconf 66' lang='lat' dir='ltr'><strong>Dioscortim?»</strong></span> <span class='ocrx_word' id='word_1_685' title='bbox 1326 4046 1490 4108; x_wconf 77' lang='lat' dir='ltr'><strong>Plane</strong></span> <span class='ocrx_word' id='word_1_686' title='bbox 1520 4068 1642 4108; x_wconf 91' lang='lat' dir='ltr'><strong>cum</strong></span> <span class='ocrx_word' id='word_1_687' title='bbox 1691 4052 1850 4107; x_wconf 90' lang='lat' dir='ltr'><strong>nimis</strong></span> <span class='ocrx_word' id='word_1_688' title='bbox 1887 4051 2058 4123; x_wconf 83' lang='lat' dir='ltr'><strong>lyncei</strong></span> 
     </span>
    </p>
   </div>
   <div class='ocr_carea' id='block_1_94' title="bbox 496 4118 1629 4185">
    <p class='ocr_par' dir='ltr' id='par_1_94' title="bbox 496 4118 1629 4185">
     <span class='ocr_line' id='line_1_97' title="bbox 496 4118 1629 4185; baseline 0.004 -14"><span class='ocrx_word' id='word_1_689' title='bbox 496 4118 671 4179; x_wconf 83' lang='lat' dir='ltr'><strong>videri</strong></span> <span class='ocrx_word' id='word_1_690' title='bbox 710 4135 971 4185; x_wconf 88' lang='lat' dir='ltr'><strong>amamus,</strong></span> <span class='ocrx_word' id='word_1_691' title='bbox 1008 4123 1332 4177; x_wconf 71' lang='lat' dir='ltr'><strong>czecutimus.</strong></span> <span class='ocrx_word' id='word_1_692' title='bbox 1561 4139 1585 4159; x_wconf 62' lang='grc' dir='ltr'><strong><em>α</em></strong></span> <span class='ocrx_word' id='word_1_693' title='bbox 1617 4131 1629 4140; x_wconf 80' lang='lat'><strong><em>’</em></strong></span> 
     </span>
    </p>
   </div>
   <div class='ocr_carea' id='block_1_95' title="bbox 568 4188 2057 4263">
    <p class='ocr_par' dir='ltr' id='par_1_95' title="bbox 568 4188 2057 4263">
     <span class='ocr_line' id='line_1_98' title="bbox 568 4188 2057 4263; baseline 0.003 -22"><span class='ocrx_word' id='word_1_694' title='bbox 568 4188 708 4263; x_wconf 60' lang='lat' dir='ltr'><strong>XXI.</strong></span> <span class='ocrx_word' id='word_1_695' title='bbox 764 4189 882 4263; x_wconf 80' lang='lat' dir='ltr'><strong>Ipse</strong></span> <span class='ocrx_word' id='word_1_696' title='bbox 913 4192 1348 4263; x_wconf 83' lang='lat' dir='ltr'><strong>autemejusdem</strong></span> <span class='ocrx_word' id='word_1_697' title='bbox 1381 4192 1591 4247; x_wconf 83' lang='lat' dir='ltr'><strong>concilii</strong></span> <span class='ocrx_word' id='word_1_698' title='bbox 1617 4208 1789 4263; x_wconf 88' lang='lat' dir='ltr'><strong>canon</strong></span> <span class='ocrx_word' id='word_1_699' title='bbox 1814 4192 1883 4247; x_wconf 73' lang='lat'><strong>28</strong></span> <span class='ocrx_word' id='word_1_700' title='bbox 1914 4193 2057 4263; x_wconf 88' lang='lat' dir='ltr'><strong>quod</strong></span> 
     </span>
    </p>
   </div>
   <div class='ocr_carea' id='block_1_96' title="bbox 501 4260 2062 4341">
    <p class='ocr_par' dir='ltr' id='par_1_96' title="bbox 501 4260 2062 4341">
     <span class='ocr_line' id='line_1_99' title="bbox 501 4260 2062 4341; baseline 0.002 -28"><span class='ocrx_word' id='word_1_701' title='bbox 501 4260 707 4341; x_wconf 81' lang='lat' dir='ltr'><strong>agimus</strong></span> <span class='ocrx_word' id='word_1_702' title='bbox 728 4260 1355 4341; x_wconf 64' lang='lat' dir='ltr'><strong>pra-claredemonstrat,</strong></span> <span class='ocrx_word' id='word_1_703' title='bbox 1385 4263 1652 4341; x_wconf 74' lang='lat' dir='ltr'><strong>Augustos</strong></span> <span class='ocrx_word' id='word_1_704' title='bbox 1687 4260 2062 4341; x_wconf 42' lang='lat' dir='ltr'><strong>videlicet—mi-</strong></span> 
     </span>
    </p>
   </div>
   <div class='ocr_carea' id='block_1_97' title="bbox 501 4331 2058 4401">
    <p class='ocr_par' dir='ltr' id='par_1_97' title="bbox 501 4331 2058 4401">
     <span class='ocr_line' id='line_1_100' title="bbox 501 4331 2058 4401; baseline 0.001 -18"><span class='ocrx_word' id='word_1_705' title='bbox 501 4331 646 4384; x_wconf 89' lang='lat' dir='ltr'><strong>nimc</strong></span> <span class='ocrx_word' id='word_1_706' title='bbox 676 4331 905 4401; x_wconf 82' lang='lat' dir='ltr'><strong>sensisse</strong></span> <span class='ocrx_word' id='word_1_707' title='bbox 927 4332 1005 4384; x_wconf 93' lang='lat' dir='ltr'><strong>sui</strong></span> <span class='ocrx_word' id='word_1_708' title='bbox 1030 4331 1168 4401; x_wconf 85' lang='lat' dir='ltr'><strong>juris</strong></span> <span class='ocrx_word' id='word_1_709' title='bbox 1193 4347 1311 4386; x_wconf 91' lang='lat' dir='ltr'><strong>esse</strong></span> <span class='ocrx_word' id='word_1_710' title='bbox 1335 4331 1702 4401; x_wconf 83' lang='lat' dir='ltr'><strong>episcoporum</strong></span> <span class='ocrx_word' id='word_1_711' title='bbox 1733 4332 2058 4396; x_wconf 78' lang='lat' dir='ltr'><strong>iurisdictio—</strong></span> 
     </span>
    </p>
   </div>
   <div class='ocr_carea' id='block_1_98' title="bbox 502 4399 2056 4471">
    <p class='ocr_par' dir='ltr' id='par_1_98' title="bbox 502 4399 2056 4471">
     <span class='ocr_line' id='line_1_101' title="bbox 502 4399 2056 4471; baseline 0 -18"><span class='ocrx_word' id='word_1_712' title='bbox 502 4415 625 4471; x_wconf 72' lang='lat' dir='ltr'><strong>nem</strong></span> <span class='ocrx_word' id='word_1_713' title='bbox 663 4399 971 4471; x_wconf 83' lang='lat' dir='ltr'><strong>decernere.</strong></span> <span class='ocrx_word' id='word_1_714' title='bbox 1023 4399 1601 4471; x_wconf 80' lang='lat' dir='ltr'><strong>Constantinopolitana</strong></span> <span class='ocrx_word' id='word_1_715' title='bbox 1635 4402 1894 4471; x_wconf 86' lang='lat' dir='ltr'><strong>synodus,</strong></span> <span class='ocrx_word' id='word_1_716' title='bbox 1936 4417 2056 4456; x_wconf 90' lang='lat' dir='ltr'><strong>can.</strong></span> 
     </span>
    </p>
   </div>
   <div class='ocr_carea' id='block_1_99' title="bbox 2160 3211 3739 3282">
    <p class='ocr_par' dir='ltr' id='par_1_99' title="bbox 2160 3211 3739 3282">
     <span class='ocr_line' id='line_1_102' title="bbox 2160 3211 3739 3282; baseline 0 -16"><span class='ocrx_word' id='word_1_717' title='bbox 2160 3212 2303 3266; x_wconf 84' lang='lat' dir='ltr'><strong>nime</strong></span> <span class='ocrx_word' id='word_1_718' title='bbox 2339 3211 2575 3282; x_wconf 78' lang='lat' dir='ltr'><strong>pontifici</strong></span> <span class='ocrx_word' id='word_1_719' title='bbox 2612 3212 2854 3282; x_wconf 85' lang='lat' dir='ltr'><strong>Romano</strong></span> <span class='ocrx_word' id='word_1_720' title='bbox 2896 3211 3194 3282; x_wconf 82' lang='lat' dir='ltr'><strong>probatam.</strong></span> <span class='ocrx_word' id='word_1_721' title='bbox 3247 3213 3515 3268; x_wconf 89' lang='lat' dir='ltr'><strong>Trahebat</strong></span> <span class='ocrx_word' id='word_1_722' title='bbox 3559 3213 3625 3266; x_wconf 87' lang='lat' dir='ltr'><strong>ad</strong></span> <span class='ocrx_word' id='word_1_723' title='bbox 3680 3228 3739 3267; x_wconf 89' lang='lat' dir='ltr'><strong>se</strong></span> 
     </span>
    </p>
   </div>
   <div class='ocr_carea' id='block_1_100' title="bbox 2158 3280 3740 3353">
    <p class='ocr_par' dir='ltr' id='par_1_100' title="bbox 2158 3280 3740 3353">
     <span class='ocr_line' id='line_1_103' title="bbox 2158 3280 3740 3353; baseline 0.001 -19"><span class='ocrx_word' id='word_1_724' title='bbox 2158 3280 2486 3337; x_wconf 79' lang='lat' dir='ltr'><strong>Arelatensis</strong></span> <span class='ocrx_word' id='word_1_725' title='bbox 2506 3280 2699 3353; x_wconf 55' lang='lat' dir='ltr'><strong>praesul</strong></span> <span class='ocrx_word' id='word_1_726' title='bbox 2723 3280 3087 3336; x_wconf 78' lang='lat' dir='ltr'><strong>ordinationes</strong></span> <span class='ocrx_word' id='word_1_727' title='bbox 3111 3284 3483 3353; x_wconf 89' lang='lat' dir='ltr'><strong>episc0porum</strong></span> <span class='ocrx_word' id='word_1_728' title='bbox 3520 3282 3740 3353; x_wconf 88' lang='lat' dir='ltr'><strong>provin-</strong></span> 
     </span>
    </p>
   </div>
   <div class='ocr_carea' id='block_1_101' title="bbox 2158 3352 3737 3422">
    <p class='ocr_par' dir='ltr' id='par_1_101' title="bbox 2158 3352 3737 3422">
     <span class='ocr_line' id='line_1_104' title="bbox 2158 3352 3737 3422; baseline 0 -16"><span class='ocrx_word' id='word_1_729' title='bbox 2158 3353 2254 3406; x_wconf 77' lang='lat' dir='ltr'><strong>cim</strong></span> <span class='ocrx_word' id='word_1_730' title='bbox 2284 3352 2617 3415; x_wconf 77' lang='lat' dir='ltr'><strong>Viennensis,</strong></span> <span class='ocrx_word' id='word_1_731' title='bbox 2640 3364 2711 3422; x_wconf 84' lang='lat' dir='ltr'><strong>eo</strong></span> <span class='ocrx_word' id='word_1_732' title='bbox 2730 3359 3011 3421; x_wconf 63' lang='lat' dir='ltr'><strong>praetextu,</strong></span> <span class='ocrx_word' id='word_1_733' title='bbox 3033 3360 3093 3405; x_wconf 92' lang='lat' dir='ltr'><strong>ut</strong></span> <span class='ocrx_word' id='word_1_734' title='bbox 3113 3354 3369 3419; x_wconf 88' lang='lat' dir='ltr'><strong>creditur,</strong></span> <span class='ocrx_word' id='word_1_735' title='bbox 3390 3352 3534 3422; x_wconf 90' lang='lat' dir='ltr'><strong>quod</strong></span> <span class='ocrx_word' id='word_1_736' title='bbox 3578 3362 3737 3406; x_wconf 82' lang='lat' dir='ltr'><strong>aucta</strong></span> 
     </span>
    </p>
   </div>
   <div class='ocr_carea' id='block_1_102' title="bbox 2159 3421 3738 3490">
    <p class='ocr_par' dir='ltr' id='par_1_102' title="bbox 2159 3421 3738 3490">
     <span class='ocr_line' id='line_1_105' title="bbox 2159 3421 3738 3490; baseline 0.002 -15"><span class='ocrx_word' id='word_1_737' title='bbox 2159 3422 2351 3476; x_wconf 86' lang='lat' dir='ltr'><strong>decore</strong></span> <span class='ocrx_word' id='word_1_738' title='bbox 2377 3423 2446 3476; x_wconf 87' lang='lat' dir='ltr'><strong>ob</strong></span> <span class='ocrx_word' id='word_1_739' title='bbox 2477 3421 2776 3490; x_wconf 87' lang='lat' dir='ltr'><strong>principum</strong></span> <span class='ocrx_word' id='word_1_740' title='bbox 2803 3437 3006 3475; x_wconf 85' lang='lat' dir='ltr'><strong>moram</strong></span> <span class='ocrx_word' id='word_1_741' title='bbox 3037 3422 3362 3478; x_wconf 85' lang='lat' dir='ltr'><strong>Arelatensis</strong></span> <span class='ocrx_word' id='word_1_742' title='bbox 3382 3421 3511 3477; x_wconf 83' lang='lat' dir='ltr'><strong>urbs</strong></span> <span class='ocrx_word' id='word_1_743' title='bbox 3532 3431 3738 3478; x_wconf 57' lang='lat' dir='ltr'><strong>metro.</strong></span> 
     </span>
    </p>
   </div>
   <div class='ocr_carea' id='block_1_103' title="bbox 2159 3489 3737 3560">
    <p class='ocr_par' dir='ltr' id='par_1_103' title="bbox 2159 3489 3737 3560">
     <span class='ocr_line' id='line_1_106' title="bbox 2159 3489 3737 3560; baseline 0.001 -15"><span class='ocrx_word' id='word_1_744' title='bbox 2159 3491 2293 3560; x_wconf 89' lang='lat' dir='ltr'><strong>polis</strong></span> <span class='ocrx_word' id='word_1_745' title='bbox 2321 3489 2507 3546; x_wconf 77' lang='lat' dir='ltr'><strong>effecta</strong></span> <span class='ocrx_word' id='word_1_746' title='bbox 2540 3491 2630 3553; x_wconf 89' lang='lat' dir='ltr'><strong>sit,</strong></span> <span class='ocrx_word' id='word_1_747' title='bbox 2656 3489 2848 3560; x_wconf 80' lang='lat' dir='ltr'><strong>qualis</strong></span> <span class='ocrx_word' id='word_1_748' title='bbox 2888 3491 2999 3544; x_wconf 81' lang='lat' dir='ltr'><strong>erui</strong></span> <span class='ocrx_word' id='word_1_749' title='bbox 3037 3507 3194 3560; x_wconf 87' lang='lat' dir='ltr'><strong>posse</strong></span> <span class='ocrx_word' id='word_1_750' title='bbox 3235 3494 3508 3548; x_wconf 75' lang='lat' dir='ltr'><strong>existimat</strong></span> <span class='ocrx_word' id='word_1_751' title='bbox 3542 3491 3737 3546; x_wconf 85' lang='lat' dir='ltr'><strong>Petrus</strong></span> 
     </span>
    </p>
   </div>
   <div class='ocr_carea' id='block_1_104' title="bbox 2159 3560 3736 3625">
    <p class='ocr_par' dir='ltr' id='par_1_104' title="bbox 2159 3560 3736 3625">
     <span class='ocr_line' id='line_1_107' title="bbox 2159 3560 3736 3625; baseline 0.001 -11"><span class='ocrx_word' id='word_1_752' title='bbox 2159 3562 2225 3615; x_wconf 90' lang='lat' dir='ltr'><strong>de</strong></span> <span class='ocrx_word' id='word_1_753' title='bbox 2250 3562 2443 3625; x_wconf 74' lang='lat' dir='ltr'><strong>Marce,</strong></span> <span class='ocrx_word' id='word_1_754' title='bbox 2472 3575 2564 3615; x_wconf 89' lang='lat' dir='ltr'><strong>seu</strong></span> <span class='ocrx_word' id='word_1_755' title='bbox 2586 3560 2857 3619; x_wconf 87' lang='lat' dir='ltr'><strong>Baluzins,</strong></span> <span class='ocrx_word' id='word_1_756' title='bbox 2884 3578 2947 3615; x_wconf 81' lang='lat' dir='ltr'><strong>ex</strong></span> <span class='ocrx_word' id='word_1_757' title='bbox 2982 3561 3199 3615; x_wconf 86' lang='lat' dir='ltr'><strong>Honorii</strong></span> <span class='ocrx_word' id='word_1_758' title='bbox 3224 3563 3622 3617; x_wconf 87' lang='lat' dir='ltr'><strong>Constitutione</strong></span> <span class='ocrx_word' id='word_1_759' title='bbox 3655 3577 3736 3616; x_wconf 89' lang='lat' dir='ltr'><strong>re-</strong></span> 
     </span>
    </p>
   </div>
   <div class='ocr_carea' id='block_1_105' title="bbox 2159 3630 3735 3702">
    <p class='ocr_par' dir='ltr' id='par_1_105' title="bbox 2159 3630 3735 3702">
     <span class='ocr_line' id='line_1_108' title="bbox 2159 3630 3735 3702; baseline 0.002 -20"><span class='ocrx_word' id='word_1_760' title='bbox 2159 3630 2265 3684; x_wconf 91' lang='lat' dir='ltr'><strong>lata</strong></span> <span class='ocrx_word' id='word_1_761' title='bbox 2290 3630 2647 3702; x_wconf 10' lang='lat' dir='ltr'><strong>ra,Sirmondo</strong></span> <span class='ocrx_word' id='word_1_762' title='bbox 2671 3631 2722 3684; x_wconf 92' lang='lat' dir='ltr'><strong>in</strong></span> <span class='ocrx_word' id='word_1_763' title='bbox 2754 3631 2895 3702; x_wconf 78' lang='lat' dir='ltr'><strong>notis</strong></span> <span class='ocrx_word' id='word_1_764' title='bbox 2922 3630 2987 3684; x_wconf 79' lang='lat' dir='ltr'><strong>ad</strong></span> <span class='ocrx_word' id='word_1_765' title='bbox 3018 3630 3318 3702; x_wconf 79' lang='lat' dir='ltr'><strong>Sidonium.</strong></span> <span class='ocrx_word' id='word_1_766' title='bbox 3370 3633 3431 3686; x_wconf 86' lang='lat' dir='ltr'><strong>Ei</strong></span> <span class='ocrx_word' id='word_1_767' title='bbox 3468 3632 3735 3702; x_wconf 89' lang='lat' dir='ltr'><strong>opinioni,</strong></span> 
     </span>
    </p>
   </div>
   <div class='ocr_carea' id='block_1_106' title="bbox 2158 3696 3739 3772">
    <p class='ocr_par' dir='ltr' id='par_1_106' title="bbox 2158 3696 3739 3772">
     <span class='ocr_line' id='line_1_109' title="bbox 2158 3696 3739 3772; baseline -0.001 -16"><span class='ocrx_word' id='word_1_768' title='bbox 2158 3701 2301 3769; x_wconf 85' lang='lat' dir='ltr'><strong>quod</strong></span> <span class='ocrx_word' id='word_1_769' title='bbox 2341 3700 2694 3772; x_wconf 88' lang='lat' dir='ltr'><strong>metropolum</strong></span> <span class='ocrx_word' id='word_1_770' title='bbox 2734 3696 3246 3772; x_wconf 13' lang='lat' dir='ltr'><strong>civiliiuniepiscopi</strong></span> <span class='ocrx_word' id='word_1_771' title='bbox 3294 3696 3739 3772; x_wconf 71' lang='lat' dir='ltr'><strong>metropolitano-</strong></span> 
     </span>
    </p>
   </div>
   <div class='ocr_carea' id='block_1_107' title="bbox 2161 3769 3741 3842">
    <p class='ocr_par' dir='ltr' id='par_1_107' title="bbox 2161 3769 3741 3842">
     <span class='ocr_line' id='line_1_110' title="bbox 2161 3769 3741 3842; baseline 0.002 -19"><span class='ocrx_word' id='word_1_772' title='bbox 2161 3787 2279 3842; x_wconf 58' lang='lat' dir='ltr'><strong>[um</strong></span> <span class='ocrx_word' id='word_1_773' title='bbox 2309 3769 2819 3842; x_wconf 80' lang='lat' dir='ltr'><strong>ecclesiasticorum</strong></span> <span class='ocrx_word' id='word_1_774' title='bbox 2876 3769 3088 3842; x_wconf 86' lang='lat' dir='ltr'><strong>juribus</strong></span> <span class='ocrx_word' id='word_1_775' title='bbox 3150 3769 3488 3842; x_wconf 74' lang='lat' dir='ltr'><strong>gauderent,</strong></span> <span class='ocrx_word' id='word_1_776' title='bbox 3542 3773 3741 3827; x_wconf 85' lang='lat' dir='ltr'><strong>institit</strong></span> 
     </span>
    </p>
   </div>
   <div class='ocr_carea' id='block_1_108' title="bbox 2160 3839 3737 3911">
    <p class='ocr_par' dir='ltr' id='par_1_108' title="bbox 2160 3839 3737 3911">
     <span class='ocr_line' id='line_1_111' title="bbox 2160 3839 3737 3911; baseline 0.001 -17"><span class='ocrx_word' id='word_1_777' title='bbox 2160 3840 2508 3895; x_wconf 87' lang='lat' dir='ltr'><strong>Taurinensis</strong></span> <span class='ocrx_word' id='word_1_778' title='bbox 2533 3839 2765 3911; x_wconf 81' lang='lat' dir='ltr'><strong>synodus</strong></span> <span class='ocrx_word' id='word_1_779' title='bbox 2790 3841 2911 3911; x_wconf 86' lang='lat' dir='ltr'><strong>anni</strong></span> <span class='ocrx_word' id='word_1_780' title='bbox 2935 3841 3069 3905; x_wconf 75' lang='lat'><strong>597;</strong></span> <span class='ocrx_word' id='word_1_781' title='bbox 3107 3839 3175 3895; x_wconf 56' lang='lat' dir='ltr'><strong>at&#39;</strong></span> <span class='ocrx_word' id='word_1_782' title='bbox 3194 3842 3457 3896; x_wconf 80' lang='lat' dir='ltr'><strong>dubitavit</strong></span> <span class='ocrx_word' id='word_1_783' title='bbox 3487 3857 3737 3910; x_wconf 57' lang='lat' dir='ltr'><strong>quaenam</strong></span> 
     </span>
    </p>
   </div>
   <div class='ocr_carea' id='block_1_109' title="bbox 2159 3909 3736 3980">
    <p class='ocr_par' dir='ltr' id='par_1_109' title="bbox 2159 3909 3736 3980">
     <span class='ocr_line' id='line_1_112' title="bbox 2159 3909 3736 3980; baseline 0.001 -16"><span class='ocrx_word' id='word_1_784' title='bbox 2159 3911 2470 3980; x_wconf 89' lang='lat' dir='ltr'><strong>metropolis</strong></span> <span class='ocrx_word' id='word_1_785' title='bbox 2491 3909 2632 3966; x_wconf 84' lang='lat' dir='ltr'><strong>esset</strong></span> <span class='ocrx_word' id='word_1_786' title='bbox 2656 3910 2852 3971; x_wconf 90' lang='lat' dir='ltr'><strong>civilis,</strong></span> <span class='ocrx_word' id='word_1_787' title='bbox 2875 3909 3147 3966; x_wconf 84' lang='lat' dir='ltr'><strong>Arelatum</strong></span> <span class='ocrx_word' id='word_1_788' title='bbox 3177 3911 3441 3973; x_wconf 81' lang='lat' dir='ltr'><strong>videlicet,</strong></span> <span class='ocrx_word' id='word_1_789' title='bbox 3474 3909 3544 3965; x_wconf 87' lang='lat' dir='ltr'><strong>an</strong></span> <span class='ocrx_word' id='word_1_790' title='bbox 3575 3912 3736 3965; x_wconf 81' lang='lat' dir='ltr'><strong>Vien-</strong></span> 
     </span>
    </p>
   </div>
   <div class='ocr_carea' id='block_1_110' title="bbox 2160 3981 3728 4052">
    <p class='ocr_par' dir='ltr' id='par_1_110' title="bbox 2160 3981 3728 4052">
     <span class='ocr_line' id='line_1_113' title="bbox 2160 3981 3728 4052; baseline 0.003 -20"><span class='ocrx_word' id='word_1_791' title='bbox 2160 3993 2247 4041; x_wconf 87' lang='lat' dir='ltr'><strong>na,</strong></span> <span class='ocrx_word' id='word_1_792' title='bbox 2275 3991 2329 4034; x_wconf 91' lang='lat' dir='ltr'><strong>et</strong></span> <span class='ocrx_word' id='word_1_793' title='bbox 2362 3981 2619 4052; x_wconf 87' lang='lat' dir='ltr'><strong>decrevit,</strong></span> <span class='ocrx_word' id='word_1_794' title='bbox 2646 4000 2664 4031; x_wconf 76' lang='grc' dir='ltr'><strong>ι</strong></span> <span class='ocrx_word' id='word_1_795' title='bbox 2685 3990 2743 4033; x_wconf 80' lang='grc' dir='ltr'><strong>ιιι</strong></span> <span class='ocrx_word' id='word_1_796' title='bbox 2769 3982 2856 4052; x_wconf 87' lang='lat' dir='ltr'><strong>qui</strong></span> <span class='ocrx_word' id='word_1_797' title='bbox 2885 3996 2945 4034; x_wconf 87' lang='lat' dir='ltr'><strong>ex</strong></span> <span class='ocrx_word' id='word_1_798' title='bbox 2976 3982 3071 4043; x_wconf 90' lang='lat' dir='ltr'><strong>eis,</strong></span> <span class='ocrx_word' id='word_1_799' title='bbox 3099 4001 3115 4030; x_wconf 79' lang='grc' dir='ltr'><strong>ι</strong></span> <span class='ocrx_word' id='word_1_800' title='bbox 3158 3982 3423 4052; x_wconf 85' lang='lat' dir='ltr'><strong>episcopis</strong></span> <span class='ocrx_word' id='word_1_801' title='bbox 3459 3981 3728 4052; x_wconf 80' lang='lat' dir='ltr'><strong>videlicet.</strong></span> 
     </span>
    </p>
   </div>
   <div class='ocr_carea' id='block_1_111' title="bbox 2164 4050 3773 4133">
    <p class='ocr_par' dir='ltr' id='par_1_111' title="bbox 2164 4050 3773 4133">
     <span class='ocr_line' id='line_1_114' title="bbox 2164 4050 3773 4133; baseline 0.002 -32"><span class='ocrx_word' id='word_1_802' title='bbox 2164 4051 2765 4133; x_wconf 47' lang='lat' dir='ltr'><strong>(approbaveriusuam</strong></span> <span class='ocrx_word' id='word_1_803' title='bbox 2812 4050 3080 4133; x_wconf 85' lang='lat' dir='ltr'><strong>civitatem</strong></span> <span class='ocrx_word' id='word_1_804' title='bbox 3123 4067 3242 4106; x_wconf 86' lang='lat' dir='ltr'><strong>esse</strong></span> <span class='ocrx_word' id='word_1_805' title='bbox 3287 4050 3735 4133; x_wconf 58' lang='lat' dir='ltr'><strong>metropolim,&quot;is</strong></span> <span class='ocrx_word' id='word_1_806' title='bbox 3769 4062 3773 4066; x_wconf 75' lang='lat'><strong><em>&#39;</em></strong></span> 
     </span>
    </p>
   </div>
   <div class='ocr_carea' id='block_1_112' title="bbox 2161 4121 3738 4190">
    <p class='ocr_par' dir='ltr' id='par_1_112' title="bbox 2161 4121 3738 4190">
     <span class='ocr_line' id='line_1_115' title="bbox 2161 4121 3738 4190; baseline -0.001 -15"><span class='ocrx_word' id='word_1_807' title='bbox 2161 4121 2323 4175; x_wconf 88' lang='lat' dir='ltr'><strong>totius</strong></span> <span class='ocrx_word' id='word_1_808' title='bbox 2365 4121 2652 4190; x_wconf 75' lang='lat' dir='ltr'><strong>provincia:</strong></span> <span class='ocrx_word' id='word_1_809' title='bbox 2700 4121 2954 4181; x_wconf 85' lang='lat' dir='ltr'><strong>honorem</strong></span> <span class='ocrx_word' id='word_1_810' title='bbox 2998 4122 3259 4190; x_wconf 90' lang='lat' dir='ltr'><strong>primatus</strong></span> <span class='ocrx_word' id='word_1_811' title='bbox 3283 4123 3583 4176; x_wconf 54' lang='lat' dir='ltr'><strong>obtineatn</strong></span> <span class='ocrx_word' id='word_1_812' title='bbox 3641 4121 3738 4177; x_wconf 78' lang='lat' dir='ltr'><strong>Ve-</strong></span> 
     </span>
    </p>
   </div>
   <div class='ocr_carea' id='block_1_113' title="bbox 2161 4190 3736 4272">
    <p class='ocr_par' dir='ltr' id='par_1_113' title="bbox 2161 4190 3736 4272">
     <span class='ocr_line' id='line_1_116' title="bbox 2161 4190 3736 4272; baseline -0.001 -27"><span class='ocrx_word' id='word_1_813' title='bbox 2161 4191 2411 4272; x_wconf 35' lang='lat' dir='ltr'><strong>rumualia‘</strong></span> <span class='ocrx_word' id='word_1_814' title='bbox 2432 4191 2535 4272; x_wconf 78' lang='lat' dir='ltr'><strong>via,</strong></span> <span class='ocrx_word' id='word_1_815' title='bbox 2565 4191 2782 4272; x_wconf 85' lang='lat' dir='ltr'><strong>utquod</strong></span> <span class='ocrx_word' id='word_1_816' title='bbox 2814 4190 2977 4272; x_wconf 80' lang='lat' dir='ltr'><strong>semel</strong></span> <span class='ocrx_word' id='word_1_817' title='bbox 3009 4192 3310 4272; x_wconf 72' lang='lat' dir='ltr'><strong>arripuerat</strong></span> <span class='ocrx_word' id='word_1_818' title='bbox 3333 4192 3611 4272; x_wconf 79' lang='lat' dir='ltr'><strong>retineret,</strong></span> <span class='ocrx_word' id='word_1_819' title='bbox 3638 4190 3736 4244; x_wconf 88' lang='lat' dir='ltr'><strong>Pa-</strong></span> 
     </span>
    </p>
   </div>
   <div class='ocr_carea' id='block_1_114' title="bbox 2161 4260 3737 4330">
    <p class='ocr_par' dir='ltr' id='par_1_114' title="bbox 2161 4260 3737 4330">
     <span class='ocr_line' id='line_1_117' title="bbox 2161 4260 3737 4330; baseline -0.001 -15"><span class='ocrx_word' id='word_1_820' title='bbox 2161 4261 2360 4315; x_wconf 86' lang='lat' dir='ltr'><strong>troclus</strong></span> <span class='ocrx_word' id='word_1_821' title='bbox 2384 4260 2712 4316; x_wconf 84' lang='lat' dir='ltr'><strong>Arelatensis</strong></span> <span class='ocrx_word' id='word_1_822' title='bbox 2744 4260 3068 4315; x_wconf 82' lang='lat' dir='ltr'><strong>existimavit</strong></span> <span class='ocrx_word' id='word_1_823' title='bbox 3096 4261 3195 4314; x_wconf 80' lang='lat' dir='ltr'><strong>sibi</strong></span> <span class='ocrx_word' id='word_1_824' title='bbox 3228 4261 3570 4330; x_wconf 77' lang='lat' dir='ltr'><strong>pergendum.</strong></span> <span class='ocrx_word' id='word_1_825' title='bbox 3615 4274 3737 4330; x_wconf 85' lang='lat' dir='ltr'><strong>cum</strong></span> 
     </span>
    </p>
   </div>
   <div class='ocr_carea' id='block_1_115' title="bbox 2161 4329 3736 4413">
    <p class='ocr_par' dir='ltr' id='par_1_115' title="bbox 2161 4329 3736 4413">
     <span class='ocr_line' id='line_1_118' title="bbox 2161 4329 3736 4413; baseline -0.001 -29"><span class='ocrx_word' id='word_1_826' title='bbox 2161 4332 2299 4413; x_wconf 84' lang='lat' dir='ltr'><strong>apud</strong></span> <span class='ocrx_word' id='word_1_827' title='bbox 2330 4330 2641 4413; x_wconf 64' lang='lat' dir='ltr'><strong>Romanum</strong></span> <span class='ocrx_word' id='word_1_828' title='bbox 2680 4331 3006 4413; x_wconf 80' lang='lat' dir='ltr'><strong>pontiﬁcem,</strong></span> <span class='ocrx_word' id='word_1_829' title='bbox 3037 4331 3119 4384; x_wconf 91' lang='lat' dir='ltr'><strong>cui</strong></span> <span class='ocrx_word' id='word_1_830' title='bbox 3149 4329 3237 4384; x_wconf 89' lang='lat' dir='ltr'><strong>nil</strong></span> <span class='ocrx_word' id='word_1_831' title='bbox 3264 4331 3342 4413; x_wconf 71' lang='lat' dir='ltr'><strong>de</strong></span> <span class='ocrx_word' id='word_1_832' title='bbox 3361 4330 3596 4413; x_wconf 66' lang='lat' dir='ltr'><strong>civitatis</strong></span> <span class='ocrx_word' id='word_1_833' title='bbox 3627 4329 3736 4398; x_wconf 82' lang='lat' dir='ltr'><strong>glo-</strong></span> 
     </span>
    </p>
   </div>
   <div class='ocr_carea' id='block_1_116' title="bbox 2160 4400 3737 4471">
    <p class='ocr_par' dir='ltr' id='par_1_116' title="bbox 2160 4400 3737 4471">
     <span class='ocr_line' id='line_1_119' title="bbox 2160 4400 3737 4471; baseline 0.001 -17"><span class='ocrx_word' id='word_1_834' title='bbox 2160 4400 2240 4471; x_wconf 86' lang='lat' dir='ltr'><strong>ria</strong></span> <span class='ocrx_word' id='word_1_835' title='bbox 2266 4409 2378 4455; x_wconf 91' lang='lat' dir='ltr'><strong>tuto</strong></span> <span class='ocrx_word' id='word_1_836' title='bbox 2404 4402 2506 4456; x_wconf 92' lang='lat' dir='ltr'><strong>dici</strong></span> <span class='ocrx_word' id='word_1_837' title='bbox 2536 4416 2689 4471; x_wconf 87' lang='lat' dir='ltr'><strong>posse</strong></span> <span class='ocrx_word' id='word_1_838' title='bbox 2723 4409 2966 4463; x_wconf 85' lang='lat' dir='ltr'><strong>noverat,</strong></span> <span class='ocrx_word' id='word_1_839' title='bbox 2996 4415 3213 4454; x_wconf 90' lang='lat' dir='ltr'><strong>causam</strong></span> <span class='ocrx_word' id='word_1_840' title='bbox 3245 4402 3369 4471; x_wconf 84' lang='lat' dir='ltr'><strong>egit,</strong></span> <span class='ocrx_word' id='word_1_841' title='bbox 3411 4416 3474 4454; x_wconf 88' lang='lat' dir='ltr'><strong>ac</strong></span> <span class='ocrx_word' id='word_1_842' title='bbox 3500 4400 3622 4471; x_wconf 79' lang='lat' dir='ltr'><strong>ideo</strong></span> <span class='ocrx_word' id='word_1_843' title='bbox 3653 4415 3737 4454; x_wconf 81' lang='lat' dir='ltr'><strong>so-</strong></span> 
     </span>
    </p>
   </div>
   <div class='ocr_carea' id='block_1_117' title="bbox 501 4466 3733 4544">
    <p class='ocr_par' dir='ltr' id='par_1_117' title="bbox 501 4466 3733 4544">
     <span class='ocr_line' id='line_1_120' title="bbox 501 4466 3733 4544; baseline 0.001 -23"><span class='ocrx_word' id='word_1_844' title='bbox 501 4469 557 4532; x_wconf 80' lang='lat'><strong>5,</strong></span> <span class='ocrx_word' id='word_1_845' title='bbox 572 4466 807 4544; x_wconf 77' lang='lat' dir='ltr'><strong>ejusdem</strong></span> <span class='ocrx_word' id='word_1_846' title='bbox 832 4469 983 4522; x_wconf 89' lang='lat' dir='ltr'><strong>urbis</strong></span> <span class='ocrx_word' id='word_1_847' title='bbox 1008 4469 1256 4544; x_wconf 81' lang='lat' dir='ltr'><strong>episcopo</strong></span> <span class='ocrx_word' id='word_1_848' title='bbox 1276 4466 1585 4544; x_wconf 73' lang='lat' dir='ltr'><strong>decreverat</strong></span> <span class='ocrx_word' id='word_1_849' title='bbox 1601 4466 1942 4544; x_wconf 65' lang='grc' dir='ltr'><strong>ςτᾶτςρεσϐεῐα</strong></span> <span class='ocrx_word' id='word_1_850' title='bbox 1965 4481 2056 4531; x_wconf 72' lang='grc' dir='ltr'><strong>τῆς</strong></span> <span class='ocrx_word' id='word_1_851' title='bbox 2080 4477 2133 4536; x_wconf 86' lang='lat' dir='ltr'><strong>D</strong></span> <span class='ocrx_word' id='word_1_852' title='bbox 2158 4470 2260 4544; x_wconf 83' lang='lat' dir='ltr'><strong>iius</strong></span> <span class='ocrx_word' id='word_1_853' title='bbox 2286 4466 2619 4544; x_wconf 73' lang='lat' dir='ltr'><strong>antiquitatis</strong></span> <span class='ocrx_word' id='word_1_854' title='bbox 2651 4470 3036 4544; x_wconf 49' lang='lat' dir='ltr'><strong>ecclesiasticas</strong></span> <span class='ocrx_word' id='word_1_855' title='bbox 3049 4466 3320 4544; x_wconf 71' lang='lat' dir='ltr'><strong>momento</strong></span> <span class='ocrx_word' id='word_1_856' title='bbox 3357 4486 3414 4544; x_wconf 83' lang='lat' dir='ltr'><strong>se</strong></span> <span class='ocrx_word' id='word_1_857' title='bbox 3457 4469 3593 4544; x_wconf 74' lang='lat' dir='ltr'><strong>tueri</strong></span> <span class='ocrx_word' id='word_1_858' title='bbox 3646 4485 3733 4523; x_wconf 78' lang='lat' dir='ltr'><strong>v0-</strong></span> 
     </span>
    </p>
   </div>
   <div class='ocr_carea' id='block_1_118' title="bbox 502 4538 2054 4607">
    <p class='ocr_par' dir='ltr' id='par_1_118' title="bbox 502 4538 2054 4607">
     <span class='ocr_line' id='line_1_121' title="bbox 502 4538 2054 4607; baseline 0 -14"><span class='ocrx_word' id='word_1_859' title='bbox 502 4546 681 4607; x_wconf 58' lang='grc' dir='ltr'><strong>τιμῆς,</strong></span> <span class='ocrx_word' id='word_1_860' title='bbox 718 4538 846 4593; x_wconf 87' lang='lat' dir='ltr'><strong>hinc</strong></span> <span class='ocrx_word' id='word_1_861' title='bbox 890 4539 1145 4607; x_wconf 68' lang='lat' dir='ltr'><strong>praedicto</strong></span> <span class='ocrx_word' id='word_1_862' title='bbox 1191 4538 1393 4594; x_wconf 79' lang='lat' dir='ltr'><strong>eanone</strong></span> <span class='ocrx_word' id='word_1_863' title='bbox 1424 4540 1476 4594; x_wconf 90' lang='lat' dir='ltr'><strong>id</strong></span> <span class='ocrx_word' id='word_1_864' title='bbox 1502 4541 1575 4595; x_wconf 88' lang='lat' dir='ltr'><strong>ita</strong></span> <span class='ocrx_word' id='word_1_865' title='bbox 1599 4538 1922 4594; x_wconf 68' lang='lat' dir='ltr'><strong>intellectum</strong></span> <span class='ocrx_word' id='word_1_866' title='bbox 1952 4551 2054 4603; x_wconf 90' lang='lat' dir='ltr'><strong>est,</strong></span> 
     </span>
    </p>
   </div>
   <div class='ocr_carea' id='block_1_119' title="bbox 502 4606 2059 4678">
    <p class='ocr_par' dir='ltr' id='par_1_119' title="bbox 502 4606 2059 4678">
     <span class='ocr_line' id='line_1_122' title="bbox 502 4606 2059 4678; baseline 0.004 -19"><span class='ocrx_word' id='word_1_867' title='bbox 502 4614 559 4660; x_wconf 91' lang='lat' dir='ltr'><strong>ut</strong></span> <span class='ocrx_word' id='word_1_868' title='bbox 604 4606 867 4663; x_wconf 87' lang='lat' dir='ltr'><strong>voluerint</strong></span> <span class='ocrx_word' id='word_1_869' title='bbox 892 4606 1538 4678; x_wconf 34' lang='lat' dir='ltr'><strong>’Constantinopolitanutn</strong></span> <span class='ocrx_word' id='word_1_870' title='bbox 1581 4611 1871 4667; x_wconf 85' lang='lat' dir='ltr'><strong>secundum</strong></span> <span class='ocrx_word' id='word_1_871' title='bbox 1897 4625 1926 4663; x_wconf 90' lang='lat' dir='ltr'><strong>a</strong></span> <span class='ocrx_word' id='word_1_872' title='bbox 1958 4609 2059 4665; x_wconf 73' lang='lat' dir='ltr'><strong>lto-</strong></span> 
     </span>
    </p>
   </div>
   <div class='ocr_carea' id='block_1_120' title="bbox 503 4678 2056 4751">
    <p class='ocr_par' dir='ltr' id='par_1_120' title="bbox 503 4678 2056 4751">
     <span class='ocr_line' id='line_1_123' title="bbox 503 4678 2056 4751; baseline 0.002 -20"><span class='ocrx_word' id='word_1_873' title='bbox 503 4691 663 4732; x_wconf 89' lang='lat' dir='ltr'><strong>mano</strong></span> <span class='ocrx_word' id='word_1_874' title='bbox 699 4678 1000 4751; x_wconf 81' lang='lat' dir='ltr'><strong>patriarcha</strong></span> <span class='ocrx_word' id='word_1_875' title='bbox 1045 4679 1218 4751; x_wconf 81' lang='lat' dir='ltr'><strong>locum</strong></span> <span class='ocrx_word' id='word_1_876' title='bbox 1261 4690 1461 4751; x_wconf 79' lang='lat' dir='ltr'><strong>tenere.</strong></span> <span class='ocrx_word' id='word_1_877' title='bbox 1518 4681 1593 4735; x_wconf 87' lang='lat' dir='ltr'><strong>De</strong></span> <span class='ocrx_word' id='word_1_878' title='bbox 1636 4681 1829 4751; x_wconf 78' lang='lat' dir='ltr'><strong>prioris</strong></span> <span class='ocrx_word' id='word_1_879' title='bbox 1871 4681 2056 4751; x_wconf 84' lang='lat' dir='ltr'><strong>synodi</strong></span> 
     </span>
    </p>
   </div>
   <div class='ocr_carea' id='block_1_121' title="bbox 500 4748 2058 4805">
    <p class='ocr_par' dir='ltr' id='par_1_121' title="bbox 500 4748 2058 4805">
     <span class='ocr_line' id='line_1_124' title="bbox 500 4748 2058 4805; baseline 0.003 -4"><span class='ocrx_word' id='word_1_880' title='bbox 500 4760 708 4802; x_wconf 90' lang='lat' dir='ltr'><strong>canone</strong></span> <span class='ocrx_word' id='word_1_881' title='bbox 756 4748 1023 4804; x_wconf 90' lang='lat' dir='ltr'><strong>immerito</strong></span> <span class='ocrx_word' id='word_1_882' title='bbox 1060 4750 1290 4803; x_wconf 89' lang='lat' dir='ltr'><strong>dubitari</strong></span> <span class='ocrx_word' id='word_1_883' title='bbox 1328 4765 1357 4802; x_wconf 89' lang='lat' dir='ltr'><strong>a</strong></span> <span class='ocrx_word' id='word_1_884' title='bbox 1399 4750 1551 4804; x_wconf 89' lang='lat' dir='ltr'><strong>Binio</strong></span> <span class='ocrx_word' id='word_1_885' title='bbox 1589 4748 1653 4805; x_wconf 56' lang='lat' dir='ltr'><strong>et&#39;</strong></span> <span class='ocrx_word' id='word_1_886' title='bbox 1683 4766 1713 4803; x_wconf 91' lang='lat' dir='ltr'><strong>a</strong></span> <span class='ocrx_word' id='word_1_887' title='bbox 1751 4748 2058 4805; x_wconf 86' lang='lat' dir='ltr'><strong>doctissimo</strong></span> 
     </span>
    </p>
   </div>
   <div class='ocr_carea' id='block_1_122' title="bbox 504 4816 2055 4885">
    <p class='ocr_par' dir='ltr' id='par_1_122' title="bbox 504 4816 2055 4885">
     <span class='ocr_line' id='line_1_125' title="bbox 504 4816 2055 4885; baseline 0.002 -13"><span class='ocrx_word' id='word_1_888' title='bbox 504 4816 752 4882; x_wconf 88' lang='lat' dir='ltr'><strong>Baronio,</strong></span> <span class='ocrx_word' id='word_1_889' title='bbox 787 4833 910 4873; x_wconf 91' lang='lat' dir='ltr'><strong>cum</strong></span> <span class='ocrx_word' id='word_1_890' title='bbox 941 4819 1006 4874; x_wconf 88' lang='lat' dir='ltr'><strong>de</strong></span> <span class='ocrx_word' id='word_1_891' title='bbox 1033 4835 1099 4875; x_wconf 92' lang='lat' dir='ltr'><strong>eo</strong></span> <span class='ocrx_word' id='word_1_892' title='bbox 1129 4827 1351 4874; x_wconf 90' lang='lat' dir='ltr'><strong>testetur</strong></span> <span class='ocrx_word' id='word_1_893' title='bbox 1390 4834 1558 4875; x_wconf 86' lang='lat' dir='ltr'><strong>canon</strong></span> <span class='ocrx_word' id='word_1_894' title='bbox 1588 4820 2055 4885; x_wconf 86' lang='lat' dir='ltr'><strong>Chalcedonensis,</strong></span> 
     </span>
    </p>
   </div>
   <div class='ocr_carea' id='block_1_123' title="bbox 507 4888 2059 4946">
    <p class='ocr_par' dir='ltr' id='par_1_123' title="bbox 507 4888 2059 4946">
     <span class='ocr_line' id='line_1_126' title="bbox 507 4888 2059 4946; baseline 0 -3"><span class='ocrx_word' id='word_1_895' title='bbox 507 4888 810 4943; x_wconf 87' lang='lat' dir='ltr'><strong>observavit</strong></span> <span class='ocrx_word' id='word_1_896' title='bbox 845 4888 1151 4945; x_wconf 83' lang='lat' dir='ltr'><strong>Holstenius</strong></span> <span class='ocrx_word' id='word_1_897' title='bbox 1196 4891 1249 4944; x_wconf 91' lang='lat' dir='ltr'><strong>in</strong></span> <span class='ocrx_word' id='word_1_898' title='bbox 1286 4891 1425 4944; x_wconf 90' lang='lat' dir='ltr'><strong>notis</strong></span> <span class='ocrx_word' id='word_1_899' title='bbox 1456 4892 1522 4945; x_wconf 90' lang='lat' dir='ltr'><strong>ad</strong></span> <span class='ocrx_word' id='word_1_900' title='bbox 1556 4892 1836 4946; x_wconf 88' lang='lat' dir='ltr'><strong>concilium</strong></span> <span class='ocrx_word' id='word_1_901' title='bbox 1864 4890 2059 4944; x_wconf 83' lang='lat' dir='ltr'><strong>Roma-</strong></span> 
     </span>
    </p>
   </div>
   <div class='ocr_carea' id='block_1_124' title="bbox 506 4957 2058 5031">
    <p class='ocr_par' dir='ltr' id='par_1_124' title="bbox 506 4957 2058 5031">
     <span class='ocr_line' id='line_1_127' title="bbox 506 4957 2058 5031; baseline 0.001 -18"><span class='ocrx_word' id='word_1_902' title='bbox 506 4974 633 5031; x_wconf 89' lang='lat' dir='ltr'><strong>num</strong></span> <span class='ocrx_word' id='word_1_903' title='bbox 694 4957 950 5031; x_wconf 83' lang='lat' dir='ltr'><strong>Bonifacii</strong></span> <span class='ocrx_word' id='word_1_904' title='bbox 993 4976 1143 5031; x_wconf 68' lang='lat' dir='ltr'><strong>papm</strong></span> <span class='ocrx_word' id='word_1_905' title='bbox 1187 4960 1248 5015; x_wconf 91' lang='lat' dir='ltr'><strong>ll.</strong></span> <span class='ocrx_word' id='word_1_906' title='bbox 1312 4959 1463 5027; x_wconf 88' lang='lat' dir='ltr'><strong>Quod</strong></span> <span class='ocrx_word' id='word_1_907' title='bbox 1503 4961 1773 5015; x_wconf 89' lang='lat' dir='ltr'><strong>enimvero</strong></span> <span class='ocrx_word' id='word_1_908' title='bbox 1824 4962 2058 5015; x_wconf 88' lang='lat' dir='ltr'><strong>minores</strong></span> 
     </span>
    </p>
   </div>
   <div class='ocr_carea' id='block_1_125' title="bbox 506 5029 2060 5111">
    <p class='ocr_par' dir='ltr' id='par_1_125' title="bbox 506 5029 2060 5111">
     <span class='ocr_line' id='line_1_128' title="bbox 506 5029 2060 5111; baseline 0.001 -28"><span class='ocrx_word' id='word_1_909' title='bbox 506 5029 739 5111; x_wconf 75' lang='lat' dir='ltr'><strong>episcopi</strong></span> <span class='ocrx_word' id='word_1_910' title='bbox 770 5030 868 5086; x_wconf 88' lang='lat' dir='ltr'><strong>sibi</strong></span> <span class='ocrx_word' id='word_1_911' title='bbox 895 5029 1295 5111; x_wconf 76' lang='lat' dir='ltr'><strong>vindicaverant</strong></span> <span class='ocrx_word' id='word_1_912' title='bbox 1328 5047 1393 5085; x_wconf 88' lang='lat' dir='ltr'><strong>ex</strong></span> <span class='ocrx_word' id='word_1_913' title='bbox 1431 5032 1640 5111; x_wconf 67' lang='lat' dir='ltr'><strong>urbium</strong></span> <span class='ocrx_word' id='word_1_914' title='bbox 1674 5031 1973 5111; x_wconf 77' lang='lat' dir='ltr'><strong>Splendore,</strong></span> <span class='ocrx_word' id='word_1_915' title='bbox 2005 5031 2060 5085; x_wconf 93' lang='lat' dir='ltr'><strong>id</strong></span> 
     </span>
    </p>
   </div>
   <div class='ocr_carea' id='block_1_126' title="bbox 508 5101 2058 5170">
    <p class='ocr_par' dir='ltr' id='par_1_126' title="bbox 508 5101 2058 5170">
     <span class='ocr_line' id='line_1_129' title="bbox 508 5101 2058 5170; baseline 0.001 -17"><span class='ocrx_word' id='word_1_916' title='bbox 508 5101 610 5170; x_wconf 84' lang='lat' dir='ltr'><strong>sibi</strong></span> <span class='ocrx_word' id='word_1_917' title='bbox 670 5101 1015 5155; x_wconf 88' lang='lat' dir='ltr'><strong>asserendum</strong></span> <span class='ocrx_word' id='word_1_918' title='bbox 1066 5102 1273 5156; x_wconf 86' lang='lat' dir='ltr'><strong>censuit</strong></span> <span class='ocrx_word' id='word_1_919' title='bbox 1321 5117 1468 5157; x_wconf 74' lang='lat' dir='ltr'><strong>nova:</strong></span> <span class='ocrx_word' id='word_1_920' title='bbox 1515 5101 1699 5156; x_wconf 64' lang='lat' dir='ltr'><strong>Romae</strong></span> <span class='ocrx_word' id='word_1_921' title='bbox 1748 5101 2058 5170; x_wconf 89' lang='lat' dir='ltr'><strong>episcopus,</strong></span> 
     </span>
    </p>
   </div>
   <div class='ocr_carea' id='block_1_127' title="bbox 506 5169 2062 5242">
    <p class='ocr_par' dir='ltr' id='par_1_127' title="bbox 506 5169 2062 5242">
     <span class='ocr_line' id='line_1_130' title="bbox 506 5169 2062 5242; baseline 0 -17"><span class='ocrx_word' id='word_1_922' title='bbox 506 5169 995 5242; x_wconf 87' lang='lat' dir='ltr'><strong>Constantinopolis</strong></span> <span class='ocrx_word' id='word_1_923' title='bbox 1015 5171 1373 5242; x_wconf 83' lang='lat' dir='ltr'><strong>Augustorum</strong></span> <span class='ocrx_word' id='word_1_924' title='bbox 1392 5172 1565 5242; x_wconf 80' lang='lat' dir='ltr'><strong>sedes,</strong></span> <span class='ocrx_word' id='word_1_925' title='bbox 1590 5173 1656 5225; x_wconf 88' lang='lat' dir='ltr'><strong>ad</strong></span> <span class='ocrx_word' id='word_1_926' title='bbox 1679 5169 1839 5240; x_wconf 82' lang='lat' dir='ltr'><strong>quam</strong></span> <span class='ocrx_word' id='word_1_927' title='bbox 1860 5169 2062 5225; x_wconf 30' lang='lat' dir='ltr'><strong>ex’toto</strong></span> 
     </span>
    </p>
   </div>
   <div class='ocr_carea' id='block_1_128' title="bbox 504 5241 2063 5311">
    <p class='ocr_par' dir='ltr' id='par_1_128' title="bbox 504 5241 2063 5311">
     <span class='ocr_line' id='line_1_131' title="bbox 504 5241 2063 5311; baseline -0.001 -15"><span class='ocrx_word' id='word_1_928' title='bbox 504 5242 636 5296; x_wconf 79' lang='lat' dir='ltr'><strong>orbe</strong></span> <span class='ocrx_word' id='word_1_929' title='bbox 671 5256 845 5297; x_wconf 67' lang='lat' dir='ltr'><strong>causa:</strong></span> <span class='ocrx_word' id='word_1_930' title='bbox 887 5241 1279 5296; x_wconf 85' lang='lat' dir='ltr'><strong>deferebantur.</strong></span> <span class='ocrx_word' id='word_1_931' title='bbox 1333 5241 1488 5296; x_wconf 89' lang='lat' dir='ltr'><strong>Urbis</strong></span> <span class='ocrx_word' id='word_1_932' title='bbox 1525 5241 1638 5311; x_wconf 90' lang='lat' dir='ltr'><strong>ejus</strong></span> <span class='ocrx_word' id='word_1_933' title='bbox 1676 5243 1956 5311; x_wconf 86' lang='lat' dir='ltr'><strong>episcopus</strong></span> <span class='ocrx_word' id='word_1_934' title='bbox 1996 5242 2063 5295; x_wconf 85' lang='lat' dir='ltr'><strong>ad</strong></span> 
     </span>
    </p>
   </div>
   <div class='ocr_carea' id='block_1_129' title="bbox 506 5311 2062 5381">
    <p class='ocr_par' dir='ltr' id='par_1_129' title="bbox 506 5311 2062 5381">
     <span class='ocr_line' id='line_1_132' title="bbox 506 5311 2062 5381; baseline 0.001 -17"><span class='ocrx_word' id='word_1_935' title='bbox 506 5312 864 5381; x_wconf 86' lang='lat' dir='ltr'><strong>patriarcbam</strong></span> <span class='ocrx_word' id='word_1_936' title='bbox 900 5311 1201 5367; x_wconf 89' lang='lat' dir='ltr'><strong>Occidentis</strong></span> <span class='ocrx_word' id='word_1_937' title='bbox 1244 5312 1458 5365; x_wconf 87' lang='lat' dir='ltr'><strong>minime</strong></span> <span class='ocrx_word' id='word_1_938' title='bbox 1493 5313 1785 5381; x_wconf 86' lang='lat' dir='ltr'><strong>spectabat,</strong></span> <span class='ocrx_word' id='word_1_939' title='bbox 1829 5311 1922 5366; x_wconf 88' lang='lat' dir='ltr'><strong>sed</strong></span> <span class='ocrx_word' id='word_1_940' title='bbox 1961 5325 2062 5381; x_wconf 79' lang='lat' dir='ltr'><strong>nec</strong></span> 
     </span>
    </p>
   </div>
   <div class='ocr_carea' id='block_1_130' title="bbox 508 5378 2060 5451">
    <p class='ocr_par' dir='ltr' id='par_1_130' title="bbox 508 5378 2060 5451">
     <span class='ocr_line' id='line_1_133' title="bbox 508 5378 2060 5451; baseline 0 -17"><span class='ocrx_word' id='word_1_941' title='bbox 508 5378 577 5435; x_wconf 75' lang='lat' dir='ltr'><strong>ad</strong></span> <span class='ocrx_word' id='word_1_942' title='bbox 616 5380 1071 5451; x_wconf 81' lang='lat' dir='ltr'><strong>Alexandrinum,</strong></span> <span class='ocrx_word' id='word_1_943' title='bbox 1116 5381 1199 5436; x_wconf 91' lang='lat' dir='ltr'><strong>vel</strong></span> <span class='ocrx_word' id='word_1_944' title='bbox 1241 5378 1657 5443; x_wconf 79' lang='lat' dir='ltr'><strong>Antiochenum,</strong></span> <span class='ocrx_word' id='word_1_945' title='bbox 1704 5397 1868 5451; x_wconf 89' lang='lat' dir='ltr'><strong>quare</strong></span> <span class='ocrx_word' id='word_1_946' title='bbox 1917 5378 2060 5434; x_wconf 92' lang='lat' dir='ltr'><strong>nullo</strong></span> 
     </span>
    </p>
   </div>
   <div class='ocr_carea' id='block_1_131' title="bbox 507 5450 2055 5574">
    <p class='ocr_par' dir='ltr' id='par_1_131' title="bbox 507 5450 2055 5574">
     <span class='ocr_line' id='line_1_134' title="bbox 507 5450 2055 5574; baseline -0.001 -72"><span class='ocrx_word' id='word_1_947' title='bbox 507 5450 666 5504; x_wconf 88' lang='lat' dir='ltr'><strong>modo</strong></span> <span class='ocrx_word' id='word_1_948' title='bbox 710 5451 1064 5530; x_wconf 75' lang='lat' dir='ltr'><strong>patriarcbale</strong></span> <span class='ocrx_word' id='word_1_949' title='bbox 1104 5451 1330 5505; x_wconf 83' lang='lat' dir='ltr'><strong>Romani</strong></span> <span class='ocrx_word' id='word_1_950' title='bbox 1372 5451 1602 5574; x_wconf 56' lang='lat' dir='ltr'><strong>episcopi</strong></span> <span class='ocrx_word' id='word_1_951' title='bbox 1627 5450 2055 5519; x_wconf 83' lang='lat' dir='ltr'><strong>juslaedebatur.</strong></span> 
     </span>
     <span class='ocr_line' id='line_1_135' title="bbox 507 5517 2055 5574; baseline 0 -2"><span class='ocrx_word' id='word_1_952' title='bbox 507 5517 743 5574; x_wconf 87' lang='lat' dir='ltr'><strong>Gloriam</strong></span> <span class='ocrx_word' id='word_1_953' title='bbox 766 5521 1361 5574; x_wconf 73' lang='lat' dir='ltr'><strong>Constantinonolitanze</strong></span> <span class='ocrx_word' id='word_1_954' title='bbox 1439 5521 1644 5574; x_wconf 75' lang='lat' dir='ltr'><strong>cclesim</strong></span> <span class='ocrx_word' id='word_1_955' title='bbox 1672 5530 1921 5574; x_wconf 85' lang='lat' dir='ltr'><strong>ontavere</strong></span> <span class='ocrx_word' id='word_1_956' title='bbox 1950 5520 2055 5574; x_wconf 81' lang='lat' dir='ltr'><strong>Va-</strong></span> 
     </span>
    </p>
   </div>
   <div class='ocr_carea' id='block_1_132' title="bbox 505 5517 2057 5592">
    <p class='ocr_par' dir='ltr' id='par_1_132' title="bbox 505 5517 2057 5592">
     <span class='ocr_line' id='line_1_136' title="bbox 505 5517 2057 5592; baseline 0.001 -22"><span class='ocrx_word' id='word_1_957' title='bbox 505 5517 743 5592; x_wconf 75' lang='lat' dir='ltr'><strong>Cloriam</strong></span> <span class='ocrx_word' id='word_1_958' title='bbox 766 5517 1361 5592; x_wconf 61' lang='lat' dir='ltr'><strong>Constantinopolitanae</strong></span> <span class='ocrx_word' id='word_1_959' title='bbox 1396 5517 1649 5592; x_wconf 10' lang='lat' dir='ltr'><strong>Ecclesimr</strong></span> <span class='ocrx_word' id='word_1_960' title='bbox 1672 5530 1921 5591; x_wconf 85' lang='lat' dir='ltr'><strong>optavere</strong></span> <span class='ocrx_word' id='word_1_961' title='bbox 1950 5520 2057 5575; x_wconf 80' lang='lat' dir='ltr'><strong>Va-</strong></span> 
     </span>
    </p>
   </div>
   <div class='ocr_carea' id='block_1_133' title="bbox 507 5588 2058 5659">
    <p class='ocr_par' dir='ltr' id='par_1_133' title="bbox 507 5588 2058 5659">
     <span class='ocr_line' id='line_1_137' title="bbox 507 5588 2058 5659; baseline 0.002 -20"><span class='ocrx_word' id='word_1_962' title='bbox 507 5588 829 5659; x_wconf 79' lang='lat' dir='ltr'><strong>lentinianus</strong></span> <span class='ocrx_word' id='word_1_963' title='bbox 852 5602 907 5646; x_wconf 89' lang='lat' dir='ltr'><strong>et</strong></span> <span class='ocrx_word' id='word_1_964' title='bbox 935 5588 1232 5646; x_wconf 72' lang='lat' dir='ltr'><strong>Marcianus</strong></span> <span class='ocrx_word' id='word_1_965' title='bbox 1267 5590 1508 5659; x_wconf 83' lang='lat' dir='ltr'><strong>Augusti.</strong></span> <span class='ocrx_word' id='word_1_966' title='bbox 1560 5588 1911 5646; x_wconf 44' lang='lat' dir='ltr'><strong>Vide—tamen</strong></span> <span class='ocrx_word' id='word_1_967' title='bbox 1953 5604 2058 5658; x_wconf 88' lang='lat' dir='ltr'><strong>qua</strong></span> 
     </span>
    </p>
   </div>
   <div class='ocr_carea' id='block_1_134' title="bbox 507 5658 2057 5731">
    <p class='ocr_par' dir='ltr' id='par_1_134' title="bbox 507 5658 2057 5731">
     <span class='ocr_line' id='line_1_138' title="bbox 507 5658 2057 5731; baseline 0.002 -21"><span class='ocrx_word' id='word_1_968' title='bbox 507 5658 591 5711; x_wconf 86' lang='lat' dir='ltr'><strong>via</strong></span> <span class='ocrx_word' id='word_1_969' title='bbox 613 5671 865 5731; x_wconf 69' lang='lat' dir='ltr'><strong>pergant.</strong></span> <span class='ocrx_word' id='word_1_970' title='bbox 908 5660 989 5714; x_wconf 87' lang='lat' dir='ltr'><strong>Nil</strong></span> <span class='ocrx_word' id='word_1_971' title='bbox 1016 5661 1116 5716; x_wconf 89' lang='lat' dir='ltr'><strong>sibi</strong></span> <span class='ocrx_word' id='word_1_972' title='bbox 1143 5662 1280 5731; x_wconf 87' lang='lat' dir='ltr'><strong>juris</strong></span> <span class='ocrx_word' id='word_1_973' title='bbox 1302 5658 1363 5714; x_wconf 11' lang='lat' dir='ltr'><strong>in,</strong></span> <span class='ocrx_word' id='word_1_974' title='bbox 1380 5678 1443 5714; x_wconf 87' lang='lat' dir='ltr'><strong>ca</strong></span> <span class='ocrx_word' id='word_1_975' title='bbox 1468 5676 1525 5714; x_wconf 90' lang='lat' dir='ltr'><strong>re</strong></span> <span class='ocrx_word' id='word_1_976' title='bbox 1551 5661 1877 5715; x_wconf 81' lang='lat' dir='ltr'><strong>decernenda</strong></span> <span class='ocrx_word' id='word_1_977' title='bbox 1907 5674 2057 5731; x_wconf 87' lang='lat' dir='ltr'><strong>com-</strong></span> 
     </span>
    </p>
   </div>
   <div class='ocr_carea' id='block_1_135' title="bbox 510 5729 2057 5802">
    <p class='ocr_par' dir='ltr' id='par_1_135' title="bbox 510 5729 2057 5802">
     <span class='ocr_line' id='line_1_139' title="bbox 510 5729 2057 5802; baseline 0.001 -21"><span class='ocrx_word' id='word_1_978' title='bbox 510 5733 692 5794; x_wconf 81' lang='lat' dir='ltr'><strong>petere</strong></span> <span class='ocrx_word' id='word_1_979' title='bbox 716 5729 1055 5798; x_wconf 82' lang='lat' dir='ltr'><strong>existimant;</strong></span> <span class='ocrx_word' id='word_1_980' title='bbox 1084 5729 1174 5802; x_wconf 80' lang='lat' dir='ltr'><strong>sed</strong></span> <span class='ocrx_word' id='word_1_981' title='bbox 1212 5747 1308 5786; x_wconf 90' lang='lat' dir='ltr'><strong>nec</strong></span> <span class='ocrx_word' id='word_1_982' title='bbox 1345 5731 1552 5786; x_wconf 86' lang='lat' dir='ltr'><strong>concilii</strong></span> <span class='ocrx_word' id='word_1_983' title='bbox 1601 5732 1871 5786; x_wconf 89' lang='lat' dir='ltr'><strong>decretum</strong></span> <span class='ocrx_word' id='word_1_984' title='bbox 1910 5729 2057 5785; x_wconf 79' lang='lat' dir='ltr'><strong>sulli~</strong></span> 
     </span>
    </p>
   </div>
   <div class='ocr_carea' id='block_1_136' title="bbox 2158 4539 3733 4610">
    <p class='ocr_par' dir='ltr' id='par_1_136' title="bbox 2158 4539 3733 4610">
     <span class='ocr_line' id='line_1_140' title="bbox 2158 4539 3733 4610; baseline 0 -18"><span class='ocrx_word' id='word_1_985' title='bbox 2158 4539 2275 4603; x_wconf 92' lang='lat' dir='ltr'><strong>luit,</strong></span> <span class='ocrx_word' id='word_1_986' title='bbox 2301 4541 2369 4594; x_wconf 92' lang='lat' dir='ltr'><strong>ob</strong></span> <span class='ocrx_word' id='word_1_987' title='bbox 2395 4556 2554 4609; x_wconf 89' lang='lat' dir='ltr'><strong>quam</strong></span> <span class='ocrx_word' id='word_1_988' title='bbox 2594 4556 2624 4594; x_wconf 89' lang='lat' dir='ltr'><strong>a</strong></span> <span class='ocrx_word' id='word_1_989' title='bbox 2650 4541 2860 4593; x_wconf 87' lang='lat' dir='ltr'><strong>Zosimo</strong></span> <span class='ocrx_word' id='word_1_990' title='bbox 2893 4539 3143 4610; x_wconf 71' lang='lat' dir='ltr'><strong>pontifice</strong></span> <span class='ocrx_word' id='word_1_991' title='bbox 3181 4540 3410 4593; x_wconf 85' lang='lat' dir='ltr'><strong>obtinuit</strong></span> <span class='ocrx_word' id='word_1_992' title='bbox 3453 4539 3565 4610; x_wconf 87' lang='lat' dir='ltr'><strong>sibi</strong></span> <span class='ocrx_word' id='word_1_993' title='bbox 3607 4554 3733 4594; x_wconf 81' lang='lat' dir='ltr'><strong>con-</strong></span> 
     </span>
    </p>
   </div>
   <div class='ocr_carea' id='block_1_137' title="bbox 2159 4609 3730 4679">
    <p class='ocr_par' dir='ltr' id='par_1_137' title="bbox 2159 4609 3730 4679">
     <span class='ocr_line' id='line_1_141' title="bbox 2159 4609 3730 4679; baseline -0.001 -15"><span class='ocrx_word' id='word_1_994' title='bbox 2159 4611 2509 4665; x_wconf 88' lang='lat' dir='ltr'><strong>secrationem</strong></span> <span class='ocrx_word' id='word_1_995' title='bbox 2561 4609 2869 4665; x_wconf 80' lang='lat' dir='ltr'><strong>confirmari</strong></span> <span class='ocrx_word' id='word_1_996' title='bbox 2921 4609 3288 4679; x_wconf 87' lang='lat' dir='ltr'><strong>episcopormn</strong></span> <span class='ocrx_word' id='word_1_997' title='bbox 3333 4609 3730 4679; x_wconf 89' lang='lat' dir='ltr'><strong>provinciarum</strong></span> 
     </span>
    </p>
   </div>
   <div class='ocr_carea' id='block_1_138' title="bbox 2160 4679 3734 4748">
    <p class='ocr_par' dir='ltr' id='par_1_138' title="bbox 2160 4679 3734 4748">
     <span class='ocr_line' id='line_1_142' title="bbox 2160 4679 3734 4748; baseline -0.001 -14"><span class='ocrx_word' id='word_1_998' title='bbox 2160 4680 2479 4735; x_wconf 75' lang='lat' dir='ltr'><strong>Viennensis</strong></span> <span class='ocrx_word' id='word_1_999' title='bbox 2504 4689 2559 4734; x_wconf 89' lang='lat' dir='ltr'><strong>et</strong></span> <span class='ocrx_word' id='word_1_1000' title='bbox 2584 4679 2958 4734; x_wconf 83' lang='lat' dir='ltr'><strong>Narbonensis.</strong></span> <span class='ocrx_word' id='word_1_1001' title='bbox 3010 4679 3331 4746; x_wconf 65' lang='lat' dir='ltr'><strong>(Quoniam,</strong></span> <span class='ocrx_word' id='word_1_1002' title='bbox 3354 4699 3371 4729; x_wconf 82' lang='grc' dir='ltr'><strong>ι</strong></span> <span class='ocrx_word' id='word_1_1003' title='bbox 3401 4679 3575 4748; x_wconf 87' lang='lat' dir='ltr'><strong>inquit</strong></span> <span class='ocrx_word' id='word_1_1004' title='bbox 3604 4693 3734 4748; x_wconf 82' lang='lat' dir='ltr'><strong>pon-</strong></span> 
     </span>
    </p>
   </div>
   <div class='ocr_carea' id='block_1_139' title="bbox 2159 4747 3737 4819">
    <p class='ocr_par' dir='ltr' id='par_1_139' title="bbox 2159 4747 3737 4819">
     <span class='ocr_line' id='line_1_143' title="bbox 2159 4747 3737 4819; baseline -0.001 -16"><span class='ocrx_word' id='word_1_1005' title='bbox 2159 4749 2287 4803; x_wconf 86' lang='lat' dir='ltr'><strong>tifex</strong></span> <span class='ocrx_word' id='word_1_1006' title='bbox 2319 4751 2473 4819; x_wconf 89' lang='lat' dir='ltr'><strong>epist.</strong></span> <span class='ocrx_word' id='word_1_1007' title='bbox 2501 4750 2586 4814; x_wconf 88' lang='lat'><strong>70,</strong></span> <span class='ocrx_word' id='word_1_1008' title='bbox 2629 4770 2649 4800; x_wconf 76' lang='grc' dir='ltr'><strong>ι</strong></span> <span class='ocrx_word' id='word_1_1009' title='bbox 2669 4749 2989 4819; x_wconf 87' lang='lat' dir='ltr'><strong>Tropbimus</strong></span> <span class='ocrx_word' id='word_1_1010' title='bbox 3021 4751 3272 4804; x_wconf 85' lang='lat' dir='ltr'><strong>sacerdos</strong></span> <span class='ocrx_word' id='word_1_1011' title='bbox 3294 4751 3564 4818; x_wconf 89' lang='lat' dir='ltr'><strong>quondam</strong></span> <span class='ocrx_word' id='word_1_1012' title='bbox 3604 4747 3737 4802; x_wconf 79' lang='lat' dir='ltr'><strong>Are-</strong></span> 
     </span>
    </p>
   </div>
   <div class='ocr_carea' id='block_1_140' title="bbox 2160 4818 3736 4889">
    <p class='ocr_par' dir='ltr' id='par_1_140' title="bbox 2160 4818 3736 4889">
     <span class='ocr_line' id='line_1_144' title="bbox 2160 4818 3736 4889; baseline 0 -16"><span class='ocrx_word' id='word_1_1013' title='bbox 2160 4818 2363 4874; x_wconf 85' lang='lat' dir='ltr'><strong>latensi</strong></span> <span class='ocrx_word' id='word_1_1014' title='bbox 2396 4821 2514 4874; x_wconf 92' lang='lat' dir='ltr'><strong>urbi</strong></span> <span class='ocrx_word' id='word_1_1015' title='bbox 2551 4822 2619 4875; x_wconf 91' lang='lat' dir='ltr'><strong>ab</strong></span> <span class='ocrx_word' id='word_1_1016' title='bbox 2664 4818 2949 4889; x_wconf 88' lang='lat' dir='ltr'><strong>apostolica</strong></span> <span class='ocrx_word' id='word_1_1017' title='bbox 2986 4820 3112 4874; x_wconf 90' lang='lat' dir='ltr'><strong>sede</strong></span> <span class='ocrx_word' id='word_1_1018' title='bbox 3140 4819 3499 4889; x_wconf 86' lang='lat' dir='ltr'><strong>transmissus</strong></span> <span class='ocrx_word' id='word_1_1019' title='bbox 3520 4819 3586 4872; x_wconf 88' lang='lat' dir='ltr'><strong>ad</strong></span> <span class='ocrx_word' id='word_1_1020' title='bbox 3619 4818 3736 4889; x_wconf 84' lang='lat' dir='ltr'><strong>illas</strong></span> 
     </span>
    </p>
   </div>
   <div class='ocr_carea' id='block_1_141' title="bbox 2160 4888 3729 4960">
    <p class='ocr_par' dir='ltr' id='par_1_141' title="bbox 2160 4888 3729 4960">
     <span class='ocr_line' id='line_1_145' title="bbox 2160 4888 3729 4960; baseline -0.003 -17"><span class='ocrx_word' id='word_1_1021' title='bbox 2160 4891 2420 4960; x_wconf 79' lang='lat' dir='ltr'><strong>regiones,</strong></span> <span class='ocrx_word' id='word_1_1022' title='bbox 2449 4891 2579 4944; x_wconf 88' lang='lat' dir='ltr'><strong>tanti</strong></span> <span class='ocrx_word' id='word_1_1023' title='bbox 2602 4888 2832 4944; x_wconf 83' lang='lat' dir='ltr'><strong>nominis</strong></span> <span class='ocrx_word' id='word_1_1024' title='bbox 2854 4891 3178 4944; x_wconf 88' lang='lat' dir='ltr'><strong>reverentias</strong></span> <span class='ocrx_word' id='word_1_1025' title='bbox 3200 4890 3403 4959; x_wconf 91' lang='lat' dir='ltr'><strong>primus</strong></span> <span class='ocrx_word' id='word_1_1026' title='bbox 3423 4888 3686 4960; x_wconf 83' lang='lat' dir='ltr'><strong>exhibuit.</strong></span> <span class='ocrx_word' id='word_1_1027' title='bbox 3710 4907 3729 4938; x_wconf 80' lang='grc' dir='ltr'><strong>ι</strong></span> 
     </span>
    </p>
   </div>
   <div class='ocr_carea' id='block_1_142' title="bbox 2160 4958 3731 5030">
    <p class='ocr_par' dir='ltr' id='par_1_142' title="bbox 2160 4958 3731 5030">
     <span class='ocr_line' id='line_1_146' title="bbox 2160 4958 3731 5030; baseline -0.003 -15"><span class='ocrx_word' id='word_1_1028' title='bbox 2160 4958 2380 5030; x_wconf 80' lang='lat' dir='ltr'><strong>Regulis</strong></span> <span class='ocrx_word' id='word_1_1029' title='bbox 2398 4961 2599 5015; x_wconf 84' lang='lat' dir='ltr'><strong>eisdem</strong></span> <span class='ocrx_word' id='word_1_1030' title='bbox 2624 4960 2973 5014; x_wconf 88' lang='lat' dir='ltr'><strong>insistendum</strong></span> <span class='ocrx_word' id='word_1_1031' title='bbox 3006 4958 3284 5029; x_wconf 82' lang='lat' dir='ltr'><strong>pontifices</strong></span> <span class='ocrx_word' id='word_1_1032' title='bbox 3309 4958 3582 5013; x_wconf 87' lang='lat' dir='ltr'><strong>subsecuti</strong></span> <span class='ocrx_word' id='word_1_1033' title='bbox 3604 4973 3731 5030; x_wconf 76' lang='lat' dir='ltr'><strong>cen-</strong></span> 
     </span>
    </p>
   </div>
   <div class='ocr_carea' id='block_1_143' title="bbox 2161 5026 3735 5094">
    <p class='ocr_par' dir='ltr' id='par_1_143' title="bbox 2161 5026 3735 5094">
     <span class='ocr_line' id='line_1_147' title="bbox 2161 5026 3735 5094; baseline -0.001 -10"><span class='ocrx_word' id='word_1_1034' title='bbox 2161 5026 2337 5094; x_wconf 73' lang='lat' dir='ltr'><strong>suere,</strong></span> <span class='ocrx_word' id='word_1_1035' title='bbox 2377 5044 2500 5083; x_wconf 92' lang='lat' dir='ltr'><strong>cum</strong></span> <span class='ocrx_word' id='word_1_1036' title='bbox 2538 5031 2603 5084; x_wconf 90' lang='lat' dir='ltr'><strong>de</strong></span> <span class='ocrx_word' id='word_1_1037' title='bbox 2643 5030 2827 5084; x_wconf 89' lang='lat' dir='ltr'><strong>eadem</strong></span> <span class='ocrx_word' id='word_1_1038' title='bbox 2860 5044 2917 5083; x_wconf 89' lang='lat' dir='ltr'><strong>re</strong></span> <span class='ocrx_word' id='word_1_1039' title='bbox 2943 5026 3261 5094; x_wconf 67' lang='lat' dir='ltr'><strong>quaestiones</strong></span> <span class='ocrx_word' id='word_1_1040' title='bbox 3289 5029 3612 5083; x_wconf 91' lang='lat' dir='ltr'><strong>inciderunt.</strong></span> <span class='ocrx_word' id='word_1_1041' title='bbox 3644 5026 3735 5082; x_wconf 85' lang='lat' dir='ltr'><strong>Hi-</strong></span> 
     </span>
    </p>
   </div>
   <div class='ocr_carea' id='block_1_144' title="bbox 2161 5097 3729 5169">
    <p class='ocr_par' dir='ltr' id='par_1_144' title="bbox 2161 5097 3729 5169">
     <span class='ocr_line' id='line_1_148' title="bbox 2161 5097 3729 5169; baseline -0.003 -16"><span class='ocrx_word' id='word_1_1042' title='bbox 2161 5100 2328 5154; x_wconf 89' lang='lat' dir='ltr'><strong>larius</strong></span> <span class='ocrx_word' id='word_1_1043' title='bbox 2357 5115 2491 5169; x_wconf 90' lang='lat' dir='ltr'><strong>papa</strong></span> <span class='ocrx_word' id='word_1_1044' title='bbox 2520 5101 2664 5154; x_wconf 90' lang='lat' dir='ltr'><strong>circa</strong></span> <span class='ocrx_word' id='word_1_1045' title='bbox 2703 5114 2901 5153; x_wconf 89' lang='lat' dir='ltr'><strong>annum</strong></span> <span class='ocrx_word' id='word_1_1046' title='bbox 2942 5097 3048 5153; x_wconf 61' lang='lat'><strong>£62</strong></span> <span class='ocrx_word' id='word_1_1047' title='bbox 3087 5098 3350 5169; x_wconf 85' lang='lat' dir='ltr'><strong>episcopis</strong></span> <span class='ocrx_word' id='word_1_1048' title='bbox 3389 5097 3729 5169; x_wconf 78' lang='lat' dir='ltr'><strong>diversarum</strong></span> 
     </span>
    </p>
   </div>
   <div class='ocr_carea' id='block_1_145' title="bbox 2159 5166 3732 5238">
    <p class='ocr_par' dir='ltr' id='par_1_145' title="bbox 2159 5166 3732 5238">
     <span class='ocr_line' id='line_1_149' title="bbox 2159 5166 3732 5238; baseline -0.001 -16"><span class='ocrx_word' id='word_1_1049' title='bbox 2159 5166 2552 5238; x_wconf 39' lang='lat' dir='ltr'><strong>provincia—rum</strong></span> <span class='ocrx_word' id='word_1_1050' title='bbox 2580 5169 2766 5224; x_wconf 67' lang='lat' dir='ltr'><strong>Galliae</strong></span> <span class='ocrx_word' id='word_1_1051' title='bbox 2793 5169 3069 5238; x_wconf 89' lang='lat' dir='ltr'><strong>rescripsit</strong></span> <span class='ocrx_word' id='word_1_1052' title='bbox 3094 5166 3250 5238; x_wconf 82' lang='lat' dir='ltr'><strong>epist.</strong></span> <span class='ocrx_word' id='word_1_1053' title='bbox 3268 5166 3344 5232; x_wconf 59' lang='lat' dir='ltr'><strong>T8,</strong></span> <span class='ocrx_word' id='word_1_1054' title='bbox 3392 5183 3515 5222; x_wconf 92' lang='lat' dir='ltr'><strong>cum</strong></span> <span class='ocrx_word' id='word_1_1055' title='bbox 3550 5166 3732 5238; x_wconf 77' lang='lat' dir='ltr'><strong>Leon-</strong></span> 
     </span>
    </p>
   </div>
   <div class='ocr_carea' id='block_1_146' title="bbox 2161 5236 3732 5308">
    <p class='ocr_par' dir='ltr' id='par_1_146' title="bbox 2161 5236 3732 5308">
     <span class='ocr_line' id='line_1_150' title="bbox 2161 5236 3732 5308; baseline 0.001 -17"><span class='ocrx_word' id='word_1_1056' title='bbox 2161 5236 2267 5295; x_wconf 78' lang='lat' dir='ltr'><strong>tius</strong></span> <span class='ocrx_word' id='word_1_1057' title='bbox 2299 5240 2629 5295; x_wconf 87' lang='lat' dir='ltr'><strong>Arelatensis</strong></span> <span class='ocrx_word' id='word_1_1058' title='bbox 2663 5236 3046 5294; x_wconf 81' lang='lat' dir='ltr'><strong>lamentaretur</strong></span> <span class='ocrx_word' id='word_1_1059' title='bbox 3084 5236 3368 5308; x_wconf 82' lang='lat' dir='ltr'><strong>parochias</strong></span> <span class='ocrx_word' id='word_1_1060' title='bbox 3402 5254 3512 5291; x_wconf 60' lang='lat' dir='ltr'><strong>suae</strong></span> <span class='ocrx_word' id='word_1_1061' title='bbox 3549 5236 3732 5308; x_wconf 77' lang='lat' dir='ltr'><strong>Eccle-</strong></span> 
     </span>
    </p>
   </div>
   <div class='ocr_carea' id='block_1_147' title="bbox 2163 5307 3731 5380">
    <p class='ocr_par' dir='ltr' id='par_1_147' title="bbox 2163 5307 3731 5380">
     <span class='ocr_line' id='line_1_151' title="bbox 2163 5307 3731 5380; baseline -0.003 -17"><span class='ocrx_word' id='word_1_1062' title='bbox 2163 5309 2255 5363; x_wconf 70' lang='lat' dir='ltr'><strong>sia:</strong></span> <span class='ocrx_word' id='word_1_1063' title='bbox 2281 5326 2310 5380; x_wconf 89' lang='lat' dir='ltr'><strong>a</strong></span> <span class='ocrx_word' id='word_1_1064' title='bbox 2346 5311 2737 5380; x_wconf 82' lang='lat' dir='ltr'><strong>praedecessore</strong></span> <span class='ocrx_word' id='word_1_1065' title='bbox 2772 5308 2973 5363; x_wconf 77' lang='lat' dir='ltr'><strong>Hilario</strong></span> <span class='ocrx_word' id='word_1_1066' title='bbox 3007 5308 3061 5380; x_wconf 83' lang='lat' dir='ltr'><strong>in</strong></span> <span class='ocrx_word' id='word_1_1067' title='bbox 3088 5307 3243 5380; x_wconf 83' lang='lat' dir='ltr'><strong>alios,</strong></span> <span class='ocrx_word' id='word_1_1068' title='bbox 3274 5308 3415 5380; x_wconf 79' lang='lat' dir='ltr'><strong>quod</strong></span> <span class='ocrx_word' id='word_1_1069' title='bbox 3445 5323 3550 5361; x_wconf 91' lang='lat' dir='ltr'><strong>non</strong></span> <span class='ocrx_word' id='word_1_1070' title='bbox 3573 5307 3731 5380; x_wconf 82' lang='lat' dir='ltr'><strong>licue-</strong></span> 
     </span>
    </p>
   </div>
   <div class='ocr_carea' id='block_1_148' title="bbox 2164 5376 3729 5460">
    <p class='ocr_par' dir='ltr' id='par_1_148' title="bbox 2164 5376 3729 5460">
     <span class='ocr_line' id='line_1_152' title="bbox 2164 5376 3729 5460; baseline -0.003 -29"><span class='ocrx_word' id='word_1_1071' title='bbox 2164 5388 2266 5460; x_wconf 80' lang='lat' dir='ltr'><strong>rat,</strong></span> <span class='ocrx_word' id='word_1_1072' title='bbox 2294 5376 2455 5460; x_wconf 81' lang='lat' dir='ltr'><strong>fuisse</strong></span> <span class='ocrx_word' id='word_1_1073' title='bbox 2484 5380 2790 5460; x_wconf 67' lang='lat' dir='ltr'><strong>translatas,</strong></span> <span class='ocrx_word' id='word_1_1074' title='bbox 2819 5378 3083 5460; x_wconf 73' lang='lat' dir='ltr'><strong>episcopis</strong></span> <span class='ocrx_word' id='word_1_1075' title='bbox 3122 5378 3195 5432; x_wconf 90' lang='lat' dir='ltr'><strong>illi</strong></span> <span class='ocrx_word' id='word_1_1076' title='bbox 3220 5377 3511 5460; x_wconf 81' lang='lat' dir='ltr'><strong>_querelam</strong></span> <span class='ocrx_word' id='word_1_1077' title='bbox 3551 5376 3729 5460; x_wconf 82' lang='lat' dir='ltr'><strong>remit-</strong></span> 
     </span>
    </p>
   </div>
   <div class='ocr_carea' id='block_1_149' title="bbox 2163 5447 3726 5519">
    <p class='ocr_par' dir='ltr' id='par_1_149' title="bbox 2163 5447 3726 5519">
     <span class='ocr_line' id='line_1_153' title="bbox 2163 5447 3726 5519; baseline -0.004 -16"><span class='ocrx_word' id='word_1_1078' title='bbox 2163 5457 2297 5512; x_wconf 89' lang='lat' dir='ltr'><strong>tens,</strong></span> <span class='ocrx_word' id='word_1_1079' title='bbox 2354 5458 2453 5504; x_wconf 70' lang='lat' dir='ltr'><strong>«ut</strong></span> <span class='ocrx_word' id='word_1_1080' title='bbox 2507 5465 2625 5519; x_wconf 77' lang='lat' dir='ltr'><strong>qua:</strong></span> <span class='ocrx_word' id='word_1_1081' title='bbox 2677 5447 3050 5519; x_wconf 86' lang='lat' dir='ltr'><strong>ecclesiasticis</strong></span> <span class='ocrx_word' id='word_1_1082' title='bbox 3090 5447 3286 5515; x_wconf 88' lang='lat' dir='ltr'><strong>regulis</strong></span> <span class='ocrx_word' id='word_1_1083' title='bbox 3324 5454 3726 5519; x_wconf 67' lang='lat' dir='ltr'><strong>congruerent,</strong></span> 
     </span>
    </p>
   </div>
   <div class='ocr_carea' id='block_1_150' title="bbox 2160 5513 3728 5589">
    <p class='ocr_par' dir='ltr' id='par_1_150' title="bbox 2160 5513 3728 5589">
     <span class='ocr_line' id='line_1_154' title="bbox 2160 5513 3728 5589; baseline -0.004 -16"><span class='ocrx_word' id='word_1_1084' title='bbox 2160 5513 2592 5575; x_wconf 78' lang='lat' dir='ltr'><strong>decernerentur.</strong></span> <span class='ocrx_word' id='word_1_1085' title='bbox 2616 5539 2634 5571; x_wconf 81' lang='grc' dir='ltr'><strong>ι</strong></span> <span class='ocrx_word' id='word_1_1086' title='bbox 2683 5517 2918 5589; x_wconf 88' lang='lat' dir='ltr'><strong>Epistola</strong></span> <span class='ocrx_word' id='word_1_1087' title='bbox 2952 5532 3090 5589; x_wconf 79' lang='lat' dir='ltr'><strong>vero</strong></span> <span class='ocrx_word' id='word_1_1088' title='bbox 3116 5513 3363 5589; x_wconf 70' lang='lat' dir='ltr'><strong>sequenti</strong></span> <span class='ocrx_word' id='word_1_1089' title='bbox 3390 5513 3728 5589; x_wconf 24' lang='lat' dir='ltr'><strong>contra‘Ma‘</strong></span> 
     </span>
    </p>
   </div>
   <div class='ocr_carea' id='block_1_151' title="bbox 2162 5585 3727 5656">
    <p class='ocr_par' dir='ltr' id='par_1_151' title="bbox 2162 5585 3727 5656">
     <span class='ocr_line' id='line_1_155' title="bbox 2162 5585 3727 5656; baseline -0.002 -15"><span class='ocrx_word' id='word_1_1090' title='bbox 2162 5598 2389 5644; x_wconf 84' lang='lat' dir='ltr'><strong>mertum</strong></span> <span class='ocrx_word' id='word_1_1091' title='bbox 2420 5585 2791 5651; x_wconf 76' lang='lat' dir='ltr'><strong>Viennensem,</strong></span> <span class='ocrx_word' id='word_1_1092' title='bbox 2822 5588 2910 5656; x_wconf 87' lang='lat' dir='ltr'><strong>qui</strong></span> <span class='ocrx_word' id='word_1_1093' title='bbox 2954 5585 3187 5656; x_wconf 87' lang='lat' dir='ltr'><strong>indebitc</strong></span> <span class='ocrx_word' id='word_1_1094' title='bbox 3236 5586 3495 5640; x_wconf 81' lang='lat' dir='ltr'><strong>Deenscm</strong></span> <span class='ocrx_word' id='word_1_1095' title='bbox 3523 5585 3727 5654; x_wconf 71' lang='lat' dir='ltr'><strong>episc0~</strong></span> 
     </span>
    </p>
   </div>
   <div class='ocr_carea' id='block_1_152' title="bbox 2201 5655 3728 5727">
    <p class='ocr_par' dir='ltr' id='par_1_152' title="bbox 2201 5655 3728 5727">
     <span class='ocr_line' id='line_1_156' title="bbox 2201 5655 3728 5727; baseline -0.004 -16"><span class='ocrx_word' id='word_1_1096' title='bbox 2201 5675 2287 5713; x_wconf 88' lang='lat' dir='ltr'><strong>um</strong></span> <span class='ocrx_word' id='word_1_1097' title='bbox 2313 5661 2670 5723; x_wconf 86' lang='lat' dir='ltr'><strong>ordinaverat,</strong></span> <span class='ocrx_word' id='word_1_1098' title='bbox 2705 5655 3177 5727; x_wconf 70' lang='lat' dir='ltr'><strong>disserteasserit,</strong></span> <span class='ocrx_word' id='word_1_1099' title='bbox 3231 5656 3497 5727; x_wconf 86' lang='lat' dir='ltr'><strong>principes</strong></span> <span class='ocrx_word' id='word_1_1100' title='bbox 3543 5667 3728 5727; x_wconf 76' lang='lat' dir='ltr'><strong>appro-</strong></span> 
     </span>
    </p>
   </div>
   <div class='ocr_carea' id='block_1_153' title="bbox 2202 5723 3722 5800">
    <p class='ocr_par' dir='ltr' id='par_1_153' title="bbox 2202 5723 3722 5800">
     <span class='ocr_line' id='line_1_157' title="bbox 2202 5723 3722 5800; baseline -0.005 -18"><span class='ocrx_word' id='word_1_1101' title='bbox 2202 5744 2290 5784; x_wconf 82' lang='lat' dir='ltr'><strong>arc</strong></span> <span class='ocrx_word' id='word_1_1102' title='bbox 2315 5730 2453 5800; x_wconf 87' lang='lat' dir='ltr'><strong>quod</strong></span> <span class='ocrx_word' id='word_1_1103' title='bbox 2489 5730 2757 5786; x_wconf 79' lang='lat' dir='ltr'><strong>Romanus</strong></span> <span class='ocrx_word' id='word_1_1104' title='bbox 2783 5726 3021 5799; x_wconf 84' lang='lat' dir='ltr'><strong>pontifex</strong></span> <span class='ocrx_word' id='word_1_1105' title='bbox 3052 5723 3104 5779; x_wconf 79' lang='lat' dir='ltr'><strong>in</strong></span> <span class='ocrx_word' id='word_1_1106' title='bbox 3132 5723 3287 5781; x_wconf 84' lang='lat' dir='ltr'><strong>rebus</strong></span> <span class='ocrx_word' id='word_1_1107' title='bbox 3313 5725 3614 5794; x_wconf 79' lang='lat' dir='ltr'><strong>hujnsmodi</strong></span> <span class='ocrx_word' id='word_1_1108' title='bbox 3642 5723 3722 5776; x_wconf 80' lang='lat' dir='ltr'><strong>de-</strong></span> 
     </span>
    </p>
   </div>
   <div class='ocr_carea' id='block_1_154' title="bbox 2289 5858 2308 5879">
    <p class='ocr_par' dir='ltr' id='par_1_154' title="bbox 2289 5858 2308 5879">
     <span class='ocr_line' id='line_1_158' title="bbox 2289 5858 2308 5879; baseline 0 0"><span class='ocrx_word' id='word_1_1109' title='bbox 2289 5858 2308 5879; x_wconf 75' lang='grc' dir='ltr'><strong><em>ο</em></strong></span> 
     </span>
    </p>
   </div>
  </div>
