3956 6190
413 223 516 276 459
1116 217 1407 272 AGNELLI
1446 215 1734 270 ABBATIS
1775 214 1830 270 S.
1871 213 2105 268 MAN/['3
2146 213 2236 266 AD
2269 209 2742 271 Bl.ACllERN.\S.
2783 210 2934 266 ETC.

3535 208 3646 261 ,ωτι

406 335 644 396 piumve,
679 333 721 385 si
767 347 830 387 et
863 329 1015 386 titulo
1054 328 1272 398 prmlixo
1313 327 1605 398 intelligere
1643 327 1766 398 quis
1799 333 1972 387 curet,
2006 337 2053 392 Α
2077 324 2268 379 Clausa
2299 325 2544 379 videntur
2570 323 2623 378 in
2649 323 2829 378 auditu
2859 323 3058 378 nudare
3081 289 3311 395 pelendo
3340 321 3649 396 [patentia]-

411 406 650 468 prol'ecto
693 403 866 454 oletum
903 413 1227 467 opermnque
1257 399 1458 468 perdet.
1492 397 1671 451 Satius
1696 397 1874 468 itaque
1894 405 1978 448 est

407 466 597 532 lectori
625 473 912 528 dimittere.
943 466 997 522 et
1025 466 1268 523 titulum‘.‘
1287 477 1341 522 et
1369 483 1576 530 versus,
1621 466 1712 536 qui
1748 467 1818 520 ita
1853 471 1980 536 sunt

411 541 728 614 couiparati,
757 548 816 593 ut
840 538 1108 608 dialogum
1139 539 1436 614 exhibeant
1465 538 1609 614 inter
1631 534 1972 614 clerum_Ra-

408 605 698 669 vemiatem
745 605 1020 678 rogantem
1047 615 1102 663 et
1125 605 1406 676 Agncllum
1444 607 1620 678 primo
1649 621 1709 662 se
1739 605 1978 678 modeste

409 688 758 738 excusantem
781 719 795 738 .
811 673 950 734 inde
975 693 1111 732 onus
1135 673 1201 731 in—
1218 692 1279 732 se
1307 673 1657 744 recipientem
1707 673 1978 730 scribendi

411 749 740 808 Pontiﬁcalis
776 747 899 804 libri
935 747 1206 804 Codicem.
1257 746 1518 817 Dactylici
1561 746 1652 814 qui
1675 751 1981 817 sequuntur

410 836 600 890 versus
619 833 778 890 quem
799 834 1016 877 sensum
1033 819 1268 890 habeant
1290 815 1533 890 divinare
1559 815 1778 890 minime
1800 821 1979 875 vacat,

412 887 532 948 nec
561 886 696 946 tanti
734 889 788 943 id
824 896 910 944 est
929 927 944 951 ,
982 896 1044 942 ut
1066 902 1153 942 me
1177 889 1245 940 ab
1268 899 1431 957 opere
1468 887 1584 956 ipso
1611 886 1982 957 demumcon-

411 959 701 1018 siderando
741 965 1064 1013 remoretur.
1105 954 1319 1012 Sufﬁcit
1353 954 1534 1026 itaque
1587 969 1772 1010 versus
1837 954 1983 1022 ipsos

413 1031 669 1087 exhibere
709 1043 833 1084 cum
875 1043 976 1084 suo
1013 1027 1188 1082 titulo.

417 1146 609 1215 Incipit
650 1159 860 1197 carmen
909 1127 1225 1215 dactylicum
1272 1139 1534 1215 senarium
1572 1136 1984 1215 peni-nticonmid

485 1206 562 1274 με’(
584 1215 832 1277 missum;
877 1211 968 1266 sed
1002 1206 1226 1281 primum
1249 1206 1585 1268 detracticum
1610 1249 1625 1271 ,
1657 1208 1844 1262 dehinc
1877 1206 1986 1258 dis-

488 1285 660 1338 tichon
689 1281 1032 1338 monasticam
1051 1321 1066 1346 ,
1105 1297 1223 1352 quw
1245 1281 1552 1335 intentiones
1578 1294 1983 1346 magnas........

417 1395 666 1449 Fortuita
690 1393 960 1463 quondam
986 1393 1199 1447 venisse
1217 1392 1655 1462 presbyterorum

420 1483 600 1539 Turba
629 1485 1000 1538 Ravennatum
1027 1482 1210 1547 simul,
1235 1482 1375 1536 inter
1401 1496 1538 1550 quos
1566 1479 1666 1534 l'uit
1691 1494 1828 1535 unus

419 1576 664 1632 Andreas
691 1577 885 1642 dictus,
910 1576 1108 1632 fratres
1139 1590 1298 1646 quem
1327 1589 1456 1630 voce
1478 1573 1689 1643 precari

425 1667 662 1724 Demissa
709 1667 990 1736 scripsisse
1011 1668 1094 1722 sui
1117 1707 1131 1726 .
1160 1681 1268 1736 quo
1302 1664 1663 1754 pontiﬁcalem
1692 1681 1706 1725 ;

421 1754 555 1810 Tum
588 1756 863 1826 respondit
885 1755 934 1810 ei
962 1755 1204 1820 humilis,
1241 1755 1334 1810 sed
1367 1769 1498 1810 voce
1520 1754 1720 1826 sagaci.
1761 1827 1776 1836 ‘

1055 1864 1302 1937 Agnalia:
1332 1880 1352 1917 :

423 1976 524 2044 Qui
549 1977 680 2032 mihi
703 1990 893 2032 sensus
914 1975 1073 2041 inest,
1105 1984 1198 2030 aut
1223 1985 1306 2031 est
1329 1991 1448 2046 quas
1469 1975 1648 2039 lectio,
1681 1957 1886 2047 possim

421 2063 654 2122 Tantillo
691 2081 852 2121 sensu
887 2067 1345 2136 comprehendere
1383 2067 1591 2122 centies
1617 2076 1738 2122 octo

423 2155 698 2210 Annorum
727 2170 920 2212 cursus
947 2155 1057 2210 vita
1085 2155 1309 2228 [vitam],
1341 2156 1426 2212 vel
1455 2166 1600 2226 gesta
1629 2159 1868 2227 priorum
1887 2159 1914 2211 ἵ

423 2243 573 2324 {ralia
617 2245 742 2300 dum
781 2245 971 2302 fallens
996 2247 1316 2316 promiscuis
1353 2247 1532 2303 fronte
1577 2247 1715 2303 dueli

427 2332 692 2391 Assolitus
713 2335 1082 2409 jngiter.quia
1108 2336 1263 2393 nobis
1288 2338 1474 2394 intima
1503 2353 1750 2410 quaeque.

429 2483 3560 2527 mw

2020 1693 2068 1752 Β

2691 412 2986 484 Presbyteri
3007 432 3028 470 :

2081 503 2383 559 Tristamur
2402 504 2626 560 nimium
2661 515 2915 576 quantum
2949 505 3183 561 crudelis
3213 505 3414 562 amice!

2657 583 2664 589 ’
2715 593 2960 666 Agnellus
2991 612 3011 649 :

2083 689 2228 749 Tum
2243 689 2496 759 quoniam
2519 688 2694 743 victus
2720 705 2852 758 rogo
2875 703 2970 742 vos
2997 696 3150 742 orate
3171 688 3467 744 Tonantem

2085 779 2287 850 Sydera
2324 779 2412 848 qui
2442 787 2682 848 torquet,
2721 777 2905 834 latices
2932 777 3276 848 reirenatque
3302 778 3540 832 marinos
3559 819 3575 843 ,

2083 873 2204 929 Vita
2231 874 2503 944 prmcipite
2532 888 2750 930 cursum
2788 878 3065 926 convertat
3091 871 3142 925 in
3182 881 3358 925 ortum
3381 913 3396 935 ,

2083 967 2153 1022 Et
2178 981 2391 1023 sensum
2419 967 2620 1022 tribuat
2655 965 2922 1020 scribendi
2956 963 3345 1018 Pontiﬁcalem.

2696 1055 2989 1124 Presbyteri
3021 1072 3040 1110 :

2089 1146 2180 1203 Sic
2224 1147 2476 1201 nimirum
2515 1144 2810 1218 [nimium]
2851 1145 3030 1214 cupidi
3082 1143 3378 1208 faciemus,
3423 1160 3664 1214 eumque

2646 1285 2663 1302 ,
3245 1231 3578 1306 [precantem

2091 1329 2176 1384 Sit
2213 1328 2418 1392 ﬁrmus,
2460 1343 2594 1396 opus
2629 1327 2808 1380 verbis
2842 1323 3166 1394 respondeat
3192 1339 3402 1394 usque,

2093 1419 2190 1475 llic
2219 1432 2526 1488 quanquam
2563 1417 2730 1472 durus
2757 1424 2934 1470 tanien
2963 1414 3170 1468 laborat
3195 1419 3374 1467 tamen
3403 1411 3565 1468 ultro.

2730 1505 2978 1576 Agnalia:
3001 1521 3022 1559 :

2097 1601 2258 1658 Actus
2276 1599 2594 1656 Pontiﬁcum
2621 1597 2873 1661 referam,
2901 1611 3208 1667 nomenque
3233 1595 3496 1650 priorum.

2696 1687 2992 1760 Presbyteri
3021 1704 3042 1742 :

2098 1785 2352 1857 Agnellus
2382 1783 2660 1855 quondam
2681 1822 2694 1846 ,
2743 1798 2888 1836 nunc
2911 1781 3152 1836 Andreas
3171 1778 3299 1850 iuge
3326 1776 3490 1834 salve.

2731 1871 2980 1944 Agnalia:
3007 1885 3027 1924 :

2099 1969 2315 2026 Salvete
2335 1951 2642 2025 sacerdotes
2679 1982 2777 2038 per
2805 1965 2999 2021 saecula
3029 1971 3242 2018 cuncta.

2239 2061 2396 2116 Clare
2439 2059 2610 2114 ﬁdelis
2889 2055 3142 2110 Carmina
3180 2067 3342 2122 parva

2239 2153 2393 2208 Edita
2428 2151 2582 2206 vobis
2897 2145 3134 2215 Suggere
3164 2151 3243 2206 tu,
3275 2141 3362 2212 qui

2241 2243 2390 2296 Musa
2429 2239 2621 2304 regalis
2893 2237 3029 2308 Erga
3061 2235 3231 2290 ﬁdelis

2243 2333 2432 2387 Dicere
2455 2330 2657 2386 laudes
2899 2327 3123 2397 Semper
3149 2326 3355 2381 amicis.

1638 2641 2439 2777 AGNELLI

1191 2883 1663 3014 LIBER
1754 2867 2907 3008 PONTIFICALIS.

1603 3160 1957 3252 PARS
2013 3157 2498 3282 PRIMA,

510 3357 926 3438 Complectens
958 3357 1127 3419 Vitas
1157 3374 1368 3418 eorum
1397 3355 1508 3436 qui
1533 3353 1802 3434 ﬂoruere
1827 3373 1867 3415 a
1893 3353 2094 3415 sancti
2122 3352 2544 3414 Aronmums
2579 3355 3072 3442 temporcOusque
3096 3347 3179 3410 ad
3203 3349 3587 3414 Eccuzsmu.

1521 3593 2058 3674 PROLOGUS
2114 3587 2532 3669 INCIPIT.

571 3705 823 3768 llistoriw‘
853 3705 1140 3762 scribenda:
1170 3705 1336 3776 fontes
1359 3667 1558 3779 aperit:
1803 3667 2206 3831 iiderln‘as‘truiti
2229 3667 2396 3776 aperis
2416 3702 2766 3774 diﬁicultatem
2789 3711 3100 3772 exaggerat;
3126 3667 3372 3760 Numinis
3395 3721 3540 3776 opem

1809 3795 1916 3831 smn
1940 3795 2033 3831 ora
2081 3793 2180 3830 aut:
2204 3792 2283 3830 or.

1809 3792 2054 3848 implorat
2081 3792 2283 3830 auster.

501 3893 666 3951 Vobis
706 3890 1017 3963 rogantibus
1061 3891 1368 3949 ordinatum
1391 3891 1628 3948 libellum
1679 3893 1745 3948 de
1801 3891 2000 3947 Ordine
2025 3897 2071 3961 ρ
2102 3889 2412 3944 nuntiabunt
2439 3888 2808 3952 tibi;seuiores
2835 3895 2974 3951 tuos,
3001 3894 3050 3940 et
3075 3887 3244 3941 dicent
3272 3889 3402 3954 tibi;
3451 3898 3507 3944 et
3527 3889 3629 3946 .loh
3653 3911 3670 3946 :

363 4002 376 4018 ’
431 3981 753 4058 pontiﬁcalis
794 3981 1148 4052 successionis
1173 3969 1507 4052 pontiﬁcum,
1537 3983 1629 4052 qui
1665 3983 1844 4038 sedem
1877 3997 2000 4037 san-

432 4077 504 4132 cti
545 4073 872 4146 Apollinaris
913 4073 1274 4136 nutrivcrunt,
1323 4072 1465 4126 sicut
1503 4072 1704 4127 veritas
1749 4079 1805 4126 et
1842 4087 2000 4140 argu-

434 4163 694 4218 mentatio
726 4161 889 4216 vestri
934 4160 1166 4233 Agnelli,
1189 4161 1280 4230 qui
1309 4169 1392 4216 est
1416 4159 1680 4225 Andreas,
1723 4160 1890 4230 ipsius
1912 4175 2001 4214 or-

435 4255 682 4310 thodoxa:
709 4253 852 4308 sedis
905 4251 1192 4316 Raveunm,
1240 4251 1415 4320 potuit
1439 4252 1679 4323 reperire
1720 4259 1774 4306 et
1799 4266 1999 4322 cognoo

434 4357 618 4406 scere;
653 4341 856 4412 gratias
883 4340 1038 4394 vobis
1067 4354 1284 4412 necesse
1311 4349 1394 4396 est
1423 4354 1582 4411 agere
1610 4341 1720 4397 Deo
1752 4341 1920 4407 Patri,
1948 4349 2006 4396 et

437 4429 572 4484 Filio
598 4405 732 4498 ejus,
759 4427 1023 4497 simulque
1045 4405 1268 4496 Spiritui
1298 4405 1506 4494 sancto,
1529 4431 1684 4486 trina:
1712 4405 2000 4500 maiestati,

435 4517 609 4572 unicis
651 4517 924 4586 potestati,
947 4517 1090 4587 quod
1122 4527 1212 4572 me
1252 4518 1470 4590 pollutis
1497 4519 1654 4574 labiis
1695 4521 1924 4585 redusit,
1947 4531 2003 4575 ct

387 4646 394 4652 ι
435 4607 672 4679 linguam
697 4607 922 4671 aridam,
979 4609 1032 4663 in
1077 4617 1338 4678 quantum
1367 4609 1440 4664 illi
1478 4609 1697 4681 placuit,
1745 4611 2000 4667 disertam

437 4696 583 4753 fecit.
631 4695 852 4752 Conﬁdo
905 4697 1105 4751 etenim
1150 4697 1485 4752 orationibus
1529 4700 1724 4754 vestris
1773 4699 2000 4771 gratiam

437 4785 582 4842 fandi
611 4787 742 4842 meis
773 4786 1109 4842 Sermonibus
1136 4788 1304 4842 Deum
1354 4778 1578 4853 donare,
1611 4796 1672 4842 ut
1694 4797 2002 4844 sanctorum

436 4874 853 4945 praeedcntium
906 4876 1052 4932 sedis
1087 4877 1384 4962 antistitum
1425 4877 1644 4952 Patrum
1674 4877 2002 4934 Ravennatis

439 4965 692 5024 Ecclesia:
719 5008 736 5034 ,
793 4967 1024 5038 qualiter
1079 4970 1448 5041 unusquisque
1500 4971 1612 5026 suis
1670 4972 2002 5041 temporibus

438 5055 580 5112 facta
605 5057 830 5128 peregit,
855 5071 955 5128 pro
981 5071 1048 5111 eo
1073 5059 1217 5128 quod
1250 5073 1347 5113 vos
1385 5073 1474 5114 me
1506 5059 1848 5115 sermonibus
1875 5073 2001 5114 coe—

438 5146 615 5216 gistis,
642 5147 697 5202 in
724 5157 983 5216 quantum
1020 5157 1264 5217 potuero,
1303 5150 1369 5202 ad
1423 5150 1738 5204 memoriam
1785 5164 2004 5205 revoca-

2102 3977 2376 4048 Interroga
2403 3979 2757 4048 generationes
2783 3977 3051 4042 pristinas,
3080 3978 3423 4048 et‘diligcnter
3455 3982 3676 4037 investi-

2100 4084 2166 4137 ga
2189 4065 2718 4139 patrumlmemorias.
2748 4065 2823 4120 Ex
2849 4065 3016 4136 stirpe
3037 4065 3178 4122 enim
3205 4067 3434 4124 Abrahae
3459 4070 3673 4142 Moyses

2101 4155 2396 4221 descendit,
2443 4163 2499 4210 et
2523 4163 2808 4224 antequam
2837 4154 3106 4209 Abraham
3149 4165 3462 4212 nasceretur
3504 4160 3675 4215 totius

2103 4243 2263 4312 hujus
2290 4245 2474 4300 mundi
2497 4243 2700 4300 fabrica
2727 4260 2756 4299 a
2786 4244 2894 4300 Deo
2935 4243 3074 4299 facta
3124 4243 3288 4302 fuisse
3315 4259 3669 4306 memoratur.

2103 4334 2314 4389 Marcus
2341 4335 2504 4390 etiam
2548 4334 2692 4390 Petri
2722 4335 2946 4405 apostoli
2989 4335 3280 4404 discipulus
3307 4346 3364 4393 et
3405 4338 3458 4393 in
3485 4340 3668 4409 bapti-

2102 4432 2278 4480 smate
2306 4423 2464 4488 ﬁlius,
2518 4439 2622 4480 non
2675 4425 3033 4495 corporaliter
3067 4423 3274 4482 Domini
3319 4437 3536 4485 secutus
3567 4429 3671 4484 fuit

2101 4515 2349 4587 vestigia,
2378 4531 2552 4584 neque
2593 4516 2699 4570 ulla
2739 4516 2998 4572 miracula
3019 4519 3087 4573 ab
3116 4533 3182 4574 eo
3221 4518 3358 4574 facta
3388 4520 3540 4584 vidit,
3571 4523 3670 4577 sed

2101 4604 2264 4660 Petro
2309 4613 2593 4659 enarrante
2647 4605 2991 4676 Evangelium
3029 4608 3296 4663 exaravit.
3333 4607 3510 4672 Lucas
3537 4624 3668 4664 vero

2102 4693 2244 4748 Petri
2269 4693 2464 4766 [Pauli]
2495 4694 2716 4764 apostoli
2747 4689 3082 4753 mini'strator
3115 4697 3350 4754 imbutus
3375 4699 3442 4754 ab
3477 4713 3544 4754 eo
3571 4700 3670 4754 do-

2101 4785 2300 4848 ctrina,
2326 4785 2593 4856 Evangelii
2625 4787 2833 4856 aperuit
2859 4785 3079 4844 fontem.
3119 4789 3266 4844 Multi
3288 4791 3450 4846 etiam
3479 4790 3570 4846 alii
3595 4807 3666 4846 ex

2102 4875 2286 4930 auditu
2316 4875 2581 4932 volumina
2605 4875 2994 4944 condiderunt;
3019 4879 3156 4944 sicut
3177 4881 3231 4935 in
3267 4881 3417 4937 Vitas
3442 4880 3666 4936 Patrum

2101 4966 2328 5036 legitur:
2356 4986 2374 5018 ι
2401 4966 2660 5025 Narravit.
2677 4967 2807 5024 mihi
2833 4969 3050 5038 quidam
3077 4985 3264 5036 senex,
3293 4990 3312 5022 ι
3343 4980 3449 5028 etc.
3477 4971 3666 5027 Nonne

2101 5057 2390 5128 Gregorius
2422 5058 2564 5113 sedis
2589 5057 2842 5114 Romanae
2872 5060 3126 5119 Ecclesiae
3171 5062 3397 5118 antistes
3423 5062 3478 5119 in
3500 5062 3666 5132 pluri-

2103 5151 2206 5204 mis
2233 5149 2364 5204 locis
2391 5149 2512 5204 libri
2560 5151 2895 5222 Dialogorum
2936 5153 3116 5208 retulit
3145 5153 3329 5208 dicens
3361 5173 3372 5207 :
3409 5172 3430 5204 ι
3466 5151 3663 5208 Narra--

440 5251 532 5301 re;
587 5251 694 5304 non
725 5237 897 5293 solum
927 5239 1070 5308 quod
1115 5253 1298 5293 eorum
1354 5237 1493 5294 facta
1522 5241 1788 5310 perspexi,
1814 5256 2000 5296 verum
2027 5259 2082 5317 Ι)
2103 5240 2178 5294 vit
2211 5240 2342 5294 mihi
2373 5239 2460 5294 ille
2485 5250 2540 5295 et
2567 5240 2654 5296 ille
2685 5241 2878 5296 homo?
2912 5261 2930 5292 ι
2963 5251 3017 5296 et
3043 5242 3268 5312 reliqua.
3309 5241 3415 5298 Sed
3439 5243 3661 5297 minime

439 5326 602 5380 etiam
631 5341 697 5382 ex
731 5328 937 5394 auditu,
967 5344 1086 5397 qum
1139 5329 1271 5383 mibi
1321 5329 1564 5387 seniores
1611 5329 1775 5384 nostri
1807 5331 1997 5385 retule-

441 5423 585 5476 runt,
617 5417 812 5478 vestris
837 5418 1056 5473 auribus
1097 5417 1433 5488 patelaciam.
1465 5418 1670 5488 Moyses
1694 5419 1838 5473 enim
1865 5433 1999 5489 pm:-

441 5505 918 5563 excellentissimus
944 5509 1044 5572 vir,
1083 5509 1375 5583 inspirante
1403 5510 1535 5574 Deo,
1562 5510 1784 5566 Genesis
1809 5509 2002 5564 librum

444 5595 744 5666 descripsit.
776 5598 892 5669 Ipse
931 5601 1072 5656 enim
1101 5601 1212 5656 ait:
1247 5600 1520 5672 Interroga
1571 5612 1742 5673 patres
1785 5611 1920 5656 tuos.
1951 5611 2000 5656 et

2107 5347 2193 5385 me
2227 5331 2326 5386 lari
2355 5347 2568 5400 possunt
2595 5333 2821 5388 similem
2849 5332 2971 5387 illis.
3005 5333 3136 5387 Nam
3167 5333 3424 5388 conﬁteor
3442 5333 3662 5404 quippe.

2103 5420 2241 5474 sicut
2279 5420 2485 5476 modica
2512 5422 2740 5476 scintilla
2769 5421 2938 5492 posita
2967 5421 3019 5476 in
3049 5429 3266 5490 aspectu
3300 5423 3430 5478 solis
3466 5423 3657 5478 obum-

2103 5509 2308 5576 bratur,
2345 5518 2402 5564 et
2433 5507 2548 5578 ejus
2574 5525 2678 5565 non
2708 5517 2928 5580 apparet
2950 5507 3146 5575 lumen,
3177 5510 3257 5566 sic
3296 5518 3353 5564 et
3392 5525 3512 5565 mea
3536 5521 3660 5566 ante

2101 5597 2444 5670 conspectum
2506 5607 2774 5656 tantorum
2821 5599 3255 5671 philosophorum
3306 5601 3660 5675 exstinguitur
