  <div class='ocr_page' id='page_1' title='image "/cluster/home/n/w/nwhite01/storage/ocr_20150623/106/hvd.32044054759717/239.png"; bbox 0 0 3956 6190; ppageno 0'>
   <div class='ocr_carea' id='block_1_1' title="bbox 457 214 559 279">
    <p class='ocr_par' dir='ltr' id='par_1_1' title="bbox 457 214 559 279">
     <span class='ocr_line' id='line_1_1' title="bbox 457 214 559 279; baseline -0.029 1"><span class='ocrx_word' id='word_1_1' title='bbox 457 214 559 279; x_wconf 65' lang='lat' dir='ltr'><strong>te?</strong></span> 
     </span>
    </p>
   </div>
   <div class='ocr_carea' id='block_1_2' title="bbox 414 302 427 319">
    <p class='ocr_par' dir='ltr' id='par_1_2' title="bbox 414 302 427 319">
     <span class='ocr_line' id='line_1_2' title="bbox 414 302 427 319; baseline 0 0"><span class='ocrx_word' id='word_1_2' title='bbox 414 302 427 319; x_wconf 80' lang='grc' dir='ltr'><em>Ι</em></span> 
     </span>
    </p>
   </div>
   <div class='ocr_carea' id='block_1_3' title="bbox 1151 202 2954 278">
    <p class='ocr_par' dir='ltr' id='par_1_3' title="bbox 1151 202 2954 278">
     <span class='ocr_line' id='line_1_3' title="bbox 1151 202 2954 278; baseline -0.004 -5"><span class='ocrx_word' id='word_1_3' title='bbox 1151 214 1440 273; x_wconf 71' lang='lat' dir='ltr'><strong>AGNELLI</strong></span> <span class='ocrx_word' id='word_1_4' title='bbox 1479 214 1764 272; x_wconf 74' lang='lat' dir='ltr'><strong>ABBATIS</strong></span> <span class='ocrx_word' id='word_1_5' title='bbox 1802 217 1858 271; x_wconf 88' lang='lat' dir='ltr'><strong>s.</strong></span> <span class='ocrx_word' id='word_1_6' title='bbox 1901 207 2136 270; x_wconf 56' lang='lat' dir='ltr'><strong>namss</strong></span> <span class='ocrx_word' id='word_1_7' title='bbox 2169 217 2258 270; x_wconf 78' lang='lat' dir='ltr'><strong>AD</strong></span> <span class='ocrx_word' id='word_1_8' title='bbox 2294 202 2765 278; x_wconf 68' lang='lat' dir='ltr'><strong>BLACiiEitNAS,</strong></span> <span class='ocrx_word' id='word_1_9' title='bbox 2806 211 2954 269; x_wconf 85' lang='lat' dir='ltr'><strong>ETC.</strong></span> 
     </span>
    </p>
   </div>
   <div class='ocr_carea' id='block_1_4' title="bbox 3571 211 3677 264">
    <p class='ocr_par' dir='ltr' id='par_1_4' title="bbox 3571 211 3677 264">
     <span class='ocr_line' id='line_1_4' title="bbox 3571 211 3677 264; baseline -0.028 0"><span class='ocrx_word' id='word_1_10' title='bbox 3571 211 3677 264; x_wconf 62' lang='grc'><strong>468</strong></span> 
     </span>
    </p>
   </div>
   <div class='ocr_carea' id='block_1_5' title="bbox 526 324 3679 402">
    <p class='ocr_par' dir='ltr' id='par_1_5' title="bbox 526 324 3679 402">
     <span class='ocr_line' id='line_1_5' title="bbox 526 324 3679 402; baseline -0.004 -12"><span class='ocrx_word' id='word_1_11' title='bbox 526 336 726 390; x_wconf 80' lang='lat' dir='ltr'><strong>Severo</strong></span> <span class='ocrx_word' id='word_1_12' title='bbox 762 332 1031 402; x_wconf 59' lang='lat' dir='ltr'><strong>subrogat</strong></span> <span class='ocrx_word' id='word_1_13' title='bbox 1054 329 1347 402; x_wconf 18' lang='lat' dir='ltr'><strong>Agapitum»</strong></span> <span class='ocrx_word' id='word_1_14' title='bbox 1380 328 1544 402; x_wconf 75' lang='lat' dir='ltr'><strong>ll,_e_t</strong></span> <span class='ocrx_word' id='word_1_15' title='bbox 1590 328 1815 402; x_wconf 80' lang='lat' dir='ltr'><strong>Agapito</strong></span> <span class='ocrx_word' id='word_1_16' title='bbox 1852 328 2010 381; x_wconf 85' lang='lat' dir='ltr'><strong>Libe-</strong></span> <span class='ocrx_word' id='word_1_17' title='bbox 2036 333 2085 390; x_wconf 77' lang='grc' dir='ltr'>Α</span> <span class='ocrx_word' id='word_1_18' title='bbox 2110 343 2276 402; x_wconf 86' lang='lat' dir='ltr'><strong>quare</strong></span> <span class='ocrx_word' id='word_1_19' title='bbox 2304 327 2354 379; x_wconf 91' lang='lat' dir='ltr'><strong>in</strong></span> <span class='ocrx_word' id='word_1_20' title='bbox 2384 328 2753 402; x_wconf 79' lang='lat' dir='ltr'><strong>episcoporum</strong></span> <span class='ocrx_word' id='word_1_21' title='bbox 2804 324 3156 402; x_wconf 83' lang='lat' dir='ltr'><strong>electionibus</strong></span> <span class='ocrx_word' id='word_1_22' title='bbox 3203 326 3516 402; x_wconf 74' lang='lat' dir='ltr'><strong>convenisse</strong></span> <span class='ocrx_word' id='word_1_23' title='bbox 3553 328 3679 394; x_wconf 75' lang='lat' dir='ltr'><strong>qui-</strong></span> 
     </span>
    </p>
   </div>
   <div class='ocr_carea' id='block_1_6' title="bbox 455 398 1834 474">
    <p class='ocr_par' dir='ltr' id='par_1_6' title="bbox 455 398 1834 474">
     <span class='ocr_line' id='line_1_6' title="bbox 455 398 1834 474; baseline -0.007 -15"><span class='ocrx_word' id='word_1_24' title='bbox 455 405 617 467; x_wconf 82' lang='lat' dir='ltr'><strong>rium,</strong></span> <span class='ocrx_word' id='word_1_25' title='bbox 648 404 739 474; x_wconf 85' lang='lat' dir='ltr'><strong>qui</strong></span> <span class='ocrx_word' id='word_1_26' title='bbox 773 398 986 474; x_wconf 56' lang='lat' dir='ltr'><strong>vivente</strong></span> <span class='ocrx_word' id='word_1_27' title='bbox 1005 398 1145 453; x_wconf 67' lang='lat' dir='ltr'><strong>Iulio</strong></span> <span class='ocrx_word' id='word_1_28' title='bbox 1168 400 1418 474; x_wconf 75' lang='lat' dir='ltr'><strong>pontiﬁce</strong></span> <span class='ocrx_word' id='word_1_29' title='bbox 1445 398 1678 474; x_wconf 57' lang='lat' dir='ltr'><strong>deuincti</strong></span> <span class='ocrx_word' id='word_1_30' title='bbox 1706 399 1834 474; x_wconf 80' lang='lat' dir='ltr'><strong>sint.</strong></span> 
     </span>
    </p>
   </div>
   <div class='ocr_carea' id='block_1_7' title="bbox 523 468 2007 536">
    <p class='ocr_par' dir='ltr' id='par_1_7' title="bbox 523 468 2007 536">
     <span class='ocr_line' id='line_1_7' title="bbox 523 468 2007 536; baseline -0.007 -7"><span class='ocrx_word' id='word_1_31' title='bbox 523 468 818 529; x_wconf 82' lang='lat' dir='ltr'><strong>Concilium</strong></span> <span class='ocrx_word' id='word_1_32' title='bbox 842 470 1162 528; x_wconf 83' lang='lat' dir='ltr'><strong>Romanum.</strong></span> <span class='ocrx_word' id='word_1_33' title='bbox 1178 469 1309 524; x_wconf 89' lang='lat' dir='ltr'><strong>alias</strong></span> <span class='ocrx_word' id='word_1_34' title='bbox 1328 469 1589 522; x_wconf 63' lang='grc' dir='ltr'><strong>ειη]οὸῖῦ</strong></span> <span class='ocrx_word' id='word_1_35' title='bbox 1617 468 2007 536; x_wconf 84' lang='lat' dir='ltr'><strong>consignatum,</strong></span> 
     </span>
    </p>
   </div>
   <div class='ocr_carea' id='block_1_8' title="bbox 452 536 2007 606">
    <p class='ocr_par' dir='ltr' id='par_1_8' title="bbox 452 536 2007 606">
     <span class='ocr_line' id='line_1_8' title="bbox 452 536 2007 606; baseline -0.007 -6"><span class='ocrx_word' id='word_1_36' title='bbox 452 546 780 600; x_wconf 85' lang='lat' dir='ltr'><strong>celebratum</strong></span> <span class='ocrx_word' id='word_1_37' title='bbox 805 540 936 595; x_wconf 91' lang='lat' dir='ltr'><strong>dicit</strong></span> <span class='ocrx_word' id='word_1_38' title='bbox 956 553 1098 593; x_wconf 87' lang='lat' dir='ltr'><strong>anno</strong></span> <span class='ocrx_word' id='word_1_39' title='bbox 1123 539 1246 602; x_wconf 75' lang='grc'><strong>548,</strong></span> <span class='ocrx_word' id='word_1_40' title='bbox 1284 539 1371 593; x_wconf 90' lang='lat' dir='ltr'><strong>cui</strong></span> <span class='ocrx_word' id='word_1_41' title='bbox 1402 537 1633 591; x_wconf 83' lang='lat' dir='ltr'><strong>adfuerit</strong></span> <span class='ocrx_word' id='word_1_42' title='bbox 1655 537 1912 606; x_wconf 81' lang='lat' dir='ltr'><strong>Agapitus</strong></span> <span class='ocrx_word' id='word_1_43' title='bbox 1942 536 2007 589; x_wconf 93' lang='lat' dir='ltr'><strong>ll.</strong></span> 
     </span>
    </p>
   </div>
   <div class='ocr_carea' id='block_1_9' title="bbox 526 607 2011 668">
    <p class='ocr_par' dir='ltr' id='par_1_9' title="bbox 526 607 2011 668">
     <span class='ocr_line' id='line_1_9' title="bbox 526 607 2011 668; baseline -0.005 -1"><span class='ocrx_word' id='word_1_44' title='bbox 526 612 781 668; x_wconf 76' lang='lat' dir='ltr'><strong>Baronius</strong></span> <span class='ocrx_word' id='word_1_45' title='bbox 808 619 934 664; x_wconf 89' lang='lat' dir='ltr'><strong>ante</strong></span> <span class='ocrx_word' id='word_1_46' title='bbox 963 609 1220 663; x_wconf 82' lang='lat' dir='ltr'><strong>Severum</strong></span> <span class='ocrx_word' id='word_1_47' title='bbox 1259 615 1404 661; x_wconf 85' lang='lat' dir='ltr'><strong>tenet</strong></span> <span class='ocrx_word' id='word_1_48' title='bbox 1449 607 1755 661; x_wconf 73' lang='lat' dir='ltr'><strong>immediate</strong></span> <span class='ocrx_word' id='word_1_49' title='bbox 1806 607 2011 660; x_wconf 81' lang='lat' dir='ltr'><strong>sedisse</strong></span> 
     </span>
    </p>
   </div>
   <div class='ocr_carea' id='block_1_10' title="bbox 451 677 2010 753">
    <p class='ocr_par' dir='ltr' id='par_1_10' title="bbox 451 677 2010 753">
     <span class='ocr_line' id='line_1_10' title="bbox 451 677 2010 753; baseline -0.004 -17"><span class='ocrx_word' id='word_1_50' title='bbox 451 684 764 753; x_wconf 78' lang='lat' dir='ltr'><strong>Agapitum;</strong></span> <span class='ocrx_word' id='word_1_51' title='bbox 804 679 1063 753; x_wconf 65' lang='lat' dir='ltr'><strong>Severum</strong></span> <span class='ocrx_word' id='word_1_52' title='bbox 1110 677 1861 753; x_wconf 57' lang='lat' dir='ltr'><strong>probabiliterepiscopatum</strong></span> <span class='ocrx_word' id='word_1_53' title='bbox 1902 690 2010 730; x_wconf 68' lang='lat' dir='ltr'><strong>co:-</strong></span> 
     </span>
    </p>
   </div>
   <div class='ocr_carea' id='block_1_11' title="bbox 453 746 1682 823">
    <p class='ocr_par' dir='ltr' id='par_1_11' title="bbox 453 746 1682 823">
     <span class='ocr_line' id='line_1_11' title="bbox 453 746 1682 823; baseline -0.007 -16"><span class='ocrx_word' id='word_1_54' title='bbox 453 746 594 823; x_wconf 71' lang='lat' dir='ltr'><strong>pisse</strong></span> <span class='ocrx_word' id='word_1_55' title='bbox 620 751 933 823; x_wconf 76' lang='lat' dir='ltr'><strong>Constantio</strong></span> <span class='ocrx_word' id='word_1_56' title='bbox 961 748 1027 802; x_wconf 88' lang='lat' dir='ltr'><strong>IV</strong></span> <span class='ocrx_word' id='word_1_57' title='bbox 1053 746 1515 823; x_wconf 34' lang='lat' dir='ltr'><strong>et&#39;Constante-lll</strong></span> <span class='ocrx_word' id='word_1_58' title='bbox 1541 761 1682 823; x_wconf 81' lang='lat' dir='ltr'><strong>coss.</strong></span> 
     </span>
    </p>
   </div>
   <div class='ocr_carea' id='block_1_12' title="bbox 520 814 2008 886">
    <p class='ocr_par' dir='ltr' id='par_1_12' title="bbox 520 814 2008 886">
     <span class='ocr_line' id='line_1_12' title="bbox 520 814 2008 886; baseline -0.007 -9"><span class='ocrx_word' id='word_1_59' title='bbox 520 822 814 877; x_wconf 70' lang='lat' dir='ltr'><strong>Concilium</strong></span> <span class='ocrx_word' id='word_1_60' title='bbox 869 819 1207 882; x_wconf 74' lang='lat' dir='ltr'><strong>Romanum,</strong></span> <span class='ocrx_word' id='word_1_61' title='bbox 1261 817 1348 872; x_wconf 88' lang='lat' dir='ltr'><strong>cui</strong></span> <span class='ocrx_word' id='word_1_62' title='bbox 1411 816 1671 886; x_wconf 85' lang='lat' dir='ltr'><strong>Agapitus</strong></span> <span class='ocrx_word' id='word_1_63' title='bbox 1722 814 2008 877; x_wconf 78' lang='lat' dir='ltr'><strong>interfuit,</strong></span> 
     </span>
    </p>
   </div>
   <div class='ocr_carea' id='block_1_13' title="bbox 451 890 1095 946">
    <p class='ocr_par' dir='ltr' id='par_1_13' title="bbox 451 890 1095 946">
     <span class='ocr_line' id='line_1_13' title="bbox 451 890 1095 946; baseline -0.009 0"><span class='ocrx_word' id='word_1_64' title='bbox 451 908 593 946; x_wconf 89' lang='lat' dir='ltr'><strong>anno</strong></span> <span class='ocrx_word' id='word_1_65' title='bbox 617 892 719 946; x_wconf 76' lang='lat'><strong>557</strong></span> <span class='ocrx_word' id='word_1_66' title='bbox 748 890 1095 945; x_wconf 82' lang='lat' dir='ltr'><strong>celebratum.</strong></span> 
     </span>
    </p>
   </div>
   <div class='ocr_carea' id='block_1_14' title="bbox 523 952 2009 1017">
    <p class='ocr_par' dir='ltr' id='par_1_14' title="bbox 523 952 2009 1017">
     <span class='ocr_line' id='line_1_14' title="bbox 523 952 2009 1017; baseline -0.008 0"><span class='ocrx_word' id='word_1_67' title='bbox 523 962 808 1017; x_wconf 84' lang='lat' dir='ltr'><strong>Bollandus</strong></span> <span class='ocrx_word' id='word_1_68' title='bbox 835 969 890 1013; x_wconf 89' lang='lat' dir='ltr'><strong>et</strong></span> <span class='ocrx_word' id='word_1_69' title='bbox 915 958 1044 1013; x_wconf 80' lang='lat' dir='ltr'><strong>socii</strong></span> <span class='ocrx_word' id='word_1_70' title='bbox 1075 956 1399 1012; x_wconf 88' lang='lat' dir='ltr'><strong>conveniunt</strong></span> <span class='ocrx_word' id='word_1_71' title='bbox 1422 970 1543 1009; x_wconf 90' lang='lat' dir='ltr'><strong>cum</strong></span> <span class='ocrx_word' id='word_1_72' title='bbox 1587 953 1817 1008; x_wconf 89' lang='lat' dir='ltr'><strong>Baronio</strong></span> <span class='ocrx_word' id='word_1_73' title='bbox 1860 952 2009 1007; x_wconf 86' lang='lat' dir='ltr'><strong>circa</strong></span> 
     </span>
    </p>
   </div>
   <div class='ocr_carea' id='block_1_15' title="bbox 452 1020 2007 1101">
    <p class='ocr_par' dir='ltr' id='par_1_15' title="bbox 452 1020 2007 1101">
     <span class='ocr_line' id='line_1_15' title="bbox 452 1020 2007 1101; baseline -0.008 -15"><span class='ocrx_word' id='word_1_74' title='bbox 452 1033 603 1088; x_wconf 88' lang='lat' dir='ltr'><strong>initia</strong></span> <span class='ocrx_word' id='word_1_75' title='bbox 624 1033 967 1101; x_wconf 82' lang='lat' dir='ltr'><strong>cpiscOpatus</strong></span> <span class='ocrx_word' id='word_1_76' title='bbox 992 1028 1177 1101; x_wconf 81' lang='lat' dir='ltr'><strong>Severi</strong></span> <span class='ocrx_word' id='word_1_77' title='bbox 1210 1035 1265 1081; x_wconf 92' lang='lat' dir='ltr'><strong>et</strong></span> <span class='ocrx_word' id='word_1_78' title='bbox 1292 1034 1499 1095; x_wconf 83' lang='lat' dir='ltr'><strong>tempus</strong></span> <span class='ocrx_word' id='word_1_79' title='bbox 1533 1025 1746 1079; x_wconf 87' lang='lat' dir='ltr'><strong>concilii</strong></span> <span class='ocrx_word' id='word_1_80' title='bbox 1777 1020 2007 1076; x_wconf 77' lang='lat' dir='ltr'><strong>Romani</strong></span> 
     </span>
    </p>
   </div>
   <div class='ocr_carea' id='block_1_16' title="bbox 451 1096 1672 1175">
    <p class='ocr_par' dir='ltr' id='par_1_16' title="bbox 451 1096 1672 1175">
     <span class='ocr_line' id='line_1_16' title="bbox 451 1096 1672 1175; baseline -0.006 -18"><span class='ocrx_word' id='word_1_81' title='bbox 451 1096 1173 1175; x_wconf 56' lang='lat' dir='ltr'><strong>cuiAgapitusjnterfuerit.</strong></span> <span class='ocrx_word' id='word_1_82' title='bbox 1301 1165 1312 1175; x_wconf 44' lang='lat'>&#39;</span> <span class='ocrx_word' id='word_1_83' title='bbox 1444 1164 1493 1175; x_wconf 58' lang='grc' dir='ltr'>η</span> 
     </span>
    </p>
   </div>
   <div class='ocr_carea' id='block_1_17' title="bbox 521 1162 2012 1236">
    <p class='ocr_par' dir='ltr' id='par_1_17' title="bbox 521 1162 2012 1236">
     <span class='ocr_line' id='line_1_17' title="bbox 521 1162 2012 1236; baseline -0.007 -10"><span class='ocrx_word' id='word_1_84' title='bbox 521 1162 770 1226; x_wconf 71' lang='grc' dir='ltr'>ὃθιῆἰίιιιι</span> <span class='ocrx_word' id='word_1_85' title='bbox 814 1170 1017 1224; x_wconf 80' lang='lat' dir='ltr'><strong>Severo</strong></span> <span class='ocrx_word' id='word_1_86' title='bbox 1066 1165 1405 1236; x_wconf 69' lang='lat' dir='ltr'><strong>princessisse</strong></span> <span class='ocrx_word' id='word_1_87' title='bbox 1444 1163 1842 1229; x_wconf 81' lang='lat' dir='ltr'><strong>Marcellinum,</strong></span> <span class='ocrx_word' id='word_1_88' title='bbox 1871 1162 2012 1216; x_wconf 77' lang='lat' dir='ltr'><strong>Mar-</strong></span> 
     </span>
    </p>
   </div>
   <div class='ocr_carea' id='block_1_18' title="bbox 451 1241 974 1312">
    <p class='ocr_par' dir='ltr' id='par_1_18' title="bbox 451 1241 974 1312">
     <span class='ocr_line' id='line_1_18' title="bbox 451 1241 974 1312; baseline -0.011 -15"><span class='ocrx_word' id='word_1_89' title='bbox 451 1241 644 1312; x_wconf 87' lang='lat' dir='ltr'><strong>cellino</strong></span> <span class='ocrx_word' id='word_1_90' title='bbox 668 1241 974 1312; x_wconf 75' lang='lat' dir='ltr'><strong>Agapitum.</strong></span> 
     </span>
    </p>
   </div>
   <div class='ocr_carea' id='block_1_19' title="bbox 523 1305 1552 1365">
    <p class='ocr_par' dir='ltr' id='par_1_19' title="bbox 523 1305 1552 1365">
     <span class='ocr_line' id='line_1_19' title="bbox 523 1305 1552 1365; baseline -0.009 0"><span class='ocrx_word' id='word_1_91' title='bbox 523 1305 801 1365; x_wconf 64' lang='lat' dir='ltr'><strong>Severuin&#39;</strong></span> <span class='ocrx_word' id='word_1_92' title='bbox 814 1310 957 1364; x_wconf 88' lang='lat' dir='ltr'><strong>circa</strong></span> <span class='ocrx_word' id='word_1_93' title='bbox 979 1321 1178 1361; x_wconf 83' lang='lat' dir='ltr'><strong>annum</strong></span> <span class='ocrx_word' id='word_1_94' title='bbox 1203 1305 1308 1361; x_wconf 79' lang='lat'><strong>590</strong></span> <span class='ocrx_word' id='word_1_95' title='bbox 1333 1305 1552 1359; x_wconf 88' lang='lat' dir='ltr'><strong>obiisse.</strong></span> 
     </span>
    </p>
   </div>
   <div class='ocr_carea' id='block_1_20' title="bbox 521 1370 2013 1497">
    <p class='ocr_par' dir='ltr' id='par_1_20' title="bbox 521 1370 2013 1497">
     <span class='ocr_line' id='line_1_20' title="bbox 521 1370 2013 1497; baseline -0.007 -62"><span class='ocrx_word' id='word_1_96' title='bbox 521 1382 764 1435; x_wconf 91' lang='lat' dir='ltr'><strong>Potuisse</strong></span> <span class='ocrx_word' id='word_1_97' title='bbox 792 1388 915 1434; x_wconf 89' lang='lat' dir='ltr'><strong>ante</strong></span> <span class='ocrx_word' id='word_1_98' title='bbox 940 1388 1178 1459; x_wconf 85' lang='lat' dir='ltr'><strong>tempora</strong></span> <span class='ocrx_word' id='word_1_99' title='bbox 1210 1375 1523 1497; x_wconf 27' lang='lat' dir='ltr'><strong>Agapititet</strong></span> <span class='ocrx_word' id='word_1_100' title='bbox 1556 1372 1862 1454; x_wconf 28' lang='lat' dir='ltr'><strong>{Marcellini</strong></span> <span class='ocrx_word' id='word_1_101' title='bbox 1917 1370 2013 1452; x_wconf 49' lang='lat' dir='ltr'><strong>Se:</strong></span> 
     </span>
     <span class='ocr_line' id='line_1_21' title="bbox 521 1444 2011 1497; baseline -0.002 0"><span class='ocrx_word' id='word_1_102' title='bbox 521 1467 635 1497; x_wconf 90' lang='lat' dir='ltr'><strong>riim</strong></span> <span class='ocrx_word' id='word_1_103' title='bbox 680 1450 907 1497; x_wconf 82' lang='lat' dir='ltr'><strong>alterum</strong></span> <span class='ocrx_word' id='word_1_104' title='bbox 954 1449 1190 1497; x_wconf 84' lang='lat' dir='ltr'><strong>sedisse.</strong></span> <span class='ocrx_word' id='word_1_105' title='bbox 1231 1446 1378 1497; x_wconf 89' lang='lat' dir='ltr'><strong>ilum</strong></span> <span class='ocrx_word' id='word_1_106' title='bbox 1424 1444 1672 1497; x_wconf 77' lang='lat' dir='ltr'><strong>Videlicet</strong></span> <span class='ocrx_word' id='word_1_107' title='bbox 1718 1458 1879 1497; x_wconf 86' lang='lat' dir='ltr'><strong>ouem</strong></span> <span class='ocrx_word' id='word_1_108' title='bbox 1936 1451 2011 1495; x_wconf 92' lang='lat' dir='ltr'><strong>uti</strong></span> 
     </span>
    </p>
   </div>
   <div class='ocr_carea' id='block_1_21' title="bbox 449 1444 2011 1513">
    <p class='ocr_par' dir='ltr' id='par_1_21' title="bbox 449 1444 2011 1513">
     <span class='ocr_line' id='line_1_22' title="bbox 449 1444 2011 1513; baseline -0.006 -9"><span class='ocrx_word' id='word_1_109' title='bbox 449 1458 635 1506; x_wconf 85' lang='lat' dir='ltr'><strong>verum</strong></span> <span class='ocrx_word' id='word_1_110' title='bbox 680 1450 907 1506; x_wconf 79' lang='lat' dir='ltr'><strong>alterum</strong></span> <span class='ocrx_word' id='word_1_111' title='bbox 954 1444 1190 1510; x_wconf 78' lang='lat' dir='ltr'><strong>sedisse,</strong></span> <span class='ocrx_word' id='word_1_112' title='bbox 1231 1444 1378 1500; x_wconf 87' lang='lat' dir='ltr'><strong>illum</strong></span> <span class='ocrx_word' id='word_1_113' title='bbox 1424 1444 1672 1498; x_wconf 81' lang='lat' dir='ltr'><strong>videlicet</strong></span> <span class='ocrx_word' id='word_1_114' title='bbox 1718 1458 1903 1513; x_wconf 84' lang='lat' dir='ltr'><strong>quem</strong></span> <span class='ocrx_word' id='word_1_115' title='bbox 1936 1444 2011 1513; x_wconf 91' lang='lat' dir='ltr'><strong>uti</strong></span> 
     </span>
    </p>
   </div>
   <div class='ocr_carea' id='block_1_22' title="bbox 449 1511 2012 1590">
    <p class='ocr_par' dir='ltr' id='par_1_22' title="bbox 449 1511 2012 1590">
     <span class='ocr_line' id='line_1_23' title="bbox 449 1511 2012 1590; baseline -0.006 -16"><span class='ocrx_word' id='word_1_116' title='bbox 449 1529 743 1590; x_wconf 79' lang='lat' dir='ltr'><strong>martyrem</strong></span> <span class='ocrx_word' id='word_1_117' title='bbox 774 1518 1014 1590; x_wconf 74' lang='lat' dir='ltr'><strong>Ecclesia</strong></span> <span class='ocrx_word' id='word_1_118' title='bbox 1058 1516 1341 1590; x_wconf 63' lang='lat' dir='ltr'><strong>Ravennas</strong></span> <span class='ocrx_word' id='word_1_119' title='bbox 1382 1522 1692 1590; x_wconf 77' lang='lat' dir='ltr'><strong>veneratur,</strong></span> <span class='ocrx_word' id='word_1_120' title='bbox 1717 1511 1808 1581; x_wconf 78' lang='lat' dir='ltr'><strong>qui</strong></span> <span class='ocrx_word' id='word_1_121' title='bbox 1858 1511 2012 1565; x_wconf 88' lang='lat' dir='ltr'><strong>alteri</strong></span> 
     </span>
    </p>
   </div>
   <div class='ocr_carea' id='block_1_23' title="bbox 450 1584 1597 1660">
    <p class='ocr_par' dir='ltr' id='par_1_23' title="bbox 450 1584 1597 1660">
     <span class='ocr_line' id='line_1_24' title="bbox 450 1584 1597 1660; baseline -0.007 -15"><span class='ocrx_word' id='word_1_122' title='bbox 450 1584 739 1660; x_wconf 73' lang='lat' dir='ltr'><strong>antiquiori</strong></span> <span class='ocrx_word' id='word_1_123' title='bbox 764 1590 892 1644; x_wconf 87' lang='lat' dir='ltr'><strong>item</strong></span> <span class='ocrx_word' id='word_1_124' title='bbox 915 1586 1224 1641; x_wconf 82' lang='lat' dir='ltr'><strong>Marcellino</strong></span> <span class='ocrx_word' id='word_1_125' title='bbox 1253 1584 1597 1639; x_wconf 79' lang='lat' dir='ltr'><strong>successerit.</strong></span> 
     </span>
    </p>
   </div>
   <div class='ocr_carea' id='block_1_24' title="bbox 907 1676 1553 1756">
    <p class='ocr_par' dir='ltr' id='par_1_24' title="bbox 907 1676 1553 1756">
     <span class='ocr_line' id='line_1_25' title="bbox 907 1676 1553 1756; baseline -0.008 -1"><span class='ocrx_word' id='word_1_126' title='bbox 907 1699 1132 1756; x_wconf 83' lang='lat' dir='ltr'><strong>CAPUT</strong></span> <span class='ocrx_word' id='word_1_127' title='bbox 1163 1676 1553 1754; x_wconf 78' lang='lat' dir='ltr'><strong>SECUNDUM.</strong></span> 
     </span>
    </p>
   </div>
   <div class='ocr_carea' id='block_1_25' title="bbox 448 1764 2017 1840">
    <p class='ocr_par' dir='ltr' id='par_1_25' title="bbox 448 1764 2017 1840">
     <span class='ocr_line' id='line_1_26' title="bbox 448 1764 2017 1840; baseline -0.006 -12"><span class='ocrx_word' id='word_1_128' title='bbox 448 1772 791 1828; x_wconf 80' lang='lat' dir='ltr'><strong>Incommode</strong></span> <span class='ocrx_word' id='word_1_129' title='bbox 814 1770 1221 1840; x_wconf 82' lang='lat' dir='ltr'><strong>uniuscujusque</strong></span> <span class='ocrx_word' id='word_1_130' title='bbox 1254 1785 1320 1840; x_wconf 70' lang='lat' dir='ltr'><strong>ea:</strong></span> <span class='ocrx_word' id='word_1_131' title='bbox 1350 1768 1527 1822; x_wconf 76' lang='lat' dir='ltr'><strong>allatis</strong></span> <span class='ocrx_word' id='word_1_132' title='bbox 1569 1768 1860 1840; x_wconf 72' lang='lat' dir='ltr'><strong>sententiis.</strong></span> <span class='ocrx_word' id='word_1_133' title='bbox 1893 1764 2017 1819; x_wconf 85' lang='lat' dir='ltr'><strong>Tres</strong></span> 
     </span>
    </p>
   </div>
   <div class='ocr_carea' id='block_1_26' title="bbox 518 1836 2018 1913">
    <p class='ocr_par' dir='ltr' id='par_1_26' title="bbox 518 1836 2018 1913">
     <span class='ocr_line' id='line_1_27' title="bbox 518 1836 2018 1913; baseline -0.007 -16"><span class='ocrx_word' id='word_1_134' title='bbox 518 1845 686 1897; x_wconf 82' lang='lat' dir='ltr'><strong>solum</strong></span> <span class='ocrx_word' id='word_1_135' title='bbox 708 1842 973 1913; x_wconf 76' lang='lat' dir='ltr'><strong>episcopos</strong></span> <span class='ocrx_word' id='word_1_136' title='bbox 1000 1836 1168 1910; x_wconf 72' lang='lat' dir='ltr'><strong>spatio</strong></span> <span class='ocrx_word' id='word_1_137' title='bbox 1208 1837 1310 1913; x_wconf 66' lang='lat' dir='ltr'><strong>M2</strong></span> <span class='ocrx_word' id='word_1_138' title='bbox 1337 1854 1592 1892; x_wconf 86' lang='lat' dir='ltr'><strong>annorum</strong></span> <span class='ocrx_word' id='word_1_139' title='bbox 1626 1836 1883 1913; x_wconf 77' lang='lat' dir='ltr'><strong>implendo</strong></span> <span class='ocrx_word' id='word_1_140' title='bbox 1914 1850 2018 1913; x_wconf 81' lang='lat' dir='ltr'><strong>non</strong></span> 
     </span>
    </p>
   </div>
   <div class='ocr_carea' id='block_1_27' title="bbox 516 1906 2018 1984">
    <p class='ocr_par' dir='ltr' id='par_1_27' title="bbox 516 1906 2018 1984">
     <span class='ocr_line' id='line_1_28' title="bbox 516 1906 2018 1984; baseline -0.007 -15"><span class='ocrx_word' id='word_1_141' title='bbox 516 1906 768 1984; x_wconf 70' lang='lat' dir='ltr'><strong>sufﬁcere.</strong></span> <span class='ocrx_word' id='word_1_142' title='bbox 797 1906 930 1984; x_wconf 76' lang='lat' dir='ltr'><strong>Acta</strong></span> <span class='ocrx_word' id='word_1_143' title='bbox 961 1906 1189 1984; x_wconf 60' lang='lat' dir='ltr'><strong>veterani</strong></span> <span class='ocrx_word' id='word_1_144' title='bbox 1206 1910 1582 1984; x_wconf 63' lang='lat' dir='ltr'><strong>episcoporum</strong></span> <span class='ocrx_word' id='word_1_145' title='bbox 1613 1908 1838 1984; x_wconf 65' lang='lat' dir='ltr'><strong>aniiquis</strong></span> <span class='ocrx_word' id='word_1_146' title='bbox 1887 1906 2018 1960; x_wconf 80' lang='lat' dir='ltr'><strong>scri-</strong></span> 
     </span>
    </p>
   </div>
   <div class='ocr_carea' id='block_1_28' title="bbox 517 1977 2017 2055">
    <p class='ocr_par' dir='ltr' id='par_1_28' title="bbox 517 1977 2017 2055">
     <span class='ocr_line' id='line_1_29' title="bbox 517 1977 2017 2055; baseline -0.004 -21"><span class='ocrx_word' id='word_1_147' title='bbox 517 1977 750 2055; x_wconf 58' lang='lat' dir='ltr'><strong>ptb&#39;ribus</strong></span> <span class='ocrx_word' id='word_1_148' title='bbox 778 1983 885 2055; x_wconf 73' lang='lat' dir='ltr'><strong>fere</strong></span> <span class='ocrx_word' id='word_1_149' title='bbox 914 1981 1108 2055; x_wconf 71' lang='lat' dir='ltr'><strong>ignota.</strong></span> <span class='ocrx_word' id='word_1_150' title='bbox 1145 1977 1609 2055; x_wconf 59' lang='lat' dir='ltr'><strong>Ecclesimsanctis</strong></span> <span class='ocrx_word' id='word_1_151' title='bbox 1644 1977 2017 2055; x_wconf 77' lang='lat' dir='ltr'><strong>dicalw,_con-</strong></span> 
     </span>
    </p>
   </div>
   <div class='ocr_carea' id='block_1_29' title="bbox 518 2046 2017 2122">
    <p class='ocr_par' dir='ltr' id='par_1_29' title="bbox 518 2046 2017 2122">
     <span class='ocr_line' id='line_1_30' title="bbox 518 2046 2017 2122; baseline -0.006 -15"><span class='ocrx_word' id='word_1_152' title='bbox 518 2046 797 2122; x_wconf 54' lang='lat' dir='ltr'><strong>beatusque</strong></span> <span class='ocrx_word' id='word_1_153' title='bbox 837 2046 1238 2122; x_wconf 60' lang='lat' dir='ltr'><strong>frequentissimi</strong></span> <span class='ocrx_word' id='word_1_154' title='bbox 1282 2046 1702 2122; x_wconf 57' lang='lat' dir='ltr'><strong>@[iijstianorum</strong></span> <span class='ocrx_word' id='word_1_155' title='bbox 1744 2064 1810 2122; x_wconf 75' lang='lat' dir='ltr'><strong>an</strong></span> <span class='ocrx_word' id='word_1_156' title='bbox 1852 2046 2017 2098; x_wconf 85' lang='lat' dir='ltr'><strong>Aure-</strong></span> 
     </span>
    </p>
   </div>
   <div class='ocr_carea' id='block_1_30' title="bbox 520 2116 2017 2189">
    <p class='ocr_par' dir='ltr' id='par_1_30' title="bbox 520 2116 2017 2189">
     <span class='ocr_line' id='line_1_31' title="bbox 520 2116 2017 2189; baseline -0.007 -13"><span class='ocrx_word' id='word_1_157' title='bbox 520 2122 651 2176; x_wconf 83' lang='lat' dir='ltr'><strong>liani</strong></span> <span class='ocrx_word' id='word_1_158' title='bbox 687 2116 953 2189; x_wconf 72' lang='lat' dir='ltr'><strong>tempore?</strong></span> <span class='ocrx_word' id='word_1_159' title='bbox 994 2120 1247 2189; x_wconf 81' lang='lat' dir='ltr'><strong>Agapitus</strong></span> <span class='ocrx_word' id='word_1_160' title='bbox 1279 2116 1578 2189; x_wconf 55' lang='lat' dir='ltr'><strong>Iiignotas</strong></span> <span class='ocrx_word' id='word_1_161' title='bbox 1616 2118 1851 2170; x_wconf 76' lang='lat' dir='ltr'><strong>erunibus</strong></span> <span class='ocrx_word' id='word_1_162' title='bbox 1896 2124 2017 2168; x_wconf 88' lang='lat' dir='ltr'><strong>ante</strong></span> 
     </span>
    </p>
   </div>
   <div class='ocr_carea' id='block_1_31' title="bbox 518 2185 2018 2257">
    <p class='ocr_par' dir='ltr' id='par_1_31' title="bbox 518 2185 2018 2257">
     <span class='ocr_line' id='line_1_32' title="bbox 518 2185 2018 2257; baseline -0.005 -12"><span class='ocrx_word' id='word_1_163' title='bbox 518 2190 757 2246; x_wconf 84' lang='lat' dir='ltr'><strong>Rubeum</strong></span> <span class='ocrx_word' id='word_1_164' title='bbox 783 2185 1143 2244; x_wconf 65' lang='lat' dir='ltr'><strong>scribentilius.</strong></span> <span class='ocrx_word' id='word_1_165' title='bbox 1178 2185 1468 2257; x_wconf 68' lang='lat' dir='ltr'><strong>Concilium</strong></span> <span class='ocrx_word' id='word_1_166' title='bbox 1504 2185 1797 2257; x_wconf 82' lang='lat' dir='ltr'><strong>Romanum</strong></span> <span class='ocrx_word' id='word_1_167' title='bbox 1839 2200 2018 2257; x_wconf 78' lang='lat' dir='ltr'><strong>perpe—</strong></span> 
     </span>
    </p>
   </div>
   <div class='ocr_carea' id='block_1_32' title="bbox 521 2256 2051 2334">
    <p class='ocr_par' dir='ltr' id='par_1_32' title="bbox 521 2256 2051 2334">
     <span class='ocr_line' id='line_1_33' title="bbox 521 2256 2051 2334; baseline -0.007 -19"><span class='ocrx_word' id='word_1_168' title='bbox 521 2278 635 2334; x_wconf 79' lang='lat' dir='ltr'><strong>ram</strong></span> <span class='ocrx_word' id='word_1_169' title='bbox 653 2261 720 2315; x_wconf 78' lang='lat' dir='ltr'><strong>ad</strong></span> <span class='ocrx_word' id='word_1_170' title='bbox 744 2276 941 2334; x_wconf 67' lang='lat' dir='ltr'><strong>annum</strong></span> <span class='ocrx_word' id='word_1_171' title='bbox 969 2258 1073 2314; x_wconf 65' lang='lat'><strong>548</strong></span> <span class='ocrx_word' id='word_1_172' title='bbox 1099 2257 1350 2334; x_wconf 50' lang='lat' dir='ltr'><strong>dilatum:</strong></span> <span class='ocrx_word' id='word_1_173' title='bbox 1370 2256 1706 2334; x_wconf 47' lang='lat' dir='ltr'><strong>ilarcetlinzts</strong></span> <span class='ocrx_word' id='word_1_174' title='bbox 1730 2256 1862 2334; x_wconf 73' lang='lat' dir='ltr'><strong>inter</strong></span> <span class='ocrx_word' id='word_1_175' title='bbox 1876 2256 2017 2334; x_wconf 73' lang='lat' dir='ltr'><strong>Aga-</strong></span> <span class='ocrx_word' id='word_1_176' title='bbox 2042 2306 2051 2317; x_wconf 83' lang='lat'><strong>_</strong></span> 
     </span>
    </p>
   </div>
   <div class='ocr_carea' id='block_1_33' title="bbox 519 2325 2016 2401">
    <p class='ocr_par' dir='ltr' id='par_1_33' title="bbox 519 2325 2016 2401">
     <span class='ocr_line' id='line_1_34' title="bbox 519 2325 2016 2401; baseline -0.006 -16"><span class='ocrx_word' id='word_1_177' title='bbox 519 2333 682 2401; x_wconf 80' lang='lat' dir='ltr'><strong>pilum</strong></span> <span class='ocrx_word' id='word_1_178' title='bbox 735 2339 784 2401; x_wconf 87' lang='lat' dir='ltr'><strong>et</strong></span> <span class='ocrx_word' id='word_1_179' title='bbox 838 2327 1083 2401; x_wconf 73' lang='lat' dir='ltr'><strong>Severum</strong></span> <span class='ocrx_word' id='word_1_180' title='bbox 1126 2326 1278 2401; x_wconf 72' lang='lat' dir='ltr'><strong>sedit.</strong></span> <span class='ocrx_word' id='word_1_181' title='bbox 1317 2325 1472 2401; x_wconf 54' lang='lat' dir='ltr'><strong>idem</strong></span> <span class='ocrx_word' id='word_1_182' title='bbox 1526 2325 2016 2401; x_wconf 66' lang='lat' dir='ltr'><strong>incommodum_in</strong></span> 
     </span>
    </p>
   </div>
   <div class='ocr_carea' id='block_1_34' title="bbox 518 2393 2015 2469">
    <p class='ocr_par' dir='ltr' id='par_1_34' title="bbox 518 2393 2015 2469">
     <span class='ocr_line' id='line_1_35' title="bbox 518 2393 2015 2469; baseline -0.007 -15"><span class='ocrx_word' id='word_1_183' title='bbox 518 2393 765 2454; x_wconf 79' lang='lat' dir='ltr'><strong>Bollandi</strong></span> <span class='ocrx_word' id='word_1_184' title='bbox 806 2398 1082 2469; x_wconf 78' lang='lat' dir='ltr'><strong>sententia.</strong></span> <span class='ocrx_word' id='word_1_185' title='bbox 1128 2394 1492 2469; x_wconf 82' lang='lat' dir='ltr'><strong>Marcellinum</strong></span> <span class='ocrx_word' id='word_1_186' title='bbox 1526 2394 1654 2448; x_wconf 83' lang='lat' dir='ltr'><strong>satis</strong></span> <span class='ocrx_word' id='word_1_187' title='bbox 1693 2395 1785 2447; x_wconf 84' lang='lat' dir='ltr'><strong>diu</strong></span> <span class='ocrx_word' id='word_1_188' title='bbox 1828 2393 2015 2448; x_wconf 75' lang='lat' dir='ltr'><strong>vixisse</strong></span> 
     </span>
    </p>
   </div>
   <div class='ocr_carea' id='block_1_35' title="bbox 520 2468 996 2540">
    <p class='ocr_par' dir='ltr' id='par_1_35' title="bbox 520 2468 996 2540">
     <span class='ocr_line' id='line_1_36' title="bbox 520 2468 996 2540; baseline -0.011 -15"><span class='ocrx_word' id='word_1_189' title='bbox 520 2469 766 2540; x_wconf 76' lang='lat' dir='ltr'><strong>Agueltus</strong></span> <span class='ocrx_word' id='word_1_190' title='bbox 794 2468 996 2523; x_wconf 82' lang='lat' dir='ltr'><strong>asserit.</strong></span> 
     </span>
    </p>
   </div>
   <div class='ocr_carea' id='block_1_36' title="bbox 520 2554 2010 2628">
    <p class='ocr_par' dir='ltr' id='par_1_36' title="bbox 520 2554 2010 2628">
     <span class='ocr_line' id='line_1_37' title="bbox 520 2554 2010 2628; baseline -0.005 -14"><span class='ocrx_word' id='word_1_191' title='bbox 520 2560 560 2614; x_wconf 96' lang='lat' dir='ltr'><strong>I.</strong></span> <span class='ocrx_word' id='word_1_192' title='bbox 603 2558 881 2628; x_wconf 85' lang='lat' dir='ltr'><strong>Sententia</strong></span> <span class='ocrx_word' id='word_1_193' title='bbox 904 2557 1070 2612; x_wconf 85' lang='lat' dir='ltr'><strong>Rubei</strong></span> <span class='ocrx_word' id='word_1_194' title='bbox 1097 2556 1248 2628; x_wconf 89' lang='lat' dir='ltr'><strong>plura</strong></span> <span class='ocrx_word' id='word_1_195' title='bbox 1270 2571 1400 2613; x_wconf 91' lang='lat' dir='ltr'><strong>sane</strong></span> <span class='ocrx_word' id='word_1_196' title='bbox 1424 2555 1757 2628; x_wconf 78' lang='lat' dir='ltr'><strong>incommoda</strong></span> <span class='ocrx_word' id='word_1_197' title='bbox 1779 2554 2010 2628; x_wconf 73' lang='lat' dir='ltr'><strong>patitur;</strong></span> 
     </span>
    </p>
   </div>
   <div class='ocr_carea' id='block_1_37' title="bbox 451 2624 2045 2697">
    <p class='ocr_par' dir='ltr' id='par_1_37' title="bbox 451 2624 2045 2697">
     <span class='ocr_line' id='line_1_38' title="bbox 451 2624 2045 2697; baseline -0.008 -11"><span class='ocrx_word' id='word_1_198' title='bbox 451 2630 649 2686; x_wconf 82' lang='lat' dir='ltr'><strong>ctenim</strong></span> <span class='ocrx_word' id='word_1_199' title='bbox 676 2628 778 2683; x_wconf 88' lang='lat' dir='ltr'><strong>nisi</strong></span> <span class='ocrx_word' id='word_1_200' title='bbox 804 2627 922 2697; x_wconf 87' lang='lat' dir='ltr'><strong>ejus</strong></span> <span class='ocrx_word' id='word_1_201' title='bbox 961 2629 1037 2682; x_wconf 88' lang='lat' dir='ltr'><strong>rei</strong></span> <span class='ocrx_word' id='word_1_202' title='bbox 1083 2624 1248 2683; x_wconf 77' lang='lat' dir='ltr'><strong>testes</strong></span> <span class='ocrx_word' id='word_1_203' title='bbox 1298 2625 1703 2695; x_wconf 86' lang='lat' dir='ltr'><strong>antiquissimos</strong></span> <span class='ocrx_word' id='word_1_204' title='bbox 1753 2624 2045 2697; x_wconf 83' lang='lat' dir='ltr'><strong>proferat,.</strong></span> 
     </span>
    </p>
   </div>
   <div class='ocr_carea' id='block_1_38' title="bbox 453 2695 2013 2763">
    <p class='ocr_par' dir='ltr' id='par_1_38' title="bbox 453 2695 2013 2763">
     <span class='ocr_line' id='line_1_39' title="bbox 453 2695 2013 2763; baseline -0.004 -9"><span class='ocrx_word' id='word_1_205' title='bbox 453 2702 540 2755; x_wconf 78' lang='lat' dir='ltr'><strong>vix</strong></span> <span class='ocrx_word' id='word_1_206' title='bbox 583 2695 847 2754; x_wconf 75' lang='lat' dir='ltr'><strong>obtinebit</strong></span> <span class='ocrx_word' id='word_1_207' title='bbox 875 2698 1154 2753; x_wconf 89' lang='lat' dir='ltr'><strong>acordato</strong></span> <span class='ocrx_word' id='word_1_208' title='bbox 1197 2697 1397 2752; x_wconf 89' lang='lat' dir='ltr'><strong>lectore</strong></span> <span class='ocrx_word' id='word_1_209' title='bbox 1439 2705 1497 2750; x_wconf 93' lang='lat' dir='ltr'><strong>ut</strong></span> <span class='ocrx_word' id='word_1_210' title='bbox 1542 2696 1730 2751; x_wconf 81' lang='lat' dir='ltr'><strong>credat</strong></span> <span class='ocrx_word' id='word_1_211' title='bbox 1777 2695 2013 2763; x_wconf 86' lang='lat' dir='ltr'><strong>spatium</strong></span> 
     </span>
    </p>
   </div>
   <div class='ocr_carea' id='block_1_39' title="bbox 454 2764 2010 2835">
    <p class='ocr_par' dir='ltr' id='par_1_39' title="bbox 454 2764 2010 2835">
     <span class='ocr_line' id='line_1_40' title="bbox 454 2764 2010 2835; baseline -0.003 -11"><span class='ocrx_word' id='word_1_212' title='bbox 454 2770 566 2825; x_wconf 82' lang='lat' dir='ltr'><strong>fere</strong></span> <span class='ocrx_word' id='word_1_213' title='bbox 595 2767 985 2823; x_wconf 53' lang='lat' dir='ltr'><strong>Miannorum</strong></span> <span class='ocrx_word' id='word_1_214' title='bbox 1013 2782 1045 2820; x_wconf 92' lang='lat' dir='ltr'><strong>a</strong></span> <span class='ocrx_word' id='word_1_215' title='bbox 1072 2768 1200 2823; x_wconf 88' lang='lat' dir='ltr'><strong>solis</strong></span> <span class='ocrx_word' id='word_1_216' title='bbox 1254 2767 1423 2821; x_wconf 89' lang='lat' dir='ltr'><strong>tribus</strong></span> <span class='ocrx_word' id='word_1_217' title='bbox 1459 2765 1724 2835; x_wconf 84' lang='lat' dir='ltr'><strong>episcOpis</strong></span> <span class='ocrx_word' id='word_1_218' title='bbox 1762 2764 2010 2835; x_wconf 83' lang='lat' dir='ltr'><strong>Agapito,</strong></span> 
     </span>
    </p>
   </div>
   <div class='ocr_carea' id='block_1_40' title="bbox 453 2836 2013 2907">
    <p class='ocr_par' dir='ltr' id='par_1_40' title="bbox 453 2836 2013 2907">
     <span class='ocr_line' id='line_1_41' title="bbox 453 2836 2013 2907; baseline -0.004 -13"><span class='ocrx_word' id='word_1_219' title='bbox 453 2838 762 2894; x_wconf 80' lang='lat' dir='ltr'><strong>Marcellino</strong></span> <span class='ocrx_word' id='word_1_220' title='bbox 786 2846 842 2893; x_wconf 91' lang='lat' dir='ltr'><strong>et</strong></span> <span class='ocrx_word' id='word_1_221' title='bbox 859 2836 1078 2903; x_wconf 84' lang='lat' dir='ltr'><strong>Severo,</strong></span> <span class='ocrx_word' id='word_1_222' title='bbox 1095 2845 1413 2907; x_wconf 87' lang='lat' dir='ltr'><strong>occupatum</strong></span> <span class='ocrx_word' id='word_1_223' title='bbox 1427 2836 1611 2901; x_wconf 82' lang='lat' dir='ltr'><strong>fuisse,</strong></span> <span class='ocrx_word' id='word_1_224' title='bbox 1628 2836 1781 2907; x_wconf 88' lang='lat' dir='ltr'><strong>cujus</strong></span> <span class='ocrx_word' id='word_1_225' title='bbox 1796 2836 2013 2907; x_wconf 81' lang='lat' dir='ltr'><strong>quidem</strong></span> 
     </span>
    </p>
   </div>
   <div class='ocr_carea' id='block_1_41' title="bbox 454 2904 2014 2979">
    <p class='ocr_par' dir='ltr' id='par_1_41' title="bbox 454 2904 2014 2979">
     <span class='ocr_line' id='line_1_42' title="bbox 454 2904 2014 2979; baseline -0.003 -15"><span class='ocrx_word' id='word_1_226' title='bbox 454 2909 708 2979; x_wconf 89' lang='lat' dir='ltr'><strong>temporis</strong></span> <span class='ocrx_word' id='word_1_227' title='bbox 724 2907 893 2977; x_wconf 86' lang='lat' dir='ltr'><strong>major</strong></span> <span class='ocrx_word' id='word_1_228' title='bbox 904 2923 1028 2979; x_wconf 88' lang='lat' dir='ltr'><strong>pars</strong></span> <span class='ocrx_word' id='word_1_229' title='bbox 1041 2923 1210 2963; x_wconf 55' lang='lat' dir='ltr'><strong>saevas</strong></span> <span class='ocrx_word' id='word_1_230' title='bbox 1221 2904 1640 2979; x_wconf 83' lang='lat' dir='ltr'><strong>persecutiones,</strong></span> <span class='ocrx_word' id='word_1_231' title='bbox 1654 2904 1718 2960; x_wconf 90' lang='lat' dir='ltr'><strong>ac</strong></span> <span class='ocrx_word' id='word_1_232' title='bbox 1735 2904 2014 2979; x_wconf 76' lang='lat' dir='ltr'><strong>interalias</strong></span> 
     </span>
    </p>
   </div>
   <div class='ocr_carea' id='block_1_42' title="bbox 455 2976 2009 3045">
    <p class='ocr_par' dir='ltr' id='par_1_42' title="bbox 455 2976 2009 3045">
     <span class='ocr_line' id='line_1_43' title="bbox 455 2976 2009 3045; baseline -0.004 -11"><span class='ocrx_word' id='word_1_233' title='bbox 455 2976 1294 3044; x_wconf 77' lang='lat' dir='ltr'><strong>Diocletianeam,diuturniorem</strong></span> <span class='ocrx_word' id='word_1_234' title='bbox 1309 2976 1769 3045; x_wconf 87' lang='lat' dir='ltr'><strong>crudelioremque</strong></span> <span class='ocrx_word' id='word_1_235' title='bbox 1779 2977 2009 3041; x_wconf 68' lang='lat' dir='ltr'><strong>caneris,</strong></span> 
     </span>
    </p>
   </div>
   <div class='ocr_carea' id='block_1_43' title="bbox 453 3045 2013 3118">
    <p class='ocr_par' dir='ltr' id='par_1_43' title="bbox 453 3045 2013 3118">
     <span class='ocr_line' id='line_1_44' title="bbox 453 3045 2013 3118; baseline -0.003 -14"><span class='ocrx_word' id='word_1_236' title='bbox 453 3050 524 3104; x_wconf 87' lang='lat' dir='ltr'><strong>sit</strong></span> <span class='ocrx_word' id='word_1_237' title='bbox 564 3062 837 3118; x_wconf 82' lang='lat' dir='ltr'><strong>perpessa.</strong></span> <span class='ocrx_word' id='word_1_238' title='bbox 867 3049 1020 3116; x_wconf 84' lang='lat' dir='ltr'><strong>Quod</strong></span> <span class='ocrx_word' id='word_1_239' title='bbox 1056 3049 1101 3103; x_wconf 90' lang='lat' dir='ltr'><strong>si</strong></span> <span class='ocrx_word' id='word_1_240' title='bbox 1128 3049 1195 3105; x_wconf 89' lang='lat' dir='ltr'><strong>de</strong></span> <span class='ocrx_word' id='word_1_241' title='bbox 1227 3048 1346 3101; x_wconf 87' lang='lat' dir='ltr'><strong>aliis</strong></span> <span class='ocrx_word' id='word_1_242' title='bbox 1375 3047 1575 3101; x_wconf 88' lang='lat' dir='ltr'><strong>sanctis</strong></span> <span class='ocrx_word' id='word_1_243' title='bbox 1601 3045 1854 3116; x_wconf 71' lang='lat' dir='ltr'><strong>longrevis</strong></span> <span class='ocrx_word' id='word_1_244' title='bbox 1883 3061 2013 3118; x_wconf 84' lang='lat' dir='ltr'><strong>sane</strong></span> 
     </span>
    </p>
   </div>
   <div class='ocr_carea' id='block_1_44' title="bbox 453 3116 2010 3184">
    <p class='ocr_par' dir='ltr' id='par_1_44' title="bbox 453 3116 2010 3184">
     <span class='ocr_line' id='line_1_45' title="bbox 453 3116 2010 3184; baseline -0.003 -9"><span class='ocrx_word' id='word_1_245' title='bbox 453 3116 648 3175; x_wconf 78' lang='lat' dir='ltr'><strong>similia</strong></span> <span class='ocrx_word' id='word_1_246' title='bbox 664 3116 983 3184; x_wconf 82' lang='lat' dir='ltr'><strong>narrantur,</strong></span> <span class='ocrx_word' id='word_1_247' title='bbox 1015 3119 1065 3172; x_wconf 91' lang='lat' dir='ltr'><strong>id</strong></span> <span class='ocrx_word' id='word_1_248' title='bbox 1093 3119 1352 3183; x_wconf 88' lang='lat' dir='ltr'><strong>creditur,</strong></span> <span class='ocrx_word' id='word_1_249' title='bbox 1380 3132 1499 3171; x_wconf 92' lang='lat' dir='ltr'><strong>cuin</strong></span> <span class='ocrx_word' id='word_1_250' title='bbox 1524 3125 1687 3171; x_wconf 75' lang='lat' dir='ltr'><strong>testes</strong></span> <span class='ocrx_word' id='word_1_251' title='bbox 1716 3132 1829 3170; x_wconf 88' lang='lat' dir='ltr'><strong>rem</strong></span> <span class='ocrx_word' id='word_1_252' title='bbox 1851 3116 2010 3170; x_wconf 88' lang='lat' dir='ltr'><strong>talem</strong></span> 
     </span>
    </p>
   </div>
   <div class='ocr_carea' id='block_1_45' title="bbox 455 3186 2012 3258">
    <p class='ocr_par' dir='ltr' id='par_1_45' title="bbox 455 3186 2012 3258">
     <span class='ocr_line' id='line_1_46' title="bbox 455 3186 2012 3258; baseline -0.003 -14"><span class='ocrx_word' id='word_1_253' title='bbox 455 3189 747 3245; x_wconf 80' lang='lat' dir='ltr'><strong>astruendo</strong></span> <span class='ocrx_word' id='word_1_254' title='bbox 775 3189 952 3244; x_wconf 86' lang='lat' dir='ltr'><strong>idonei</strong></span> <span class='ocrx_word' id='word_1_255' title='bbox 971 3188 1317 3258; x_wconf 77' lang='lat' dir='ltr'><strong>proferuntur</strong></span> <span class='ocrx_word' id='word_1_256' title='bbox 1333 3227 1362 3258; x_wconf 14' lang='grc' dir='ltr'><strong>,ί</strong></span> <span class='ocrx_word' id='word_1_257' title='bbox 1376 3187 1508 3241; x_wconf 89' lang='lat' dir='ltr'><strong>alias</strong></span> <span class='ocrx_word' id='word_1_258' title='bbox 1534 3186 1771 3258; x_wconf 83' lang='lat' dir='ltr'><strong>minime.</strong></span> <span class='ocrx_word' id='word_1_259' title='bbox 1814 3186 2012 3258; x_wconf 88' lang='lat' dir='ltr'><strong>Verum</strong></span> 
     </span>
    </p>
   </div>
   <div class='ocr_carea' id='block_1_46' title="bbox 456 3256 2014 3331">
    <p class='ocr_par' dir='ltr' id='par_1_46' title="bbox 456 3256 2014 3331">
     <span class='ocr_line' id='line_1_47' title="bbox 456 3256 2014 3331; baseline -0.003 -18"><span class='ocrx_word' id='word_1_260' title='bbox 456 3260 549 3331; x_wconf 72' lang='lat' dir='ltr'><strong>qui</strong></span> <span class='ocrx_word' id='word_1_261' title='bbox 575 3260 691 3331; x_wconf 78' lang='lat' dir='ltr'><strong>ﬁeri</strong></span> <span class='ocrx_word' id='word_1_262' title='bbox 718 3259 892 3331; x_wconf 87' lang='lat' dir='ltr'><strong>potuit</strong></span> <span class='ocrx_word' id='word_1_263' title='bbox 919 3256 983 3313; x_wconf 84' lang='lat' dir='ltr'><strong>ut</strong></span> <span class='ocrx_word' id='word_1_264' title='bbox 992 3259 1187 3324; x_wconf 75' lang='lat' dir='ltr'><strong>Bubeo</strong></span> <span class='ocrx_word' id='word_1_265' title='bbox 1211 3257 1405 3312; x_wconf 68' lang='lat' dir='ltr'><strong>saeculo</strong></span> <span class='ocrx_word' id='word_1_266' title='bbox 1427 3264 1579 3331; x_wconf 76' lang='lat' dir='ltr'><strong>sexto</strong></span> <span class='ocrx_word' id='word_1_267' title='bbox 1619 3256 1826 3331; x_wconf 65' lang='lat' dir='ltr'><strong>decimo</strong></span> <span class='ocrx_word' id='word_1_268' title='bbox 1877 3257 2014 3311; x_wconf 88' lang='lat' dir='ltr'><strong>scri-</strong></span> 
     </span>
    </p>
   </div>
   <div class='ocr_carea' id='block_1_47' title="bbox 459 3324 2017 3398">
    <p class='ocr_par' dir='ltr' id='par_1_47' title="bbox 459 3324 2017 3398">
     <span class='ocr_line' id='line_1_48' title="bbox 459 3324 2017 3398; baseline -0.001 -14"><span class='ocrx_word' id='word_1_269' title='bbox 459 3324 602 3384; x_wconf 77' lang='lat' dir='ltr'><strong>benti</strong></span> <span class='ocrx_word' id='word_1_270' title='bbox 628 3324 813 3384; x_wconf 65' lang='lat' dir='ltr'><strong>notum</strong></span> <span class='ocrx_word' id='word_1_271' title='bbox 842 3328 1002 3384; x_wconf 79' lang='lat' dir='ltr'><strong>fuerit</strong></span> <span class='ocrx_word' id='word_1_272' title='bbox 1049 3338 1261 3398; x_wconf 86' lang='lat' dir='ltr'><strong>tempus</strong></span> <span class='ocrx_word' id='word_1_273' title='bbox 1304 3342 1412 3396; x_wconf 87' lang='lat' dir='ltr'><strong>quo</strong></span> <span class='ocrx_word' id='word_1_274' title='bbox 1445 3326 1688 3398; x_wconf 81' lang='lat' dir='ltr'><strong>quisque</strong></span> <span class='ocrx_word' id='word_1_275' title='bbox 1733 3324 2017 3398; x_wconf 75' lang='lat' dir='ltr'><strong>Ravennas</strong></span> 
     </span>
    </p>
   </div>
   <div class='ocr_carea' id='block_1_48' title="bbox 456 3395 2016 3470">
    <p class='ocr_par' dir='ltr' id='par_1_48' title="bbox 456 3395 2016 3470">
     <span class='ocr_line' id='line_1_49' title="bbox 456 3395 2016 3470; baseline -0.003 -16"><span class='ocrx_word' id='word_1_276' title='bbox 456 3403 737 3470; x_wconf 81' lang='lat' dir='ltr'><strong>episcopus</strong></span> <span class='ocrx_word' id='word_1_277' title='bbox 751 3400 1003 3470; x_wconf 87' lang='lat' dir='ltr'><strong>antiquus</strong></span> <span class='ocrx_word' id='word_1_278' title='bbox 1026 3395 1245 3470; x_wconf 77' lang='lat' dir='ltr'><strong>sederit,</strong></span> <span class='ocrx_word' id='word_1_279' title='bbox 1266 3395 1387 3452; x_wconf 87' lang='lat' dir='ltr'><strong>cum</strong></span> <span class='ocrx_word' id='word_1_280' title='bbox 1409 3396 1461 3451; x_wconf 93' lang='lat' dir='ltr'><strong>id</strong></span> <span class='ocrx_word' id='word_1_281' title='bbox 1477 3395 2016 3470; x_wconf 48' lang='lat' dir='ltr'><strong>ignoraveritAgnelg</strong></span> 
     </span>
    </p>
   </div>
   <div class='ocr_carea' id='block_1_49' title="bbox 459 3466 2017 3537">
    <p class='ocr_par' dir='ltr' id='par_1_49' title="bbox 459 3466 2017 3537">
     <span class='ocr_line' id='line_1_50' title="bbox 459 3466 2017 3537; baseline -0.002 -14"><span class='ocrx_word' id='word_1_282' title='bbox 459 3466 543 3524; x_wconf 80' lang='lat' dir='ltr'><strong>ius</strong></span> <span class='ocrx_word' id='word_1_283' title='bbox 576 3466 771 3523; x_wconf 65' lang='lat' dir='ltr'><strong>saeculo</strong></span> <span class='ocrx_word' id='word_1_284' title='bbox 798 3466 940 3524; x_wconf 79' lang='lat' dir='ltr'><strong>nono</strong></span> <span class='ocrx_word' id='word_1_285' title='bbox 965 3468 1230 3533; x_wconf 85' lang='lat' dir='ltr'><strong>scribens,</strong></span> <span class='ocrx_word' id='word_1_286' title='bbox 1255 3470 1345 3537; x_wconf 91' lang='lat' dir='ltr'><strong>qui</strong></span> <span class='ocrx_word' id='word_1_287' title='bbox 1374 3466 1599 3537; x_wconf 85' lang='lat' dir='ltr'><strong>proinde</strong></span> <span class='ocrx_word' id='word_1_288' title='bbox 1643 3466 1806 3520; x_wconf 89' lang='lat' dir='ltr'><strong>solius</strong></span> <span class='ocrx_word' id='word_1_289' title='bbox 1845 3468 2017 3520; x_wconf 82' lang='lat' dir='ltr'><strong>sancti</strong></span> 
     </span>
    </p>
   </div>
   <div class='ocr_carea' id='block_1_50' title="bbox 459 3537 2019 3609">
    <p class='ocr_par' dir='ltr' id='par_1_50' title="bbox 459 3537 2019 3609">
     <span class='ocr_line' id='line_1_51' title="bbox 459 3537 2019 3609; baseline -0.001 -16"><span class='ocrx_word' id='word_1_290' title='bbox 459 3539 784 3609; x_wconf 68' lang='lat' dir='ltr'><strong>Apollinaris</strong></span> <span class='ocrx_word' id='word_1_291' title='bbox 836 3548 1046 3609; x_wconf 86' lang='lat' dir='ltr'><strong>tempus</strong></span> <span class='ocrx_word' id='word_1_292' title='bbox 1100 3542 1336 3608; x_wconf 87' lang='lat' dir='ltr'><strong>apponit,</strong></span> <span class='ocrx_word' id='word_1_293' title='bbox 1368 3546 1749 3609; x_wconf 59' lang='lat' dir='ltr'><strong>mysticorum</strong></span> <span class='ocrx_word' id='word_1_294' title='bbox 1801 3537 2019 3605; x_wconf 81' lang='lat' dir='ltr'><strong>insuper</strong></span> 
     </span>
    </p>
   </div>
   <div class='ocr_carea' id='block_1_51' title="bbox 461 3606 2021 3679">
    <p class='ocr_par' dir='ltr' id='par_1_51' title="bbox 461 3606 2021 3679">
     <span class='ocr_line' id='line_1_52' title="bbox 461 3606 2021 3679; baseline -0.001 -16"><span class='ocrx_word' id='word_1_295' title='bbox 461 3606 649 3664; x_wconf 84' lang='lat' dir='ltr'><strong>eorum</strong></span> <span class='ocrx_word' id='word_1_296' title='bbox 674 3625 701 3663; x_wconf 85' lang='lat' dir='ltr'><strong>a</strong></span> <span class='ocrx_word' id='word_1_297' title='bbox 730 3606 1148 3679; x_wconf 53' lang='lat' dir='ltr'><strong>quoruni&#39;aztate&#39;</strong></span> <span class='ocrx_word' id='word_1_298' title='bbox 1161 3606 1336 3679; x_wconf 83' lang='lat' dir='ltr'><strong>minus</strong></span> <span class='ocrx_word' id='word_1_299' title='bbox 1359 3607 1563 3679; x_wconf 80' lang='lat' dir='ltr'><strong>abfuit?</strong></span> <span class='ocrx_word' id='word_1_300' title='bbox 1589 3606 1883 3679; x_wconf 67' lang='lat' dir='ltr'><strong>Loiigazvos</strong></span> <span class='ocrx_word' id='word_1_301' title='bbox 1902 3609 2021 3676; x_wconf 90' lang='lat' dir='ltr'><strong>qui-</strong></span> 
     </span>
    </p>
   </div>
   <div class='ocr_carea' id='block_1_52' title="bbox 462 3677 2017 3743">
    <p class='ocr_par' dir='ltr' id='par_1_52' title="bbox 462 3677 2017 3743">
     <span class='ocr_line' id='line_1_53' title="bbox 462 3677 2017 3743; baseline -0.002 -9"><span class='ocrx_word' id='word_1_302' title='bbox 462 3681 584 3734; x_wconf 87' lang='lat' dir='ltr'><strong>dem</strong></span> <span class='ocrx_word' id='word_1_303' title='bbox 608 3677 889 3734; x_wconf 84' lang='lat' dir='ltr'><strong>nonnullos</strong></span> <span class='ocrx_word' id='word_1_304' title='bbox 924 3680 1144 3741; x_wconf 89' lang='lat' dir='ltr'><strong>indicat,</strong></span> <span class='ocrx_word' id='word_1_305' title='bbox 1178 3678 1272 3732; x_wconf 87' lang='lat' dir='ltr'><strong>sed</strong></span> <span class='ocrx_word' id='word_1_306' title='bbox 1297 3692 1327 3731; x_wconf 88' lang='lat' dir='ltr'><strong>a</strong></span> <span class='ocrx_word' id='word_1_307' title='bbox 1368 3677 1703 3732; x_wconf 85' lang='lat' dir='ltr'><strong>decernendo</strong></span> <span class='ocrx_word' id='word_1_308' title='bbox 1733 3692 2017 3743; x_wconf 86' lang='lat' dir='ltr'><strong>annorum,</strong></span> 
     </span>
    </p>
   </div>
   <div class='ocr_carea' id='block_1_53' title="bbox 460 3747 2016 3814">
    <p class='ocr_par' dir='ltr' id='par_1_53' title="bbox 460 3747 2016 3814">
     <span class='ocr_line' id='line_1_54' title="bbox 460 3747 2016 3814; baseline -0.003 -9"><span class='ocrx_word' id='word_1_309' title='bbox 460 3751 747 3811; x_wconf 79' lang='lat' dir='ltr'><strong>mensium,</strong></span> <span class='ocrx_word' id='word_1_310' title='bbox 792 3751 999 3807; x_wconf 86' lang='lat' dir='ltr'><strong>dierum</strong></span> <span class='ocrx_word' id='word_1_311' title='bbox 1060 3762 1324 3813; x_wconf 81' lang='lat' dir='ltr'><strong>numero,</strong></span> <span class='ocrx_word' id='word_1_312' title='bbox 1364 3748 1478 3801; x_wconf 81' lang='lat' dir='ltr'><strong>fere</strong></span> <span class='ocrx_word' id='word_1_313' title='bbox 1519 3747 1715 3814; x_wconf 91' lang='lat' dir='ltr'><strong>ubique</strong></span> <span class='ocrx_word' id='word_1_314' title='bbox 1765 3749 2016 3802; x_wconf 78' lang='lat' dir='ltr'><strong>abstinet.</strong></span> 
     </span>
    </p>
   </div>
   <div class='ocr_carea' id='block_1_54' title="bbox 460 3816 2023 3891">
    <p class='ocr_par' dir='ltr' id='par_1_54' title="bbox 460 3816 2023 3891">
     <span class='ocr_line' id='line_1_55' title="bbox 460 3816 2023 3891; baseline 0 -18"><span class='ocrx_word' id='word_1_315' title='bbox 460 3819 531 3873; x_wconf 85' lang='lat' dir='ltr'><strong>At</strong></span> <span class='ocrx_word' id='word_1_316' title='bbox 557 3820 609 3875; x_wconf 88' lang='lat' dir='ltr'><strong>id</strong></span> <span class='ocrx_word' id='word_1_317' title='bbox 648 3821 862 3889; x_wconf 88' lang='lat' dir='ltr'><strong>quidem</strong></span> <span class='ocrx_word' id='word_1_318' title='bbox 904 3819 1112 3891; x_wconf 83' lang='lat' dir='ltr'><strong>Aguelii</strong></span> <span class='ocrx_word' id='word_1_319' title='bbox 1153 3833 1266 3891; x_wconf 61' lang='lat' dir='ltr'><strong>aevo</strong></span> <span class='ocrx_word' id='word_1_320' title='bbox 1292 3819 1592 3889; x_wconf 79' lang='lat' dir='ltr'><strong>ignoratum</strong></span> <span class='ocrx_word' id='word_1_321' title='bbox 1630 3816 1758 3891; x_wconf 81' lang='lat' dir='ltr'><strong>illud</strong></span> <span class='ocrx_word' id='word_1_322' title='bbox 1806 3818 2023 3874; x_wconf 78' lang='lat' dir='ltr'><strong>coniicit</strong></span> 
     </span>
    </p>
   </div>
   <div class='ocr_carea' id='block_1_55' title="bbox 462 3886 2024 3959">
    <p class='ocr_par' dir='ltr' id='par_1_55' title="bbox 462 3886 2024 3959">
     <span class='ocr_line' id='line_1_56' title="bbox 462 3886 2024 3959; baseline 0 -16"><span class='ocrx_word' id='word_1_323' title='bbox 462 3891 604 3959; x_wconf 88' lang='lat' dir='ltr'><strong>quod</strong></span> <span class='ocrx_word' id='word_1_324' title='bbox 641 3886 819 3945; x_wconf 81' lang='lat' dir='ltr'><strong>omnia</strong></span> <span class='ocrx_word' id='word_1_325' title='bbox 840 3886 1029 3958; x_wconf 61' lang='lat' dir='ltr'><strong>quai&#39;is</strong></span> <span class='ocrx_word' id='word_1_326' title='bbox 1058 3890 1124 3943; x_wconf 88' lang='lat' dir='ltr'><strong>de</strong></span> <span class='ocrx_word' id='word_1_327' title='bbox 1153 3886 1352 3942; x_wconf 81' lang='lat' dir='ltr'><strong>Severo</strong></span> <span class='ocrx_word' id='word_1_328' title='bbox 1380 3894 1584 3959; x_wconf 72' lang='lat' dir='ltr'><strong>narrat,</strong></span> <span class='ocrx_word' id='word_1_329' title='bbox 1614 3902 1718 3940; x_wconf 92' lang='lat' dir='ltr'><strong>non</strong></span> <span class='ocrx_word' id='word_1_330' title='bbox 1745 3886 1902 3959; x_wconf 85' lang='lat' dir='ltr'><strong>lecta,</strong></span> <span class='ocrx_word' id='word_1_331' title='bbox 1931 3891 2024 3944; x_wconf 90' lang='lat' dir='ltr'><strong>sed</strong></span> 
     </span>
    </p>
   </div>
   <div class='ocr_carea' id='block_1_56' title="bbox 464 3958 2025 4027">
    <p class='ocr_par' dir='ltr' id='par_1_56' title="bbox 464 3958 2025 4027">
     <span class='ocr_line' id='line_1_57' title="bbox 464 3958 2025 4027; baseline 0.002 -16"><span class='ocrx_word' id='word_1_332' title='bbox 464 3958 495 4011; x_wconf 71' lang='grc' dir='ltr'><strong>ιι</strong></span> <span class='ocrx_word' id='word_1_333' title='bbox 519 3959 820 4014; x_wconf 88' lang='lat' dir='ltr'><strong>senioribus</strong></span> <span class='ocrx_word' id='word_1_334' title='bbox 850 3960 951 4015; x_wconf 90' lang='lat' dir='ltr'><strong>sibi</strong></span> <span class='ocrx_word' id='word_1_335' title='bbox 988 3960 1156 4013; x_wconf 86' lang='lat' dir='ltr'><strong>relata</strong></span> <span class='ocrx_word' id='word_1_336' title='bbox 1199 3958 1359 4022; x_wconf 83' lang='lat' dir='ltr'><strong>dicit,</strong></span> <span class='ocrx_word' id='word_1_337' title='bbox 1387 3958 1527 4010; x_wconf 89' lang='lat' dir='ltr'><strong>unde</strong></span> <span class='ocrx_word' id='word_1_338' title='bbox 1556 3958 1884 4027; x_wconf 81' lang='lat' dir='ltr'><strong>agnoscitur,</strong></span> <span class='ocrx_word' id='word_1_339' title='bbox 1926 3974 2025 4014; x_wconf 92' lang='lat' dir='ltr'><strong>nec</strong></span> 
     </span>
    </p>
   </div>
   <div class='ocr_carea' id='block_1_57' title="bbox 464 4027 2026 4097">
    <p class='ocr_par' dir='ltr' id='par_1_57' title="bbox 464 4027 2026 4097">
     <span class='ocr_line' id='line_1_58' title="bbox 464 4027 2026 4097; baseline 0 -14"><span class='ocrx_word' id='word_1_340' title='bbox 464 4031 943 4097; x_wconf 66' lang='lat' dir='ltr'><strong>praedecessorum,</strong></span> <span class='ocrx_word' id='word_1_341' title='bbox 967 4045 1067 4084; x_wconf 91' lang='lat' dir='ltr'><strong>nec</strong></span> <span class='ocrx_word' id='word_1_342' title='bbox 1096 4029 1278 4083; x_wconf 84' lang='lat' dir='ltr'><strong>Severi</strong></span> <span class='ocrx_word' id='word_1_343' title='bbox 1302 4030 1437 4097; x_wconf 87' lang='lat' dir='ltr'><strong>Acta</strong></span> <span class='ocrx_word' id='word_1_344' title='bbox 1464 4027 1661 4096; x_wconf 88' lang='lat' dir='ltr'><strong>scripta</strong></span> <span class='ocrx_word' id='word_1_345' title='bbox 1703 4036 1828 4081; x_wconf 92' lang='lat' dir='ltr'><strong>tunc</strong></span> <span class='ocrx_word' id='word_1_346' title='bbox 1851 4031 2026 4083; x_wconf 88' lang='lat' dir='ltr'><strong>adhuc</strong></span> 
     </span>
    </p>
   </div>
   <div class='ocr_carea' id='block_1_58' title="bbox 467 4096 2022 4167">
    <p class='ocr_par' dir='ltr' id='par_1_58' title="bbox 467 4096 2022 4167">
     <span class='ocr_line' id='line_1_59' title="bbox 467 4096 2022 4167; baseline 0 -14"><span class='ocrx_word' id='word_1_347' title='bbox 467 4096 756 4163; x_wconf 67' lang='lat' dir='ltr'><strong>exstitisse,</strong></span> <span class='ocrx_word' id='word_1_348' title='bbox 778 4108 833 4153; x_wconf 88' lang='lat' dir='ltr'><strong>et</strong></span> <span class='ocrx_word' id='word_1_349' title='bbox 853 4099 981 4153; x_wconf 85' lang='lat' dir='ltr'><strong>illud</strong></span> <span class='ocrx_word' id='word_1_350' title='bbox 1008 4115 1173 4153; x_wconf 88' lang='lat' dir='ltr'><strong>uiimn</strong></span> <span class='ocrx_word' id='word_1_351' title='bbox 1202 4114 1267 4153; x_wconf 81' lang='lat' dir='ltr'><strong>ex</strong></span> <span class='ocrx_word' id='word_1_352' title='bbox 1297 4096 1488 4152; x_wconf 87' lang='lat' dir='ltr'><strong>tabulis</strong></span> <span class='ocrx_word' id='word_1_353' title='bbox 1522 4097 1732 4167; x_wconf 90' lang='lat' dir='ltr'><strong>probari</strong></span> <span class='ocrx_word' id='word_1_354' title='bbox 1770 4100 2022 4167; x_wconf 61' lang='lat' dir='ltr'><strong>potuisse,</strong></span> 
     </span>
    </p>
   </div>
   <div class='ocr_carea' id='block_1_59' title="bbox 468 4166 2023 4238">
    <p class='ocr_par' dir='ltr' id='par_1_59' title="bbox 468 4166 2023 4238">
     <span class='ocr_line' id='line_1_60' title="bbox 468 4166 2023 4238; baseline 0.001 -16"><span class='ocrx_word' id='word_1_355' title='bbox 468 4169 609 4238; x_wconf 90' lang='lat' dir='ltr'><strong>quod</strong></span> <span class='ocrx_word' id='word_1_356' title='bbox 632 4170 839 4225; x_wconf 87' lang='lat' dir='ltr'><strong>scilicet</strong></span> <span class='ocrx_word' id='word_1_357' title='bbox 865 4179 1009 4225; x_wconf 88' lang='lat' dir='ltr'><strong>certa</strong></span> <span class='ocrx_word' id='word_1_358' title='bbox 1036 4170 1173 4223; x_wconf 87' lang='lat' dir='ltr'><strong>serie</strong></span> <span class='ocrx_word' id='word_1_359' title='bbox 1200 4185 1335 4223; x_wconf 91' lang='lat' dir='ltr'><strong>unus</strong></span> <span class='ocrx_word' id='word_1_360' title='bbox 1360 4166 1513 4221; x_wconf 84' lang='lat' dir='ltr'><strong>alteri</strong></span> <span class='ocrx_word' id='word_1_361' title='bbox 1540 4166 1793 4222; x_wconf 72' lang='lat' dir='ltr'><strong>suli‘ectus</strong></span> <span class='ocrx_word' id='word_1_362' title='bbox 1815 4166 2023 4234; x_wconf 80' lang='lat' dir='ltr'><strong>fuisset,</strong></span> 
     </span>
    </p>
   </div>
   <div class='ocr_carea' id='block_1_60' title="bbox 470 4238 1854 4311">
    <p class='ocr_par' dir='ltr' id='par_1_60' title="bbox 470 4238 1854 4311">
     <span class='ocr_line' id='line_1_61' title="bbox 470 4238 1854 4311; baseline -0.001 -19"><span class='ocrx_word' id='word_1_363' title='bbox 470 4239 832 4311; x_wconf 65' lang='lat' dir='ltr'><strong>Severumqm</strong></span> <span class='ocrx_word' id='word_1_364' title='bbox 856 4239 1163 4311; x_wconf 78' lang='lat' dir='ltr'><strong>Sardiceiisi</strong></span> <span class='ocrx_word' id='word_1_365' title='bbox 1189 4238 1416 4311; x_wconf 80' lang='lat' dir='ltr'><strong>concilio</strong></span> <span class='ocrx_word' id='word_1_366' title='bbox 1453 4238 1854 4311; x_wconf 78' lang='lat' dir='ltr'><strong>subscripsisse.</strong></span> 
     </span>
    </p>
   </div>
   <div class='ocr_carea' id='block_1_61' title="bbox 538 4306 2024 4375">
    <p class='ocr_par' dir='ltr' id='par_1_61' title="bbox 538 4306 2024 4375">
     <span class='ocr_line' id='line_1_62' title="bbox 538 4306 2024 4375; baseline 0.001 -13"><span class='ocrx_word' id='word_1_367' title='bbox 538 4309 600 4362; x_wconf 91' lang='lat' dir='ltr'><strong>ll.</strong></span> <span class='ocrx_word' id='word_1_368' title='bbox 648 4306 780 4363; x_wconf 74' lang='lat' dir='ltr'><strong>Illud</strong></span> <span class='ocrx_word' id='word_1_369' title='bbox 818 4310 978 4363; x_wconf 90' lang='lat' dir='ltr'><strong>etiam</strong></span> <span class='ocrx_word' id='word_1_370' title='bbox 1022 4306 1340 4361; x_wconf 87' lang='lat' dir='ltr'><strong>incommodi</strong></span> <span class='ocrx_word' id='word_1_371' title='bbox 1389 4306 1596 4360; x_wconf 86' lang='lat' dir='ltr'><strong>accedit</strong></span> <span class='ocrx_word' id='word_1_372' title='bbox 1641 4309 1782 4375; x_wconf 87' lang='lat' dir='ltr'><strong>quod</strong></span> <span class='ocrx_word' id='word_1_373' title='bbox 1817 4307 2024 4364; x_wconf 82' lang='lat' dir='ltr'><strong>facilius</strong></span> 
     </span>
    </p>
   </div>
   <div class='ocr_carea' id='block_1_62' title="bbox 2111 394 3675 465">
    <p class='ocr_par' dir='ltr' id='par_1_62' title="bbox 2111 394 3675 465">
     <span class='ocr_line' id='line_1_63' title="bbox 2111 394 3675 465; baseline -0.001 -15"><span class='ocrx_word' id='word_1_374' title='bbox 2111 394 2231 451; x_wconf 85' lang='lat' dir='ltr'><strong>dem</strong></span> <span class='ocrx_word' id='word_1_375' title='bbox 2261 411 2357 465; x_wconf 89' lang='lat' dir='ltr'><strong>par</strong></span> <span class='ocrx_word' id='word_1_376' title='bbox 2394 394 2479 450; x_wconf 84' lang='lat' dir='ltr'><strong>est</strong></span> <span class='ocrx_word' id='word_1_377' title='bbox 2503 394 2625 449; x_wconf 86' lang='lat' dir='ltr'><strong>cum</strong></span> <span class='ocrx_word' id='word_1_378' title='bbox 2659 394 2802 449; x_wconf 89' lang='lat' dir='ltr'><strong>clero</strong></span> <span class='ocrx_word' id='word_1_379' title='bbox 2828 395 3103 465; x_wconf 83' lang='lat' dir='ltr'><strong>populum,</strong></span> <span class='ocrx_word' id='word_1_380' title='bbox 3132 395 3223 448; x_wconf 88' lang='lat' dir='ltr'><strong>sed</strong></span> <span class='ocrx_word' id='word_1_381' title='bbox 3264 395 3514 450; x_wconf 74' lang='lat' dir='ltr'><strong>admisszs</strong></span> <span class='ocrx_word' id='word_1_382' title='bbox 3554 405 3675 449; x_wconf 83' lang='lat' dir='ltr'><strong>tau-</strong></span> 
     </span>
    </p>
   </div>
   <div class='ocr_carea' id='block_1_63' title="bbox 2111 464 3674 535">
    <p class='ocr_par' dir='ltr' id='par_1_63' title="bbox 2111 464 3674 535">
     <span class='ocr_line' id='line_1_64' title="bbox 2111 464 3674 535; baseline 0.003 -17"><span class='ocrx_word' id='word_1_383' title='bbox 2111 475 2221 519; x_wconf 89' lang='lat' dir='ltr'><strong>tum</strong></span> <span class='ocrx_word' id='word_1_384' title='bbox 2256 464 2597 535; x_wconf 85' lang='lat' dir='ltr'><strong>proceribus,</strong></span> <span class='ocrx_word' id='word_1_385' title='bbox 2624 465 2715 533; x_wconf 92' lang='lat' dir='ltr'><strong>qui</strong></span> <span class='ocrx_word' id='word_1_386' title='bbox 2754 464 3320 535; x_wconf 19' lang='lat' dir='ltr'><strong>testimoniuinigrave</strong></span> <span class='ocrx_word' id='word_1_387' title='bbox 3346 466 3411 519; x_wconf 91' lang='lat' dir='ltr'><strong>de</strong></span> <span class='ocrx_word' id='word_1_388' title='bbox 3443 465 3674 535; x_wconf 81' lang='lat' dir='ltr'><strong>eligendi</strong></span> 
     </span>
    </p>
   </div>
   <div class='ocr_carea' id='block_1_64' title="bbox 2109 532 3677 606">
    <p class='ocr_par' dir='ltr' id='par_1_64' title="bbox 2109 532 3677 606">
     <span class='ocr_line' id='line_1_65' title="bbox 2109 532 3677 606; baseline 0.001 -16"><span class='ocrx_word' id='word_1_389' title='bbox 2109 532 2303 590; x_wconf 77' lang='lat' dir='ltr'><strong>merito</strong></span> <span class='ocrx_word' id='word_1_390' title='bbox 2352 532 3050 606; x_wconf 29' lang='lat' dir='ltr'><strong>praebituri’crederentur.</strong></span> <span class='ocrx_word' id='word_1_391' title='bbox 3113 532 3265 600; x_wconf 83' lang='lat' dir='ltr'><strong>Quod</strong></span> <span class='ocrx_word' id='word_1_392' title='bbox 3318 532 3548 606; x_wconf 66' lang='lat' dir='ltr'><strong>pertinet</strong></span> <span class='ocrx_word' id='word_1_393' title='bbox 3607 540 3677 593; x_wconf 88' lang='lat' dir='ltr'><strong>ad</strong></span> 
     </span>
    </p>
   </div>
   <div class='ocr_carea' id='block_1_65' title="bbox 2111 603 3676 673">
    <p class='ocr_par' dir='ltr' id='par_1_65' title="bbox 2111 603 3676 673">
     <span class='ocr_line' id='line_1_66' title="bbox 2111 603 3676 673; baseline 0 -13"><span class='ocrx_word' id='word_1_394' title='bbox 2111 603 2431 673; x_wconf 80' lang='lat' dir='ltr'><strong>templorum</strong></span> <span class='ocrx_word' id='word_1_395' title='bbox 2448 620 2542 659; x_wconf 86' lang='lat' dir='ltr'><strong>seu</strong></span> <span class='ocrx_word' id='word_1_396' title='bbox 2569 604 2914 659; x_wconf 85' lang='lat' dir='ltr'><strong>ecclesiarum</strong></span> <span class='ocrx_word' id='word_1_397' title='bbox 2946 603 3171 658; x_wconf 85' lang='lat' dir='ltr'><strong>formam</strong></span> <span class='ocrx_word' id='word_1_398' title='bbox 3201 612 3257 657; x_wconf 90' lang='lat' dir='ltr'><strong>et</strong></span> <span class='ocrx_word' id='word_1_399' title='bbox 3281 605 3676 672; x_wconf 72' lang='lat' dir='ltr'><strong>publicatatcm.</strong></span> 
     </span>
    </p>
   </div>
   <div class='ocr_carea' id='block_1_66' title="bbox 2109 673 3679 745">
    <p class='ocr_par' dir='ltr' id='par_1_66' title="bbox 2109 673 3679 745">
     <span class='ocr_line' id='line_1_67' title="bbox 2109 673 3679 745; baseline 0.003 -16"><span class='ocrx_word' id='word_1_400' title='bbox 2109 678 2396 745; x_wconf 86' lang='lat' dir='ltr'><strong>probantes</strong></span> <span class='ocrx_word' id='word_1_401' title='bbox 2434 675 2609 745; x_wconf 88' lang='lat' dir='ltr'><strong>sancti</strong></span> <span class='ocrx_word' id='word_1_402' title='bbox 2655 673 2879 745; x_wconf 86' lang='lat' dir='ltr'><strong>alicujus</strong></span> <span class='ocrx_word' id='word_1_403' title='bbox 2931 675 3148 728; x_wconf 89' lang='lat' dir='ltr'><strong>nomine</strong></span> <span class='ocrx_word' id='word_1_404' title='bbox 3190 683 3433 728; x_wconf 85' lang='lat' dir='ltr'><strong>vocatam</strong></span> <span class='ocrx_word' id='word_1_405' title='bbox 3483 676 3679 734; x_wconf 84' lang='lat' dir='ltr'><strong>nullibi</strong></span> 
     </span>
    </p>
   </div>
   <div class='ocr_carea' id='block_1_67' title="bbox 2110 743 3680 813">
    <p class='ocr_par' dir='ltr' id='par_1_67' title="bbox 2110 743 3680 813">
     <span class='ocr_line' id='line_1_68' title="bbox 2110 743 3680 813; baseline -0.001 -13"><span class='ocrx_word' id='word_1_406' title='bbox 2110 743 2316 800; x_wconf 78' lang='lat' dir='ltr'><strong>sacram</strong></span> <span class='ocrx_word' id='word_1_407' title='bbox 2346 747 2510 798; x_wconf 58' lang='lat' dir='ltr'><strong>aedem</strong></span> <span class='ocrx_word' id='word_1_408' title='bbox 2542 744 2725 809; x_wconf 76' lang='lat' dir='ltr'><strong>fuisse,</strong></span> <span class='ocrx_word' id='word_1_409' title='bbox 2750 743 2912 798; x_wconf 87' lang='lat' dir='ltr'><strong>multa</strong></span> <span class='ocrx_word' id='word_1_410' title='bbox 2942 752 3236 813; x_wconf 82' lang='lat' dir='ltr'><strong>congerent</strong></span> <span class='ocrx_word' id='word_1_411' title='bbox 3260 758 3329 797; x_wconf 83' lang='lat' dir='ltr'><strong>ex</strong></span> <span class='ocrx_word' id='word_1_412' title='bbox 3373 746 3540 799; x_wconf 90' lang='lat' dir='ltr'><strong>veteri</strong></span> <span class='ocrx_word' id='word_1_413' title='bbox 3583 758 3680 799; x_wconf 86' lang='lat' dir='ltr'><strong>ec-</strong></span> 
     </span>
    </p>
   </div>
   <div class='ocr_carea' id='block_1_68' title="bbox 2109 813 3679 877">
    <p class='ocr_par' dir='ltr' id='par_1_68' title="bbox 2109 813 3679 877">
     <span class='ocr_line' id='line_1_69' title="bbox 2109 813 3679 877; baseline 0.001 -8"><span class='ocrx_word' id='word_1_414' title='bbox 2109 815 2405 869; x_wconf 89' lang='lat' dir='ltr'><strong>clesiastica</strong></span> <span class='ocrx_word' id='word_1_415' title='bbox 2458 815 2705 877; x_wconf 85' lang='lat' dir='ltr'><strong>historia,</strong></span> <span class='ocrx_word' id='word_1_416' title='bbox 2756 829 2820 867; x_wconf 88' lang='lat' dir='ltr'><strong>ac</strong></span> <span class='ocrx_word' id='word_1_417' title='bbox 2875 813 3108 867; x_wconf 83' lang='lat' dir='ltr'><strong>maxime</strong></span> <span class='ocrx_word' id='word_1_418' title='bbox 3162 814 3366 867; x_wconf 88' lang='lat' dir='ltr'><strong>Titulos</strong></span> <span class='ocrx_word' id='word_1_419' title='bbox 3416 815 3471 867; x_wconf 90' lang='lat' dir='ltr'><strong>in</strong></span> <span class='ocrx_word' id='word_1_420' title='bbox 3531 814 3679 871; x_wconf 88' lang='lat' dir='ltr'><strong>Urbe</strong></span> 
     </span>
    </p>
   </div>
   <div class='ocr_carea' id='block_1_69' title="bbox 2109 882 3680 954">
    <p class='ocr_par' dir='ltr' id='par_1_69' title="bbox 2109 882 3680 954">
     <span class='ocr_line' id='line_1_70' title="bbox 2109 882 3680 954; baseline 0.002 -18"><span class='ocrx_word' id='word_1_421' title='bbox 2109 885 2341 954; x_wconf 84' lang='lat' dir='ltr'><strong>Equitii,</strong></span> <span class='ocrx_word' id='word_1_422' title='bbox 2371 884 2700 939; x_wconf 85' lang='lat' dir='ltr'><strong>Paminacbii</strong></span> <span class='ocrx_word' id='word_1_423' title='bbox 2721 923 2737 948; x_wconf 91' lang='lat'><strong>,</strong></span> <span class='ocrx_word' id='word_1_424' title='bbox 2763 882 2997 954; x_wconf 85' lang='lat' dir='ltr'><strong>Callisti,</strong></span> <span class='ocrx_word' id='word_1_425' title='bbox 3025 882 3504 954; x_wconf 15' lang='lat' dir='ltr'><strong>PaStoris,rquibus</strong></span> <span class='ocrx_word' id='word_1_426' title='bbox 3533 886 3680 939; x_wconf 86' lang='lat' dir='ltr'><strong>sicut</strong></span> 
     </span>
    </p>
   </div>
   <div class='ocr_carea' id='block_1_70' title="bbox 2109 952 3678 1023">
    <p class='ocr_par' dir='ltr' id='par_1_70' title="bbox 2109 952 3678 1023">
     <span class='ocr_line' id='line_1_71' title="bbox 2109 952 3678 1023; baseline 0.001 -15"><span class='ocrx_word' id='word_1_427' title='bbox 2109 952 2486 1008; x_wconf 82' lang='lat' dir='ltr'><strong>indicabantur</strong></span> <span class='ocrx_word' id='word_1_428' title='bbox 2518 954 2751 1023; x_wconf 87' lang='lat' dir='ltr'><strong>ﬁdelium</strong></span> <span class='ocrx_word' id='word_1_429' title='bbox 2796 952 3139 1023; x_wconf 87' lang='lat' dir='ltr'><strong>patrimonia,</strong></span> <span class='ocrx_word' id='word_1_430' title='bbox 3174 953 3245 1006; x_wconf 89' lang='lat' dir='ltr'><strong>ita</strong></span> <span class='ocrx_word' id='word_1_431' title='bbox 3283 953 3398 1007; x_wconf 87' lang='lat' dir='ltr'><strong>loca</strong></span> <span class='ocrx_word' id='word_1_432' title='bbox 3442 954 3556 1023; x_wconf 87' lang='lat' dir='ltr'><strong>ipsa</strong></span> <span class='ocrx_word' id='word_1_433' title='bbox 3603 958 3678 1010; x_wconf 82' lang='lat' dir='ltr'><strong>ad</strong></span> 
     </span>
    </p>
   </div>
   <div class='ocr_carea' id='block_1_71' title="bbox 2110 1022 3673 1093">
    <p class='ocr_par' dir='ltr' id='par_1_71' title="bbox 2110 1022 3673 1093">
     <span class='ocr_line' id='line_1_72' title="bbox 2110 1022 3673 1093; baseline 0.003 -18"><span class='ocrx_word' id='word_1_434' title='bbox 2110 1039 2228 1093; x_wconf 67' lang='lat' dir='ltr'><strong>qua:</strong></span> <span class='ocrx_word' id='word_1_435' title='bbox 2257 1032 2550 1078; x_wconf 89' lang='lat' dir='ltr'><strong>conventus</strong></span> <span class='ocrx_word' id='word_1_436' title='bbox 2574 1022 2791 1093; x_wconf 78' lang='lat' dir='ltr'><strong>ﬁebant,</strong></span> <span class='ocrx_word' id='word_1_437' title='bbox 2813 1022 3271 1093; x_wconf 78' lang='lat' dir='ltr'><strong>signiﬁcabantur,</strong></span> <span class='ocrx_word' id='word_1_438' title='bbox 3287 1022 3673 1092; x_wconf 29' lang='lat' dir='ltr'><strong>quare’mone-</strong></span> 
     </span>
    </p>
   </div>
   <div class='ocr_carea' id='block_1_72' title="bbox 2108 1091 3678 1162">
    <p class='ocr_par' dir='ltr' id='par_1_72' title="bbox 2108 1091 3678 1162">
     <span class='ocr_line' id='line_1_73' title="bbox 2108 1091 3678 1162; baseline 0.001 -15"><span class='ocrx_word' id='word_1_439' title='bbox 2108 1091 2237 1148; x_wconf 79' lang='lat' dir='ltr'><strong>bunt</strong></span> <span class='ocrx_word' id='word_1_440' title='bbox 2270 1094 2469 1148; x_wconf 87' lang='lat' dir='ltr'><strong>diserte</strong></span> <span class='ocrx_word' id='word_1_441' title='bbox 2496 1110 2526 1147; x_wconf 94' lang='lat' dir='ltr'><strong>a</strong></span> <span class='ocrx_word' id='word_1_442' title='bbox 2561 1092 2776 1148; x_wconf 82' lang='lat' dir='ltr'><strong>Nicolao</strong></span> <span class='ocrx_word' id='word_1_443' title='bbox 2804 1094 2845 1155; x_wconf 87' lang='lat' dir='ltr'><strong>l,</strong></span> <span class='ocrx_word' id='word_1_444' title='bbox 2870 1091 3028 1162; x_wconf 82' lang='lat' dir='ltr'><strong>epist.</strong></span> <span class='ocrx_word' id='word_1_445' title='bbox 3058 1092 3110 1156; x_wconf 90' lang='lat'><strong>7,</strong></span> <span class='ocrx_word' id='word_1_446' title='bbox 3131 1093 3197 1146; x_wconf 89' lang='lat' dir='ltr'><strong>ad</strong></span> <span class='ocrx_word' id='word_1_447' title='bbox 3225 1091 3533 1148; x_wconf 77' lang='lat' dir='ltr'><strong>Michaelem</strong></span> <span class='ocrx_word' id='word_1_448' title='bbox 3570 1096 3678 1148; x_wconf 85' lang='lat' dir='ltr'><strong>im—</strong></span> 
     </span>
    </p>
   </div>
   <div class='ocr_carea' id='block_1_73' title="bbox 2109 1162 3677 1233">
    <p class='ocr_par' dir='ltr' id='par_1_73' title="bbox 2109 1162 3677 1233">
     <span class='ocr_line' id='line_1_74' title="bbox 2109 1162 3677 1233; baseline 0.001 -16"><span class='ocrx_word' id='word_1_449' title='bbox 2109 1173 2409 1233; x_wconf 87' lang='lat' dir='ltr'><strong>peratorem</strong></span> <span class='ocrx_word' id='word_1_450' title='bbox 2439 1164 2695 1233; x_wconf 82' lang='lat' dir='ltr'><strong>scriptum</strong></span> <span class='ocrx_word' id='word_1_451' title='bbox 2725 1180 2738 1215; x_wconf 89' lang='lat'><strong>:</strong></span> <span class='ocrx_word' id='word_1_452' title='bbox 2770 1182 2788 1214; x_wconf 85' lang='grc'><strong>‹</strong></span> <span class='ocrx_word' id='word_1_453' title='bbox 2819 1162 3056 1217; x_wconf 85' lang='lat' dir='ltr'><strong>Ecclesia</strong></span> <span class='ocrx_word' id='word_1_454' title='bbox 3089 1162 3406 1226; x_wconf 88' lang='lat' dir='ltr'><strong>Salvatoris,</strong></span> <span class='ocrx_word' id='word_1_455' title='bbox 3434 1179 3553 1232; x_wconf 68' lang='lat' dir='ltr'><strong>quae</strong></span> <span class='ocrx_word' id='word_1_456' title='bbox 3603 1166 3677 1218; x_wconf 87' lang='lat' dir='ltr'><strong>ab</strong></span> 
     </span>
    </p>
   </div>
   <div class='ocr_carea' id='block_1_74' title="bbox 2110 1231 3677 1301">
    <p class='ocr_par' dir='ltr' id='par_1_74' title="bbox 2110 1231 3677 1301">
     <span class='ocr_line' id='line_1_75' title="bbox 2110 1231 3677 1301; baseline 0.001 -15"><span class='ocrx_word' id='word_1_457' title='bbox 2110 1231 2328 1288; x_wconf 76' lang='lat' dir='ltr'><strong>auctore</strong></span> <span class='ocrx_word' id='word_1_458' title='bbox 2348 1231 2640 1288; x_wconf 84' lang='lat' dir='ltr'><strong>vocabatur</strong></span> <span class='ocrx_word' id='word_1_459' title='bbox 2663 1231 3121 1295; x_wconf 83' lang='lat' dir='ltr'><strong>Constantiniana,</strong></span> <span class='ocrx_word' id='word_1_460' title='bbox 3138 1233 3309 1300; x_wconf 90' lang='lat' dir='ltr'><strong>prima</strong></span> <span class='ocrx_word' id='word_1_461' title='bbox 3334 1248 3453 1301; x_wconf 71' lang='lat' dir='ltr'><strong>qua:</strong></span> <span class='ocrx_word' id='word_1_462' title='bbox 3482 1234 3534 1287; x_wconf 88' lang='lat' dir='ltr'><strong>in</strong></span> <span class='ocrx_word' id='word_1_463' title='bbox 3558 1242 3677 1288; x_wconf 83' lang='lat' dir='ltr'><strong>toto</strong></span> 
     </span>
    </p>
   </div>
   <div class='ocr_carea' id='block_1_75' title="bbox 2111 1302 3675 1365">
    <p class='ocr_par' dir='ltr' id='par_1_75' title="bbox 2111 1302 3675 1365">
     <span class='ocr_line' id='line_1_76' title="bbox 2111 1302 3675 1365; baseline 0.001 -8"><span class='ocrx_word' id='word_1_464' title='bbox 2111 1311 2374 1357; x_wconf 84' lang='lat' dir='ltr'><strong>terrarum</strong></span> <span class='ocrx_word' id='word_1_465' title='bbox 2395 1304 2526 1357; x_wconf 92' lang='lat' dir='ltr'><strong>orbe</strong></span> <span class='ocrx_word' id='word_1_466' title='bbox 2558 1310 2862 1357; x_wconf 89' lang='lat' dir='ltr'><strong>constructa</strong></span> <span class='ocrx_word' id='word_1_467' title='bbox 2888 1310 2992 1356; x_wconf 90' lang='lat' dir='ltr'><strong>est.</strong></span> <span class='ocrx_word' id='word_1_468' title='bbox 3037 1322 3057 1354; x_wconf 80' lang='grc' dir='ltr'><strong>ι</strong></span> <span class='ocrx_word' id='word_1_469' title='bbox 3094 1302 3386 1365; x_wconf 87' lang='lat' dir='ltr'><strong>Videantur</strong></span> <span class='ocrx_word' id='word_1_470' title='bbox 3415 1303 3675 1358; x_wconf 88' lang='lat' dir='ltr'><strong>eruditis-</strong></span> 
     </span>
    </p>
   </div>
   <div class='ocr_carea' id='block_1_76' title="bbox 2080 1372 3675 1441">
    <p class='ocr_par' dir='ltr' id='par_1_76' title="bbox 2080 1372 3675 1441">
     <span class='ocr_line' id='line_1_77' title="bbox 2080 1372 3675 1441; baseline -0.001 -12"><span class='ocrx_word' id='word_1_471' title='bbox 2080 1373 2246 1429; x_wconf 86' lang='lat' dir='ltr'><strong>sime</strong></span> <span class='ocrx_word' id='word_1_472' title='bbox 2266 1374 2492 1427; x_wconf 89' lang='lat' dir='ltr'><strong>deducta</strong></span> <span class='ocrx_word' id='word_1_473' title='bbox 2520 1372 2577 1426; x_wconf 89' lang='lat' dir='ltr'><strong>in</strong></span> <span class='ocrx_word' id='word_1_474' title='bbox 2610 1373 2749 1426; x_wconf 89' lang='lat' dir='ltr'><strong>hanc</strong></span> <span class='ocrx_word' id='word_1_475' title='bbox 2795 1388 2909 1425; x_wconf 91' lang='lat' dir='ltr'><strong>rem</strong></span> <span class='ocrx_word' id='word_1_476' title='bbox 2958 1387 2988 1424; x_wconf 93' lang='lat' dir='ltr'><strong>a</strong></span> <span class='ocrx_word' id='word_1_477' title='bbox 3040 1372 3257 1427; x_wconf 86' lang='lat' dir='ltr'><strong>Daniele</strong></span> <span class='ocrx_word' id='word_1_478' title='bbox 3302 1373 3675 1441; x_wconf 81' lang='lat' dir='ltr'><strong>Papebrocbio</strong></span> 
     </span>
    </p>
   </div>
   <div class='ocr_carea' id='block_1_77' title="bbox 2112 1441 3675 1511">
    <p class='ocr_par' dir='ltr' id='par_1_77' title="bbox 2112 1441 3675 1511">
     <span class='ocr_line' id='line_1_78' title="bbox 2112 1441 3675 1511; baseline 0.003 -16"><span class='ocrx_word' id='word_1_479' title='bbox 2112 1442 2165 1496; x_wconf 90' lang='lat' dir='ltr'><strong>in</strong></span> <span class='ocrx_word' id='word_1_480' title='bbox 2188 1443 2619 1511; x_wconf 85' lang='lat' dir='ltr'><strong>responsionibus</strong></span> <span class='ocrx_word' id='word_1_481' title='bbox 2640 1442 2709 1495; x_wconf 91' lang='lat' dir='ltr'><strong>ad</strong></span> <span class='ocrx_word' id='word_1_482' title='bbox 2725 1442 3084 1496; x_wconf 75' lang='lat' dir='ltr'><strong>exhibitiones</strong></span> <span class='ocrx_word' id='word_1_483' title='bbox 3100 1441 3345 1497; x_wconf 79' lang='lat' dir='ltr'><strong>errOruin</strong></span> <span class='ocrx_word' id='word_1_484' title='bbox 3374 1457 3471 1511; x_wconf 87' lang='lat' dir='ltr'><strong>per</strong></span> <span class='ocrx_word' id='word_1_485' title='bbox 3497 1442 3558 1497; x_wconf 81' lang='grc' dir='ltr'><strong>Ρ.</strong></span> <span class='ocrx_word' id='word_1_486' title='bbox 3573 1442 3675 1499; x_wconf 86' lang='lat' dir='ltr'><strong>Se—</strong></span> 
     </span>
    </p>
   </div>
   <div class='ocr_carea' id='block_1_78' title="bbox 2111 1511 3181 1581">
    <p class='ocr_par' dir='ltr' id='par_1_78' title="bbox 2111 1511 3181 1581">
     <span class='ocr_line' id='line_1_79' title="bbox 2111 1511 3181 1581; baseline -0.001 -14"><span class='ocrx_word' id='word_1_487' title='bbox 2111 1512 2414 1567; x_wconf 89' lang='lat' dir='ltr'><strong>bastianum</strong></span> <span class='ocrx_word' id='word_1_488' title='bbox 2443 1530 2472 1565; x_wconf 89' lang='lat' dir='ltr'><strong>a</strong></span> <span class='ocrx_word' id='word_1_489' title='bbox 2500 1512 2699 1566; x_wconf 82' lang='lat' dir='ltr'><strong>Sancto</strong></span> <span class='ocrx_word' id='word_1_490' title='bbox 2730 1511 2914 1576; x_wconf 81' lang='lat' dir='ltr'><strong>Paulo,</strong></span> <span class='ocrx_word' id='word_1_491' title='bbox 2939 1520 3093 1581; x_wconf 88' lang='lat' dir='ltr'><strong>parte</strong></span> <span class='ocrx_word' id='word_1_492' title='bbox 3121 1527 3181 1566; x_wconf 91' lang='lat' dir='ltr'><strong>ii.</strong></span> 
     </span>
    </p>
   </div>
   <div class='ocr_carea' id='block_1_79' title="bbox 2181 1581 3674 1653">
    <p class='ocr_par' dir='ltr' id='par_1_79' title="bbox 2181 1581 3674 1653">
     <span class='ocr_line' id='line_1_80' title="bbox 2181 1581 3674 1653; baseline 0.001 -18"><span class='ocrx_word' id='word_1_493' title='bbox 2181 1582 2265 1635; x_wconf 91' lang='lat' dir='ltr'><strong>lll.</strong></span> <span class='ocrx_word' id='word_1_494' title='bbox 2302 1581 2589 1653; x_wconf 85' lang='lat' dir='ltr'><strong>Agapitum</strong></span> <span class='ocrx_word' id='word_1_495' title='bbox 2620 1581 2923 1653; x_wconf 82' lang='lat' dir='ltr'><strong>secundum</strong></span> <span class='ocrx_word' id='word_1_496' title='bbox 2968 1582 3130 1653; x_wconf 88' lang='lat' dir='ltr'><strong>etiam</strong></span> <span class='ocrx_word' id='word_1_497' title='bbox 3174 1583 3344 1653; x_wconf 80' lang='lat' dir='ltr'><strong>gratis</strong></span> <span class='ocrx_word' id='word_1_498' title='bbox 3397 1583 3674 1637; x_wconf 83' lang='lat' dir='ltr'><strong>inventum</strong></span> 
     </span>
    </p>
   </div>
   <div class='ocr_carea' id='block_1_80' title="bbox 2040 1650 3673 1742">
    <p class='ocr_par' dir='ltr' id='par_1_80' title="bbox 2040 1650 3673 1742">
     <span class='ocr_line' id='line_1_81' title="bbox 2040 1650 3673 1742; baseline 0 0"><span class='ocrx_word' id='word_1_499' title='bbox 2040 1676 2088 1742; x_wconf 89' lang='lat' dir='ltr'><strong>B</strong></span> <span class='ocrx_word' id='word_1_500' title='bbox 2115 1650 2375 1742; x_wconf 54' lang='grc' dir='ltr'><strong>Ἱξξέδίίἳίέξ</strong></span> <span class='ocrx_word' id='word_1_501' title='bbox 2395 1650 2656 1742; x_wconf 55' lang='grc' dir='ltr'><strong>³2έὶθέΡὲ</strong></span> <span class='ocrx_word' id='word_1_502' title='bbox 2678 1650 3085 1742; x_wconf 30' lang='lat'><strong>1-93919???</strong></span> <span class='ocrx_word' id='word_1_503' title='bbox 3099 1650 3364 1742; x_wconf 60' lang='grc' dir='ltr'><strong>,ἶθῖξίέίυῘΡ</strong></span> <span class='ocrx_word' id='word_1_504' title='bbox 3416 1654 3673 1742; x_wconf 49' lang='grc' dir='ltr'><strong>921⁸ἔῖίῖιέμὲ</strong></span> 
     </span>
    </p>
   </div>
   <div class='ocr_carea' id='block_1_81' title="bbox 2120 1722 3675 1791">
    <p class='ocr_par' dir='ltr' id='par_1_81' title="bbox 2120 1722 3675 1791">
     <span class='ocr_line' id='line_1_82' title="bbox 2120 1722 3675 1791; baseline 0.002 -18"><span class='ocrx_word' id='word_1_505' title='bbox 2120 1722 2211 1790; x_wconf 89' lang='lat' dir='ltr'><strong>qui</strong></span> <span class='ocrx_word' id='word_1_506' title='bbox 2250 1730 2374 1776; x_wconf 84' lang='lat' dir='ltr'><strong>ante</strong></span> <span class='ocrx_word' id='word_1_507' title='bbox 2410 1722 3154 1791; x_wconf 76' lang='lat' dir='ltr'><strong>Rubeuinscripseriint,iiee</strong></span> <span class='ocrx_word' id='word_1_508' title='bbox 3181 1723 3249 1777; x_wconf 88' lang='lat' dir='ltr'><strong>de</strong></span> <span class='ocrx_word' id='word_1_509' title='bbox 3294 1737 3360 1776; x_wconf 90' lang='lat' dir='ltr'><strong>eo</strong></span> <span class='ocrx_word' id='word_1_510' title='bbox 3413 1724 3675 1791; x_wconf 82' lang='lat' dir='ltr'><strong>scriptum</strong></span> 
     </span>
    </p>
   </div>
   <div class='ocr_carea' id='block_1_82' title="bbox 2118 1790 3676 1860">
    <p class='ocr_par' dir='ltr' id='par_1_82' title="bbox 2118 1790 3676 1860">
     <span class='ocr_line' id='line_1_83' title="bbox 2118 1790 3676 1860; baseline 0.001 -17"><span class='ocrx_word' id='word_1_511' title='bbox 2118 1800 2538 1846; x_wconf 87' lang='lat' dir='ltr'><strong>memoratumve</strong></span> <span class='ocrx_word' id='word_1_512' title='bbox 2558 1790 2847 1860; x_wconf 87' lang='lat' dir='ltr'><strong>quidquam</strong></span> <span class='ocrx_word' id='word_1_513' title='bbox 2883 1807 2913 1846; x_wconf 90' lang='lat' dir='ltr'><strong>a</strong></span> <span class='ocrx_word' id='word_1_514' title='bbox 2945 1790 3263 1859; x_wconf 85' lang='lat' dir='ltr'><strong>majoribus,</strong></span> <span class='ocrx_word' id='word_1_515' title='bbox 3292 1792 3416 1846; x_wconf 90' lang='lat' dir='ltr'><strong>licet</strong></span> <span class='ocrx_word' id='word_1_516' title='bbox 3450 1790 3676 1846; x_wconf 63' lang='lat' dir='ltr'><strong>[iubens</strong></span> 
     </span>
    </p>
   </div>
   <div class='ocr_carea' id='block_1_83' title="bbox 2117 1860 3680 1930">
    <p class='ocr_par' dir='ltr' id='par_1_83' title="bbox 2117 1860 3680 1930">
     <span class='ocr_line' id='line_1_84' title="bbox 2117 1860 3680 1930; baseline 0.001 -16"><span class='ocrx_word' id='word_1_517' title='bbox 2117 1861 2300 1929; x_wconf 89' lang='lat' dir='ltr'><strong>plirasi</strong></span> <span class='ocrx_word' id='word_1_518' title='bbox 2338 1862 2437 1916; x_wconf 90' lang='lat' dir='ltr'><strong>sibi</strong></span> <span class='ocrx_word' id='word_1_519' title='bbox 2470 1860 2717 1915; x_wconf 79' lang='lat' dir='ltr'><strong>familiari</strong></span> <span class='ocrx_word' id='word_1_520' title='bbox 2743 1861 2793 1914; x_wconf 93' lang='lat' dir='ltr'><strong>in</strong></span> <span class='ocrx_word' id='word_1_521' title='bbox 2821 1861 2988 1930; x_wconf 88' lang='lat' dir='ltr'><strong>priori</strong></span> <span class='ocrx_word' id='word_1_522' title='bbox 3019 1862 3267 1915; x_wconf 65' lang='lat' dir='ltr'><strong>Historia:</strong></span> <span class='ocrx_word' id='word_1_523' title='bbox 3300 1877 3409 1917; x_wconf 62' lang='lat' dir='ltr'><strong>suae</strong></span> <span class='ocrx_word' id='word_1_524' title='bbox 3439 1862 3680 1916; x_wconf 80' lang='lat' dir='ltr'><strong>editione</strong></span> 
     </span>
    </p>
   </div>
   <div class='ocr_carea' id='block_1_84' title="bbox 2118 1930 3678 2012">
    <p class='ocr_par' dir='ltr' id='par_1_84' title="bbox 2118 1930 3678 2012">
     <span class='ocr_line' id='line_1_85' title="bbox 2118 1930 3678 2012; baseline 0.001 -27"><span class='ocrx_word' id='word_1_525' title='bbox 2118 1931 2335 2011; x_wconf 79' lang='lat' dir='ltr'><strong>scribat,</strong></span> <span class='ocrx_word' id='word_1_526' title='bbox 2367 1946 2487 2012; x_wconf 78' lang='lat' dir='ltr'><strong>esse</strong></span> <span class='ocrx_word' id='word_1_527' title='bbox 2508 1930 2714 2012; x_wconf 87' lang='lat' dir='ltr'><strong>aliquos</strong></span> <span class='ocrx_word' id='word_1_528' title='bbox 2736 1931 2825 2012; x_wconf 69' lang='lat' dir='ltr'><strong>qiii</strong></span> <span class='ocrx_word' id='word_1_529' title='bbox 2847 1931 3126 2012; x_wconf 74' lang='lat' dir='ltr'><strong>Agapitum</strong></span> <span class='ocrx_word' id='word_1_530' title='bbox 3155 1931 3300 1986; x_wconf 90' lang='lat' dir='ltr'><strong>illum</strong></span> <span class='ocrx_word' id='word_1_531' title='bbox 3330 1932 3529 2012; x_wconf 82' lang='lat' dir='ltr'><strong>Severo</strong></span> <span class='ocrx_word' id='word_1_532' title='bbox 3553 1948 3678 1986; x_wconf 84' lang='lat' dir='ltr'><strong>suc-</strong></span> 
     </span>
    </p>
   </div>
   <div class='ocr_carea' id='block_1_85' title="bbox 2116 1999 3683 2071">
    <p class='ocr_par' dir='ltr' id='par_1_85' title="bbox 2116 1999 3683 2071">
     <span class='ocr_line' id='line_1_86' title="bbox 2116 1999 3683 2071; baseline 0 -16"><span class='ocrx_word' id='word_1_533' title='bbox 2116 2001 2345 2055; x_wconf 86' lang='lat' dir='ltr'><strong>cessisse</strong></span> <span class='ocrx_word' id='word_1_534' title='bbox 2371 2002 2569 2063; x_wconf 85' lang='lat' dir='ltr'><strong>dicant,</strong></span> <span class='ocrx_word' id='word_1_535' title='bbox 2594 1999 2874 2071; x_wconf 85' lang='lat' dir='ltr'><strong>nonnullos</strong></span> <span class='ocrx_word' id='word_1_536' title='bbox 2907 1999 3151 2065; x_wconf 81' lang='lat' dir='ltr'><strong>Liberio;</strong></span> <span class='ocrx_word' id='word_1_537' title='bbox 3202 2010 3383 2071; x_wconf 79' lang='lat' dir='ltr'><strong>petent</strong></span> <span class='ocrx_word' id='word_1_538' title='bbox 3423 2002 3568 2055; x_wconf 88' lang='lat' dir='ltr'><strong>enim</strong></span> <span class='ocrx_word' id='word_1_539' title='bbox 3615 2010 3683 2060; x_wconf 82' lang='lat' dir='ltr'><strong>ut</strong></span> 
     </span>
    </p>
   </div>
   <div class='ocr_carea' id='block_1_86' title="bbox 2116 2070 3678 2140">
    <p class='ocr_par' dir='ltr' id='par_1_86' title="bbox 2116 2070 3678 2140">
     <span class='ocr_line' id='line_1_87' title="bbox 2116 2070 3678 2140; baseline 0.001 -16"><span class='ocrx_word' id='word_1_540' title='bbox 2116 2086 2182 2124; x_wconf 80' lang='lat' dir='ltr'><strong>ex</strong></span> <span class='ocrx_word' id='word_1_541' title='bbox 2212 2071 2476 2140; x_wconf 84' lang='lat' dir='ltr'><strong>aliquibus</strong></span> <span class='ocrx_word' id='word_1_542' title='bbox 2515 2072 2620 2125; x_wconf 90' lang='lat' dir='ltr'><strong>illis</strong></span> <span class='ocrx_word' id='word_1_543' title='bbox 2641 2086 2779 2124; x_wconf 89' lang='lat' dir='ltr'><strong>unus</strong></span> <span class='ocrx_word' id='word_1_544' title='bbox 2805 2070 2907 2125; x_wconf 82' lang='lat' dir='ltr'><strong>lide</strong></span> <span class='ocrx_word' id='word_1_545' title='bbox 2934 2071 3129 2140; x_wconf 78' lang='lat' dir='ltr'><strong>dignus</strong></span> <span class='ocrx_word' id='word_1_546' title='bbox 3162 2070 3486 2140; x_wconf 77' lang='lat' dir='ltr'><strong>proferatur,</strong></span> <span class='ocrx_word' id='word_1_547' title='bbox 3511 2086 3678 2140; x_wconf 82' lang='lat' dir='ltr'><strong>quem</strong></span> 
     </span>
    </p>
   </div>
   <div class='ocr_carea' id='block_1_87' title="bbox 2114 2140 3676 2263">
    <p class='ocr_par' dir='ltr' id='par_1_87' title="bbox 2114 2140 3676 2263">
     <span class='ocr_line' id='line_1_88' title="bbox 2114 2140 3676 2263; baseline -0.001 -69"><span class='ocrx_word' id='word_1_548' title='bbox 2114 2142 2402 2263; x_wconf 54' lang='lat' dir='ltr'><strong>protulisse</strong></span> <span class='ocrx_word' id='word_1_549' title='bbox 2413 2141 2672 2195; x_wconf 87' lang='lat' dir='ltr'><strong>debuerat</strong></span> <span class='ocrx_word' id='word_1_550' title='bbox 2692 2140 2744 2194; x_wconf 90' lang='lat' dir='ltr'><strong>in</strong></span> <span class='ocrx_word' id='word_1_551' title='bbox 2761 2140 2993 2195; x_wconf 88' lang='lat' dir='ltr'><strong>secunda</strong></span> <span class='ocrx_word' id='word_1_552' title='bbox 3019 2140 3265 2197; x_wconf 69' lang='lat' dir='ltr'><strong>Historia:</strong></span> <span class='ocrx_word' id='word_1_553' title='bbox 3285 2156 3394 2196; x_wconf 63' lang='lat' dir='ltr'><strong>sure</strong></span> <span class='ocrx_word' id='word_1_554' title='bbox 3416 2142 3676 2206; x_wconf 79' lang='lat' dir='ltr'><strong>editione,</strong></span> 
     </span>
     <span class='ocr_line' id='line_1_89' title="bbox 2159 2210 3675 2263; baseline 0 0"><span class='ocrx_word' id='word_1_555' title='bbox 2159 2212 2430 2263; x_wconf 68' lang='lat' dir='ltr'><strong>aronianae</strong></span> <span class='ocrx_word' id='word_1_556' title='bbox 2457 2211 2584 2263; x_wconf 83' lang='lat' dir='ltr'><strong>ci-isi</strong></span> <span class='ocrx_word' id='word_1_557' title='bbox 2614 2211 2963 2263; x_wconf 89' lang='lat' dir='ltr'><strong>resnondens.</strong></span> <span class='ocrx_word' id='word_1_558' title='bbox 2985 2225 3106 2263; x_wconf 91' lang='lat' dir='ltr'><strong>cuin</strong></span> <span class='ocrx_word' id='word_1_559' title='bbox 3128 2212 3341 2263; x_wconf 85' lang='lat' dir='ltr'><strong>demum</strong></span> <span class='ocrx_word' id='word_1_560' title='bbox 3365 2210 3482 2263; x_wconf 89' lang='lat' dir='ltr'><strong>eius</strong></span> <span class='ocrx_word' id='word_1_561' title='bbox 3510 2226 3675 2263; x_wconf 85' lang='lat' dir='ltr'><strong>ouem</strong></span> 
     </span>
    </p>
   </div>
   <div class='ocr_carea' id='block_1_88' title="bbox 2159 2210 3675 2281">
    <p class='ocr_par' dir='ltr' id='par_1_88' title="bbox 2159 2210 3675 2281">
     <span class='ocr_line' id='line_1_90' title="bbox 2159 2210 3675 2281; baseline 0 -17"><span class='ocrx_word' id='word_1_562' title='bbox 2159 2212 2430 2281; x_wconf 69' lang='lat' dir='ltr'><strong>aronianae</strong></span> <span class='ocrx_word' id='word_1_563' title='bbox 2457 2211 2584 2264; x_wconf 88' lang='lat' dir='ltr'><strong>crisi</strong></span> <span class='ocrx_word' id='word_1_564' title='bbox 2614 2211 2963 2281; x_wconf 87' lang='lat' dir='ltr'><strong>respondens,</strong></span> <span class='ocrx_word' id='word_1_565' title='bbox 2985 2225 3106 2265; x_wconf 89' lang='lat' dir='ltr'><strong>cum</strong></span> <span class='ocrx_word' id='word_1_566' title='bbox 3128 2212 3341 2267; x_wconf 86' lang='lat' dir='ltr'><strong>demum</strong></span> <span class='ocrx_word' id='word_1_567' title='bbox 3365 2210 3482 2278; x_wconf 88' lang='lat' dir='ltr'><strong>ejus</strong></span> <span class='ocrx_word' id='word_1_568' title='bbox 3510 2226 3675 2281; x_wconf 86' lang='lat' dir='ltr'><strong>quem</strong></span> 
     </span>
    </p>
   </div>
   <div class='ocr_carea' id='block_1_89' title="bbox 2114 2280 3386 2349">
    <p class='ocr_par' dir='ltr' id='par_1_89' title="bbox 2114 2280 3386 2349">
     <span class='ocr_line' id='line_1_91' title="bbox 2114 2280 3386 2349; baseline 0.001 -17"><span class='ocrx_word' id='word_1_569' title='bbox 2114 2280 2422 2349; x_wconf 82' lang='lat' dir='ltr'><strong>protulisset</strong></span> <span class='ocrx_word' id='word_1_570' title='bbox 2446 2280 2679 2348; x_wconf 89' lang='lat' dir='ltr'><strong>opinioni</strong></span> <span class='ocrx_word' id='word_1_571' title='bbox 2702 2280 3038 2334; x_wconf 87' lang='lat' dir='ltr'><strong>subscribere</strong></span> <span class='ocrx_word' id='word_1_572' title='bbox 3059 2282 3386 2337; x_wconf 86' lang='lat' dir='ltr'><strong>decreverat.</strong></span> 
     </span>
    </p>
   </div>
   <div class='ocr_carea' id='block_1_90' title="bbox 2183 2350 3679 2420">
    <p class='ocr_par' dir='ltr' id='par_1_90' title="bbox 2183 2350 3679 2420">
     <span class='ocr_line' id='line_1_92' title="bbox 2183 2350 3679 2420; baseline 0.002 -17"><span class='ocrx_word' id='word_1_573' title='bbox 2183 2351 2271 2403; x_wconf 90' lang='lat' dir='ltr'><strong>lV.</strong></span> <span class='ocrx_word' id='word_1_574' title='bbox 2301 2351 2401 2403; x_wconf 73' lang='lat' dir='ltr'><strong>Vix</strong></span> <span class='ocrx_word' id='word_1_575' title='bbox 2430 2356 2687 2420; x_wconf 70' lang='lat' dir='ltr'><strong>praiterea</strong></span> <span class='ocrx_word' id='word_1_576' title='bbox 2720 2350 3013 2419; x_wconf 82' lang='lat' dir='ltr'><strong>intelligent</strong></span> <span class='ocrx_word' id='word_1_577' title='bbox 3042 2352 3307 2419; x_wconf 86' lang='lat' dir='ltr'><strong>quomodo</strong></span> <span class='ocrx_word' id='word_1_578' title='bbox 3336 2351 3555 2406; x_wconf 77' lang='lat' dir='ltr'><strong>ltubcus</strong></span> <span class='ocrx_word' id='word_1_579' title='bbox 3581 2366 3679 2420; x_wconf 77' lang='lat' dir='ltr'><strong>po-</strong></span> 
     </span>
    </p>
   </div>
   <div class='ocr_carea' id='block_1_91' title="bbox 2115 2419 3680 2488">
    <p class='ocr_par' dir='ltr' id='par_1_91' title="bbox 2115 2419 3680 2488">
     <span class='ocr_line' id='line_1_93' title="bbox 2115 2419 3680 2488; baseline 0.001 -15"><span class='ocrx_word' id='word_1_580' title='bbox 2115 2420 2279 2474; x_wconf 89' lang='lat' dir='ltr'><strong>tucrit</strong></span> <span class='ocrx_word' id='word_1_581' title='bbox 2314 2420 2595 2474; x_wconf 89' lang='lat' dir='ltr'><strong>concilium</strong></span> <span class='ocrx_word' id='word_1_582' title='bbox 2628 2419 2923 2477; x_wconf 81' lang='lat' dir='ltr'><strong>Romanum</strong></span> <span class='ocrx_word' id='word_1_583' title='bbox 2952 2430 3070 2488; x_wconf 90' lang='lat' dir='ltr'><strong>post</strong></span> <span class='ocrx_word' id='word_1_584' title='bbox 3113 2420 3428 2475; x_wconf 87' lang='lat' dir='ltr'><strong>Sardiceuse</strong></span> <span class='ocrx_word' id='word_1_585' title='bbox 3473 2421 3543 2475; x_wconf 89' lang='lat' dir='ltr'><strong>ad</strong></span> <span class='ocrx_word' id='word_1_586' title='bbox 3579 2419 3680 2476; x_wconf 81' lang='lat' dir='ltr'><strong>an-</strong></span> 
     </span>
    </p>
   </div>
   <div class='ocr_carea' id='block_1_92' title="bbox 2113 2488 3679 2553">
    <p class='ocr_par' dir='ltr' id='par_1_92' title="bbox 2113 2488 3679 2553">
     <span class='ocr_line' id='line_1_94' title="bbox 2113 2488 3679 2553; baseline 0.002 -11"><span class='ocrx_word' id='word_1_587' title='bbox 2113 2504 2240 2542; x_wconf 88' lang='lat' dir='ltr'><strong>num</strong></span> <span class='ocrx_word' id='word_1_588' title='bbox 2265 2490 2368 2545; x_wconf 72' lang='grc'><strong>548</strong></span> <span class='ocrx_word' id='word_1_589' title='bbox 2394 2488 2630 2553; x_wconf 79' lang='lat' dir='ltr'><strong>differre,</strong></span> <span class='ocrx_word' id='word_1_590' title='bbox 2655 2505 2779 2544; x_wconf 89' lang='lat' dir='ltr'><strong>cum</strong></span> <span class='ocrx_word' id='word_1_591' title='bbox 2801 2489 2977 2544; x_wconf 89' lang='lat' dir='ltr'><strong>nullus</strong></span> <span class='ocrx_word' id='word_1_592' title='bbox 2997 2507 3063 2544; x_wconf 78' lang='lat' dir='ltr'><strong>ex</strong></span> <span class='ocrx_word' id='word_1_593' title='bbox 3091 2491 3495 2545; x_wconf 84' lang='lat' dir='ltr'><strong>characteribus</strong></span> <span class='ocrx_word' id='word_1_594' title='bbox 3515 2492 3679 2545; x_wconf 85' lang='lat' dir='ltr'><strong>chro-</strong></span> 
     </span>
    </p>
   </div>
   <div class='ocr_carea' id='block_1_93' title="bbox 2112 2559 3679 2630">
    <p class='ocr_par' dir='ltr' id='par_1_93' title="bbox 2112 2559 3679 2630">
     <span class='ocr_line' id='line_1_95' title="bbox 2112 2559 3679 2630; baseline 0.001 -18"><span class='ocrx_word' id='word_1_595' title='bbox 2112 2559 2370 2630; x_wconf 85' lang='lat' dir='ltr'><strong>nologicis</strong></span> <span class='ocrx_word' id='word_1_596' title='bbox 2395 2560 2632 2630; x_wconf 85' lang='lat' dir='ltr'><strong>annoilli</strong></span> <span class='ocrx_word' id='word_1_597' title='bbox 2672 2559 2994 2630; x_wconf 84' lang='lat' dir='ltr'><strong>respondeat</strong></span> <span class='ocrx_word' id='word_1_598' title='bbox 3014 2576 3079 2614; x_wconf 79' lang='lat' dir='ltr'><strong>ex</strong></span> <span class='ocrx_word' id='word_1_599' title='bbox 3126 2561 3396 2630; x_wconf 87' lang='lat' dir='ltr'><strong>productis</strong></span> <span class='ocrx_word' id='word_1_600' title='bbox 3432 2576 3597 2629; x_wconf 86' lang='lat' dir='ltr'><strong>supra</strong></span> <span class='ocrx_word' id='word_1_601' title='bbox 3642 2577 3679 2614; x_wconf 87' lang='lat' dir='ltr'><strong>a</strong></span> 
     </span>
    </p>
   </div>
   <div class='ocr_carea' id='block_1_94' title="bbox 2113 2629 3680 2699">
    <p class='ocr_par' dir='ltr' id='par_1_94' title="bbox 2113 2629 3680 2699">
     <span class='ocr_line' id='line_1_96' title="bbox 2113 2629 3680 2699; baseline 0.001 -16"><span class='ocrx_word' id='word_1_602' title='bbox 2113 2629 2341 2699; x_wconf 80' lang='lat' dir='ltr'><strong>Baronio</strong></span> <span class='ocrx_word' id='word_1_603' title='bbox 2367 2637 2422 2684; x_wconf 89' lang='lat' dir='ltr'><strong>et</strong></span> <span class='ocrx_word' id='word_1_604' title='bbox 2446 2629 2720 2689; x_wconf 87' lang='lat' dir='ltr'><strong>Bollaiido.</strong></span> <span class='ocrx_word' id='word_1_605' title='bbox 2752 2629 2929 2699; x_wconf 77' lang='lat' dir='ltr'><strong>ex_bis</strong></span> <span class='ocrx_word' id='word_1_606' title='bbox 2967 2629 3213 2686; x_wconf 82' lang='lat' dir='ltr'><strong>videlicet</strong></span> <span class='ocrx_word' id='word_1_607' title='bbox 3258 2631 3451 2699; x_wconf 86' lang='lat' dir='ltr'><strong>quibus</strong></span> <span class='ocrx_word' id='word_1_608' title='bbox 3498 2632 3680 2699; x_wconf 79' lang='lat' dir='ltr'><strong>conci-</strong></span> 
     </span>
    </p>
   </div>
   <div class='ocr_carea' id='block_1_95' title="bbox 2111 2697 3680 2772">
    <p class='ocr_par' dir='ltr' id='par_1_95' title="bbox 2111 2697 3680 2772">
     <span class='ocr_line' id='line_1_97' title="bbox 2111 2697 3680 2772; baseline 0.003 -21"><span class='ocrx_word' id='word_1_609' title='bbox 2111 2698 2237 2752; x_wconf 89' lang='lat' dir='ltr'><strong>lium</strong></span> <span class='ocrx_word' id='word_1_610' title='bbox 2266 2700 2392 2755; x_wconf 91' lang='lat' dir='ltr'><strong>illud</strong></span> <span class='ocrx_word' id='word_1_611' title='bbox 2419 2700 2786 2772; x_wconf 85' lang='lat' dir='ltr'><strong>consignatum</strong></span> <span class='ocrx_word' id='word_1_612' title='bbox 2804 2697 2980 2753; x_wconf 77' lang='lat' dir='ltr'><strong>ierunt</strong></span> <span class='ocrx_word' id='word_1_613' title='bbox 2999 2700 3129 2755; x_wconf 89' lang='lat' dir='ltr'><strong>Acta</strong></span> <span class='ocrx_word' id='word_1_614' title='bbox 3152 2697 3680 2772; x_wconf 70' lang='lat' dir='ltr'><strong>quiecircuniferun-</strong></span> 
     </span>
    </p>
   </div>
   <div class='ocr_carea' id='block_1_96' title="bbox 2111 2770 3680 2840">
    <p class='ocr_par' dir='ltr' id='par_1_96' title="bbox 2111 2770 3680 2840">
     <span class='ocr_line' id='line_1_98' title="bbox 2111 2770 3680 2840; baseline 0 -17"><span class='ocrx_word' id='word_1_615' title='bbox 2111 2778 2200 2823; x_wconf 89' lang='lat' dir='ltr'><strong>tur</strong></span> <span class='ocrx_word' id='word_1_616' title='bbox 2214 2808 2229 2835; x_wconf 96' lang='lat'><strong>,</strong></span> <span class='ocrx_word' id='word_1_617' title='bbox 2260 2784 2485 2840; x_wconf 70' lang='lat' dir='ltr'><strong>qumque</strong></span> <span class='ocrx_word' id='word_1_618' title='bbox 2512 2771 2586 2823; x_wconf 89' lang='lat' dir='ltr'><strong>nil</strong></span> <span class='ocrx_word' id='word_1_619' title='bbox 2612 2771 2811 2824; x_wconf 90' lang='lat' dir='ltr'><strong>habent</strong></span> <span class='ocrx_word' id='word_1_620' title='bbox 2833 2778 3084 2837; x_wconf 86' lang='lat' dir='ltr'><strong>spectans</strong></span> <span class='ocrx_word' id='word_1_621' title='bbox 3106 2770 3183 2825; x_wconf 85' lang='lat' dir='ltr'><strong>ad</strong></span> <span class='ocrx_word' id='word_1_622' title='bbox 3201 2770 3521 2825; x_wconf 85' lang='lat' dir='ltr'><strong>Sardicense</strong></span> <span class='ocrx_word' id='word_1_623' title='bbox 3545 2786 3680 2840; x_wconf 81' lang='lat' dir='ltr'><strong>cun-</strong></span> 
     </span>
    </p>
   </div>
   <div class='ocr_carea' id='block_1_97' title="bbox 2112 2839 3680 2904">
    <p class='ocr_par' dir='ltr' id='par_1_97' title="bbox 2112 2839 3680 2904">
     <span class='ocr_line' id='line_1_99' title="bbox 2112 2839 3680 2904; baseline 0.001 -11"><span class='ocrx_word' id='word_1_624' title='bbox 2112 2840 2314 2903; x_wconf 87' lang='lat' dir='ltr'><strong>cilium,</strong></span> <span class='ocrx_word' id='word_1_625' title='bbox 2367 2841 2448 2895; x_wconf 87' lang='lat' dir='ltr'><strong>vel</strong></span> <span class='ocrx_word' id='word_1_626' title='bbox 2495 2842 2562 2893; x_wconf 89' lang='lat' dir='ltr'><strong>ad</strong></span> <span class='ocrx_word' id='word_1_627' title='bbox 2610 2840 2888 2893; x_wconf 84' lang='lat' dir='ltr'><strong>Athanasii</strong></span> <span class='ocrx_word' id='word_1_628' title='bbox 2936 2841 3345 2904; x_wconf 85' lang='lat' dir='ltr'><strong>absolutionem,</strong></span> <span class='ocrx_word' id='word_1_629' title='bbox 3394 2840 3488 2894; x_wconf 88' lang='lat' dir='ltr'><strong>sed</strong></span> <span class='ocrx_word' id='word_1_630' title='bbox 3537 2839 3680 2895; x_wconf 85' lang='lat' dir='ltr'><strong>bene</strong></span> 
     </span>
    </p>
   </div>
   <div class='ocr_carea' id='block_1_98' title="bbox 2112 2909 3678 2980">
    <p class='ocr_par' dir='ltr' id='par_1_98' title="bbox 2112 2909 3678 2980">
     <span class='ocr_line' id='line_1_100' title="bbox 2112 2909 3678 2980; baseline 0 -18"><span class='ocrx_word' id='word_1_631' title='bbox 2112 2910 2363 2964; x_wconf 87' lang='lat' dir='ltr'><strong>nonnulla</strong></span> <span class='ocrx_word' id='word_1_632' title='bbox 2393 2912 2458 2965; x_wconf 91' lang='lat' dir='ltr'><strong>ad</strong></span> <span class='ocrx_word' id='word_1_633' title='bbox 2494 2909 2719 2966; x_wconf 72' lang='lat' dir='ltr'><strong>Nicmnte</strong></span> <span class='ocrx_word' id='word_1_634' title='bbox 2762 2910 2949 2980; x_wconf 77' lang='lat' dir='ltr'><strong>synodi</strong></span> <span class='ocrx_word' id='word_1_635' title='bbox 2998 2911 3457 2965; x_wconf 76' lang='lat' dir='ltr'><strong>conﬁrmationem</strong></span> <span class='ocrx_word' id='word_1_636' title='bbox 3508 2911 3678 2980; x_wconf 54' lang='lat' dir='ltr'><strong>perti—g</strong></span> 
     </span>
    </p>
   </div>
   <div class='ocr_carea' id='block_1_99' title="bbox 2115 2979 3679 3049">
    <p class='ocr_par' dir='ltr' id='par_1_99' title="bbox 2115 2979 3679 3049">
     <span class='ocr_line' id='line_1_101' title="bbox 2115 2979 3679 3049; baseline 0.001 -17"><span class='ocrx_word' id='word_1_637' title='bbox 2115 2981 2315 3034; x_wconf 89' lang='lat' dir='ltr'><strong>nentia.</strong></span> <span class='ocrx_word' id='word_1_638' title='bbox 2358 2980 2423 3034; x_wconf 91' lang='lat' dir='ltr'><strong>Et</strong></span> <span class='ocrx_word' id='word_1_639' title='bbox 2456 2982 2558 3035; x_wconf 90' lang='lat' dir='ltr'><strong>hoc</strong></span> <span class='ocrx_word' id='word_1_640' title='bbox 2582 2979 2803 3049; x_wconf 84' lang='lat' dir='ltr'><strong>quidem</strong></span> <span class='ocrx_word' id='word_1_641' title='bbox 2833 2980 2963 3036; x_wconf 88' lang='lat' dir='ltr'><strong>tanti</strong></span> <span class='ocrx_word' id='word_1_642' title='bbox 2992 2990 3074 3035; x_wconf 90' lang='lat' dir='ltr'><strong>est</strong></span> <span class='ocrx_word' id='word_1_643' title='bbox 3100 2981 3374 3044; x_wconf 80' lang='lat' dir='ltr'><strong>momenti,</strong></span> <span class='ocrx_word' id='word_1_644' title='bbox 3401 2988 3459 3033; x_wconf 93' lang='lat' dir='ltr'><strong>ut</strong></span> <span class='ocrx_word' id='word_1_645' title='bbox 3505 2981 3575 3034; x_wconf 86' lang='lat' dir='ltr'><strong>ob</strong></span> <span class='ocrx_word' id='word_1_646' title='bbox 3622 2979 3679 3033; x_wconf 87' lang='lat' dir='ltr'><strong>id</strong></span> 
     </span>
    </p>
   </div>
   <div class='ocr_carea' id='block_1_100' title="bbox 2115 3049 3678 3121">
    <p class='ocr_par' dir='ltr' id='par_1_100' title="bbox 2115 3049 3678 3121">
     <span class='ocr_line' id='line_1_102' title="bbox 2115 3049 3678 3121; baseline 0 -18"><span class='ocrx_word' id='word_1_647' title='bbox 2115 3059 2225 3121; x_wconf 76' lang='lat' dir='ltr'><strong>tota</strong></span> <span class='ocrx_word' id='word_1_648' title='bbox 2257 3050 2425 3105; x_wconf 72' lang='lat' dir='ltr'><strong>llubei</strong></span> <span class='ocrx_word' id='word_1_649' title='bbox 2452 3050 2809 3116; x_wconf 89' lang='lat' dir='ltr'><strong>ratiocinatio,</strong></span> <span class='ocrx_word' id='word_1_650' title='bbox 2836 3049 3108 3119; x_wconf 76' lang='lat' dir='ltr'><strong>ingeniose</strong></span> <span class='ocrx_word' id='word_1_651' title='bbox 3144 3050 3301 3119; x_wconf 87' lang='lat' dir='ltr'><strong>plane</strong></span> <span class='ocrx_word' id='word_1_652' title='bbox 3345 3050 3678 3119; x_wconf 77' lang='lat' dir='ltr'><strong>excogitata,</strong></span> 
     </span>
    </p>
   </div>
   <div class='ocr_carea' id='block_1_101' title="bbox 2113 3129 2250 3173">
    <p class='ocr_par' dir='ltr' id='par_1_101' title="bbox 2113 3129 2250 3173">
     <span class='ocr_line' id='line_1_103' title="bbox 2113 3129 2250 3173; baseline 0 0"><span class='ocrx_word' id='word_1_653' title='bbox 2113 3129 2250 3173; x_wconf 88' lang='lat' dir='ltr'><strong>ruat.</strong></span> 
     </span>
    </p>
   </div>
   <div class='ocr_carea' id='block_1_102' title="bbox 2186 3189 3682 3260">
    <p class='ocr_par' dir='ltr' id='par_1_102' title="bbox 2186 3189 3682 3260">
     <span class='ocr_line' id='line_1_104' title="bbox 2186 3189 3682 3260; baseline 0.003 -21"><span class='ocrx_word' id='word_1_654' title='bbox 2186 3191 2259 3253; x_wconf 56' lang='grc' dir='ltr'>ιι,</span> <span class='ocrx_word' id='word_1_655' title='bbox 2287 3189 2503 3244; x_wconf 90' lang='lat' dir='ltr'><strong>Baronii</strong></span> <span class='ocrx_word' id='word_1_656' title='bbox 2546 3189 2810 3245; x_wconf 86' lang='lat' dir='ltr'><strong>sententia</strong></span> <span class='ocrx_word' id='word_1_657' title='bbox 2839 3190 2906 3245; x_wconf 89' lang='lat' dir='ltr'><strong>de</strong></span> <span class='ocrx_word' id='word_1_658' title='bbox 2935 3189 3135 3246; x_wconf 87' lang='lat' dir='ltr'><strong>Severo</strong></span> <span class='ocrx_word' id='word_1_659' title='bbox 3183 3190 3490 3245; x_wconf 83' lang='lat' dir='ltr'><strong>immediate</strong></span> <span class='ocrx_word' id='word_1_660' title='bbox 3528 3190 3682 3260; x_wconf 83' lang='lat' dir='ltr'><strong>Aga-</strong></span> 
     </span>
    </p>
   </div>
   <div class='ocr_carea' id='block_1_103' title="bbox 2113 3260 3683 3331">
    <p class='ocr_par' dir='ltr' id='par_1_103' title="bbox 2113 3260 3683 3331">
     <span class='ocr_line' id='line_1_105' title="bbox 2113 3260 3683 3331; baseline -0.001 -17"><span class='ocrx_word' id='word_1_661' title='bbox 2113 3260 2225 3331; x_wconf 88' lang='lat' dir='ltr'><strong>pito</strong></span> <span class='ocrx_word' id='word_1_662' title='bbox 2253 3261 2539 3331; x_wconf 80' lang='lat' dir='ltr'><strong>subsecuta</strong></span> <span class='ocrx_word' id='word_1_663' title='bbox 2560 3261 2647 3314; x_wconf 77' lang='lat' dir='ltr'><strong>vix</strong></span> <span class='ocrx_word' id='word_1_664' title='bbox 2676 3260 2891 3331; x_wconf 73' lang='lat' dir='ltr'><strong>videtur</strong></span> <span class='ocrx_word' id='word_1_665' title='bbox 2931 3262 3179 3315; x_wconf 88' lang='lat' dir='ltr'><strong>sustineri</strong></span> <span class='ocrx_word' id='word_1_666' title='bbox 3208 3275 3389 3331; x_wconf 86' lang='lat' dir='ltr'><strong>posse,</strong></span> <span class='ocrx_word' id='word_1_667' title='bbox 3410 3275 3533 3314; x_wconf 90' lang='lat' dir='ltr'><strong>cum</strong></span> <span class='ocrx_word' id='word_1_668' title='bbox 3562 3276 3683 3313; x_wconf 86' lang='lat' dir='ltr'><strong>nie-</strong></span> 
     </span>
    </p>
   </div>
   <div class='ocr_carea' id='block_1_104' title="bbox 2115 3330 3679 3400">
    <p class='ocr_par' dir='ltr' id='par_1_104' title="bbox 2115 3330 3679 3400">
     <span class='ocr_line' id='line_1_106' title="bbox 2115 3330 3679 3400; baseline 0 -16"><span class='ocrx_word' id='word_1_669' title='bbox 2115 3331 2260 3384; x_wconf 90' lang='lat' dir='ltr'><strong>dium</strong></span> <span class='ocrx_word' id='word_1_670' title='bbox 2286 3331 2427 3385; x_wconf 90' lang='lat' dir='ltr'><strong>inter</strong></span> <span class='ocrx_word' id='word_1_671' title='bbox 2462 3330 2745 3400; x_wconf 88' lang='lat' dir='ltr'><strong>Agapitum</strong></span> <span class='ocrx_word' id='word_1_672' title='bbox 2777 3337 2831 3383; x_wconf 92' lang='lat' dir='ltr'><strong>et</strong></span> <span class='ocrx_word' id='word_1_673' title='bbox 2861 3330 3118 3386; x_wconf 87' lang='lat' dir='ltr'><strong>Severum</strong></span> <span class='ocrx_word' id='word_1_674' title='bbox 3164 3330 3531 3385; x_wconf 80' lang='lat' dir='ltr'><strong>Marcellinum</strong></span> <span class='ocrx_word' id='word_1_675' title='bbox 3574 3344 3679 3384; x_wconf 76' lang='lat' dir='ltr'><strong>ex-</strong></span> 
     </span>
    </p>
   </div>
   <div class='ocr_carea' id='block_1_105' title="bbox 2116 3400 3681 3470">
    <p class='ocr_par' dir='ltr' id='par_1_105' title="bbox 2116 3400 3681 3470">
     <span class='ocr_line' id='line_1_107' title="bbox 2116 3400 3681 3470; baseline -0.001 -15"><span class='ocrx_word' id='word_1_676' title='bbox 2116 3400 2317 3455; x_wconf 89' lang='lat' dir='ltr'><strong>stitisse</strong></span> <span class='ocrx_word' id='word_1_677' title='bbox 2375 3400 2599 3470; x_wconf 89' lang='lat' dir='ltr'><strong>probent</strong></span> <span class='ocrx_word' id='word_1_678' title='bbox 2632 3469 2638 3470; x_wconf 12' lang='lat'><em>7</em></span> <span class='ocrx_word' id='word_1_679' title='bbox 2669 3400 2891 3470; x_wconf 65' lang='lat' dir='ltr'><strong>pictura:</strong></span> <span class='ocrx_word' id='word_1_680' title='bbox 2967 3401 3334 3463; x_wconf 87' lang='lat' dir='ltr'><strong>Ravennates,</strong></span> <span class='ocrx_word' id='word_1_681' title='bbox 3389 3408 3445 3455; x_wconf 88' lang='lat' dir='ltr'><strong>et</strong></span> <span class='ocrx_word' id='word_1_682' title='bbox 3497 3401 3681 3469; x_wconf 88' lang='lat' dir='ltr'><strong>ipsum</strong></span> 
     </span>
    </p>
   </div>
   <div class='ocr_carea' id='block_1_106' title="bbox 2114 3416 3681 3540">
    <p class='ocr_par' dir='ltr' id='par_1_106' title="bbox 2114 3416 3681 3540">
     <span class='ocr_line' id='line_1_108' title="bbox 2116 3416 3681 3523; baseline -0.001 -68"><span class='ocrx_word' id='word_1_683' title='bbox 2116 3416 2317 3455; x_wconf 85' lang='lat' dir='ltr'><strong>suusse</strong></span> <span class='ocrx_word' id='word_1_684' title='bbox 2367 3416 2599 3523; x_wconf 65' lang='lat' dir='ltr'><strong>proveni</strong></span> <span class='ocrx_word' id='word_1_685' title='bbox 2669 3416 2891 3470; x_wconf 71' lang='grc' dir='ltr'>ιιιειιιτω</span> <span class='ocrx_word' id='word_1_686' title='bbox 2967 3416 3334 3463; x_wconf 75' lang='lat' dir='ltr'><strong>navennates,</strong></span> <span class='ocrx_word' id='word_1_687' title='bbox 3389 3416 3445 3455; x_wconf 80' lang='lat' dir='ltr'><strong>et</strong></span> <span class='ocrx_word' id='word_1_688' title='bbox 3497 3416 3681 3469; x_wconf 88' lang='lat' dir='ltr'><strong>ipsum</strong></span> 
     </span>
     <span class='ocr_line' id='line_1_109' title="bbox 2114 3469 3681 3540; baseline 0 -17"><span class='ocrx_word' id='word_1_689' title='bbox 2114 3470 2320 3540; x_wconf 88' lang='lat' dir='ltr'><strong>Agnelli</strong></span> <span class='ocrx_word' id='word_1_690' title='bbox 2410 3469 2678 3524; x_wconf 83' lang='lat' dir='ltr'><strong>ontiticale</strong></span> <span class='ocrx_word' id='word_1_691' title='bbox 2749 3471 3015 3525; x_wconf 62' lang='lat' dir='ltr'><strong>Praeterea</strong></span> <span class='ocrx_word' id='word_1_692' title='bbox 3047 3472 3093 3524; x_wconf 92' lang='lat' dir='ltr'><strong>si</strong></span> <span class='ocrx_word' id='word_1_693' title='bbox 3132 3470 3363 3525; x_wconf 86' lang='lat' dir='ltr'><strong>Severus</strong></span> <span class='ocrx_word' id='word_1_694' title='bbox 3409 3485 3551 3523; x_wconf 88' lang='lat' dir='ltr'><strong>anno</strong></span> <span class='ocrx_word' id='word_1_695' title='bbox 3608 3472 3681 3523; x_wconf 87' lang='lat' dir='ltr'><strong>ab</strong></span> 
     </span>
    </p>
   </div>
   <div class='ocr_carea' id='block_1_107' title="bbox 2118 3540 3682 3611">
    <p class='ocr_par' dir='ltr' id='par_1_107' title="bbox 2118 3540 3682 3611">
     <span class='ocr_line' id='line_1_110' title="bbox 2118 3540 3682 3611; baseline 0.001 -18"><span class='ocrx_word' id='word_1_696' title='bbox 2118 3540 2232 3609; x_wconf 86' lang='lat' dir='ltr'><strong>ipso</strong></span> <span class='ocrx_word' id='word_1_697' title='bbox 2259 3542 2530 3611; x_wconf 86' lang='lat' dir='ltr'><strong>assignato</strong></span> <span class='ocrx_word' id='word_1_698' title='bbox 2556 3541 2744 3611; x_wconf 87' lang='lat' dir='ltr'><strong>sedere</strong></span> <span class='ocrx_word' id='word_1_699' title='bbox 2767 3540 2947 3607; x_wconf 74' lang='lat' dir='ltr'><strong>C(Bpit,</strong></span> <span class='ocrx_word' id='word_1_700' title='bbox 2975 3548 3029 3595; x_wconf 93' lang='lat' dir='ltr'><strong>et</strong></span> <span class='ocrx_word' id='word_1_701' title='bbox 3071 3542 3438 3595; x_wconf 85' lang='lat' dir='ltr'><strong>immediatum</strong></span> <span class='ocrx_word' id='word_1_702' title='bbox 3467 3540 3682 3608; x_wconf 58' lang='lat' dir='ltr'><strong>praede-</strong></span> 
     </span>
    </p>
   </div>
   <div class='ocr_carea' id='block_1_108' title="bbox 2116 3610 3682 3679">
    <p class='ocr_par' dir='ltr' id='par_1_108' title="bbox 2116 3610 3682 3679">
     <span class='ocr_line' id='line_1_111' title="bbox 2116 3610 3682 3679; baseline 0.001 -16"><span class='ocrx_word' id='word_1_703' title='bbox 2116 3610 2389 3665; x_wconf 89' lang='lat' dir='ltr'><strong>cessorem</strong></span> <span class='ocrx_word' id='word_1_704' title='bbox 2448 3610 2634 3665; x_wconf 88' lang='lat' dir='ltr'><strong>habuit</strong></span> <span class='ocrx_word' id='word_1_705' title='bbox 2698 3610 3018 3679; x_wconf 82' lang='lat' dir='ltr'><strong>Agapitum,</strong></span> <span class='ocrx_word' id='word_1_706' title='bbox 3065 3612 3373 3665; x_wconf 86' lang='lat' dir='ltr'><strong>necessario</strong></span> <span class='ocrx_word' id='word_1_707' title='bbox 3407 3612 3682 3678; x_wconf 84' lang='lat' dir='ltr'><strong>episcopis</strong></span> 
     </span>
    </p>
   </div>
   <div class='ocr_carea' id='block_1_109' title="bbox 2118 3680 3680 3752">
    <p class='ocr_par' dir='ltr' id='par_1_109' title="bbox 2118 3680 3680 3752">
     <span class='ocr_line' id='line_1_112' title="bbox 2118 3680 3680 3752; baseline 0.001 -19"><span class='ocrx_word' id='word_1_708' title='bbox 2118 3681 2601 3752; x_wconf 56' lang='lat' dir='ltr'><strong>predecessoribus</strong></span> <span class='ocrx_word' id='word_1_709' title='bbox 2623 3689 2841 3752; x_wconf 81' lang='lat' dir='ltr'><strong>tempus</strong></span> <span class='ocrx_word' id='word_1_710' title='bbox 2864 3680 3129 3752; x_wconf 68' lang='lat' dir='ltr'><strong>promtum</strong></span> <span class='ocrx_word' id='word_1_711' title='bbox 3151 3680 3312 3752; x_wconf 86' lang='lat' dir='ltr'><strong>nimis</strong></span> <span class='ocrx_word' id='word_1_712' title='bbox 3335 3680 3680 3752; x_wconf 80' lang='lat' dir='ltr'><strong>episcopatus</strong></span> 
     </span>
    </p>
   </div>
   <div class='ocr_carea' id='block_1_110' title="bbox 2120 3749 3682 3831">
    <p class='ocr_par' dir='ltr' id='par_1_110' title="bbox 2120 3749 3682 3831">
     <span class='ocr_line' id='line_1_113' title="bbox 2120 3749 3682 3831; baseline -0.002 -26"><span class='ocrx_word' id='word_1_713' title='bbox 2120 3749 2421 3831; x_wconf 32' lang='lat' dir='ltr'><strong>:ti&#39;ibuetkct</strong></span> <span class='ocrx_word' id='word_1_714' title='bbox 2450 3751 2529 3831; x_wconf 78' lang='lat' dir='ltr'><strong>sic</strong></span> <span class='ocrx_word' id='word_1_715' title='bbox 2551 3750 2705 3831; x_wconf 87' lang='lat' dir='ltr'><strong>culpa</strong></span> <span class='ocrx_word' id='word_1_716' title='bbox 2737 3751 2825 3831; x_wconf 71' lang='lat' dir='ltr'><strong>ilia</strong></span> <span class='ocrx_word' id='word_1_717' title='bbox 2853 3749 3095 3831; x_wconf 79' lang='lat' dir='ltr'><strong>peccabit</strong></span> <span class='ocrx_word' id='word_1_718' title='bbox 3118 3750 3270 3831; x_wconf 89' lang='lat' dir='ltr'><strong>cujus</strong></span> <span class='ocrx_word' id='word_1_719' title='bbox 3306 3749 3526 3831; x_wconf 67' lang='lat' dir='ltr'><strong>accusat</strong></span> <span class='ocrx_word' id='word_1_720' title='bbox 3564 3749 3682 3831; x_wconf 57' lang='grc' dir='ltr'><strong>βυτ</strong></span> 
     </span>
    </p>
   </div>
   <div class='ocr_carea' id='block_1_111' title="bbox 2120 3820 3680 3890">
    <p class='ocr_par' dir='ltr' id='par_1_111' title="bbox 2120 3820 3680 3890">
     <span class='ocr_line' id='line_1_114' title="bbox 2120 3820 3680 3890; baseline 0.001 -15"><span class='ocrx_word' id='word_1_721' title='bbox 2120 3822 2297 3875; x_wconf 80' lang='lat' dir='ltr'><strong>beam.</strong></span> <span class='ocrx_word' id='word_1_722' title='bbox 2324 3820 2473 3886; x_wconf 81' lang='lat' dir='ltr'><strong>Quod</strong></span> <span class='ocrx_word' id='word_1_723' title='bbox 2507 3820 2746 3890; x_wconf 90' lang='lat' dir='ltr'><strong>apprime</strong></span> <span class='ocrx_word' id='word_1_724' title='bbox 2774 3820 2825 3874; x_wconf 91' lang='lat' dir='ltr'><strong>in</strong></span> <span class='ocrx_word' id='word_1_725' title='bbox 2854 3821 3210 3890; x_wconf 64' lang='lat' dir='ltr'><strong>ejusoasserto</strong></span> <span class='ocrx_word' id='word_1_726' title='bbox 3233 3822 3457 3886; x_wconf 88' lang='lat' dir='ltr'><strong>accidet,</strong></span> <span class='ocrx_word' id='word_1_727' title='bbox 3487 3820 3578 3889; x_wconf 91' lang='lat' dir='ltr'><strong>qui</strong></span> <span class='ocrx_word' id='word_1_728' title='bbox 3606 3823 3680 3877; x_wconf 85' lang='lat' dir='ltr'><strong>ad</strong></span> 
     </span>
    </p>
   </div>
   <div class='ocr_carea' id='block_1_112' title="bbox 2121 3890 3680 3960">
    <p class='ocr_par' dir='ltr' id='par_1_112' title="bbox 2121 3890 3680 3960">
     <span class='ocr_line' id='line_1_115' title="bbox 2121 3890 3680 3960; baseline 0.002 -17"><span class='ocrx_word' id='word_1_729' title='bbox 2121 3906 2316 3960; x_wconf 85' lang='lat' dir='ltr'><strong>annum</strong></span> <span class='ocrx_word' id='word_1_730' title='bbox 2346 3890 2792 3960; x_wconf 82' lang='lat' dir='ltr'><strong>septuagesimum</strong></span> <span class='ocrx_word' id='word_1_731' title='bbox 2829 3893 3070 3959; x_wconf 89' lang='lat' dir='ltr'><strong>quintum</strong></span> <span class='ocrx_word' id='word_1_732' title='bbox 3098 3892 3305 3945; x_wconf 78' lang='lat' dir='ltr'><strong>dixerat</strong></span> <span class='ocrx_word' id='word_1_733' title='bbox 3330 3891 3680 3946; x_wconf 77' lang='lat' dir='ltr'><strong>Eleucadiuin</strong></span> 
     </span>
    </p>
   </div>
   <div class='ocr_carea' id='block_1_113' title="bbox 2124 3959 3683 4030">
    <p class='ocr_par' dir='ltr' id='par_1_113' title="bbox 2124 3959 3683 4030">
     <span class='ocr_line' id='line_1_116' title="bbox 2124 3959 3683 4030; baseline 0.002 -16"><span class='ocrx_word' id='word_1_734' title='bbox 2124 3962 2226 4014; x_wconf 84' lang='lat' dir='ltr'><strong>il&#39;is</strong></span> <span class='ocrx_word' id='word_1_735' title='bbox 2257 3959 2566 4028; x_wconf 85' lang='lat' dir='ltr'><strong>Vespasiani</strong></span> <span class='ocrx_word' id='word_1_736' title='bbox 2596 3960 2921 4030; x_wconf 82' lang='lat' dir='ltr'><strong>temporibus</strong></span> <span class='ocrx_word' id='word_1_737' title='bbox 2949 3962 3003 4016; x_wconf 91' lang='lat' dir='ltr'><strong>in</strong></span> <span class='ocrx_word' id='word_1_738' title='bbox 3041 3961 3407 4030; x_wconf 73' lang='lat' dir='ltr'><strong>episcopatum</strong></span> <span class='ocrx_word' id='word_1_739' title='bbox 3453 3960 3683 4017; x_wconf 80' lang='lat' dir='ltr'><strong>Aderito</strong></span> 
     </span>
    </p>
   </div>
   <div class='ocr_carea' id='block_1_114' title="bbox 2122 4029 3683 4101">
    <p class='ocr_par' dir='ltr' id='par_1_114' title="bbox 2122 4029 3683 4101">
     <span class='ocr_line' id='line_1_117' title="bbox 2122 4029 3683 4101; baseline 0.001 -18"><span class='ocrx_word' id='word_1_740' title='bbox 2122 4031 2467 4095; x_wconf 87' lang='lat' dir='ltr'><strong>successisse,</strong></span> <span class='ocrx_word' id='word_1_741' title='bbox 2497 4029 2695 4101; x_wconf 87' lang='lat' dir='ltr'><strong>etenim</strong></span> <span class='ocrx_word' id='word_1_742' title='bbox 2729 4031 2797 4084; x_wconf 84' lang='lat' dir='ltr'><strong>ab</strong></span> <span class='ocrx_word' id='word_1_743' title='bbox 2822 4045 2962 4101; x_wconf 88' lang='lat' dir='ltr'><strong>anno</strong></span> <span class='ocrx_word' id='word_1_744' title='bbox 3000 4029 3084 4095; x_wconf 77' lang='lat'><strong>8|,</strong></span> <span class='ocrx_word' id='word_1_745' title='bbox 3121 4029 3429 4101; x_wconf 85' lang='lat' dir='ltr'><strong>Vespasiani</strong></span> <span class='ocrx_word' id='word_1_746' title='bbox 3467 4039 3683 4099; x_wconf 53' lang='lat' dir='ltr'><strong>postrea</strong></span> 
     </span>
    </p>
   </div>
   <div class='ocr_carea' id='block_1_115' title="bbox 2124 4100 3682 4170">
    <p class='ocr_par' dir='ltr' id='par_1_115' title="bbox 2124 4100 3682 4170">
     <span class='ocr_line' id='line_1_118' title="bbox 2124 4100 3682 4170; baseline 0 -16"><span class='ocrx_word' id='word_1_747' title='bbox 2124 4116 2230 4164; x_wconf 87' lang='lat' dir='ltr'><strong>mo,</strong></span> <span class='ocrx_word' id='word_1_748' title='bbox 2253 4101 2319 4154; x_wconf 83' lang='lat' dir='ltr'><strong>ad</strong></span> <span class='ocrx_word' id='word_1_749' title='bbox 2349 4116 2545 4154; x_wconf 88' lang='lat' dir='ltr'><strong>annum</strong></span> <span class='ocrx_word' id='word_1_750' title='bbox 2568 4100 2809 4170; x_wconf 79' lang='lat' dir='ltr'><strong>557,quo</strong></span> <span class='ocrx_word' id='word_1_751' title='bbox 2834 4100 3064 4155; x_wconf 89' lang='lat' dir='ltr'><strong>electum</strong></span> <span class='ocrx_word' id='word_1_752' title='bbox 3090 4100 3363 4157; x_wconf 85' lang='lat' dir='ltr'><strong>contendit</strong></span> <span class='ocrx_word' id='word_1_753' title='bbox 3391 4101 3682 4162; x_wconf 65' lang='lat' dir='ltr'><strong>Scieruin,</strong></span> 
     </span>
    </p>
   </div>
   <div class='ocr_carea' id='block_1_116' title="bbox 2123 4170 3684 4240">
    <p class='ocr_par' dir='ltr' id='par_1_116' title="bbox 2123 4170 3684 4240">
     <span class='ocr_line' id='line_1_119' title="bbox 2123 4170 3684 4240; baseline 0.001 -16"><span class='ocrx_word' id='word_1_754' title='bbox 2123 4172 2247 4224; x_wconf 91' lang='lat' dir='ltr'><strong>anni</strong></span> <span class='ocrx_word' id='word_1_755' title='bbox 2279 4170 2616 4225; x_wconf 86' lang='lat' dir='ltr'><strong>intercedunt</strong></span> <span class='ocrx_word' id='word_1_756' title='bbox 2643 4170 2861 4224; x_wconf 91' lang='lat' dir='ltr'><strong>omnino</strong></span> <span class='ocrx_word' id='word_1_757' title='bbox 2889 4170 3011 4235; x_wconf 68' lang='lat'><strong>256,</strong></span> <span class='ocrx_word' id='word_1_758' title='bbox 3028 4171 3119 4239; x_wconf 87' lang='lat' dir='ltr'><strong>qui</strong></span> <span class='ocrx_word' id='word_1_759' title='bbox 3141 4188 3423 4237; x_wconf 85' lang='lat' dir='ltr'><strong>numerus,</strong></span> <span class='ocrx_word' id='word_1_760' title='bbox 3452 4171 3496 4226; x_wconf 88' lang='lat' dir='ltr'><strong>si</strong></span> <span class='ocrx_word' id='word_1_761' title='bbox 3526 4185 3627 4240; x_wconf 86' lang='lat' dir='ltr'><strong>per</strong></span> <span class='ocrx_word' id='word_1_762' title='bbox 3648 4175 3684 4226; x_wconf 71' lang='grc' dir='ltr'>υ</span> 
     </span>
    </p>
   </div>
   <div class='ocr_carea' id='block_1_117' title="bbox 2123 4240 3682 4312">
    <p class='ocr_par' dir='ltr' id='par_1_117' title="bbox 2123 4240 3682 4312">
     <span class='ocr_line' id='line_1_120' title="bbox 2123 4240 3682 4312; baseline -0.001 -16"><span class='ocrx_word' id='word_1_763' title='bbox 2123 4241 2410 4304; x_wconf 85' lang='lat' dir='ltr'><strong>dividatur,</strong></span> <span class='ocrx_word' id='word_1_764' title='bbox 2438 4241 2655 4312; x_wconf 88' lang='lat' dir='ltr'><strong>totidem</strong></span> <span class='ocrx_word' id='word_1_765' title='bbox 2684 4240 2825 4312; x_wconf 73' lang='lat' dir='ltr'><strong>enim</strong></span> <span class='ocrx_word' id='word_1_766' title='bbox 2873 4241 2941 4295; x_wconf 89' lang='lat' dir='ltr'><strong>ab</strong></span> <span class='ocrx_word' id='word_1_767' title='bbox 2985 4240 3270 4297; x_wconf 81' lang='lat' dir='ltr'><strong>Eleucadio</strong></span> <span class='ocrx_word' id='word_1_768' title='bbox 3298 4245 3363 4298; x_wconf 85' lang='lat' dir='ltr'><strong>ad</strong></span> <span class='ocrx_word' id='word_1_769' title='bbox 3391 4244 3682 4312; x_wconf 84' lang='lat' dir='ltr'><strong>Agapitum</strong></span> 
     </span>
    </p>
   </div>
   <div class='ocr_carea' id='block_1_118' title="bbox 2124 4310 3684 4379">
    <p class='ocr_par' dir='ltr' id='par_1_118' title="bbox 2124 4310 3684 4379">
     <span class='ocr_line' id='line_1_121' title="bbox 2124 4310 3684 4379; baseline 0.001 -14"><span class='ocrx_word' id='word_1_770' title='bbox 2124 4312 2474 4365; x_wconf 88' lang='lat' dir='ltr'><strong>intercessere</strong></span> <span class='ocrx_word' id='word_1_771' title='bbox 2492 4311 2723 4379; x_wconf 88' lang='lat' dir='ltr'><strong>episcopi</strong></span> <span class='ocrx_word' id='word_1_772' title='bbox 2738 4310 3092 4375; x_wconf 80' lang='lat' dir='ltr'><strong>Ravennates,</strong></span> <span class='ocrx_word' id='word_1_773' title='bbox 3106 4310 3570 4367; x_wconf 81' lang='lat' dir='ltr'><strong>resultabiintaiini</strong></span> <span class='ocrx_word' id='word_1_774' title='bbox 3585 4312 3684 4374; x_wconf 70' lang='lat'><strong>28,</strong></span> 
     </span>
    </p>
   </div>
   <div class='ocr_carea' id='block_1_119' title="bbox 470 4375 3686 4451">
    <p class='ocr_par' dir='ltr' id='par_1_119' title="bbox 470 4375 3686 4451">
     <span class='ocr_line' id='line_1_122' title="bbox 470 4375 3686 4451; baseline 0.002 -19"><span class='ocrx_word' id='word_1_775' title='bbox 470 4378 639 4451; x_wconf 87' lang='lat' dir='ltr'><strong>multo</strong></span> <span class='ocrx_word' id='word_1_776' title='bbox 675 4378 1022 4451; x_wconf 81' lang='lat' dir='ltr'><strong>emunctioris</strong></span> <span class='ocrx_word' id='word_1_777' title='bbox 1051 4378 1204 4451; x_wconf 72' lang='lat' dir='ltr'><strong>naris</strong></span> <span class='ocrx_word' id='word_1_778' title='bbox 1241 4376 1435 4451; x_wconf 75' lang='lat' dir='ltr'><strong>eruditi</strong></span> <span class='ocrx_word' id='word_1_779' title='bbox 1454 4375 1867 4451; x_wconf 66' lang='lat' dir='ltr'><strong>solemnitatem</strong></span> <span class='ocrx_word' id='word_1_780' title='bbox 1891 4379 2023 4451; x_wconf 14' lang='lat' dir='ltr'><strong>icle-</strong></span> <span class='ocrx_word' id='word_1_781' title='bbox 2048 4376 2100 4435; x_wconf 90' lang='lat' dir='ltr'><strong>D</strong></span> <span class='ocrx_word' id='word_1_782' title='bbox 2127 4395 2337 4434; x_wconf 87' lang='lat' dir='ltr'><strong>nienses</strong></span> <span class='ocrx_word' id='word_1_783' title='bbox 2366 4380 2422 4444; x_wconf 84' lang='lat'><strong>5,</strong></span> <span class='ocrx_word' id='word_1_784' title='bbox 2451 4375 2565 4436; x_wconf 77' lang='lat' dir='ltr'><strong>dies</strong></span> <span class='ocrx_word' id='word_1_785' title='bbox 2595 4375 2690 4445; x_wconf 74' lang='grc' dir='ltr'><strong>1οξ</strong></span> <span class='ocrx_word' id='word_1_786' title='bbox 2718 4396 2853 4451; x_wconf 90' lang='lat' dir='ltr'><strong>quos</strong></span> <span class='ocrx_word' id='word_1_787' title='bbox 2891 4391 3097 4450; x_wconf 75' lang='lat' dir='ltr'><strong>inquata</strong></span> <span class='ocrx_word' id='word_1_788' title='bbox 3144 4385 3349 4437; x_wconf 89' lang='lat' dir='ltr'><strong>ratione</strong></span> <span class='ocrx_word' id='word_1_789' title='bbox 3391 4385 3686 4451; x_wconf 86' lang='lat' dir='ltr'><strong>unusquis-</strong></span> 
     </span>
    </p>
   </div>
   <div class='ocr_carea' id='block_1_120' title="bbox 471 4445 2026 4516">
    <p class='ocr_par' dir='ltr' id='par_1_120' title="bbox 471 4445 2026 4516">
     <span class='ocr_line' id='line_1_123' title="bbox 471 4445 2026 4516; baseline 0.001 -16"><span class='ocrx_word' id='word_1_790' title='bbox 471 4448 687 4511; x_wconf 89' lang='lat' dir='ltr'><strong>ctiouis,</strong></span> <span class='ocrx_word' id='word_1_791' title='bbox 717 4456 772 4500; x_wconf 87' lang='lat' dir='ltr'><strong>et</strong></span> <span class='ocrx_word' id='word_1_792' title='bbox 805 4448 907 4501; x_wconf 92' lang='lat' dir='ltr'><strong>loci</strong></span> <span class='ocrx_word' id='word_1_793' title='bbox 942 4446 1274 4516; x_wconf 81' lang='lat' dir='ltr'><strong>qualitatem,</strong></span> <span class='ocrx_word' id='word_1_794' title='bbox 1303 4446 1392 4500; x_wconf 88' lang='lat' dir='ltr'><strong>ubi</strong></span> <span class='ocrx_word' id='word_1_795' title='bbox 1423 4445 1494 4516; x_wconf 89' lang='lat' dir='ltr'><strong>sit</strong></span> <span class='ocrx_word' id='word_1_796' title='bbox 1519 4445 1693 4516; x_wconf 66' lang='lat' dir='ltr'><strong>facta,</strong></span> <span class='ocrx_word' id='word_1_797' title='bbox 1731 4447 2026 4516; x_wconf 89' lang='lat' dir='ltr'><strong>descriptas</strong></span> 
     </span>
    </p>
   </div>
   <div class='ocr_carea' id='block_1_121' title="bbox 473 4514 2023 4586">
    <p class='ocr_par' dir='ltr' id='par_1_121' title="bbox 473 4514 2023 4586">
     <span class='ocr_line' id='line_1_124' title="bbox 473 4514 2023 4586; baseline 0.001 -17"><span class='ocrx_word' id='word_1_798' title='bbox 473 4518 541 4571; x_wconf 89' lang='lat' dir='ltr'><strong>ab</strong></span> <span class='ocrx_word' id='word_1_799' title='bbox 558 4516 799 4586; x_wconf 75' lang='lat' dir='ltr'><strong>Agnello,</strong></span> <span class='ocrx_word' id='word_1_800' title='bbox 814 4526 868 4571; x_wconf 91' lang='lat' dir='ltr'><strong>et</strong></span> <span class='ocrx_word' id='word_1_801' title='bbox 884 4532 946 4570; x_wconf 80' lang='lat' dir='ltr'><strong>ex</strong></span> <span class='ocrx_word' id='word_1_802' title='bbox 960 4514 1182 4586; x_wconf 74' lang='lat' dir='ltr'><strong>Agnello</strong></span> <span class='ocrx_word' id='word_1_803' title='bbox 1201 4531 1231 4569; x_wconf 92' lang='lat' dir='ltr'><strong>a</strong></span> <span class='ocrx_word' id='word_1_804' title='bbox 1260 4516 1443 4569; x_wconf 73' lang='lat' dir='ltr'><strong>ltubeo</strong></span> <span class='ocrx_word' id='word_1_805' title='bbox 1466 4515 1619 4586; x_wconf 84' lang='lat' dir='ltr'><strong>initio</strong></span> <span class='ocrx_word' id='word_1_806' title='bbox 1644 4514 1762 4586; x_wconf 86' lang='lat' dir='ltr'><strong>libri</strong></span> <span class='ocrx_word' id='word_1_807' title='bbox 1787 4514 2023 4582; x_wconf 78' lang='lat' dir='ltr'><strong>secundi,</strong></span> 
     </span>
    </p>
   </div>
   <div class='ocr_carea' id='block_1_122' title="bbox 474 4584 2024 4655">
    <p class='ocr_par' dir='ltr' id='par_1_122' title="bbox 474 4584 2024 4655">
     <span class='ocr_line' id='line_1_125' title="bbox 474 4584 2024 4655; baseline 0.001 -16"><span class='ocrx_word' id='word_1_808' title='bbox 474 4584 839 4655; x_wconf 84' lang='lat' dir='ltr'><strong>acquiescent,</strong></span> <span class='ocrx_word' id='word_1_809' title='bbox 869 4594 926 4640; x_wconf 91' lang='lat' dir='ltr'><strong>ut</strong></span> <span class='ocrx_word' id='word_1_810' title='bbox 955 4584 1198 4648; x_wconf 84' lang='lat' dir='ltr'><strong>credant,</strong></span> <span class='ocrx_word' id='word_1_811' title='bbox 1234 4587 1277 4639; x_wconf 90' lang='lat' dir='ltr'><strong>si</strong></span> <span class='ocrx_word' id='word_1_812' title='bbox 1312 4584 1610 4655; x_wconf 85' lang='lat' dir='ltr'><strong>liujusniodi</strong></span> <span class='ocrx_word' id='word_1_813' title='bbox 1646 4585 1868 4639; x_wconf 88' lang='lat' dir='ltr'><strong>historia</strong></span> <span class='ocrx_word' id='word_1_814' title='bbox 1898 4603 2024 4641; x_wconf 85' lang='lat' dir='ltr'><strong>eve—</strong></span> 
     </span>
    </p>
   </div>
   <div class='ocr_carea' id='block_1_123' title="bbox 474 4655 2027 4725">
    <p class='ocr_par' dir='ltr' id='par_1_123' title="bbox 474 4655 2027 4725">
     <span class='ocr_line' id='line_1_126' title="bbox 474 4655 2027 4725; baseline -0.001 -14"><span class='ocrx_word' id='word_1_815' title='bbox 474 4657 619 4712; x_wconf 89' lang='lat' dir='ltr'><strong>nisse</strong></span> <span class='ocrx_word' id='word_1_816' title='bbox 639 4658 845 4710; x_wconf 88' lang='lat' dir='ltr'><strong>dicatur</strong></span> <span class='ocrx_word' id='word_1_817' title='bbox 873 4655 1199 4723; x_wconf 87' lang='lat' dir='ltr'><strong>temporibus</strong></span> <span class='ocrx_word' id='word_1_818' title='bbox 1236 4656 1467 4709; x_wconf 87' lang='lat' dir='ltr'><strong>ﬁliorum</strong></span> <span class='ocrx_word' id='word_1_819' title='bbox 1493 4656 2027 4725; x_wconf 84' lang='lat' dir='ltr'><strong>Constantini,quam</strong></span> 
     </span>
    </p>
   </div>
   <div class='ocr_carea' id='block_1_124' title="bbox 476 4725 2029 4789">
    <p class='ocr_par' dir='ltr' id='par_1_124' title="bbox 476 4725 2029 4789">
     <span class='ocr_line' id='line_1_127' title="bbox 476 4725 2029 4789; baseline 0 -8"><span class='ocrx_word' id='word_1_820' title='bbox 476 4728 522 4781; x_wconf 90' lang='lat' dir='ltr'><strong>si</strong></span> <span class='ocrx_word' id='word_1_821' title='bbox 550 4725 807 4781; x_wconf 79' lang='lat' dir='ltr'><strong>accidisse</strong></span> <span class='ocrx_word' id='word_1_822' title='bbox 834 4735 1082 4780; x_wconf 87' lang='lat' dir='ltr'><strong>narretur</strong></span> <span class='ocrx_word' id='word_1_823' title='bbox 1113 4726 1420 4789; x_wconf 80' lang='lat' dir='ltr'><strong>Aureliano,</strong></span> <span class='ocrx_word' id='word_1_824' title='bbox 1443 4739 1556 4787; x_wconf 88' lang='lat' dir='ltr'><strong>seu,</strong></span> <span class='ocrx_word' id='word_1_825' title='bbox 1580 4736 1638 4778; x_wconf 91' lang='lat' dir='ltr'><strong>ut</strong></span> <span class='ocrx_word' id='word_1_826' title='bbox 1664 4726 1883 4789; x_wconf 80' lang='lat' dir='ltr'><strong>ibidem,</strong></span> <span class='ocrx_word' id='word_1_827' title='bbox 1900 4727 2029 4781; x_wconf 85' lang='lat' dir='ltr'><strong>Pro-</strong></span> 
     </span>
    </p>
   </div>
   <div class='ocr_carea' id='block_1_125' title="bbox 476 4794 2029 4865">
    <p class='ocr_par' dir='ltr' id='par_1_125' title="bbox 476 4794 2029 4865">
     <span class='ocr_line' id='line_1_128' title="bbox 476 4794 2029 4865; baseline -0.001 -14"><span class='ocrx_word' id='word_1_828' title='bbox 476 4796 568 4861; x_wconf 88' lang='lat' dir='ltr'><strong>bo,</strong></span> <span class='ocrx_word' id='word_1_829' title='bbox 596 4796 678 4849; x_wconf 83' lang='lat' dir='ltr'><strong>vel</strong></span> <span class='ocrx_word' id='word_1_830' title='bbox 729 4798 867 4851; x_wconf 74' lang='lat' dir='ltr'><strong>Caro</strong></span> <span class='ocrx_word' id='word_1_831' title='bbox 894 4812 1013 4848; x_wconf 84' lang='lat' dir='ltr'><strong>cuin</strong></span> <span class='ocrx_word' id='word_1_832' title='bbox 1059 4796 1181 4849; x_wconf 87' lang='lat' dir='ltr'><strong>liliis</strong></span> <span class='ocrx_word' id='word_1_833' title='bbox 1207 4796 1403 4865; x_wconf 74' lang='lat' dir='ltr'><strong>Curiiio</strong></span> <span class='ocrx_word' id='word_1_834' title='bbox 1430 4805 1484 4848; x_wconf 91' lang='lat' dir='ltr'><strong>et</strong></span> <span class='ocrx_word' id='word_1_835' title='bbox 1513 4794 1832 4850; x_wconf 79' lang='lat' dir='ltr'><strong>Numeriano</strong></span> <span class='ocrx_word' id='word_1_836' title='bbox 1862 4798 2029 4865; x_wconf 81' lang='lat' dir='ltr'><strong>impe-</strong></span> 
     </span>
    </p>
   </div>
   <div class='ocr_carea' id='block_1_126' title="bbox 478 4861 2032 4934">
    <p class='ocr_par' dir='ltr' id='par_1_126' title="bbox 478 4861 2032 4934">
     <span class='ocr_line' id='line_1_129' title="bbox 478 4861 2032 4934; baseline 0.001 -14"><span class='ocrx_word' id='word_1_837' title='bbox 478 4865 741 4920; x_wconf 86' lang='lat' dir='ltr'><strong>raiitibus.</strong></span> <span class='ocrx_word' id='word_1_838' title='bbox 780 4866 1055 4933; x_wconf 85' lang='lat' dir='ltr'><strong>Templum</strong></span> <span class='ocrx_word' id='word_1_839' title='bbox 1096 4861 1267 4920; x_wconf 74' lang='lat' dir='ltr'><strong>tribus</strong></span> <span class='ocrx_word' id='word_1_840' title='bbox 1291 4864 1552 4919; x_wconf 77' lang='lat' dir='ltr'><strong>munitum</strong></span> <span class='ocrx_word' id='word_1_841' title='bbox 1577 4866 1745 4934; x_wconf 85' lang='lat' dir='ltr'><strong>portis</strong></span> <span class='ocrx_word' id='word_1_842' title='bbox 1773 4867 1833 4919; x_wconf 76' lang='grc' dir='ltr'><strong>ι).</strong></span> <span class='ocrx_word' id='word_1_843' title='bbox 1861 4861 2032 4921; x_wconf 79' lang='lat' dir='ltr'><strong>&#39;I‘lieo-</strong></span> 
     </span>
    </p>
   </div>
   <div class='ocr_carea' id='block_1_127' title="bbox 479 4935 2030 5004">
    <p class='ocr_par' dir='ltr' id='par_1_127' title="bbox 479 4935 2030 5004">
     <span class='ocr_line' id='line_1_130' title="bbox 479 4935 2030 5004; baseline 0 -14"><span class='ocrx_word' id='word_1_844' title='bbox 479 4936 612 4991; x_wconf 87' lang='lat' dir='ltr'><strong>doro</strong></span> <span class='ocrx_word' id='word_1_845' title='bbox 623 4936 854 4989; x_wconf 89' lang='lat' dir='ltr'><strong>dicatum</strong></span> <span class='ocrx_word' id='word_1_846' title='bbox 868 4944 1211 5004; x_wconf 87' lang='lat' dir='ltr'><strong>erectumque</strong></span> <span class='ocrx_word' id='word_1_847' title='bbox 1233 4937 1318 4989; x_wconf 77' lang='lat' dir='ltr'><strong>vix</strong></span> <span class='ocrx_word' id='word_1_848' title='bbox 1339 4935 1559 4990; x_wconf 88' lang='lat' dir='ltr'><strong>credent</strong></span> <span class='ocrx_word' id='word_1_849' title='bbox 1586 4938 1831 5004; x_wconf 83' lang='lat' dir='ltr'><strong>(quorum</strong></span> <span class='ocrx_word' id='word_1_850' title='bbox 1854 4946 2030 4990; x_wconf 87' lang='lat' dir='ltr'><strong>tamen</strong></span> 
     </span>
    </p>
   </div>
   <div class='ocr_carea' id='block_1_128' title="bbox 480 5006 2029 5075">
    <p class='ocr_par' dir='ltr' id='par_1_128' title="bbox 480 5006 2029 5075">
     <span class='ocr_line' id='line_1_131' title="bbox 480 5006 2029 5075; baseline 0.001 -15"><span class='ocrx_word' id='word_1_851' title='bbox 480 5008 800 5062; x_wconf 87' lang='lat' dir='ltr'><strong>sententiam</strong></span> <span class='ocrx_word' id='word_1_852' title='bbox 826 5022 930 5059; x_wconf 91' lang='lat' dir='ltr'><strong>non</strong></span> <span class='ocrx_word' id='word_1_853' title='bbox 960 5006 1144 5075; x_wconf 88' lang='lat' dir='ltr'><strong>probo)</strong></span> <span class='ocrx_word' id='word_1_854' title='bbox 1174 5006 1263 5073; x_wconf 83' lang='lat' dir='ltr'><strong>qui</strong></span> <span class='ocrx_word' id='word_1_855' title='bbox 1304 5016 1485 5060; x_wconf 90' lang='lat' dir='ltr'><strong>tenent</strong></span> <span class='ocrx_word' id='word_1_856' title='bbox 1527 5016 1650 5058; x_wconf 86' lang='lat' dir='ltr'><strong>ante</strong></span> <span class='ocrx_word' id='word_1_857' title='bbox 1695 5006 2029 5061; x_wconf 84' lang='lat' dir='ltr'><strong>Constantini</strong></span> 
     </span>
    </p>
   </div>
   <div class='ocr_carea' id='block_1_129' title="bbox 481 5075 2029 5146">
    <p class='ocr_par' dir='ltr' id='par_1_129' title="bbox 481 5075 2029 5146">
     <span class='ocr_line' id='line_1_132' title="bbox 481 5075 2029 5146; baseline 0 -16"><span class='ocrx_word' id='word_1_858' title='bbox 481 5086 745 5146; x_wconf 74' lang='lat' dir='ltr'><strong>tempora,</strong></span> <span class='ocrx_word' id='word_1_859' title='bbox 774 5076 935 5130; x_wconf 89' lang='lat' dir='ltr'><strong>etiam</strong></span> <span class='ocrx_word' id='word_1_860' title='bbox 959 5092 1078 5129; x_wconf 87' lang='lat' dir='ltr'><strong>cum</strong></span> <span class='ocrx_word' id='word_1_861' title='bbox 1106 5076 1341 5129; x_wconf 73' lang='lat' dir='ltr'><strong>Ecclesia</strong></span> <span class='ocrx_word' id='word_1_862' title='bbox 1374 5075 1831 5145; x_wconf 86' lang='lat' dir='ltr'><strong>pcrsecutionibus</strong></span> <span class='ocrx_word' id='word_1_863' title='bbox 1859 5078 2029 5146; x_wconf 86' lang='lat' dir='ltr'><strong>respi-</strong></span> 
     </span>
    </p>
   </div>
   <div class='ocr_carea' id='block_1_130' title="bbox 481 5146 2032 5213">
    <p class='ocr_par' dir='ltr' id='par_1_130' title="bbox 481 5146 2032 5213">
     <span class='ocr_line' id='line_1_133' title="bbox 481 5146 2032 5213; baseline -0.001 -13"><span class='ocrx_word' id='word_1_864' title='bbox 481 5148 654 5207; x_wconf 88' lang='lat' dir='ltr'><strong>rabat,</strong></span> <span class='ocrx_word' id='word_1_865' title='bbox 707 5147 821 5201; x_wconf 85' lang='lat' dir='ltr'><strong>inca</strong></span> <span class='ocrx_word' id='word_1_866' title='bbox 870 5146 1202 5200; x_wconf 85' lang='lat' dir='ltr'><strong>Christianos</strong></span> <span class='ocrx_word' id='word_1_867' title='bbox 1254 5146 1500 5199; x_wconf 78' lang='lat' dir='ltr'><strong>habuisse</strong></span> <span class='ocrx_word' id='word_1_868' title='bbox 1550 5146 1790 5213; x_wconf 86' lang='lat' dir='ltr'><strong>quidem,</strong></span> <span class='ocrx_word' id='word_1_869' title='bbox 1827 5148 1915 5199; x_wconf 91' lang='lat' dir='ltr'><strong>ubi</strong></span> <span class='ocrx_word' id='word_1_870' title='bbox 1965 5146 2032 5199; x_wconf 89' lang='lat' dir='ltr'><strong>ad</strong></span> 
     </span>
    </p>
   </div>
   <div class='ocr_carea' id='block_1_131' title="bbox 483 5215 2034 5287">
    <p class='ocr_par' dir='ltr' id='par_1_131' title="bbox 483 5215 2034 5287">
     <span class='ocr_line' id='line_1_134' title="bbox 483 5215 2034 5287; baseline 0.001 -18"><span class='ocrx_word' id='word_1_871' title='bbox 483 5230 714 5287; x_wconf 81' lang='lat' dir='ltr'><strong>synaxes</strong></span> <span class='ocrx_word' id='word_1_872' title='bbox 741 5218 1225 5287; x_wconf 83' lang='lat' dir='ltr'><strong>congregabantur,</strong></span> <span class='ocrx_word' id='word_1_873' title='bbox 1364 5230 1425 5267; x_wconf 87' lang='lat' dir='ltr'><strong>ea</strong></span> <span class='ocrx_word' id='word_1_874' title='bbox 1456 5215 1507 5267; x_wconf 92' lang='lat' dir='ltr'><strong>in</strong></span> <span class='ocrx_word' id='word_1_875' title='bbox 1524 5215 1778 5287; x_wconf 70' lang='lat' dir='ltr'><strong>domibus</strong></span> <span class='ocrx_word' id='word_1_876' title='bbox 1798 5215 2034 5284; x_wconf 83' lang='lat' dir='ltr'><strong>privato-</strong></span> 
     </span>
    </p>
   </div>
   <div class='ocr_carea' id='block_1_132' title="bbox 483 5283 2031 5353">
    <p class='ocr_par' dir='ltr' id='par_1_132' title="bbox 483 5283 2031 5353">
     <span class='ocr_line' id='line_1_135' title="bbox 483 5283 2031 5353; baseline 0.001 -16"><span class='ocrx_word' id='word_1_877' title='bbox 483 5283 623 5349; x_wconf 79' lang='lat' dir='ltr'><strong>rum,</strong></span> <span class='ocrx_word' id='word_1_878' title='bbox 653 5296 708 5341; x_wconf 90' lang='lat' dir='ltr'><strong>et</strong></span> <span class='ocrx_word' id='word_1_879' title='bbox 730 5287 784 5340; x_wconf 87' lang='lat' dir='ltr'><strong>in</strong></span> <span class='ocrx_word' id='word_1_880' title='bbox 813 5283 1209 5340; x_wconf 77' lang='lat' dir='ltr'><strong>sublimioribus</strong></span> <span class='ocrx_word' id='word_1_881' title='bbox 1232 5283 1433 5337; x_wconf 62' lang='lat' dir='ltr'><strong>aedibus</strong></span> <span class='ocrx_word' id='word_1_882' title='bbox 1457 5283 1733 5347; x_wconf 86' lang='lat' dir='ltr'><strong>collocata,</strong></span> <span class='ocrx_word' id='word_1_883' title='bbox 1774 5283 1892 5353; x_wconf 80' lang='lat' dir='ltr'><strong>qua:</strong></span> <span class='ocrx_word' id='word_1_884' title='bbox 1926 5302 2031 5339; x_wconf 89' lang='lat' dir='ltr'><strong>non</strong></span> 
     </span>
    </p>
   </div>
   <div class='ocr_carea' id='block_1_133' title="bbox 487 5354 2035 5423">
    <p class='ocr_par' dir='ltr' id='par_1_133' title="bbox 487 5354 2035 5423">
     <span class='ocr_line' id='line_1_136' title="bbox 487 5354 2035 5423; baseline 0 -16"><span class='ocrx_word' id='word_1_885' title='bbox 487 5355 590 5407; x_wconf 83' lang='lat' dir='ltr'><strong>alio</strong></span> <span class='ocrx_word' id='word_1_886' title='bbox 617 5372 777 5423; x_wconf 86' lang='lat' dir='ltr'><strong>quam</strong></span> <span class='ocrx_word' id='word_1_887' title='bbox 814 5355 1015 5409; x_wconf 90' lang='lat' dir='ltr'><strong>domini</strong></span> <span class='ocrx_word' id='word_1_888' title='bbox 1050 5354 1212 5407; x_wconf 85' lang='lat' dir='ltr'><strong>totius</strong></span> <span class='ocrx_word' id='word_1_889' title='bbox 1258 5354 1447 5407; x_wconf 88' lang='lat' dir='ltr'><strong>domus</strong></span> <span class='ocrx_word' id='word_1_890' title='bbox 1496 5354 1729 5423; x_wconf 76' lang='lat' dir='ltr'><strong>nomine,</strong></span> <span class='ocrx_word' id='word_1_891' title='bbox 1771 5354 2035 5408; x_wconf 87' lang='lat' dir='ltr'><strong>vocaban-</strong></span> 
     </span>
    </p>
   </div>
   <div class='ocr_carea' id='block_1_134' title="bbox 490 5422 2103 5486">
    <p class='ocr_par' dir='ltr' id='par_1_134' title="bbox 490 5422 2103 5486">
     <span class='ocr_line' id='line_1_137' title="bbox 490 5422 2103 5486; baseline 0.001 -10"><span class='ocrx_word' id='word_1_892' title='bbox 490 5433 593 5477; x_wconf 93' lang='lat' dir='ltr'><strong>tur.</strong></span> <span class='ocrx_word' id='word_1_893' title='bbox 622 5422 820 5479; x_wconf 26' lang='lat' dir='ltr'><strong>l’bidem</strong></span> <span class='ocrx_word' id='word_1_894' title='bbox 855 5432 1057 5486; x_wconf 85' lang='lat' dir='ltr'><strong>autem,</strong></span> <span class='ocrx_word' id='word_1_895' title='bbox 1090 5424 1252 5483; x_wconf 86' lang='lat' dir='ltr'><strong>aiunt,</strong></span> <span class='ocrx_word' id='word_1_896' title='bbox 1281 5432 1574 5476; x_wconf 86' lang='lat' dir='ltr'><strong>conventus</strong></span> <span class='ocrx_word' id='word_1_897' title='bbox 1612 5422 1784 5477; x_wconf 86' lang='lat' dir='ltr'><strong>factos</strong></span> <span class='ocrx_word' id='word_1_898' title='bbox 1827 5440 1890 5477; x_wconf 89' lang='lat' dir='ltr'><strong>ea</strong></span> <span class='ocrx_word' id='word_1_899' title='bbox 1931 5424 2037 5478; x_wconf 82' lang='lat' dir='ltr'><strong>l&#39;re-</strong></span> <span class='ocrx_word' id='word_1_900' title='bbox 2090 5434 2103 5443; x_wconf 55' lang='grc' dir='ltr'><em>ί</em></span> 
     </span>
    </p>
   </div>
   <div class='ocr_carea' id='block_1_135' title="bbox 488 5492 2052 5564">
    <p class='ocr_par' dir='ltr' id='par_1_135' title="bbox 488 5492 2052 5564">
     <span class='ocr_line' id='line_1_138' title="bbox 488 5492 2052 5564; baseline 0.001 -19"><span class='ocrx_word' id='word_1_901' title='bbox 488 5494 726 5560; x_wconf 81' lang='lat' dir='ltr'><strong>quentia,</strong></span> <span class='ocrx_word' id='word_1_902' title='bbox 777 5510 935 5564; x_wconf 88' lang='lat' dir='ltr'><strong>quam</strong></span> <span class='ocrx_word' id='word_1_903' title='bbox 982 5496 1124 5547; x_wconf 62' lang='lat' dir='ltr'><strong>ardes</strong></span> <span class='ocrx_word' id='word_1_904' title='bbox 1170 5492 1617 5564; x_wconf 26' lang='lat' dir='ltr'><strong>lltljliSIDOdi‘HOIl</strong></span> <span class='ocrx_word' id='word_1_905' title='bbox 1665 5494 1794 5548; x_wconf 85' lang='lat' dir='ltr'><strong>satis</strong></span> <span class='ocrx_word' id='word_1_906' title='bbox 1831 5508 2052 5563; x_wconf 68' lang='lat' dir='ltr'><strong>magna:-</strong></span> 
     </span>
    </p>
   </div>
   <div class='ocr_carea' id='block_1_136' title="bbox 490 5561 2038 5632">
    <p class='ocr_par' dir='ltr' id='par_1_136' title="bbox 490 5561 2038 5632">
     <span class='ocr_line' id='line_1_139' title="bbox 490 5561 2038 5632; baseline 0.004 -21"><span class='ocrx_word' id='word_1_907' title='bbox 490 5561 846 5628; x_wconf 72' lang='lat' dir='ltr'><strong>patiebantur,</strong></span> <span class='ocrx_word' id='word_1_908' title='bbox 873 5573 926 5616; x_wconf 88' lang='lat' dir='ltr'><strong>et</strong></span> <span class='ocrx_word' id='word_1_909' title='bbox 954 5578 1016 5616; x_wconf 88' lang='lat' dir='ltr'><strong>ea</strong></span> <span class='ocrx_word' id='word_1_910' title='bbox 1052 5562 1298 5632; x_wconf 85' lang='lat' dir='ltr'><strong>prudenti</strong></span> <span class='ocrx_word' id='word_1_911' title='bbox 1327 5561 1530 5632; x_wconf 84' lang='lat' dir='ltr'><strong>cautela</strong></span> <span class='ocrx_word' id='word_1_912' title='bbox 1551 5602 1566 5622; x_wconf 81' lang='lat'><strong>,</strong></span> <span class='ocrx_word' id='word_1_913' title='bbox 1595 5578 1661 5617; x_wconf 87' lang='lat' dir='ltr'><strong>ne</strong></span> <span class='ocrx_word' id='word_1_914' title='bbox 1690 5561 2038 5619; x_wconf 81' lang='lat' dir='ltr'><strong>conveniendi</strong></span> 
     </span>
    </p>
   </div>
   <div class='ocr_carea' id='block_1_137' title="bbox 496 5631 2089 5702">
    <p class='ocr_par' dir='ltr' id='par_1_137' title="bbox 496 5631 2089 5702">
     <span class='ocr_line' id='line_1_140' title="bbox 496 5631 2089 5702; baseline 0.004 -19"><span class='ocrx_word' id='word_1_915' title='bbox 496 5633 683 5685; x_wconf 81' lang='lat' dir='ltr'><strong>modus</strong></span> <span class='ocrx_word' id='word_1_916' title='bbox 731 5633 1001 5702; x_wconf 84' lang='lat' dir='ltr'><strong>gentilium</strong></span> <span class='ocrx_word' id='word_1_917' title='bbox 1048 5631 1255 5687; x_wconf 85' lang='lat' dir='ltr'><strong>animos</strong></span> <span class='ocrx_word' id='word_1_918' title='bbox 1302 5631 1715 5702; x_wconf 64' lang='lat' dir='ltr'><strong>religionemque</strong></span> <span class='ocrx_word' id='word_1_919' title='bbox 1766 5643 2036 5702; x_wconf 81' lang='lat' dir='ltr'><strong>moveret;</strong></span> <span class='ocrx_word' id='word_1_920' title='bbox 2076 5660 2089 5672; x_wconf 69' lang='grc' dir='ltr'><em>ο</em></span> 
     </span>
    </p>
   </div>
   <div class='ocr_carea' id='block_1_138' title="bbox 2127 4452 3687 4519">
    <p class='ocr_par' dir='ltr' id='par_1_138' title="bbox 2127 4452 3687 4519">
     <span class='ocr_line' id='line_1_141' title="bbox 2127 4452 3687 4519; baseline 0.001 -15"><span class='ocrx_word' id='word_1_921' title='bbox 2127 4466 2231 4519; x_wconf 88' lang='lat' dir='ltr'><strong>quc</strong></span> <span class='ocrx_word' id='word_1_922' title='bbox 2256 4454 2712 4519; x_wconf 63' lang='lat' dir='ltr'><strong>praedecessorum</strong></span> <span class='ocrx_word' id='word_1_923' title='bbox 2743 4453 2928 4505; x_wconf 85' lang='lat' dir='ltr'><strong>Severi</strong></span> <span class='ocrx_word' id='word_1_924' title='bbox 2948 4452 3151 4507; x_wconf 75' lang='lat' dir='ltr'><strong>vixisse</strong></span> <span class='ocrx_word' id='word_1_925' title='bbox 3174 4453 3473 4507; x_wconf 81' lang='lat' dir='ltr'><strong>coniicitur.</strong></span> <span class='ocrx_word' id='word_1_926' title='bbox 3506 4452 3562 4506; x_wconf 92' lang='lat' dir='ltr'><strong>ld</strong></span> <span class='ocrx_word' id='word_1_927' title='bbox 3590 4469 3687 4505; x_wconf 87' lang='lat' dir='ltr'><strong>au-</strong></span> 
     </span>
    </p>
   </div>
   <div class='ocr_carea' id='block_1_139' title="bbox 2130 4521 3687 4591">
    <p class='ocr_par' dir='ltr' id='par_1_139' title="bbox 2130 4521 3687 4591">
     <span class='ocr_line' id='line_1_142' title="bbox 2130 4521 3687 4591; baseline 0.001 -18"><span class='ocrx_word' id='word_1_928' title='bbox 2130 4530 2234 4573; x_wconf 83' lang='lat' dir='ltr'><strong>tem</strong></span> <span class='ocrx_word' id='word_1_929' title='bbox 2266 4521 2539 4591; x_wconf 86' lang='lat' dir='ltr'><strong>videbitur</strong></span> <span class='ocrx_word' id='word_1_930' title='bbox 2559 4536 2709 4589; x_wconf 66' lang='lat' dir='ltr'><strong>aeque</strong></span> <span class='ocrx_word' id='word_1_931' title='bbox 2743 4521 2931 4577; x_wconf 85' lang='lat' dir='ltr'><strong>saltem</strong></span> <span class='ocrx_word' id='word_1_932' title='bbox 2954 4523 3299 4590; x_wconf 82' lang='lat' dir='ltr'><strong>improbabile</strong></span> <span class='ocrx_word' id='word_1_933' title='bbox 3325 4538 3420 4591; x_wconf 88' lang='lat' dir='ltr'><strong>per</strong></span> <span class='ocrx_word' id='word_1_934' title='bbox 3455 4538 3520 4576; x_wconf 88' lang='lat' dir='ltr'><strong>ea</strong></span> <span class='ocrx_word' id='word_1_935' title='bbox 3550 4530 3687 4575; x_wconf 58' lang='lat' dir='ltr'><strong>teni.</strong></span> 
     </span>
    </p>
   </div>
   <div class='ocr_carea' id='block_1_140' title="bbox 2127 4590 3686 4661">
    <p class='ocr_par' dir='ltr' id='par_1_140' title="bbox 2127 4590 3686 4661">
     <span class='ocr_line' id='line_1_143' title="bbox 2127 4590 3686 4661; baseline 0.003 -19"><span class='ocrx_word' id='word_1_936' title='bbox 2127 4606 2255 4659; x_wconf 85' lang='lat' dir='ltr'><strong>pora</strong></span> <span class='ocrx_word' id='word_1_937' title='bbox 2284 4590 2711 4661; x_wconf 82' lang='lat' dir='ltr'><strong>persecutionum</strong></span> <span class='ocrx_word' id='word_1_938' title='bbox 2752 4592 2926 4660; x_wconf 89' lang='lat' dir='ltr'><strong>plena,</strong></span> <span class='ocrx_word' id='word_1_939' title='bbox 2975 4607 3039 4646; x_wconf 89' lang='lat' dir='ltr'><strong>ac</strong></span> <span class='ocrx_word' id='word_1_940' title='bbox 3088 4601 3297 4660; x_wconf 90' lang='lat' dir='ltr'><strong>tempus</strong></span> <span class='ocrx_word' id='word_1_941' title='bbox 3326 4590 3686 4661; x_wconf 76' lang='lat' dir='ltr'><strong>episcopatus</strong></span> 
     </span>
    </p>
   </div>
   <div class='ocr_carea' id='block_1_141' title="bbox 2128 4660 3299 4717">
    <p class='ocr_par' dir='ltr' id='par_1_141' title="bbox 2128 4660 3299 4717">
     <span class='ocr_line' id='line_1_144' title="bbox 2128 4660 3299 4717; baseline 0.005 -6"><span class='ocrx_word' id='word_1_942' title='bbox 2128 4678 2158 4711; x_wconf 88' lang='lat' dir='ltr'><strong>a</strong></span> <span class='ocrx_word' id='word_1_943' title='bbox 2188 4660 2372 4713; x_wconf 75' lang='lat' dir='ltr'><strong>llubeo</strong></span> <span class='ocrx_word' id='word_1_944' title='bbox 2394 4660 2695 4715; x_wconf 84' lang='lat' dir='ltr'><strong>Marcellino</strong></span> <span class='ocrx_word' id='word_1_945' title='bbox 2721 4673 2775 4715; x_wconf 89' lang='lat' dir='ltr'><strong>et</strong></span> <span class='ocrx_word' id='word_1_946' title='bbox 2805 4662 3002 4716; x_wconf 85' lang='lat' dir='ltr'><strong>Severo</strong></span> <span class='ocrx_word' id='word_1_947' title='bbox 3028 4664 3299 4717; x_wconf 88' lang='lat' dir='ltr'><strong>tributum.</strong></span> 
     </span>
    </p>
   </div>
   <div class='ocr_carea' id='block_1_142' title="bbox 2202 4729 3685 4801">
    <p class='ocr_par' dir='ltr' id='par_1_142' title="bbox 2202 4729 3685 4801">
     <span class='ocr_line' id='line_1_145' title="bbox 2202 4729 3685 4801; baseline 0.007 -21"><span class='ocrx_word' id='word_1_948' title='bbox 2202 4729 2288 4801; x_wconf 78' lang='lat' dir='ltr'><strong>Vl.</strong></span> <span class='ocrx_word' id='word_1_949' title='bbox 2326 4729 2465 4801; x_wconf 86' lang='lat' dir='ltr'><strong>Idem</strong></span> <span class='ocrx_word' id='word_1_950' title='bbox 2497 4730 2609 4801; x_wconf 77' lang='lat' dir='ltr'><strong>fere</strong></span> <span class='ocrx_word' id='word_1_951' title='bbox 2635 4731 3026 4785; x_wconf 89' lang='lat' dir='ltr'><strong>inconunodum</strong></span> <span class='ocrx_word' id='word_1_952' title='bbox 3066 4734 3308 4801; x_wconf 87' lang='lat' dir='ltr'><strong>sequitur</strong></span> <span class='ocrx_word' id='word_1_953' title='bbox 3335 4737 3387 4790; x_wconf 94' lang='lat' dir='ltr'><strong>in</strong></span> <span class='ocrx_word' id='word_1_954' title='bbox 3412 4741 3685 4793; x_wconf 87' lang='lat' dir='ltr'><strong>sententia</strong></span> 
     </span>
    </p>
   </div>
   <div class='ocr_carea' id='block_1_143' title="bbox 2133 4799 3688 4868">
    <p class='ocr_par' dir='ltr' id='par_1_143' title="bbox 2133 4799 3688 4868">
     <span class='ocr_line' id='line_1_146' title="bbox 2133 4799 3688 4868; baseline 0.006 -15"><span class='ocrx_word' id='word_1_955' title='bbox 2133 4799 2394 4862; x_wconf 83' lang='lat' dir='ltr'><strong>Bollandi,</strong></span> <span class='ocrx_word' id='word_1_956' title='bbox 2419 4800 2844 4868; x_wconf 73' lang='lat' dir='ltr'><strong>quandoquidem</strong></span> <span class='ocrx_word' id='word_1_957' title='bbox 2879 4799 3183 4858; x_wconf 73' lang='lat' dir='ltr'><strong>Marcellino</strong></span> <span class='ocrx_word' id='word_1_958' title='bbox 3215 4805 3392 4860; x_wconf 89' lang='lat' dir='ltr'><strong>sedem</strong></span> <span class='ocrx_word' id='word_1_959' title='bbox 3430 4806 3569 4860; x_wconf 88' lang='lat' dir='ltr'><strong>ultra</strong></span> <span class='ocrx_word' id='word_1_960' title='bbox 3599 4824 3688 4862; x_wconf 85' lang='lat' dir='ltr'><strong>se-</strong></span> 
     </span>
    </p>
   </div>
   <div class='ocr_carea' id='block_1_144' title="bbox 2136 4868 3686 4945">
    <p class='ocr_par' dir='ltr' id='par_1_144' title="bbox 2136 4868 3686 4945">
     <span class='ocr_line' id='line_1_147' title="bbox 2136 4868 3686 4945; baseline 0.006 -25"><span class='ocrx_word' id='word_1_961' title='bbox 2136 4868 2408 4945; x_wconf 76' lang='lat' dir='ltr'><strong>ptennium</strong></span> <span class='ocrx_word' id='word_1_962' title='bbox 2434 4884 2575 4945; x_wconf 67' lang='lat' dir='ltr'><strong>aegre</strong></span> <span class='ocrx_word' id='word_1_963' title='bbox 2603 4873 3013 4945; x_wconf 65' lang='lat' dir='ltr'><strong>protrahendum</strong></span> <span class='ocrx_word' id='word_1_964' title='bbox 3042 4884 3384 4945; x_wconf 82' lang='lat' dir='ltr'><strong>cognoscunt.</strong></span> <span class='ocrx_word' id='word_1_965' title='bbox 3415 4875 3472 4929; x_wconf 79' lang='lat' dir='ltr'><strong>Id</strong></span> <span class='ocrx_word' id='word_1_966' title='bbox 3502 4884 3686 4930; x_wconf 85' lang='lat' dir='ltr'><strong>tamen</strong></span> 
     </span>
    </p>
   </div>
   <div class='ocr_carea' id='block_1_145' title="bbox 2135 4938 3686 5006">
    <p class='ocr_par' dir='ltr' id='par_1_145' title="bbox 2135 4938 3686 5006">
     <span class='ocr_line' id='line_1_148' title="bbox 2135 4938 3686 5006; baseline 0.006 -15"><span class='ocrx_word' id='word_1_967' title='bbox 2135 4938 2445 4999; x_wconf 89' lang='lat' dir='ltr'><strong>evitaretur,</strong></span> <span class='ocrx_word' id='word_1_968' title='bbox 2473 4938 2519 4991; x_wconf 87' lang='lat' dir='ltr'><strong>si</strong></span> <span class='ocrx_word' id='word_1_969' title='bbox 2544 4948 2815 4995; x_wconf 88' lang='lat' dir='ltr'><strong>constaret</strong></span> <span class='ocrx_word' id='word_1_970' title='bbox 2838 4940 3094 4997; x_wconf 86' lang='lat' dir='ltr'><strong>Severum</strong></span> <span class='ocrx_word' id='word_1_971' title='bbox 3111 4938 3290 5006; x_wconf 72' lang='lat' dir='ltr'><strong>illum,</strong></span> <span class='ocrx_word' id='word_1_972' title='bbox 3316 4945 3686 5000; x_wconf 79' lang='lat' dir='ltr'><strong>Ravennatem</strong></span> 
     </span>
    </p>
   </div>
   <div class='ocr_carea' id='block_1_146' title="bbox 2138 5010 3684 5085">
    <p class='ocr_par' dir='ltr' id='par_1_146' title="bbox 2138 5010 3684 5085">
     <span class='ocr_line' id='line_1_149' title="bbox 2138 5010 3684 5085; baseline 0.006 -25"><span class='ocrx_word' id='word_1_973' title='bbox 2138 5016 2424 5085; x_wconf 65' lang='lat' dir='ltr'><strong>martyrem</strong></span> <span class='ocrx_word' id='word_1_974' title='bbox 2450 5047 2465 5070; x_wconf 94' lang='lat'><strong>,</strong></span> <span class='ocrx_word' id='word_1_975' title='bbox 2515 5010 2822 5085; x_wconf 79' lang='lat' dir='ltr'><strong>episcopum</strong></span> <span class='ocrx_word' id='word_1_976' title='bbox 2870 5014 3029 5085; x_wconf 90' lang='lat' dir='ltr'><strong>etiam</strong></span> <span class='ocrx_word' id='word_1_977' title='bbox 3078 5016 3322 5085; x_wconf 78' lang='lat' dir='ltr'><strong>sedisse,</strong></span> <span class='ocrx_word' id='word_1_978' title='bbox 3351 5026 3406 5085; x_wconf 88' lang='lat' dir='ltr'><strong>et</strong></span> <span class='ocrx_word' id='word_1_979' title='bbox 3454 5016 3684 5070; x_wconf 86' lang='lat' dir='ltr'><strong>alterum</strong></span> 
     </span>
    </p>
   </div>
   <div class='ocr_carea' id='block_1_147' title="bbox 2136 5076 3689 5148">
    <p class='ocr_par' dir='ltr' id='par_1_147' title="bbox 2136 5076 3689 5148">
     <span class='ocr_line' id='line_1_150' title="bbox 2136 5076 3689 5148; baseline 0.007 -19"><span class='ocrx_word' id='word_1_980' title='bbox 2136 5076 2500 5148; x_wconf 77' lang='lat' dir='ltr'><strong>Marcellinum</strong></span> <span class='ocrx_word' id='word_1_981' title='bbox 2529 5076 2976 5148; x_wconf 72' lang='lat' dir='ltr'><strong>pnedecess0i&#39;em</strong></span> <span class='ocrx_word' id='word_1_982' title='bbox 3006 5076 3282 5147; x_wconf 83' lang='lat' dir='ltr'><strong>habuisse;</strong></span> <span class='ocrx_word' id='word_1_983' title='bbox 3310 5076 3373 5137; x_wconf 83' lang='lat' dir='ltr'><strong>at</strong></span> <span class='ocrx_word' id='word_1_984' title='bbox 3397 5086 3512 5139; x_wconf 68' lang='lat' dir='ltr'><strong>hazc</strong></span> <span class='ocrx_word' id='word_1_985' title='bbox 3541 5086 3689 5140; x_wconf 77' lang='lat' dir='ltr'><strong>nullo</strong></span> 
     </span>
    </p>
   </div>
   <div class='ocr_carea' id='block_1_148' title="bbox 2138 5147 3684 5228">
    <p class='ocr_par' dir='ltr' id='par_1_148' title="bbox 2138 5147 3684 5228">
     <span class='ocr_line' id='line_1_151' title="bbox 2138 5147 3684 5228; baseline 0.007 -30"><span class='ocrx_word' id='word_1_986' title='bbox 2138 5147 2329 5228; x_wconf 65' lang='lat' dir='ltr'><strong>idoneo</strong></span> <span class='ocrx_word' id='word_1_987' title='bbox 2355 5156 2504 5228; x_wconf 38' lang='lat' dir='ltr'><strong>teste.</strong></span> <span class='ocrx_word' id='word_1_988' title='bbox 2521 5147 2829 5228; x_wconf 64' lang='lat' dir='ltr'><strong>t‘ulciiiiitiir,</strong></span> <span class='ocrx_word' id='word_1_989' title='bbox 2857 5154 2987 5228; x_wconf 79' lang='lat' dir='ltr'><strong>lidcs</strong></span> <span class='ocrx_word' id='word_1_990' title='bbox 3021 5154 3163 5208; x_wconf 89' lang='lat' dir='ltr'><strong>enim</strong></span> <span class='ocrx_word' id='word_1_991' title='bbox 3188 5153 3684 5228; x_wconf 78' lang='lat' dir='ltr'><strong>Martyrologioruni</strong></span> 
     </span>
    </p>
   </div>
   <div class='ocr_carea' id='block_1_149' title="bbox 2136 5216 3682 5293">
    <p class='ocr_par' dir='ltr' id='par_1_149' title="bbox 2136 5216 3682 5293">
     <span class='ocr_line' id='line_1_152' title="bbox 2136 5216 3682 5293; baseline 0.008 -26"><span class='ocrx_word' id='word_1_992' title='bbox 2136 5216 2560 5293; x_wconf 61' lang='lat' dir='ltr'><strong>allatpruin__viir</strong></span> <span class='ocrx_word' id='word_1_993' title='bbox 2589 5218 2781 5293; x_wconf 86' lang='lat' dir='ltr'><strong>sullicit</strong></span> <span class='ocrx_word' id='word_1_994' title='bbox 2820 5222 2886 5275; x_wconf 89' lang='lat' dir='ltr'><strong>ad</strong></span> <span class='ocrx_word' id='word_1_995' title='bbox 2932 5223 3143 5277; x_wconf 88' lang='lat' dir='ltr'><strong>inanem</strong></span> <span class='ocrx_word' id='word_1_996' title='bbox 3169 5216 3535 5293; x_wconf 64' lang='lat' dir='ltr'><strong>conjerturain</strong></span> <span class='ocrx_word' id='word_1_997' title='bbox 3562 5225 3682 5279; x_wconf 76' lang='lat' dir='ltr'><strong>fun-</strong></span> 
     </span>
    </p>
   </div>
   <div class='ocr_carea' id='block_1_150' title="bbox 2138 5285 3680 5361">
    <p class='ocr_par' dir='ltr' id='par_1_150' title="bbox 2138 5285 3680 5361">
     <span class='ocr_line' id='line_1_153' title="bbox 2138 5285 3680 5361; baseline 0.008 -24"><span class='ocrx_word' id='word_1_998' title='bbox 2138 5285 2383 5361; x_wconf 72' lang='lat' dir='ltr'><strong>dandaiii.</strong></span> <span class='ocrx_word' id='word_1_999' title='bbox 2419 5286 2561 5361; x_wconf 70' lang='lat' dir='ltr'><strong>illud</strong></span> <span class='ocrx_word' id='word_1_1000' title='bbox 2607 5292 2768 5361; x_wconf 86' lang='lat' dir='ltr'><strong>etiam</strong></span> <span class='ocrx_word' id='word_1_1001' title='bbox 2815 5292 3020 5345; x_wconf 88' lang='lat' dir='ltr'><strong>accedit</strong></span> <span class='ocrx_word' id='word_1_1002' title='bbox 3063 5294 3203 5361; x_wconf 91' lang='lat' dir='ltr'><strong>quod</strong></span> <span class='ocrx_word' id='word_1_1003' title='bbox 3253 5285 3320 5348; x_wconf 79' lang='lat' dir='ltr'><strong>de</strong></span> <span class='ocrx_word' id='word_1_1004' title='bbox 3366 5295 3680 5350; x_wconf 84' lang='lat' dir='ltr'><strong>diuturnion&#39;</strong></span> 
     </span>
    </p>
   </div>
   <div class='ocr_carea' id='block_1_151' title="bbox 2113 5354 3683 5433">
    <p class='ocr_par' dir='ltr' id='par_1_151' title="bbox 2113 5354 3683 5433">
     <span class='ocr_line' id='line_1_154' title="bbox 2113 5354 3683 5433; baseline 0.008 -26"><span class='ocrx_word' id='word_1_1005' title='bbox 2113 5354 2432 5410; x_wconf 74' lang='lat' dir='ltr'><strong>‘Marcellini</strong></span> <span class='ocrx_word' id='word_1_1006' title='bbox 2461 5358 2587 5433; x_wconf 80' lang='lat' dir='ltr'><strong>sede</strong></span> <span class='ocrx_word' id='word_1_1007' title='bbox 2611 5359 2699 5411; x_wconf 76' lang='lat' dir='ltr'><strong>vix</strong></span> <span class='ocrx_word' id='word_1_1008' title='bbox 2727 5354 3194 5433; x_wconf 67' lang='lat' dir='ltr'><strong>videtur_du_bi&#39;tari</strong></span> <span class='ocrx_word' id='word_1_1009' title='bbox 3238 5380 3414 5433; x_wconf 87' lang='lat' dir='ltr'><strong>posse,</strong></span> <span class='ocrx_word' id='word_1_1010' title='bbox 3440 5380 3508 5419; x_wconf 88' lang='lat' dir='ltr'><strong>ac</strong></span> <span class='ocrx_word' id='word_1_1011' title='bbox 3530 5365 3597 5419; x_wconf 89' lang='lat' dir='ltr'><strong>de</strong></span> <span class='ocrx_word' id='word_1_1012' title='bbox 3619 5381 3683 5419; x_wconf 81' lang='lat' dir='ltr'><strong>ea</strong></span> 
     </span>
    </p>
   </div>
   <div class='ocr_carea' id='block_1_152' title="bbox 2140 5428 3681 5505">
    <p class='ocr_par' dir='ltr' id='par_1_152' title="bbox 2140 5428 3681 5505">
     <span class='ocr_line' id='line_1_155' title="bbox 2140 5428 3681 5505; baseline 0.007 -28"><span class='ocrx_word' id='word_1_1013' title='bbox 2140 5440 2217 5505; x_wconf 51' lang='lat' dir='ltr'><strong>ri:</strong></span> <span class='ocrx_word' id='word_1_1014' title='bbox 2225 5433 2416 5505; x_wconf 83' lang='lat' dir='ltr'><strong>testem</strong></span> <span class='ocrx_word' id='word_1_1015' title='bbox 2443 5428 2915 5505; x_wconf 75' lang='lat' dir='ltr'><strong>opt_i_mum_liabuit</strong></span> <span class='ocrx_word' id='word_1_1016' title='bbox 2941 5430 3174 5496; x_wconf 83' lang='lat' dir='ltr'><strong>Rnbeus,</strong></span> <span class='ocrx_word' id='word_1_1017' title='bbox 3218 5428 3342 5488; x_wconf 81' lang='lat' dir='ltr'><strong>licet</strong></span> <span class='ocrx_word' id='word_1_1018' title='bbox 3390 5428 3681 5505; x_wconf 71' lang='lat' dir='ltr'><strong>neglexerit</strong></span> 
     </span>
    </p>
   </div>
   <div class='ocr_carea' id='block_1_153' title="bbox 2141 5494 3679 5569">
    <p class='ocr_par' dir='ltr' id='par_1_153' title="bbox 2141 5494 3679 5569">
     <span class='ocr_line' id='line_1_156' title="bbox 2141 5494 3679 5569; baseline 0.008 -22"><span class='ocrx_word' id='word_1_1019' title='bbox 2141 5494 2352 5560; x_wconf 79' lang='lat' dir='ltr'><strong>all‘erre,</strong></span> <span class='ocrx_word' id='word_1_1020' title='bbox 2381 5496 2658 5569; x_wconf 81' lang='lat' dir='ltr'><strong>Agnelluin</strong></span> <span class='ocrx_word' id='word_1_1021' title='bbox 2684 5500 2949 5564; x_wconf 82' lang='lat' dir='ltr'><strong>videlicet,</strong></span> <span class='ocrx_word' id='word_1_1022' title='bbox 2977 5516 3132 5569; x_wconf 90' lang='lat' dir='ltr'><strong>quem</strong></span> <span class='ocrx_word' id='word_1_1023' title='bbox 3159 5494 3317 5557; x_wconf 85' lang='lat' dir='ltr'><strong>modo</strong></span> <span class='ocrx_word' id='word_1_1024' title='bbox 3354 5494 3679 5559; x_wconf 62' lang='lat' dir='ltr'><strong>“lustramus</strong></span> 
     </span>
    </p>
   </div>
   <div class='ocr_carea' id='block_1_154' title="bbox 2142 5567 3681 5640">
    <p class='ocr_par' dir='ltr' id='par_1_154' title="bbox 2142 5567 3681 5640">
     <span class='ocr_line' id='line_1_157' title="bbox 2142 5567 3681 5640; baseline 0.009 -24"><span class='ocrx_word' id='word_1_1025' title='bbox 2142 5579 2206 5619; x_wconf 86' lang='lat' dir='ltr'><strong>ac</strong></span> <span class='ocrx_word' id='word_1_1026' title='bbox 2230 5582 2259 5618; x_wconf 86' lang='lat' dir='ltr'><strong>e</strong></span> <span class='ocrx_word' id='word_1_1027' title='bbox 2286 5567 2522 5640; x_wconf 81' lang='lat' dir='ltr'><strong>tenebris</strong></span> <span class='ocrx_word' id='word_1_1028' title='bbox 2547 5568 2898 5640; x_wconf 82' lang='lat' dir='ltr'><strong>vindicamus,</strong></span> <span class='ocrx_word' id='word_1_1029' title='bbox 2929 5567 3017 5640; x_wconf 84' lang='lat' dir='ltr'><strong>qui</strong></span> <span class='ocrx_word' id='word_1_1030' title='bbox 3054 5571 3416 5629; x_wconf 81' lang='lat' dir='ltr'><strong>Marcellinum</strong></span> <span class='ocrx_word' id='word_1_1031' title='bbox 3461 5575 3681 5630; x_wconf 81' lang='lat' dir='ltr'><strong>laudans</strong></span> 
     </span>
    </p>
   </div>
   <div class='ocr_carea' id='block_1_155' title="bbox 2142 5636 3689 5723">
    <p class='ocr_par' dir='ltr' id='par_1_155' title="bbox 2142 5636 3689 5723">
     <span class='ocr_line' id='line_1_158' title="bbox 2142 5636 3689 5723; baseline 0.006 -33"><span class='ocrx_word' id='word_1_1032' title='bbox 2142 5636 2409 5690; x_wconf 79' lang='lat' dir='ltr'><strong>concludit</strong></span> <span class='ocrx_word' id='word_1_1033' title='bbox 2456 5637 2508 5691; x_wconf 88' lang='lat' dir='ltr'><strong>iu</strong></span> <span class='ocrx_word' id='word_1_1034' title='bbox 2564 5638 2674 5694; x_wconf 78' lang='lat' dir='ltr'><strong>lia-c</strong></span> <span class='ocrx_word' id='word_1_1035' title='bbox 2699 5643 2885 5710; x_wconf 84' lang='lat' dir='ltr'><strong>verba;</strong></span> <span class='ocrx_word' id='word_1_1036' title='bbox 2946 5636 2964 5693; x_wconf 71' lang='grc' dir='ltr'><strong>ἱ</strong></span> <span class='ocrx_word' id='word_1_1037' title='bbox 3032 5655 3405 5723; x_wconf 79' lang='lat' dir='ltr'><strong>transactaque</strong></span> <span class='ocrx_word' id='word_1_1038' title='bbox 3453 5638 3689 5715; x_wconf 75' lang='lat' dir='ltr'><strong>plurima‘</strong></span> 
     </span>
    </p>
   </div>
  </div>
