3956 6190
219 343 309 397 είΰθ

1278 334 1471 390 LIBER
1512 327 1997 386 PON'l‘lFlCALlS.
2037 360 2104 370 -—
2144 327 2320 382 PARS
2355 328 2392 382 Ι.
3353 323 3450 377 .570

226 459 339 528 {sive
363 453 630 524 plurium]
660 467 918 508 annormn
967 454 1234 506 currletna
1281 451 1436 528 spat-ii
1459 491 1472 509 ,
1501 446 1776 528 pontifica-
1807 446 1853 503 Α
1881 442 2215 528 cipicndum;
2249 450 2301 494 at
2321 442 2519 522 Juliunt
2543 445 2664 496 ante
2691 439 2988 528 lpijttstttmli
3013 437 3294 528 concilium
3328 457 3449 528 cum

231 515 330 580 tum
360 515 538 578 antisit
562 515 824 578 et'vilam.
861 546 878 574 ι
911 525 1031 577 ll:ec
1059 525 1200 575 enim
1230 515 1333 574 non
1375 515 1681 573 dicerentur
1713 515 1780 568 de

233 614 284 651 eo
307 598 390 664 qui
421 597 757 665 scptennium
793 595 846 647 in
874 595 1181 662 pontilicatu
1211 591 1494 659 explesset.

706 704 931 760 CAPUT
968 701 1295 758 TERTIUM.

234 777 447 832 Concilio
485 774 846 828 Romanam!)
893 775 1039 828 Julia
1081 773 1254 843 plura.
1307 771 1384 824 De
1411 769 1641 843 illorum
1685 784 1782 843 ξιι-

290 865 437 906 mcro,
474 847 748 898 occasione
771 862 832 898 ac
861 837 1091 913 tenuiore
1111 841 1487 913 contrauersim.
1514 839 1651 913 Actu
1675 837 1781 913 llo-

291 933 449 969 nmna’
495 913 687 987 synodi
723 915 909 987 prioris
965 907 1292 987 suppositum
1338 910 1525 987 Pugio,
1556 907 1776 987 Ltrlilreo,

289 988 492 1039 criticis.
512 978 688 1038 Series
709 978 1579 1054 épiscopormitaliediolnueusium.
1606 978 1779 1054 Julius

289 1055 547 1108 Firmicus
578 1050 849 1107 Maternus
871 1050 1079 1106 minime
1103 1051 1504 1105 Mcdiolanensis
1542 1050 1774 1102 antistes.

292 1124 418 1178 Loca
447 1141 514 1177 ea‘
539 1140 696 1193 opere
724 1125 786 1177 de
812 1124 1066 1193 mysteriis
1101 1122 1440 1192 profanarum
1471 1118 1777 1188 religionum

287 1197 558 1248 illustrem.

287 1289 319 1340 ι.
345 1285 612 1339 Baronius
641 1286 741 1339 tria
769 1285 1010 1355 agnoscit
1037 1283 1262 1355 concilia
1297 1282 1534 1355 Romana
1566 1280 1664 1332 sub
1687 1278 1779 1331 Ju-

227 1359 288 1412 lio
319 1356 567 1426 pontiﬁce
617 1354 903 1426 celebrata.
948 1355 1184 1407 Primum
1235 1354 1354 1413 hoc,
1389 1354 1453 1404 de
1486 1366 1592 1418 quo
1637 1365 1778 1426 nunc

228 1419 516 1495 quairimus,
550 1426 700 1494 quod
730 1442 758 1478 a
799 1424 940 1495 iulio
984 1431 1059 1477 ait
1108 1431 1476 1495 convocatum,
1510 1428 1567 1473 ut
1595 1419 1775 1495 statim

230 1487 544 1565 pontiﬁcatus
570 1487 662 1549 sui
691 1497 842 1549 initio
861 1494 1130 1548 Nicmnum
1153 1492 1513 1565 conﬁrmaret,
1541 1487 1781 1565 celebra-

230 1560 419 1635 tamque
457 1566 604 1633 ipso,
650 1581 757 1634 quo
808 1580 1031 1635 magnus
1087 1562 1468 1635 Constantinus
1526 1560 1775 1635 decessit,

231 1631 350 1709 anno
389 1631 770 1709 Cli_i'isti_5_57.
821 1631 1148 1709 Sec-uudupi,
1192 1648 1332 1709 anno
1363 1631 1579 1709 _55_(._l,_in
1615 1646 1776 1709 causa

228 1706 499 1769 Athanasii,
527 1706 629 1775 qui
655 1707 743 1758 diu
785 1701 1190 1775 exspectaverat
1239 1703 1324 1775 ibi
1356 1701 1615 1775 judicium
1665 1701 1777 1768 epi-

229 1792 504 1845 scoporum,
545 1771 752 1844 quique
800 1771 921 1845 post
954 1774 1238 1828 concilium
1266 1771 1642 1845 Alcitandriam
1671 1783 1776 1845 sta-

226 1841 318 1900 tim'
349 1841 632 1914 regressus
668 1841 774 1898 est.
801 1841 1047 1898 Tertium
1082 1859 1224 1898 anno
1259 1843 1378 1902 542,
1412 1850 1532 1911 post
1568 1841 1776 1914 cladem

229 1910 653 1979 Alexandrinam,
689 1916 1056 1982 intrusun'ique
1097 1915 1151 1968 in
1191 1915 1335 1968 illam
1363 1910 1544 1966 sedem
1573 1910 1777 1981 Grego-

227 1987 362 2046 rium,
388 1986 456 2038 ob
484 2003 616 2054 qua:
658 1985 834 2039 denuo
876 1985 1204 2038 Athanasius
1253 1984 1504 2054 Romam
1530 1996 1776 2035 reversus

224 2056 296 2108 sit.
350 2051 536 2110 Petrus
595 2058 664 2110 de
711 2054 888 2108 Marco
939 2055 1080 2109 aliud
1141 2055 1422 2108 concilium
1476 2051 1774 2103 Romanum

227 2126 437 2190 agnoscit.
461 2143 528 2180 ex
557 2126 738 2180 sancti
783 2125 969 2178 Hilarii
1000 2125 1330 2194 fragmentis,
1365 2131 1508 2194 ctex
1543 2121 1772 2194 epistola

223 2195 315 2248 (ιδἰί
337 2198 394 2247 ad
423 2196 829 2260 Constantium,
858 2196 997 2263 quod
1019 2191 1348 2249 celebratum
1391 2192 1540 2263 dicit,
1561 2191 1775 2263 biennio

225 2272 334 2334 post
358 2265 584 2320 .‘l-lediola
598 2280 760 2320 nense
787 2261 911 2319 anni
935 2265 1062 2326 547,
1091 2264 1142 2317 id
1169 2272 1253 2319 est
1281 2278 1420 2316 anno
1447 2261 1570 2334 549,
1595 2261 1645 2334 i_n
1668 2276 1774 2330 quo

226 2331 475 2390 damnatus
500 2337 773 2390 Photinus
801 2334 1114 2389 Sirmicnsis
1141 2332 1578 2405 episcopus_fuit._
1606 2331 1661 2384 ιιι
1708 2347 1774 2405 eo

226 2406 423 2458 concilio
453 2407 719 2462 Ursacius
755 2415 808 2460 et
857 2406 1069 2466 Valens,
1097 2401 1238 2474 quod
1287 2401 1338 2458 in
1390 2401 1774 2474 Mediolanensi

225 2473 452 2536 iecerant.
493 2497 509 2526 ι
542 2477 882 2545 pmnitentite
907 2476 1085 2529 libello
1111 2472 1553 2545 consubstantiali
1588 2487 1775 2526 assen-

230 2545 420 2604 tiuntur,
445 2563 509 2601 ac
540 2543 744 2602 litteris
787 2547 852 2599 ad
880 2545 1230 2598 Athanasium
1262 2543 1460 2606 missis,
1485 2543 1548 2596 de
1576 2553 1773 2596 caetero

224 2630 325 2667 eum
369 2616 456 2669 illo
491 2617 994 2670 communicaturus
1047 2616 1284 2669 fatentur
1333 2634 1351 2666 ι
1414 2623 1469 2668 ιιι
1519 2611 1607 2666 So:
1627 2621 1774 2666 rates

228 2682 309 2757 lib.
328 2701 382 2749 ιι,
407 2704 523 2757 cap.
584 2687 664 2747 l9,
689 2686 811 2738 licet
838 2685 1164 2739 Sozomenes
1191 2685 1283 2751 lib.
1317 2700 1398 2757 ιιι,
1426 2699 1549 2757 cap.
1579 2682 1648 2757 2'2
1668 2683 1773 2757 ,_li-

229 2752 606 2827 helltuuipsurll
623 2757 914 2827 exhibens,
941 2764 1065 2827 ante
1091 2756 1318 2827 scriptas
1351 2755 1661 2827 Athanasio
1689 2752 1773 2806 lit-

228 2831 350 2880 teras
385 2823 527 2880 illum
586 2826 652 2880 ab
687 2826 904 2880 Ursacio
933 2834 984 2880 et
1021 2823 1240 2879 Valente
1270 2823 1542 2892 praedictis
1589 2823 1771 2876 datum

229 2894 366 2957 dicat,
391 2913 506 2950 eum
542 2897 609 2951 hi
653 2896 809 2949 simul
847 2911 968 2949 cum
1021 2889 1332 2963 Thcognide
1378 2895 1428 2946 in
1482 2889 1770 2945 Mareotem

226 2966 706 3032 proﬁciscebantur.
732 2965 989 3019 Libellum
1010 2967 1255 3019 eumdem
1281 2963 1434 3017 aliert
1449 2964 1771 3016 Athanasius

227 3035 404 3106 apolog.
436 3053 492 3089 ιι.
529 3037 616 3091 De
659 3037 760 3090 hoc
797 3037 954 3089 tertio
991 3044 1202 3090 asserto
1256 3034 1497 3087 Romano
1542 3033 1770 3106 concilio

229 3105 335 3175 nihil
361 3103 406 3159 in
443 3123 558 3160 rem
594 3118 910 3175 pnesentem
965 3121 1123 3174 agere
1167 3119 1344 3174 opera:
1387 3113 1468 3157 est
1513 3103 1763 3175 pretium.

229 3171 354 3236 Vide,
379 3177 420 3229 si
449 3171 624 3242 lubet,
651 3177 922 3230 Baluzium
956 3171 1022 3229 in“
1040 3191 1174 3229 nova
1199 3171 1521 3229 Collectione
1545 3172 1764 3236 concil.,

224 3258 326 3314 pag.
353 3246 435 3300 27.
464 3247 779 3300 Secundum
803 3247 1086 3301 concilium
1115 3263 1142 3298 a
1165 3245 1396 3299 Baronio
1422 3251 1685 3302 assertum
1713 3244 1764 3297 in

225 3318 624 3371 controversiam
658 3317 888 3370 vertitur
908 3317 975 3370 ab
1001 3316 1247 3379 eruditis,
1272 3315 1362 3384 qui
1386 3321 1579 3384 negant
1604 3315 1768 3367 Atha—

226 3386 408 3440 nasium
441 3387 678 3441 Romam
701 3388 915 3440 venisse
947 3388 1055 3451 his,
1093 3395 1153 3440 ut
1180 3383 1454 3439 contendit
1479 3383 1766 3449 Baronius,

227 3461 269 3505 et
308 3458 458 3510 semel
496 3465 713 3510 tantum
753 3457 804 3510 id
837 3455 1033 3511 factum
1085 3457 1394 3516 admittunt,
1422 3471 1542 3508 cum
1573 3455 1770 3508 subau-

227 3523 368 3579 disset
391 3526 646 3594 Arianos,
675 3527 888 3580 decreta
933 3525 1048 3592 ejus
1090 3526 1422 3595 expulsione,
1448 3523 1767 3593 Gregorium

224 3595 608 3651 suluutrusisse.
644 3597 774 3650 Vide
805 3612 916 3649 rem
951 3606 995 3649 to
1010 3607 1114 3649 tam
1149 3597 1339 3649 diliuse
1384 3604 1671 3648 tractatam
1701 3609 1768 3648 ex

231 3663 410 3718 Vah-sio
449 3667 511 3719 ad
535 3682 751 3720 annum
781 3667 888 3721 542
929 3681 958 3719 a
987 3666 1150 3734 Pagio
1180 3667 1230 3719 in
1262 3665 1458 3719 Critica
1493 3664 1771 3718 historico-

224 3734 578 3808 chronologica
613 3736 847 3808 Baronii.
875 3737 930 3790 ln
963 3753 1035 3808 eo
1056 3748 1231 3790 tamen
1257 3735 1361 3788 falli
1388 3735 1654 3808 Valesium
1685 3744 1767 3808 te-

226 3815 341 3857 nent
361 3805 475 3870 alii,
499 3806 652 3876 quod
705 3808 968 3877 synodum
1019 3807 1339 3870 Ruinanam,
1389 3807 1457 3877 de
1508 3821 1612 3874 qua
1663 3805 1766 3860 ulla

226 3875 569 3946 controversia
605 3875 828 3946 minime
875 3877 1058 3930 haberi
1095 3885 1291 3946 potest,
1324 3875 1644 3931 celebratam
1685 3891 1768 3943 as-

229 3944 336 3998 serit
391 3963 530 4001 anno
595 3945 721 4011 542,
777 3963 898 4002 cum
961 3944 1124 4000 cerne
1187 3947 1472 4000 videantur
1535 3947 1770 4001 rationes

225 4022 499 4085 tistrucntes
544 4017 786 4071 habitam
825 4018 989 4071 fuisse
1034 4027 1285 4085 vergente
1324 4019 1390 4071 ad
1432 4016 1588 4070 linem
1627 4033 1769 4069 anno

227 4083 332 4146 Sil,
354 4102 411 4139 ex
437 4103 501 4141 eo
529 4088 676 4157 quod
706 4086 877 4140 Julius
905 4102 1040 4156 papa
1079 4083 1262 4154 aperte
1295 4095 1523 4157 testctur
1558 4086 1770 4153 episco-

227 4167 308 4219 pos
331 4156 558 4213 adl‘uisse
585 4158 786 4211 imlicta
815 4159 918 4218 die,
948 4157 1257 4224 legatosque
1300 4158 1366 4210 ab
1414 4156 1630 4209 Arianis
1676 4157 1766 4210 de-

231 4230 381 4279 tentos
403 4229 612 4291 tandiu,
644 4228 818 4296 quoad
848 4228 1074 4296 regressi
1107 4226 1219 4296 sint
1248 4227 1415 4278 multo
1445 4233 1564 4294 post
1605 4241 1764 4293 quam

225 4309 280 4344 ea
294 4299 506 4364 synodus
525 4295 725 4351 indicta
746 4295 936 4351 fuerat.
954 4297 1104 4361 Quod
1121 4295 1162 4348 si
1179 4295 1507 4349 Athanasius
1524 4297 1766 4365 apologia

227 4368 429 4435 secunda
466 4368 543 4421 ait
567 4386 636 4426 :,«
660 4367 781 4421 lla'c
806 4383 927 4421 cmn
958 4365 1139 4419 Reum:
1163 4366 1398 4435 synodus
1444 4381 1538 4434 per
1569 4365 1765 4420 Julium

227 4431 496 4511 liomanum
531 4438 844 4511 episcopum
892 4431 1216 4511 scripsisset,
1252 4457 1269 4487 ι
1303 4431 1520 4511 etc._,_ct
1542 4436 1764 4504 epistola

230 4505 323 4569 ipsa
342 4510 529 4578 scripta
550 4505 768 4576 éstpoét
791 4505 1082 4578 legatorum
1108 4506 1359 4578 reditum,
1377 4505 1559 4578 dicunt
1586 4516 1762 4562 tamen

229 4577 459 4649 synodum
487 4579 821 4633 commisisse
841 4577 982 4632 Iulio
1001 4577 1331 4649 provinciam
1361 4577 1625 4649 scribendi
1649 4591 1766 4646 qua:

229 4647 274 4716 in
317 4649 508 4713 synodo
556 4657 676 4701 acta
733 4656 916 4706 erant,
978 4657 1033 4702 et
1089 4647 1442 4714 respondendi
1499 4648 1767 4716 prioribus

225 4711 424 4778 litteris;
456 4719 598 4786 quod
649 4728 831 4788 postea
877 4728 1138 4787 praestans
1178 4711 1372 4781 Julius,
1409 4711 1639 4772 reversis
1687 4719 1765 4773 le-

228 4788 348 4857 gatis
372 4789 640 4853 prioribus
674 4788 840 4842 simul
887 4797 941 4840 et
977 4789 1394 4857 posterioribus,
1445 4787 1765 4843 Arianorum

230 4855 400 4931 litteris
437 4859 791 4931 respondisse.
851 4855 994 4931 Alias
1043 4859 1185 4931 enim
1239 4857 1588 4931 improbabile
1633 4859 1767 4926 adji—

229 4929 392 4988 riunt,
446 4929 724 4996 episcopos
772 4929 968 4982 indicta
1022 4930 1106 4982 die
1153 4929 1532 4982 eonvenientes
1573 4944 1767 4997 exspe-

226 5001 385 5068 t'tnsse
403 5008 713 5066 sequentem
736 5013 960 5061 annum,
993 5015 1099 5067 quo
1139 4999 1351 5051 demum
1383 4999 1646 5068 synodum
1686 5017 1767 5053 ee-

228 5059 624 5137 l_ehrarent'post
650 5059 954 5137 legatorum
989 5059 1295 5121 adventum.
1346 5059 1433 5132 At',
1486 5079 1544 5121 ut
1579 5085 1765 5123 verum

229 5130 400 5208 (alitur,
431 5130 521 5208 res
537 5148 621 5193 est
641 5130 1066 5208 intvplicatissima
1097 5156 1108 5189 :
1147 5154 1266 5208 eum
1293 5130 1437 5191 enim
1477 5139 1765 5192 adventum

232 5198 434 5277 llomam
459 5198 735 5263 Athanasii
757 5203 1312 5275 dill'erant,quousque
1338 5209 1449 5277 jam
1475 5208 1767 5277 Gregorius

234 5271 517 5342 designatus
541 5278 712 5334 fuerat
747 5280 814 5332 ab
854 5271 1072 5348 Arianis
1100 5271 1431 5348 Alexandrite
1457 5271 1755 5348 episcopus,

229 5349 277 5390 ct
297 5355 492 5399 constet
517 5363 580 5403 ex
621 5349 748 5404 Julii
794 5348 1009 5410 litteris,
1043 5347 1428 5410 Athanasium,
1472 5349 1560 5415 qui
1625 5347 1764 5402 idem

239 5417 449 5487 testatur
473 5417 536 5469 de
561 5435 640 5483 se,
683 5421 865 5473 Romae
897 5425 1238 5485 exspectasse
1278 5433 1470 5469 ammm
1515 5426 1678 5470 totum
1717 5429 1764 5472 et

233 5491 572 5558 intergressu
626 5507 842 5552 menses,
897 5487 1107 5541 videtur
1141 5487 1613 5558 synmlum__citius
1661 5505 1764 5542 non

236 5549 380 5631 {pisse
398 5555 710 5612 celebratam
723 5549 881 5631 quam
899 5549 1184 5626 postremis
1203 5555 1327 5631 anni
1348 5556 1452 5609 542
1475 5558 1762 5631 mensibus.

240 5619 348 5694 βςίυ
371 5638 483 5677 eam
512 5642 627 5683 esse
659 5619 1032 5683 nonnullorum
1079 5625 1422 5689 sententiam,
1448 5636 1505 5680 ut
1547 5629 1765 5683 credant

242 5700 284 5738 tu
303 5706 358 5742 ea
384 5693 454 5767 nil
472 5696 607 5752 aliud
625 5701 763 5767 quod
778 5700 843 5752 ad
863 5697 1216 5752 Athanasium
1240 5706 1522 5765 spectaret,
1541 5699 1760 5762 laetum,

240 5772 380 5825 ‘taani
409 5761 686 5826 decernere
713 5769 955 5826 eumdem
982 5767 1046 5824 ad
1082 5761 1508 5824 cottimunioiicut
1546 5770 1644 5827 rite
1679 5761 1758 5828 reé

1792 4479 1844 4538 D

1882 510 2178 566 Athanasio
2223 513 2644 573 (:(mununicasse
2701 513 2850 564 fateri
2904 512 3118 571 debent,
3155 510 3199 563 si
3255 520 3452 578 negant

1884 584 2117 652 priorem
2145 583 2402 651 synodum
2425 590 2604 652 actam
2629 582 2824 644 fuisse;
2852 581 3032 634 Ariani
3054 581 3195 652 enim
3216 578 3283 633 de
3305 581 3450 633 nullo

1884 651 2054 722 inagis
2083 654 2134 706 in
2165 652 2388 722 epistola
2416 651 2554 707 Julio
2575 655 2774 721 scripta
2796 651 3072 719 conquesti
3103 658 3256 722 sunt,
3285 665 3445 722 (piam

1882 723 1948 776 de
1971 693 2263 776 Athanasio
2284 723 2334 775 in
2355 693 2790 776 communiodem
2824 693 3067 787 recepto;
3101 693 3449 789 qumtlii'oliat

1881 791 2076 862 Pagius
2097 808 2162 846 ex
2198 791 2409 846 Valesio
2443 793 2557 846 loco
2584 792 2816 844 laudato.
2858 791 2927 843 At
2963 790 3027 844 de
3065 806 3127 844 ea
3153 791 3447 862 quastione.

1883 860 2106 916 aliorum
2145 862 2560 929 estojudicium.
2613 863 2734 915 tltec
2779 877 2943 930 pauca
2973 861 3278 914 smnmatim
3313 860 3447 914 mihi

1882 932 2158 986 delibanda
2209 933 2428 1000 sumpsi,
2480 941 2538 986 ut
2591 939 2847 1000 appareat
2900 947 3057 999 quam
3103 939 3448 984 controversa

1881 1003 1990 1056 sint
2045 1003 2271 1058 concilia
2323 1003 2561 1057 llomana
2617 1003 2716 1057 sub
2760 1001 2899 1055 .lnlio
2938 1001 3120 1054 [lenne
3149 1000 3351 1064 habita,
3379 1019 3448 1055 ex

1880 1073 2073 1140 quibus
2103 1073 2324 1141 proinde
2346 1083 2548 1126 eertum
2571 1073 2659 1124 vix
2687 1072 2894 1141 sperari
2918 1071 3086 1141 possit
3111 1073 3176 1124 aJ
3204 1080 3446 1125 statuen—

1882 1145 2006 1196 dam
2043 1145 2168 1210 armi
2209 1141 2488 1208 cujuslilet
2519 1143 2820 1196 historiam.

1951 1213 2010 1266 ll.
2056 1212 2226 1274 Nunc,
2259 1214 2402 1280 quod
2429 1213 2756 1281 principatum
2801 1214 2852 1265 in
2898 1213 2998 1264 hac
3042 1226 3098 1268 re
3143 1219 3242 1274 est,
3283 1227 3447 1279 agen-

1880 1284 2004 1336 dum
2032 1285 2096 1338 de
2122 1284 2286 1352 priori
2316 1284 2553 1336 Romana
2588 1285 2790 1352 synodo
2821 1297 2940 1351 qtae
2977 1281 3290 1352 ltaroniame
3316 1298 3441 1352 sen—

1880 1355 2060 1408 tentite
2079 1351 2145 1408 de
2173 1362 2411 1422 tempore
2439 1367 2543 1420 quo
2565 1351 2822 1422 Agapitus
2842 1353 3122 1421 episcopus
3145 1351 3299 1410 sedit,
3329 1351 3449 1403 fun-

1879 1425 2186 1477 damentum
2214 1433 2318 1486 est,
2347 1432 2400 1478 et
2420 1439 2448 1476 a
2477 1440 2578 1488 qua
2609 1439 2729 1477 cum
2762 1439 2819 1476 se
2845 1423 3012 1490 premi
3046 1423 3260 1475 liuicns
3285 1422 3450 1474 δριιὶ⁴

1879 1503 1980 1556 ret,
2006 1495 2079 1547 nil
2114 1495 2290 1563 aptius
2315 1494 2516 1546 invenit
2546 1509 2704 1562 quam
2736 1493 2804 1545 ab
2825 1509 2966 1546 anno
2997 1491 3122 1554 557,
3160 1491 3440 1563 quoillam

1877 1562 2203 1618 celebratam
2253 1564 2415 1617 fuisse
2457 1564 2651 1619 asserit
2700 1564 2840 1616 idem
2886 1563 3186 1624 Baronius,
3230 1562 3294 1613 ad
3342 1563 3445 1617 563

1880 1636 2192 1688 transferre.
2232 1633 2462 1688 Baronio
2503 1635 2555 1687 in
2588 1635 2688 1687 hac
2718 1642 2867 1701 parte
2919 1633 3195 1685 adlicescre
3238 1632 3448 1701 Bollan-

1879 1705 1976 1758 dus
2005 1705 2264 1772 sociique,
2296 1718 2396 1757 nec
2416 1699 2804 1771 exquirendum
2827 1717 3084 1757 censuere
3115 1702 3179 1754 de
3207 1699 3444 1766 ejusdem

1805 1782 1848 1840 Β
1877 1775 2063 1844 synodi
2105 1774 2352 1828 veritate.
2405 1773 2533 1844 Mihi
2572 1787 2704 1826 vero
2747 1789 2858 1826 rem
2906 1773 3442 1844 scrioppcrpemlcnti

1881 1842 2052 1897 visum
2083 1854 2186 1899 est.
2223 1843 2484 1912 quidquid
2533 1844 2603 1896 sit
2646 1844 2710 1897 de
2747 1859 2809 1897 ea
2839 1842 3063 1912 synodo,
3112 1857 3272 1909 quam
3305 1843 3443 1894 cele-

1877 1914 2087 1968 bratam
2111 1911 2276 1968 fuisse
2307 1911 2502 1982 negare
2525 1914 2706 1976 nolim,
2739 1913 2850 1967 scio
2871 1911 3080 1965 etenim
3101 1927 3199 1978 per
3219 1927 3282 1965 ea
3310 1923 3444 1964 tem-

1875 1999 2005 2052 pora
2036 1985 2471 2053 frequentissinie
2499 1985 2723 2036 concilia
2753 1983 3026 2037 celebrata
3056 1982 3242 2053 fuisse,
3275 1983 3366 2035 sed
3387 1993 3442 2036 et
3518 2002 3524 2008 ο

1876 2051 1958 2109 bis
2002 2051 2227 2124 singulis
2263 2055 2419 2108 annis
2453 2053 2603 2123 juxta
2643 2053 2881 2107 Niczenos
2919 2067 3174 2124 canones,
3202 2051 3442 2124 Attata-

1875 2141 1998 2179 men
2028 2121 2147 2192 qua:
2173 2124 2289 2192 ejus
2318 2140 2436 2178 esse
2456 2121 2730 2188 dicuntur,
2763 2122 3098 2192 supposititia
3121 2136 3238 2192 esse
3263 2130 3316 2175 ct
3340 2121 3444 2177 lide

1876 2191 2111 2264 indigna.
2167 2191 2511 2264 Farraginem
2561 2210 2680 2248 esse
2720 2191 3331 2264 hincgindecoilectam
3369 2193 3442 2264 ab

1875 2262 2061 2320 eodem
2086 2266 2176 2332 qui
2199 2262 2356 2319 binas
2373 2263 2514 2318 Julio
2535 2265 2789 2332 epistolas
2812 2262 2999 2327 allixit,
3025 2262 3247 2325 lsidoro,
3277 2262 3444 2315 actio-

1877 2350 1996 2388 nem
2048 2335 2188 2388 illam
2237 2350 2356 2404 qua:
2405 2335 2636 2388 Baronio
2683 2334 2952 2404 imposuit,
3002 2332 3223 2404 quidam
3252 2333 3444 2404 dicunt

1875 2405 2013 2474 apud
2044 2402 2332 2460 Labbteum
2361 2405 2415 2458 in
2449 2405 2730 2474 marginali
2759 2402 2891 2474 nota
2919 2404 3162 2474 ascripta
3180 2402 3441 2474 eidemin

1875 2471 2199 2529 Collectione
2239 2471 2600 2529 Concilioruni
2643 2485 2770 2528 tom.
2802 2473 2861 2532 ll,
2909 2490 3028 2543 pag,
3061 2471 3209 2543 527;?
3247 2482 3300 2543 et
3337 2472 3440 2543 Pa-

1911 2545 1993 2599 ius
2023 2545 2074 2598 in
2107 2545 2305 2600 Critica
2339 2561 2498 2614 supra
2535 2545 2714 2608 citata,
2748 2546 2812 2597 ad
2850 2542 3048 2597 :umum
3080 2542 3285 2614 Christi
3316 2542 3440 2607 557,

1929 2615 1981 2678 8,
2013 2617 2126 2669 haec
2157 2616 2341 2669 scribit
2367 2633 2378 2667 :
2405 2611 2427 2666 ι
2459 2615 2706 2685 Synodus
2742 2614 2982 2668 Romana
3008 2611 3272 2685 subiulio
3304 2628 3440 2685 papa

1873 2683 2016 2739 aliud
2040 2701 2144 2739 non
2172 2694 2257 2738 est
2281 2701 2440 2754 quam
2469 2683 2677 2755 farrago
2706 2684 2947 2754 qutedam
2977 2685 3045 2736 ab
3067 2683 3267 2755 Isidoro
3297 2683 3436 2736 Mer-

1874 2763 2057 2809 catore
2085 2751 2312 2810 collecta
2333 2772 2397 2809 ex
2428 2751 2695 2824 tripartita
2723 2751 2994 2822 aliisque,
3045 2753 3178 2824 etin
3209 2751 3438 2824 formam

1874 2825 2084 2879 concilii
2115 2826 2350 2880 redacta.
2383 2823 2540 2879 Certe
2571 2825 2712 2879 nulla
2744 2825 2860 2893 ejus
2892 2826 2942 2876 in
2977 2823 3152 2876 libello
3180 2823 3441 2892 synodico

1873 2895 2094 2949 mentio.
2123 2915 2140 2945 ι
2177 2894 2310 2948 llinc
2337 2904 2418 2948 est
2453 2895 2592 2963 quod
2625 2894 2738 2962 ejus
2785 2893 2983 2946 nullam
3030 2894 3293 2963 rationem
3343 2893 3439 2944 ha»

1872 2964 2034 3018 beant
2082 2965 2410 3020 recentiores
2459 2961 2662 3027 critici,
2707 2966 2846 3018 inter
2884 2980 3018 3032 quos
3067 2961 3268 3015 laudari
3323 2979 3438 3014 litt:-

1873 3043 2024 3114 retur
2051 3035 2305 3089 Doviatus
2339 3035 2391 3089 in
2423 3050 2584 3104 opere
2619 3036 2820 3104 optimo
2847 3033 3244 3114 Prmnotionum
3275 3048 3436 3086 cano-

1872 3119 2134 3158 nlCﬂl’Ulli.

1894 3231 1904 3242 ,
1940 3174 2021 3227 lll.
2064 3174 2230 3229 Porro
2253 3175 2296 3229 si
2332 3192 2360 3229 a
2400 3176 2675 3230 doctorum
2716 3175 2955 3229 virorum
3008 3175 3330 3230 auctOritate
3371 3177 3439 3229 ad

1869 3261 1984 3299 rem
2025 3245 2196 3315 ipsam
2245 3253 2598 3308 transeamus,
2649 3245 2778 3300 illud
2814 3246 2940 3299 mihi
2984 3244 3203 3300 evidens
3229 3247 3441 3300 videtur

1869 3317 2012 3385 quod
2041 3317 2083 3369 si
2117 3330 2270 3387 error
2304 3316 2356 3369 in
2385 3317 2723 3387 assignandis
2749 3315 3057 3387 consulibus
3081 3316 3291 3385 signum
3329 3316 3434 3370 tale

1870 3386 2250 3454 suppositionis
2301 3386 2543 3440 habitum
2588 3395 2669 3442 est
2713 3403 2741 3440 a
2787 3386 2961 3449 Biuio,
3003 3395 3062 3439 ut
3097 3401 3160 3438 ex
3194 3387 3306 3441 solo
3334 3387 3438 3441 hoc

1870 3459 2046 3524 capite
2080 3456 2385 3525 illegitimas
2434 3458 2626 3510 merito
2673 3457 2944 3512 censuerit
2992 3455 3244 3525 epistolas
3289 3455 3429 3511 Julio

1870 3527 2151 3595 ascriptus,
2191 3542 2308 3595 qua:
2339 3527 2598 3581 habentur
2642 3529 2699 3581 in
2744 3527 3045 3581 Labbtcana
3085 3526 3437 3591 Collectione,

1870 3612 1990 3665 pag.
2024 3596 2127 3649 475
2155 3605 2210 3650 et
2238 3596 2340 3649 485
2373 3597 2498 3650 ιοιηί
2531 3598 2772 3661 secundi,
2810 3598 2926 3651 ﬁeri
2963 3611 3064 3650 non
3098 3597 3268 3666 possit
3295 3600 3435 3664 quod

1869 3667 1914 3720 si
1944 3675 2138 3721 cetera
2169 3666 2391 3720 dicenda
2445 3668 2711 3730 deessent,
2762 3669 2886 3721 hinc
2936 3666 3124 3720 saltem
3177 3675 3230 3719 et
3278 3668 3441 3734 hujus

1870 3737 2077 3790 concilii
2105 3737 2237 3790 Acta
2266 3737 2539 3805 supposita
2569 3753 2670 3790 non
2695 3737 3022 3804 judicentur.
3055 3737 3262 3791 Etenim
3286 3753 3438 3790 eum-

1870 3807 1989 3861 dem
2020 3808 2238 3860 omnino
2276 3823 2516 3860 errorem
2560 3809 2762 3862 erravit
2805 3807 2890 3860 ille
2921 3807 3010 3875 qui
3037 3807 3290 3874 epistolas
3320 3822 3433 3860 mc—

1871 3885 2108 3931 moratas
2137 3886 2390 3946 tanquam
2415 3893 2480 3931 ex
2507 3877 2694 3947 synodi
2719 3878 2936 3931 decreto
2964 3885 3240 3930 en'ianatas
3268 3878 3438 3930 inten-

1870 3947 2002 4016 dens
2037 3949 2322 4016 propinare
2349 3962 2414 4000 ex
2447 3947 2700 4002 memloso
2726 3947 3030 4008 Anastasio,
3073 3947 3274 4000 eisdem
3304 3963 3436 4000 con-

1869 4015 2073 4070 solibus
2116 4015 2348 4085 signavit
2389 4016 2524 4070 Acta
2569 4017 2757 4139 sKlnodi
2803 4026 2858 4070 et
2903 4017 3192 4086 epistolas,
3243 4036 3260 4066 (
3289 4017 3433 4072 Feli-

1870 4085 2024 4139 ciano
2051 4107 2068 4136 ι
2125 4087 2392 4139 videlicet.
2450 4106 2467 4137 ι
2499 4095 2554 4139 et
2648 4087 2915 4139 aximiano
2954 4087 3082 4139 viris
3118 4086 3433 4139 clarissimis

1870 4085 2024 4139 ciano
2051 4107 2068 4136 ι
2125 4087 2392 4150 videlicet,
2450 4106 2467 4137 ι
2499 4095 2554 4140 et
2592 4085 2915 4140 Maximiano
2939 4085 3082 4140 ’viris
3118 4086 3434 4142 clarissimis

1867 4170 2018 4226 coss.
2040 4175 2057 4206 ι
2089 4157 2160 4210 At
2185 4157 2228 4210 si
2257 4172 2322 4210 ex
2354 4157 2456 4210 hoc
2497 4157 2673 4225 capite
2705 4157 2960 4225 epistola:
3001 4155 3141 4210 Julio
3189 4159 3435 4226 ascripta:

1870 4225 2074 4297 lictitite
2126 4227 2536 4297 existimantur,
2586 4237 2788 4295 quanto
2837 4227 3009 4297 magis
3066 4227 3199 4281 Acta
3247 4225 3434 4296 synodi

1869 4295 2005 4362 ipsa,
2065 4312 2184 4366 quae
2229 4296 2373 4350 nullo
2413 4296 2730 4352 charactere
2776 4295 3108 4362 muniuntur,
3137 4295 3428 4366 probabili!

1868 4366 2158 4436 Qtillegium
2183 4367 2324 4420 enim
2348 4367 2624 4421 consulmn
2653 4379 3003 4422 memoratum
3035 4368 3220 4422 nulhbi
3244 4369 3295 4422 in
3325 4379 3433 4422 tota

1871 4435 2153 4508 Fastorum
2187 4439 2326 4491 serie
2351 4438 2638 4508 invenitur,
2671 4439 2816 4507 quod
2842 4439 3064 4508 proinde
3101 4456 3251 4508 aeque
3284 4440 3434 4508 inep-

1872 4507 2187 4580 tumluerat
2215 4509 2279 4580 ad
2303 4508 2514 4580 Baronii
2551 4507 2876 4580 {nudandam
2925 4507 3272 4573 senuntiam,
3318 4507 3434 4562 al'ti-

1866 4578 2204 4700 penduntque
2247 4577 2532 4632 consilium
2582 4593 2722 4632 anno
2760 4579 2884 4643 557,
2931 4580 3317 4634 sicutimlictio
3343 4582 3375 4633 ti
3402 4595 3434 4633 a

1889 4648 2055 4700 iubeo
2077 4658 2373 4700 assumpta.
2400 4658 2461 4700 ut.
2489 4648 2615 4700 illud
2639 4650 2812 4700 insunt
2837 4649 2888 4700 in
2913 4666 3107 4700 annum
3131 4650 3236 4700 548
3260 4661 3434 4700 trans-

1889 4648 2055 4702 {ubco
2077 4658 2373 4717 assumpta,
2400 4658 2461 4703 ut
2489 4648 2615 4703 illud
2639 4650 2812 4719 ipsum
2837 4649 2888 4702 in
2913 4666 3107 4703 annum
3131 4650 3236 4704 548
3260 4661 3435 4705 trans-

1867 4717 2054 4790 ferret.
2086 4719 2210 4772 Haec
2236 4729 2437 4790 autem,
2463 4728 2523 4772 ut
2547 4717 2682 4774 bene
2711 4719 2943 4774 advertit
2969 4721 3250 4784 Baronius,
3283 4722 3433 4790 inep—

1868 4788 2072 4860 tissime
2119 4789 2405 4860 concilium
2439 4789 2700 4860 icl'liceret
2749 4791 3076 4845 celebratum
3126 4808 3270 4844 anno
3317 4788 3433 4860 ipth

1868 4857 2448 4913 Sardicensisconcilii
2476 4859 2600 4922 547,
2649 4867 2702 4913 et
2737 4860 2860 4913 inde
2900 4872 3198 4914 monstrum
3245 4857 3433 4930 ingens

1867 4931 2120 4992 oriretur,
2169 4931 2310 4996 quod
2355 4929 2542 4983 eodem
2584 4944 2726 4982 anno
2764 4930 2964 4983 tandem
3001 4931 3155 4984 sedes
3191 4929 3434 4984 diversos

1868 4999 2178 5053 habuissent
2207 5001 2483 5068 episcopos
2509 4999 2713 5068 duobus
2737 5000 2981 5054 conciliis
3007 5001 3424 5054 subscribentes.

1865 5069 2053 5122 Aunus
2078 5067 2249 5139 etiam
2270 5067 2479 5139 imperii
2513 5067 2810 5139 Constantii
2837 5079 2891 5122 et
2917 5071 3227 5124 Constantis
3252 5072 3428 5137 Augu-

1866 5147 2070 5192 storum
2101 5138 2166 5192 ιν
2200 5154 2304 5192 ιιυιι
2332 5138 2593 5201 subsistit,
2641 5155 2761 5192 cum
2800 5140 3085 5194 character
3126 5140 3428 5208 hujusmodi

1866 5224 2007 5261 anno
2052 5209 2156 5261 540
2200 5209 2707 5279 ἱιιοιιιιιθνοωρονίι,
2755 5225 2861 5277 quo
2891 5211 3104 5279 quidem
3142 5210 3426 5263 concilium

1866 5279 2124 5332 indictum
2161 5279 2404 5331 novimus
2431 5278 2481 5330 in
2511 5294 2672 5333 causa
2701 5278 3000 5340 Athanasii,
3041 5281 3133 5335 sed
3158 5297 3262 5334 non
3291 5281 3430 5334 cele-

1864 5350 2112 5413 bratum,
2147 5357 2210 5420 ut
2247 5364 2406 5420 supra
2445 5348 2646 5403 dictum
2683 5360 2784 5403 est.
2828 5352 2926 5416 Qui
2965 5353 3125 5417 igitur
3176 5352 3288 5404 lieri
3337 5368 3431 5420 po-

1867 5429 1971 5490 test
2025 5428 2080 5471 ut
2130 5418 2263 5470 Acta
2316 5417 2621 5490 hujusmodi
2681 5420 2915 5490 legitima
2968 5423 3249 5486 dicamus,
3307 5417 3427 5490 q'uze

1865 5489 2010 5542 nullo
2040 5489 2198 5542 modo
2241 5489 2400 5542 annis
2440 5489 2632 5557 quibus

1862 5559 2027 5613 bilia?
2617 5577 2622 5584 '

1936 5631 2020 5683 IV.
2064 5629 2261 5682 Verum
2311 5628 2606 5702 conferenti
2648 5639 2848 5702 cattera
2901 5647 3084 5686 eorum
3127 5641 3437 5702 temporum-

1865 5710 2206 5773 mouumcnta
2258 5715 2377 5752 cum
2419 5699 2594 5773 isthac
2629 5701 2931 5773 farragine,
2989 5699 3426 5773 deprclicnsaque

1868 5769 2084 5826 horrida
2133 5785 2384 5825 sensuum
2428 5769 2656 5840 styliquc
2705 5769 2972 5843 barbarie,
3002 5769 3250 5844 quibusa
3277 5769 3426 5846 prin,—

2708 5491 2844 5546 ulius
2871 5493 3008 5546 sedit
3036 5500 3159 5566 sunt
3188 5491 3424 5562 applica-
