3956 6190
483 396 598 454 ’491

1232 389 1526 448 AGNELLI
1566 387 1852 444 ABBATIS
1891 386 1948 440 S.
1989 383 2229 438 MAR!!!)
2268 384 2359 439 AD
2397 384 2873 449 BLACHERNAS,
2900 381 3051 437 ETC.

3659 378 3793 432 491

501 513 635 570 divit
662 551 675 573 ,
726 510 1007 577 omnisque
1058 505 1412 577 philosophia:
1463 502 1639 557 tenuit
1694 500 2073 570 principatum.
2106 499 2321 577 A‘pliia;
2356 495 3043 577 tenuisse_prin_cipatum..i
3068 484 3776 577 Aliubeusind‘gisi‘bi‘w

480 604 631 661 ~~Post
660 604 773 657 inec
795 608 971 653 autem
1001 599 1153 663 obiit,
1182 608 1238 652 et
1277 595 1517 666 sepultus
1552 602 1653 654 est.
1687 592 1827 660 sicut
1865 589 2084 658 quidam

502 692 859 763 suspicantur,
886 705 1009 745 cum
1032 689 1427 759 praedecessore
1451 700 1569 741 suo.
1603 681 1754 738 Sedit
1781 689 1962 735 autem
1989 693 2084 733 an-

480 801 796 842 ‘nos......
825 796 1184 839 mens......
1212 779 1521 835 dies......

1210 880 1352 891 .—

999 938 1566 999 OBSERVATIONES
1668 1021 1673 1026 .

919 1048 985 1086 AD
1015 1048 1183 1088 vanu
1206 1045 1395 1086 SANCTI
1426 1041 1644 1084 LIBER".

444 1174 453 1191 Ι
484 1122 698 1178 .Liberii
716 1107 1040 1214 philosqpﬂia
1079 1138 1195 1214 q'tue
1218 1121 1243 1175 .9
1264 1097 1701 1214 1Subsequentiur‘r't
1720 1115 1951 1214 dporlum
1974 1112 2084 1214 cpi-

572 1186 846 1275 scoparum
897 1186 1031 1247 Vita:
1073 1186 1355 1248 observata:
1397 1186 1456 1243 in
1488 1186 1800 1259 pnecedenti
1840 1186 2090 1238 disserta-

577 1275 736 1317 tione.

565 1355 829 1426 nguellus
856 1360 1131 1422 de,sancto
1156 1352 1372 1409 Liberio
1392 1351 1488 1418 ait,
1517 1369 1545 1402 ι.
1564 1349 1811 1406 eumdem
1848 1342 2089 1416 philoso-

2190 555 2413 624 rendum
2458 555 2687 622 credidit
2741 555 2884 618 hunc
2937 561 3269 632 episcopum;
3311 576 3330 609 ι
3378 555 3773 632 Philosophum

2188 641 2505 702 maximum,
2528 636 2714 691 Graece
2734 624 3028 702 Latineque
3053 624 3443 702 doctissimum.
3476 646 3507 702 ι.
3529 624 3771 702 mera,

2186 725 2307 781 quae
2334 718 2447 764 tum
2476 696 2541 762 de
2585 709 2692 781 hoc
2729 719 2853 759 cum
2888 696 2957 757 de
2988 699 3357 781 sequentibus.
3384 696 3594 751 duobus
3641 699 3775 781 epil-

2187 767 2364 851 scopis
2394 777 2729 851 observanda
2773 782 2948 851 erant,
2996 767 3138 851 dicta
3176 777 3303 851 sunt
3343 767 3397 822 in
3444 767 3775 851 przecedenti

2187 838 2569 906 dissertatione
2619 840 3277 910 historico-chronologica
3304 879 3320 902 ,
3375 852 3516 910 quze_
3543 838 3778 910 proinde

2187 905 2524 993 liicminime
2550 926 2676 993 sunt
2695 914 2985 993 repetenda
3008 929 3023 978 ;
3055 905 3411 993 alia'quzeque
3437 905 3531 993 vel.
3547 905 3643 993 fab.
3666 908 3778 993 Ag-

2187 990 2352 1056 nello,
2397 991 2481 1044 vel
2526 1004 2557 1043 a
2605 979 3035 1048 Recentioribus,
3083 979 3278 1034 tradita
3325 979 3566 1056 tenebris
3591 979 3776 1056 obsita

2188 1048 2423 1126 sunt,'ac
2443 1059 2664 1113 omnino
2688 1057 2888 1128 ignota,
2921 1056 3089 1128 quare
3116 1066 3238 1105 cum
3268 1048 3359 1128 _nil
3401 1048 3777 1128 simulandum

2189 1121 2397 1192 veniat,
2429 1144 2492 1185 ea
2522 1121 2733 1183 intacta
2754 1121 2951 1180 lectori
2974 1121 3317 1192 proponenda
3343 1121 3551 1173 censui.

1655 1658 1908 1738 VITA
1981 1656 2060 1733 S.
2102 1649 2595 1733 7AGAPITI.
2640 1678 2645 1685 ν

1031 1918 1255 1976 CAPUT
1294 1916 1574 1975 UNICUM.

616 2020 620 2025 ’
646 2014 1058 2085 Sancti’Agapili
1080 2010 1387 2075 liberalitas,
1413 2009 1602 2076 obitus,
1631 2009 1950 2082 sepulcrum.

576 2103 948 2176 Agapituslx,
979 2102 1133 2173 cujus
1163 2118 1357 2158 nomen
1397 2102 1588 2167 Latina
1631 2100 1811 2179 lingua
1851 2099 2082 2161 vertitur

470 2197 829 2253 °-charitosus.
878 2197 975 2251 llic
1010 2210 1205 2269 agapcs
1233 2208 1355 2249 cum
1387 2192 1687 2263 peregrinis
1716 2189 1958 2262 quotidie
2003 2188 2084 2244 fa-

473 2289 702 2344 ~ciebat.
738 2286 845 2342 Iste
885 2286 1086 2341 etenim
1133 2283 1348 2337 assidue
1395 2281 1714 2336 munuscula
1757 2280 2084 2351 pauperibus

502 2381 796 2445 tribuebat,
828 2386 882 2434 et
908 2375 1047 2432 infra
1078 2376 1170 2431 sui
1218 2374 1460 2446 corporis
1490 2372 1748 2445 templum
1789 2372 2085 2428 bonitatem

1953 1837 2306 1861 ἤ*

2106 1919 2155 1979 Β
2184 1913 2250 1968 ad
2293 1927 2445 1967 aram
2491 1910 2674 1966 cordis
2702 1924 2856 1966 suam
2901 1909 3141 1963 animam
3180 1920 3366 1961 coram
3414 1905 3778 1975 omnipotenti

2182 2005 2412 2061 Domino
2439 2002 2586 2058 velut
2610 2002 2789 2058 hostia
2810 2000 3049 2071 quotidie
3078 1998 3323 2054 triverat.
3349 1996 3434 2053 Ad
3460 1999 3607 2068 quod
3631 2008 3782 2069 post-

2183 2095 2403 2155 modum
2453 2094 2694 2150 divinum
2750 2091 3135 2162 superveniens
3185 2090 3531 2151 mandatum,
3590 2098 3779 2145 sancta

2187 2188 2373 2244 anima
2402 2202 2434 2240 a
2462 2200 2627 2240 carne
2648 2182 2822 2239 soluta
2854 2190 2958 2239 est.
2992 2181 3246 2253 Sepultus
3276 2174 3379 2243 est,
3410 2190 3470 2235 ut
3497 2181 3779 2251 suspican-

2185 2288 2296 2343 tur,
2326 2291 2448 2333 cum
2478 2273 2726 2344 superius
2761 2273 3054 2328 nominatis
3082 2270 3223 2326 aliis.
3264 2269 3417 2327 Sedit
3455 2280 3637 2325 autem
3683 2286 3779 2323 an-

2186 2383 2444 2424 nos.....
2478 2380 2824 2420 mens......
2859 2364 3175 2418 dies......
3244 2422 3255 2433 ι

532 2520 3756 2553 W

1570 2670 1820 2749 VITA
1896 2664 1974 2744 S.
2056 2666 2711 2746 MARCELLINI.

971 2890 977 2895 P
1026 2931 1260 2991 CAPUT
1304 2931 1589 2989 UNlCUM.

510 3049 693 3106 Sancti
730 3035 1027 3102 Marcellini
1053 3046 1175 3118 vigil
1202 3063 1329 3100 cura
1353 3048 1554 3119 gregis.
1585 3046 1746 3101 IEtas
1767 3049 1957 3119 gravis.
1987 3048 2091 3103 De-

1098 3117 1191 3171 cus
1214 3117 1457 3187 sepulcri.

586 3207 928 3265 Marcellinus
948 3205 1021 3272 Χ,
1042 3206 1224 3277 justus
1251 3217 1307 3260 ct
1351 3206 1652 3270 timoratus,
1686 3208 1800 3263 suis
1824 3209 2088 3263 orationi-

512 3302 614 3357 bus
634 3300 937 3357 dtemonum
963 3306 1143 3353 castra
1182 3299 1496 3385 prostravit,
1541 3306 1598 3355 et
1633 3313 1762 3354 oves
1785 3314 1906 3369 quae
1933 3315 1965 3355 a
1988 3299 2096 3355 Do-

513 3394 665 3450 mino
687 3392 738 3447 ei
777 3391 985 3445 tradita:
1025 3388 1257 3454 fuerant,
1302 3391 1528 3461 impiger
1572 3391 1882 3457 custodivit,
1908 3405 1976 3446 ne
2006 3389 2095 3446 ille

495 3482 933 3539 «immanissimus
959 3480 1134 3551 lupus,
1169 3481 1262 3550 qui
1299 3480 1541 3551 quotidie
1568 3481 1722 3536 saevit
1744 3490 1799 3537 et
1823 3480 1971 3546 furit,
1997 3496 2092 3537 ca—

510 3584 622 3632 stra
647 3588 755 3630 sua;
783 3572 1036 3628 Ecclesia:
1055 3570 1261 3627 laniare
1283 3573 1566 3642 potuisset,
1588 3582 1643 3626 et
1668 3587 1736 3629 ex
1761 3572 1875 3630 suis
1900 3573 2091 3628 ovibus

496 3664 749 3736 praedam
797 3663 1070 3729 evelleret,
1119 3670 1180 3717 ut
1234 3678 1340 3718 non
1376 3662 1808 3719 Christianorum
1859 3663 2089 3729 animas,

2195 2947 2332 3004 quas
2364 2940 2585 2987 sanctus
2620 2930 2703 2985 vir
2745 2927 3101 2998 omnipotenti
3150 2927 3379 2982 Domino
3423 2925 3772 2997 adquisicrat,

2193 3022 2412 3078 beluino
2435 3029 2651 3093 gutture
2692 3020 2995 3085 devoraret,
3036 3033 3104 3073 ne
3130 3017 3484 3074 infernalibus
3521 3018 3776 3072 connexis

2121 3139 2168 3201 ο
2196 3116 2455 3186 gehennae
2484 3113 2711 3168 vinculis
2740 3112 2944 3167 dilione
2973 3110 3323 3181 manciparat.
3367 3110 3769 3179 Transactoqne

2198 3204 2427 3273 plurimo
2454 3217 2716 3256 annorum
2744 3201 3015 3256 curriculo
3042 3199 3201 3270 spatii
3242 3200 3610 3270 pontiﬁcatum
3641 3200 3775 3253 ami-

2196 3295 2287 3360 sit,
2318 3304 2374 3348 et
2398 3294 2564 3348 vitam
2588 3309 2603 3355 ;
2632 3290 2786 3360 cujus
2814 3301 2964 3347 tanta
2987 3305 3186 3360 corpus
3209 3291 3561 3345 odoramenta
3584 3287 3775 3357 ﬂagra-

2196 3387 2293 3451 vit,
2325 3394 2386 3440 ut
2417 3384 2811 3456 pretiosissima
2852 3383 3092 3449 mirrhae,
3147 3382 3374 3448 incensi,
3429 3381 3772 3435 odoramenta

2194 3476 2566 3547 sepelientium
2590 3490 2748 3530 nares
2789 3468 3071 3530 sentirent.
3101 3473 3356 3544 Sepultus
3393 3481 3498 3538 est,
3522 3478 3583 3525 ut
3604 3469 3774 3524 lateo.

2195 3577 2284 3623 tur
2305 3566 2418 3633 alii,
2446 3567 2501 3621 in
2526 3567 2744 3622 basilica
2768 3566 2827 3622 B.
2866 3564 3050 3622 Probi.
3081 3564 3234 3622 Sedit
3255 3572 3436 3620 autem
3466 3577 3769 3617 annos......

2193 3674 2403 3714 tuens..
2541 3657 2749 3714 dies...
2771 3697 2784 3712 .
2809 3695 2821 3710 .

1734 3961 1975 4041 VITA
2030 3959 2108 4037 S.
2171 3959 2552 4042 SEVERI.

1026 4233 1252 4291 CAPUT
1286 4232 1569 4290 PRIMUM.

517 4346 718 4402 Electio
755 4362 847 4418 per
876 4343 1127 4418 columbre
1172 4343 1885 4418 apparitignemjndicatun
1913 4344 2093 4418 sardi-

588 4418 727 4474 θεηςὶ
756 4413 989 4468 ἐοηείιὶο
1038 4413 1334 4468 subscribit.
1379 4413 1562 4468 Sancti
1592 4414 1888 4472 (ἔθνηἱηὶαηὶ
1931 4415 2096 4473 Muti~

586 4487 756 4542 nensis
775 4483 997 4555 episcopi
1028 4484 1187 4553 [unus
1216 4494 1383 4537 curat.

589 4595 823 4650 Severus
847 4591 937 4655 XI,
969 4589 1124 4659 cujus
1154 4606 1350 4647 nomen
1394 4591 1711 4664 intelligitur
1744 4593 1799 4649 in
1829 4597 2095 4667 composi—

506 4685 662 4740 «tione
686 4683 873 4739 Saevus
895 4697 1075 4739 verus.
1119 4681 1234 4737 Hoc
1274 4697 1378 4737 non
1419 4683 1487 4739 ad
1531 4685 1794 4741 saevitiam
1836 4687 2091 4757 pertinet,

516 4778 612 4834 sed
632 4776 701 4833 ad
728 4774 1116 4832 fortitudinem.
1140 4774 1346 4843 Saevus,
1380 4774 1434 4830 id
1454 4784 1539 4832 est
1562 4776 1739 4846 fortis,
1778 4794 1940 4845 verus
1962 4797 2095 4853 pon-

512 4868 647 4922 tifex
689 4867 995 4927 maximus;
1030 4862 1184 4934 cujus
1220 4866 1580 4923 sacerdotium
1623 4867 1693 4923 ab
1732 4870 2123 4941 omnipotente,

518 4956 748 5013 Domino
773 4964 984 5010 tantum
1010 4954 1451 5024 praedestinatum
1482 4954 1604 5021 fuit,
1625 4964 1685 5010 ut
1720 4957 1775 5012 in
1815 4958 1958 5014 illius
1987 4959 2096 5015 ele-

518 5050 698 5105 ctione
731 5047 967 5119 Spiritns
990 5055 1211 5103 sanctus
1249 5048 1449 5104 missus
1491 5046 1681 5104 fuisset
1708 5049 1762 5104 in
1793 5052 1971 5121 specie
1999 5066 2092 5107 co-

520 5140 735 5208 lumbae,
760 5156 922 5211 quam
964 5140 1142 5196 omnis
1168 5140 1397 5211 pepulus
1436 5141 1686 5197 viderunt
1726 5144 2097 5214 corporalibus

518 5235 711 5301 oculis,
754 5240 809 5290 et
851 5248 1013 5304 super
1040 5230 1159 5301 ejus
1182 5241 1345 5303 caput
1386 5233 1684 5305 requievit;
1711 5236 1855 5290 unde
1883 5236 1937 5291 in
1963 5253 2093 5308 pro-

516 5326 766 5381 verbium
810 5338 982 5395 usque
1026 5323 1184 5379 hodie
1228 5323 1426 5379 dicitur
1469 5339 1500 5379 a
1548 5326 1773 5397 singulis
1798 5328 2094 5397 gentibus:

519 5416 688 5471 Beata
734 5425 876 5470 terra
900 5413 1017 5481 illa,
1049 5414 1138 5469 ubi
1181 5414 1239 5469 in
1282 5414 1530 5470 electione
1572 5417 1833 5487 pontiﬁcis
1868 5415 2097 5489 Spiritus

521 5516 733 5560 sanctus
761 5504 1024 5560 descendit
1054 5505 1112 5559 in
1135 5503 1388 5574 columine
1425 5505 1843 5572 similitudinem,
1869 5516 1918 5563 et
1958 5508 2100 5562 ordi-

524 5608 685 5649 statur
699 5613 856 5668 super
879 5606 1054 5669 caput,
1080 5596 1231 5667 cujus
1274 5597 1567 5668 requiescit.
1599 5596 1705 5653 Sed
1736 5614 1815 5654 va:
1849 5597 1965 5665 tibi,
1999 5597 2101 5653 Ra-

525 5699 700 5741 venna
728 5688 942 5752 misera,
980 5688 1159 5743 vicina
1185 5687 1471 5744 destructas
1515 5686 1734 5754 Classis,
1785 5689 1909 5759 quia
1954 5704 2099 5745 nunc

529 5791 654 5835 cum
675 5772 842 5832 nimia
884 5778 1233 5837 altercatione
1257 5787 1314 5837 et
1347 5780 1716 5837 controversia
1760 5779 2004 5852 pontifex
2040 5780 2094 5835 in

2189 4243 2246 4289 te
2264 4234 2567 4297 ordinatur,
2599 4249 2674 4286 me
2704 4230 2820 4297 tibi,
2864 4230 3108 4286 Ravenna
3132 4233 3343 4289 misera.
3375 4235 3432 4325 in
3457 4235 3767 4295 Sardicensc

2187 4325 2421 4382 concilio
2451 4340 2573 4379 cum
2614 4323 2806 4395 legatis
2850 4322 3107 4403 Romana:
3155 4322 3411 4381 Ecclesia:
3439 4329 3523 4382 vir
3557 4339 3767 4385 sanctus

2196 4416 2463 4472 interfuit.
2512 4416 2609 4471 Hic
2648 4413 2886 4469 Severus
2931 4415 3124 4470 beatus
3176 4418 3424 4487 superius
3468 4420 3767 4475 nominatus

2118 4482 2172 4544 Β
2197 4508 2323 4562 dum
2371 4508 2592 4562 missam
2636 4504 2977 4568 celebraret,
3028 4513 3082 4558 et
3126 4508 3411 4563 cumsuis
3441 4508 3683 4565 diaconis
3718 4509 3765 4563 in

2192 4598 2456 4667 pulpitum
2494 4596 2842 4656 ascendisset,
2898 4602 2952 4648 et
2993 4595 3137 4650 beati
3184 4596 3334 4651 Pauli
3378 4600 3610 4668 apostoli
3658 4601 3766 4671 Epi-

2194 4688 2359 4743 stolas
2386 4687 2610 4759 legeret,
2657 4694 2717 4741 ut
2759 4687 3077 4756 populorum
3114 4697 3411 4744 conventus
3440 4690 3762 4759 spiritalibus

2193 4779 2373 4833 verbis
2398 4776 2644 4833 reficeret
2668 4776 2893 4842 ;‘subito
2921 4786 3140 4833 sanctus
3190 4778 3272 4832 vir
3304 4778 3356 4833 in
3398 4784 3655 4837 ecstasim
3699 4781 3765 4836 la-

2192 4877 2313 4925 ctus
2341 4877 2442 4934 est,
2481 4866 2629 4922 velut
2655 4882 2849 4936 sopore
2873 4867 3228 4933 detineretur,
3261 4885 3363 4925 nec
3393 4870 3631 4941 pleniter
3658 4875 3767 4929 dor—

2193 4961 2366 5016 miens
2394 4966 2488 5014 aut
2514 4958 2761 5030 vigilans.
2786 4957 3142 5015 .‘Estimantes
3167 4976 3287 5015 eum
3312 4962 3393 5016 sui
3418 4964 3562 5031 quod
3590 4978 3769 5020 somno

2193 5057 2445 5120 arreptus
2475 5048 2690 5113 fuisset,
2726 5059 3014 5119 eruperunt
3060 5050 3225 5105 latera
3264 5049 3381 5120 ejus
3407 5051 3647 5121 pulsare.
3684 5050 3768 5107 ille

2195 5152 2374 5198 autem
2398 5139 2554 5212 quasi
2578 5141 2644 5196 de
2665 5141 2983 5211 gravissimo
3024 5158 3213 5198 somno
3252 5144 3413 5214 erigit
3450 5159 3512 5199 se
3537 5159 3764 5209 sursum,

2193 5244 2248 5290 et
2268 5234 2412 5291 tristi
2436 5235 2616 5291 animo
2642 5232 2774 5289 dicit
2814 5234 2955 5290 illis:
2987 5234 3103 5291 0h!
3138 5235 3267 5304 quid
3308 5235 3557 5292 fecistis!
3599 5237 3767 5305 Quare

2196 5326 2539 5397 inquietastis
2580 5326 2711 5384 me?
2745 5325 3001 5394 Quamvis
3049 5342 3080 5381 a
3106 5327 3262 5383 vobis
3306 5328 3395 5384 hic
3439 5329 3672 5395 viderer,
3715 5328 3766 5383 in

2195 5415 2303 5471 alio
2336 5415 2455 5471 loco
2491 5432 2663 5472 eram.
2705 5415 2777 5470 At
2801 5415 2875 5469 illi
2920 5416 3337 5486 perseverabant
3378 5417 3771 5488 interrogantes

2195 5521 2345 5571 eum,
2367 5515 2422 5561 et
2446 5507 2719 5573 dicentes;
2761 5507 2857 5561 Dic
2892 5507 3048 5561 nobis
3076 5507 3166 5561 ubi
3206 5506 3376 5575 fuisti,
3424 5508 3623 5564 Pater?
3651 5506 3774 5577 Qui-

2196 5595 2297 5651 bus
2323 5595 2412 5650 ille
2441 5597 2519 5651 ait
2562 5613 2574 5650 :
2611 5596 2886 5664 Indulgent
2929 5597 3082 5652 vobis
3127 5596 3406 5664 Dominus,
3439 5599 3770 5655 dilectissimi

2198 5687 2315 5751 ﬁlii,
2340 5701 2439 5757 pro
2477 5703 2542 5744 eo
2575 5688 2719 5757 quod
2744 5686 3177 5757 expergefactum
3202 5689 3406 5746 fecistis
3431 5705 3538 5752 me.
3568 5691 3689 5761 quia
3718 5691 3769 5744 in

2199 5790 2384 5835 sancta
2439 5779 2735 5836 Mutinense
2786 5778 3012 5836 ecclesia
3055 5794 3225 5848 eram,
3262 5791 3321 5838 .et
3362 5782 3560 5839 ibidem
3592 5783 3769 5838 fratris
