3956 6190
221 438 337 492 195

221 553 281 597 et
310 543 605 616 coepiscopi
628 545 734 600 mei
760 543 1060 600 Gemiuiani
1080 542 1247 612 ipsius
1268 543 1524 597 antistitis
1548 541 1790 598 ecclesia:
1817 546 1870 606 Α

223 637 578 707 omnipotenti
595 637 823 691 Domino
846 637 1079 691 animam
1103 635 1491 701 commendavi,
1519 643 1576 691 et
1598 635 1794 719 ibidem

226 727 367 789 steti,
396 741 681 796 quousque
723 727 1034 796 praedictum
1061 735 1303 781 sanctum
1332 741 1526 797 corpus
1550 726 1797 797 sepulcro

227 826 533 888 poneretur.
566 817 796 888 Propter
832 819 974 873 banc
1013 817 1177 888 igitur
1223 832 1459 885 causam,
1503 826 1563 872 ut
1598 817 1796 885 veritas

227 908 562 977 probaretur,
612 908 761 964 cives
814 906 1158 963 Ravennates
1205 916 1260 964 et
1295 910 1442 964 cives
1489 908 1797 964 Classcnses

232 998 427 1067 equites
474 999 745 1053 miserunt
799 998 867 1053 ad
912 997 1160 1067 superius
1205 996 1317 1065 jam
1366 998 1565 1053 dictam
1607 998 1797 1052 urbem

232 1087 604 1152 Mutinensem,
641 1096 703 1142 ut
737 1088 909 1143 sancti
952 1089 1054 1144 viri
1097 1089 1309 1161 eloquia
1361 1089 1793 1158 comprobarent.

229 1176 533 1257 Quoddum
558 1178 855 1248 requisitus
882 1179 1074 1235 fuisset
1108 1180 1223 1236 dies
1260 1179 1345 1235 vel
1372 1180 1503 1257 hora
1526 1195 1631 1249 qua
1669 1193 1797 1232 san-

229 1282 310 1327 cta
335 1274 517 1327 anima
548 1274 695 1329 beati
722 1272 1026 1329 Geminiani
1072 1275 1360 1346 migrasset
1397 1275 1462 1329 ad
1488 1273 1795 1340 Dominum,

226 1365 617 1437 dixeruntque:
662 1366 850 1422 Nonne
889 1367 1137 1423 dominus
1181 1367 1413 1423 Severus
1437 1365 1677 1434 pontifex
1701 1372 1797 1420 ve-

226 1466 332 1512 ster
364 1457 415 1511 ei
449 1458 690 1512 animam
737 1458 1151 1523 commendavit,
1198 1467 1255 1514 et
1302 1458 1489 1513 tandiu
1533 1458 1623 1513 hic
1650 1458 1802 1514 stetit

226 1564 501 1621 quousque
547 1565 745 1620 corpus
794 1548 911 1619 ejus
958 1551 1205 1620 sepulcro
1251 1550 1594 1605 clauderetur
1621 1590 1637 1614 ,
1689 1565 1799 1619 quo

227 1643 400 1697 clauso
424 1642 499 1696 ab
519 1641 694 1698 oculis
738 1641 940 1697 nostris
967 1648 1188 1711 repente
1221 1640 1434 1696 evasit?
1463 1638 1566 1707 Qui
1596 1641 1799 1695 reversi

225 1731 613 1786 nuntiaverunt
659 1746 755 1800 per
785 1730 1028 1786 ordinem
1072 1730 1283 1785 civibus
1311 1730 1443 1795 suis,
1475 1737 1536 1784 ut
1566 1730 1646 1784 eis
1673 1746 1800 1784 nar‘

224 1832 395 1878 ratum
428 1821 628 1877 fuerat.
657 1822 738 1878 Ex
763 1822 854 1876 illo
876 1820 991 1891 jam
1018 1821 1104 1876 die
1137 1829 1419 1890 emperunt
1455 1822 1797 1876 sanctitatem

221 1914 333 1983 ejus
357 1914 598 1986 amplius
624 1914 892 1970 venerari.

845 2024 1072 2083 CAPUT
1110 2027 1174 2080 11.

220 2117 401 2174 Sancti
428 2118 610 2176 Severi
631 2119 828 2190 conjua:
856 2116 1103 2190 defuncta
1135 2136 1192 2173 eo
1212 2119 1429 2190 jubente
1473 2120 1527 2174 in
1554 2118 1692 2174 latus
1719 2119 1799 2173 al-

284 2200 457 2271 terum.
478 2189 738 2271 \uertitur,
770 2200 826 2244 ut
862 2189 1243 2271 ﬁliae'spatium
1286 2189 1509 2271 sepulcri
1549 2189 1794 2271 prevbeat.

284 2258 409 2330 Ipse
437 2258 578 2315 inter
607 2260 878 2331 conjugem
906 2269 952 2314 ct
978 2258 1143 2328 ﬁliam
1167 2275 1323 2314 orans
1342 2258 1486 2314 diem
1510 2258 1655 2313 obiit.

283 2371 451 2443 Cujus
494 2373 652 2428 beata
675 2372 798 2427 Vita
823 2371 925 2427 viri
951 2373 1090 2441 apud
1129 2387 1227 2427 nos
1271 2387 1377 2427 non
1418 2371 1684 2441 reperitur
1707 2372 1800 2427 de-

219 2465 418 2536 scripta
443 2465 710 2531 historia;
756 2463 852 2520 sed
875 2464 1061 2520 dicunt
1086 2464 1303 2535 quidam
1332 2465 1475 2534 quod
1512 2464 1679 2518 multa
1705 2465 1801 2519 mi-

222 2558 415 2612 rabilia
458 2556 814 2628 prodigiaque
858 2572 957 2626 per
1004 2572 1127 2612 eum
1174 2557 1431 2612 Dominus
1475 2556 1716 2613 exercuit
1742 2558 1796 2612 in

220 2649 435 2720 populo,
486 2663 606 2718 qua:
649 2664 754 2704 non
801 2648 971 2703 valuit
1016 2647 1322 2718 patefacere
1371 2649 1542 2719 stylus
1594 2656 1796 2704 noster.

220 2741 394 2796 Tanta
422 2750 605 2795 autem
632 2740 774 2795 illius
797 2740 1056 2795 sanctitas
1088 2738 1255 2795 fuisse
1293 2740 1573 2803 asseritur,
1602 2747 1660 2793 ut
1683 2739 1799 2810 ejus

221 2831 474 2887 defuncta
503 2830 698 2902 coniux
718 2838 841 2902 post
862 2831 1091 2900 plurima
1120 2839 1382 2899 tempora,
1418 2829 1631 2884 evoluta
1653 2837 1800 2886 esset

220 2923 270 2977 in
306 2921 474 2977 latus.
528 2922 668 2976 Dum
713 2921 821 2976 ﬁlia
872 2921 1169 2976 beatissimi
1227 2919 1551 2977 confessoris
1596 2920 1798 2978 Christi

222 3012 432 3078 Severi,
478 3013 787 3068 lnnocentia
822 3014 1056 3078 nomine,
1086 3011 1277 3067 vitales
1320 3027 1481 3068 auras
1506 3013 1796 3079 amisisset,

218 3112 485 3158 venerunt
509 3118 698 3158 omnes
724 3111 785 3157 ut
812 3102 948 3158 infra
969 3103 1271 3171 sepulcrum
1298 3101 1574 3173 genitricis
1602 3100 1797 3157 Vicen-

219 3193 301 3249 tiae
326 3193 712 3263 corpusculum
738 3201 1016 3263 ponerent,
1052 3193 1301 3247 viderunt
1342 3192 1647 3263 sepulcrum
1691 3193 1795 3247 mi-

1288 432 1489 487 LIBER
1524 426 2015 487 PONTIFICALIS.
2055 459 2122 469 -
2159 412 2339 481 pnus
2373 426 2414 480 ι.

3357 437 3459 492 494

2509 539 2734 598 CAPUT
2769 542 2857 597 111.

1901 629 2043 684 Puer
2066 631 2303 699 inﬁrmus
2346 631 2415 685 ad
2472 632 2660 714 sancti.
2691 632 2869 714 Severi
2917 634 3208 705 sepulcrum
3254 639 3465 694 sanitati
3498 690 3509 701 .

2538 711 2846 756 restituitur.

1968 812 2033 866 Et
2066 813 2258 866 iterum
2288 812 2521 867 narrabo
2548 814 2701 868 vobis
2746 829 2865 883 quae
2895 817 3095 871 nostris
3137 818 3468 888 temporibus

1896 903 2038 960 facta
2060 905 2454 975 conspeximus.
2484 905 2567 959 Ad
2604 907 2918 960 memoriam
2946 922 3160 974 revoco,
3195 919 3255 963 ut
3296 926 3464 966 recor-

1897 993 2114 1048 demini.
2152 993 2250 1049 Vir
2270 1001 2447 1048 autem
2483 1010 2641 1060 unus,
2690 996 2780 1065 qui
2820 995 2979 1050 hodie
3021 998 3313 1054 animatum
3339 1001 3473 1056 vivit

1896 1099 2112 1155 corpus,
2137 1101 2257 1141 cum
2304 1086 2557 1157 parvulus
2591 1097 2752 1153 esset,
2794 1098 2848 1144 et
2890 1089 3202 1147 inﬁrmitate
3234 1095 3472 1164 corporis

1896 1190 2019 1230 cum
2042 1191 2139 1231 sua
2166 1184 2339 1231 matre
2365 1178 2431 1232 ad
2459 1178 2762 1246 sepulcrum
2790 1177 2932 1233 beati
2976 1178 3178 1236 Christi
3207 1182 3474 1238 confesso:

1899 1264 1975 1318 ris
2003 1263 2187 1321 Severi
2229 1266 2627 1335 prostravisset,
2685 1282 2982 1338 somnoque
3032 1284 3220 1325 omnes
3268 1275 3470 1342 arrepti

1898 1355 2147 1422 fuissent,
2181 1358 2325 1413 solus
2350 1358 2440 1413 ille
2482 1357 2726 1413 infirmus
2749 1374 2884 1428 puer
2912 1360 3340 1431 intempestivum
3385 1378 3479 1419 uo—

1897 1448 2002 1504 Ctis
2023 1450 2260 1519 expavit,
2292 1458 2349 1505 et
2377 1464 2563 1506 vocem
2595 1452 2795 1516 emisit,
2836 1461 3058 1508 cunctos
3084 1456 3360 1509 excitavit.
3388 1455 3479 1510 Vi-
3578 1484 3579 1491 ι

1898 1538 2112 1603 derunt,
2151 1555 2271 1609 qum
2317 1548 2442 1594 ante
2488 1541 2722 1596 candelae
2755 1542 3035 1597 exstinctae
3081 1542 3313 1610 fuerant,
3352 1560 3479 1600 con-

1899 1643 2033 1699 gruo
2076 1628 2278 1685 lumine
2318 1629 2579 1702 fulgorem
2622 1632 2905 1686 micantes.
2940 1632 3007 1686 Et
3051 1647 3170 1687 cum
3220 1634 3481 1690 vidissent

1898 1719 2078 1774 cuncti
2122 1720 2441 1775 immensum
2495 1721 2672 1776 lumen
2699 1761 2715 1788 ,
2764 1722 2937 1776 territi
2987 1731 3168 1778 mente
3220 1726 3480 1780 dederunt

1902 1808 2131 1885 gloriam
2171 1809 2283 1866 Deo
2309 1820 2365 1865 et
2411 1811 2611 1866 Severo
2639 1811 3093 1881 confessoriejus.
3131 1812 3272 1869 Puer
3295 1825 3475 1870 autem

1834 1910 1881 1969 B
1908 1918 2031 1957 cum
2056 1903 2110 1957 in
2137 1904 2314 1959 medio
2341 1919 2528 1960 eorum
2559 1904 2820 1960 deductus
2859 1904 3065 1970 fuisset,
3113 1907 3277 1977 coepit
3306 1917 3482 1963 mater

1903 1990 2020 2060 ejus
2050 1992 2385 2063 interrogare
2413 2009 2534 2048 eum
2562 2012 2573 2047 :
2605 1993 2741 2061 Quid
2766 1982 2861 2048 tibi
2884 1995 3127 2066 contigit,
3155 1995 3267 2051 fili?
3293 1997 3362 2051 At
3386 1987 3478 2052 ille

1902 2095 2084 2135 coram
2121 2081 2370 2137 omnibus
2417 2083 2594 2137 dixit:
2646 2082 2765 2138 Vidi
2799 2098 2865 2139 ex
2907 2085 3011 2140 hoc
3048 2087 3296 2155 sepulcro
3326 2102 3481 2159 egre-

1902 2167 2137 2224 dientem
2163 2170 2340 2225 virum
2368 2171 2655 2242 episcopali
2698 2172 2905 2239 habitu,
2929 2174 3138 2230 canicie
3164 2177 3358 2245 capitis
3389 2179 3481 2233 de-

1901 2266 2137 2321 coratus,
2165 2260 2410 2332 angelico
2431 2261 2618 2328 vultu;
2651 2263 2826 2334 tetigit
2852 2278 2957 2331 me,
2987 2272 3042 2321 et
3080 2267 3290 2337 expavi.
3328 2267 3483 2323 lnﬁr—
3561 2319 3576 2339 ,

1902 2349 2064 2404 mitas
2087 2364 2218 2404 vero
2245 2350 2397 2419 pueri
2425 2351 2607 2406 statim
2654 2353 2881 2408 recessit
2912 2353 2981 2410 ab
3016 2347 3103 2422 eo,
3129 2365 3315 2412 etnon
3341 2357 3483 2413 ultra

1903 2436 2250 2497 febricitavit.
2279 2441 2405 2521 limo
2425 2444 2627 2499 nostris
2663 2446 2994 2515 temporibus
3016 2445 3160 2503 facta
3199 2459 3346 2518 sunt,
3372 2467 3481 2507 non

1903 2530 2077 2585 solum
2105 2532 2229 2594 hoc,
2256 2532 2349 2586 sed
2372 2541 2428 2589 et
2454 2533 2557 2588 alia
2584 2533 2774 2590 multa.

2528 2647 2753 2705 CAPUT
2786 2648 2876 2705 IV.

1904 2733 2086 2789 Sancti
2131 2734 2305 2791 Severi
2346 2736 2525 2791 electio
2571 2739 2641 2792 ad
2683 2740 3049 2814 ’episcopatum
3087 2760 3180 2814 per
3222 2745 3474 2804 columba

2579 2810 2817 2879 speciem.

1974 2915 2051 2971 Dc
2073 2917 2340 2973 electione
2361 2919 2532 2974 sancti
2559 2919 2715 2975 istius
2732 2921 2855 2989 viri,
2882 2923 2975 2993 qui
2997 2927 3242 2995 superius
3260 2926 3480 3001 increpi,

1903 3008 2046 3077 quod
2071 3009 2202 3064 mihi
2223 3019 2500 3065 narratum
2522 3012 2622 3067 fuit
2639 3029 2669 3068 a
2692 3001 2875 3070 multis
2894 3017 3196 3088 senioribus
3214 3021 3479 3092 expleam.

1905 3096 2145 3164 Quadam
2173 3100 2260 3155 die
2288 3101 2550 3157 lanisterii
2592 3120 2755 3175 opere
2783 3118 3149 3180 praegravatus
3171 3128 3293 3168 cum
3338 3125 3485 3180 esset
3520 3118 3533 3131 ‘

1906 3188 2020 3260 ipse
2046 3205 2166 3245 cum
2203 3190 2430 3265 conjuge
2465 3210 2584 3261 sua,
2614 3196 2931 3266 laniﬁcium,
2978 3210 3039 3276 ut
3085 3203 3217 3271 dixi,
3257 3219 3483 3264 nearcut

218 3284 447 3348 nimum,
476 3282 830 3352 dixeruntque
857 3299 871 3336 :
921 3282 1037 3337 Non
1077 3289 1297 3353 possunt
1338 3282 1428 3337 hic
1456 3282 1560 3338 duo
1590 3283 1802 3353 requie-
1830 3284 1875 3347 C
1904 3276 2157 3344 cilicium,
2189 3280 2268 3334 ait
2290 3283 2358 3336 ad
2387 3283 2668 3355 conjugem
2695 3303 2709 3340 :
2752 3285 2981 3352 Vadam,
3007 3299 3063 3346 et
3100 3293 3294 3350 videbo
3318 3296 3482 3352 visio-

218 3390 375 3431 scere
401 3390 648 3445 corpora,
680 3375 803 3446 quia
831 3375 1100 3430 modicum
1133 3384 1216 3430 est
1245 3390 1358 3430 vas.
1394 3373 1526 3431 Cum
1565 3376 1800 3449 fletuque

219 3466 449 3520 domnus
471 3468 549 3520 ait
576 3464 809 3521 Severus
835 3484 848 3519 :
901 3464 983 3521 0b
1011 3466 1223 3532 mulier,
1271 3482 1368 3521 cur
1400 3467 1533 3522 mihi
1573 3468 1798 3524 molesta

217 3560 314 3613 es?
353 3557 536 3625 Quare
581 3573 687 3614 non
735 3558 942 3629 praebes
992 3557 1168 3612 locum
1217 3557 1340 3611 filize
1381 3558 1527 3611 tum?
1574 3557 1800 3629 Suscipe

219 3664 381 3718 quam
416 3651 666 3721 portasti,
693 3663 762 3704 ex
789 3657 878 3703 tua
910 3657 1119 3719 sumpta
1146 3659 1227 3704 est
1250 3664 1433 3715 carne,
1463 3663 1563 3705 nec
1589 3650 1800 3706 dubites

216 3741 481 3812 recipere.
512 3740 651 3796 Ecce
690 3740 789 3795 tibi
828 3740 983 3795 trado
1005 3741 1149 3810 quod
1177 3740 1308 3794 mihi
1349 3740 1563 3805 dedisti,
1588 3755 1656 3796 ne
1686 3749 1798 3799 tor-

219 3845 370 3898 peas,
398 3830 541 3886 unde
559 3829 661 3885 fuit
689 3845 909 3886 reversa
933 3837 1034 3885 est.
1058 3829 1257 3886 Locum
1284 3829 1458 3885 tribue
1482 3830 1798 3901 sepeliendi,

221 3922 321 3975 noli
348 3937 436 3976 me
460 3922 801 3977 contristare.
844 3918 926 3976 Ad
969 3919 1123 3993 cujus
1170 3936 1355 3978 vocem
1395 3922 1494 3977 sub
1527 3931 1676 3977 tanta
1702 3938 1797 3977 ve-

216 4010 438 4071 locitate
463 4031 576 4071 sua:
604 4014 846 4087 conjugis
886 4030 1008 4071 ossa
1053 4015 1121 4070 ad
1165 4017 1457 4087 semetipsa
1502 4016 1554 4072 iu
1590 4026 1799 4087 partem

220 4108 381 4163 aliam
413 4118 624 4163 remota
663 4117 807 4174 sunt,
846 4117 1049 4178 quanta
1074 4122 1140 4162 ea
1169 4108 1259 4163 vix
1305 4110 1540 4163 animata
1570 4124 1798 4177 corpora

214 4197 499 4253 hominum
544 4200 625 4254 sic
648 4200 811 4255 citius
852 4215 1070 4256 movere
1104 4199 1355 4275 [moveri]
1396 4202 1717 4272 potuissent,
1744 4212 1800 4258 et

222 4288 345 4347 tilia:
374 4305 484 4344 suae
522 4290 753 4359 spatium
799 4291 986 4348 tribuit
1019 4291 1087 4346 ad
1134 4292 1515 4362 sepeliendum.
1542 4288 1548 4294 ’
1573 4290 1798 4349 Factum

216 4388 303 4433 est
333 4389 513 4435 autem
537 4389 659 4450 post
686 4382 802 4436 haec
820 4391 882 4436 ut
907 4368 1095 4437 sancta
1130 4382 1332 4449 anima,
1362 4398 1522 4453 quam
1552 4384 1797 4441 homines

222 4469 519 4540 diligebant
539 4472 591 4524 in
619 4480 783 4537 terra,
806 4472 989 4528 divino
1019 4472 1174 4542 jussu
1200 4488 1230 4527 a
1253 4476 1454 4530 sanctis
1486 4475 1691 4547 angelis
1713 4492 1798 4534 es-

223 4572 300 4615 set
321 4571 639 4632 susceptura
685 4577 897 4620 amoeno
927 4565 980 4619 in
1020 4566 1156 4623 loco.
1207 4565 1358 4623 Sicut
1386 4550 1530 4622 enim
1575 4583 1797 4625 narrare

1901 3386 2026 3429 nem
2056 3373 2380 3440 mirabilem,
2404 3378 2671 3445 quomodo
2713 3378 2783 3435 de
2804 3379 2911 3436 alto
2940 3382 3079 3438 caelo
3121 3385 3367 3442 columba
3390 3403 3482 3444 ve-

1901 3462 2028 3525 niet,
2053 3470 2106 3516 et
2133 3479 2295 3536 super
2335 3466 2491 3523 electi
2534 3479 2695 3539 caput
2732 3475 3082 3550 conscendet.
3115 3476 3321 3550 Conjux
3352 3496 3482 3536 vero

1899 3553 2015 3620 ejus
2038 3555 2204 3624 coepit
2248 3572 2372 3612 eum
2418 3559 2773 3630 subsannare,
2819 3574 2877 3619 et
2900 3544 3477 3638 'increpare'dicens:

1902 3642 2039 3698 Sede
2069 3646 2177 3711 hic,
2215 3646 2423 3714 labora,
2453 3650 2558 3705 noli
2584 3653 2789 3710 otiosus
2813 3670 2972 3724 esse;
3021 3661 3135 3715 sive
3181 3662 3329 3730 ieris,
3368 3666 3482 3723 sive

1900 3752 2004 3791 non
2028 3737 2173 3803 ieris,
2206 3748 2259 3794 te
2277 3741 2586 3811 pontificem
2605 3746 2831 3814 populus
2855 3763 2961 3803 non
2983 3750 3276 3813 ordinabit.
3296 3770 3481 3811 rever-

1899 3837 2014 3884 tere
2033 3830 2097 3883 ad
2122 3846 2274 3902 opus.
2300 3831 2392 3888 Ille
2413 3821 2751 3893 au‘tcm'dixit
2772 3838 2842 3893 illi
2869 3858 2881 3894 :
2908 3840 3036 3898 Sine
3059 3859 3146 3899 me
3166 3853 3225 3899 ut
3248 3848 3470 3913 vadam;

1899 3929 1953 3973 et
1982 3920 2109 3976 illa:
2163 3920 2326 3987 Vade,
2372 3924 2497 3993 quia
2531 3941 2637 3996 qua
2672 3926 2804 3983 hora
2850 3930 2979 3986 ieris
3020 3935 3263 4003 pontifex
3293 3939 3478 3998 confe-

1899 4011 2023 4065 stim
2049 4012 2335 4068 ordinaris.
2364 4013 2458 4070 Ille
2479 4023 2658 4071 autem
2704 4033 2929 4091 surgens
2956 4025 3196 4092 perrexit
3238 4027 3331 4083 ubi
3360 4040 3482 4086 erat

1898 4110 2070 4158 cretus
2108 4104 2286 4173 populi
2315 4122 2437 4161 cum
2475 4110 2866 4179 sacerdotibus,
2909 4124 2963 4170 et
2986 4132 3086 4186 pro
3124 4121 3352 4176 vestium
3384 4125 3480 4180 de-

1898 4189 2190 4259 formitate,
2259 4195 2384 4264 quia
2435 4197 2677 4267 squalida
2720 4201 3029 4260 indumenta
3082 4192 3301 4265 indutus
3334 4221 3472 4278 erat,

1897 4282 2177 4339 abscondit
2213 4301 2271 4342 se
2294 4296 2417 4357 post
2455 4286 2675 4357 jauuam
2706 4293 2876 4362 ipsius
2902 4295 3027 4367 loci,
3054 4299 3144 4355 ubi
3168 4312 3325 4358 erant
3359 4320 3476 4361 om-

1898 4385 1994 4426 nes
2023 4377 2349 4447 congregati,
2373 4387 2611 4442 orantes,
2640 4390 2699 4437 et
2732 4392 2855 4453 post
2875 4388 3173 4445 orationem
3199 4392 3473 4462 expletam

1897 4463 2165 4533 extemplo
2197 4467 2344 4521 venit
2371 4484 2401 4522 a
2439 4469 2591 4525 ctelis
2632 4473 2876 4530 columba
2908 4479 3032 4534 nive
3074 4462 3375 4549 candidior,
3421 4494 3478 4549 et

1897 4554 2159 4622 requievit
2184 4571 2348 4626 super
2376 4572 2535 4630 caput
2560 4561 2704 4617 beati
2733 4563 2917 4623 Severi
2961 4570 3288 4630 confessoris
3317 4544 3473 4632 Chri-

223 4657 397 4713 audiﬁ
424 4659 491 4713 de
517 4658 745 4713 "ausim
784 4660 927 4715 beati
953 4660 1076 4727 viri,
1108 4663 1182 4719 ita
1204 4664 1401 4720 “suis
1424 4665 1643 4721 auribus
1665 4666 1788 4721 ίηιί,
1813 4649 1867 4708 Ι)
1892 4643 1963 4699 sti
1990 4653 2110 4714 post
2134 4646 2315 4702 valvas
2356 4647 2639 4708 latitantis.
2682 4653 2775 4710 ille
2804 4666 2987 4714 autem
3030 4662 3154 4717 dum
3195 4680 3226 4719 a
3256 4649 3323 4721 se
3349 4682 3466 4722 eam

221 4751 397 4803 mabo.
425 4748 577 4814 Quod
599 4765 721 4804 cum
749 4752 980 4819 quadam
1008 4753 1094 4808 die
1121 4756 1339 4811 missam
1360 4756 1704 4823 celebrasset,
1734 4765 1788 4813 et

221 4851 433 4892 sacrum
467 4838 728 4893 Dominici
749 4840 988 4910 corporis
1013 4851 1068 4896 et
1092 4845 1404 4914 sanguinem
1437 4846 1785 4916 percepisset,

222 4927 355 4983 stola
392 4928 699 4998 pontificale
740 4930 956 4987 indutus
996 4947 1150 4987 suum
1179 4933 1345 5003 jussit
1368 4936 1566 5005 aperiri
1603 4937 1784 5008 sepul—

220 5033 394 5084 crum,
422 5019 567 5088 quod
613 5021 770 5075 vivus
802 5022 1098 5090 ingressus,
1142 5024 1283 5078 inter
1321 5026 1603 5097 conjugem
1644 5036 1699 5082 et
1725 5027 1787 5082 ll-

222 5107 342 5164 liam
364 5112 551 5181 iacens
595 5127 654 5167 se
688 5110 851 5179 jussit
877 5111 1071 5177 claudi,
1103 5113 1191 5167 ubi
1216 5113 1446 5186 denique
1472 5132 1633 5173 orans
1660 5134 1785 5188 pre-

224 5200 411 5256 tiosam
450 5202 559 5257 Deo
601 5204 835 5258 animam
865 5204 1111 5259 reddidit.
1144 5204 1201 5259 In
1248 5206 1337 5261 tali
1366 5224 1500 5278 pace
1543 5217 1596 5264 et
1640 5219 1788 5265 tran-

222 5291 481 5360 quillitate
509 5293 788 5350 defunctus
811 5302 895 5348 est
933 5295 1032 5349 sub
1058 5295 1142 5350 die
1164 5295 1524 5352 Kalendarum
1554 5296 1790 5354 Februa-

227 5383 445 5438 riarum.
482 5384 549 5439 Et
590 5386 757 5441 multa
784 5384 1049 5440 mirabilia
1087 5387 1154 5440 ad
1182 5388 1482 5458 sepulcrum
1529 5387 1787 5448 Dominus

227 5474 457 5528 ostendit
482 5475 535 5529 in
562 5474 732 5545 ipsius
760 5475 1009 5540 ecclesia,
1046 5491 1165 5547 qua:
1204 5477 1306 5531 sita
1352 5488 1436 5534 est
1480 5480 1533 5533 in
1569 5480 1786 5537 civitate

229 5561 418 5618 dudum
444 5556 667 5629 Classis,
696 5581 801 5619 non
847 5565 1001 5636 longe
1023 5581 1052 5618 a
1082 5565 1298 5635 regione
1323 5580 1442 5635 qua:
1467 5568 1662 5623 dicitur
1690 5568 1788 5625 Sa-

233 5650 407 5710 lutaris
430 5670 602 5726 usque
625 5654 677 5710 iu
703 5665 1014 5726 praesentem
1040 5656 1199 5713 diem.

1893 4735 2256 4806 compulisset,
2284 4739 2619 4812 volitansque
2645 4760 2743 4814 per
2762 4762 2966 4814 aerem,
2989 4749 3183 4807 iterum
3209 4757 3473 4825 requievit

1892 4841 2054 4897 super
2071 4843 2195 4883 eum
2224 4832 2459 4886 secundo
2489 4841 2543 4886 et
2569 4836 2750 4890 tertio.
2798 4836 3138 4909 Stupefactus
3164 4847 3339 4900 omnis
3368 4863 3467 4917 po-

1892 4927 2186 4990 temptatus
2210 4920 2582 4997 [potentatus],
2614 4928 2706 4996 qui
2733 4938 3025 4998 praesentes
3062 4937 3328 5003 astabant,
3360 4955 3467 4995 ma-

1891 5012 2067 5065 ximas
2111 5011 2219 5070 Deo
2261 5016 2464 5085 gratias
2500 5027 2721 5086 agentes
2766 5022 3048 5079 ordinatus
3091 5035 3174 5082 est
3199 5030 3462 5097 pontifex.

1892 5098 2009 5166 Quo
2034 5102 2214 5157 audito
2237 5101 2429 5169 conjux
2453 5102 2587 5171 ejus,
2627 5121 2745 5174 qum
2771 5124 2943 5178 nuper
2966 5111 3250 5182 deriserat,
3280 5128 3466 5187 postea

1890 5202 2051 5259 super
2076 5204 2197 5243 eum
2220 5191 2607 5261 gratulabatur.
2636 5193 2788 5250 Tunc
2815 5196 3066 5268 impletus
3087 5212 3169 5257 est
3191 5186 3463 5274 evangeli-

1891 5294 1985 5333 cus
2006 5294 2182 5334 sermo
2211 5281 2301 5348 qui
2329 5282 2559 5352 scriptus
2579 5292 2661 5339 est
2685 5304 2699 5340 :
2728 5288 2882 5358 Apud
2901 5288 3131 5345 homines
3155 5293 3251 5347 hoc
3274 5296 3466 5367 ἰιηροεκ

1887 5369 2035 5424 sibilo
2068 5380 2163 5434 est,
2188 5371 2328 5439 apud
2370 5371 2538 5427 Deum
2579 5387 2749 5431 autem
2799 5380 2972 5433 omnia
3001 5384 3268 5452 possibilia
3296 5400 3462 5456 sunt;

1888 5471 1942 5514 ct
1959 5459 2111 5531 juxta
2136 5460 2285 5516 Pauli
2316 5478 2539 5519 vocem:
2569 5465 2792 5537 Inﬁrma
2832 5471 3014 5526 mundi
3038 5472 3186 5545 elegit
3215 5474 3377 5545 Dens,
3403 5492 3461 5534 ut

1890 5554 2174 5622 confundat
2201 5554 2379 5623 fortia.
2419 5557 2505 5625 Et,
2533 5567 2594 5614 ut
2630 5561 2779 5615 aiunt
2821 5564 3056 5632 quidam,
3098 5568 3287 5624 beatus
3325 5570 3461 5626 Era-

1889 5643 2098 5698 clianus
2123 5642 2510 5703 Pensaurensis
2546 5634 2778 5707 civitatis
2820 5654 3102 5726 episcopus
3148 5658 3304 5729 hujus
3330 5678 3459 5725 coa-

1888 5732 2108 5789 fcssoris
2155 5732 2336 5791 Severi
2378 5736 2542 5794 fuisse
2581 5741 2890 5813 discipulus,
2936 5756 2991 5802 et
3026 5750 3094 5806 ab
3120 5766 3184 5807 eo
3214 5754 3456 5811 eruditus

1885 5840 2040 5877 saera
2069 5825 2311 5881 doctrina
2355 5829 2709 5901 episcopalem
2757 5836 2928 5892 tenuit
2973 5842 3172 5897 sedem.
3213 5840 3454 5900 Suﬂiciat
