1978 3095
112 165 158 192 {0|

644 163 743 191 LIBER
764 163 1007 191 PONTIFICALIS.
1028 179 1062 183 —
1080 162 1170 189 PARS
1188 162 1208 189 l.

1046 127 1058 149 \

1686 163 1737 190 ἑοὶ

115 223 191 248 dictis
203 226 229 248 et
246 228 307 247 mox
319 220 454 249 dicendis.
468 219 568 246 sedisse
582 219 716 246 Liberium
733 218 764 245 Ιῐῐ
777 240 784 248 .
799 220 896 246 sentio.
912 221 936 249 Λ
949 227 1009 250 nus,
1024 219 1069 245 lib.
1092 219 1124 245 dc
1138 218 1283 253 Baptismo,
1303 219 1423 248 Siricius.
1443 220 1521 254 epist.
1539 227 1597 253 cap.
1613 219 1638 248 Ξ.
1657 219 1736 247 Gela—

116 258 197 284 Porro
210 263 281 283 anno
297 255 349 282 408
360 255 394 281 ob
406 255 562 282 Stilichonis
579 254 678 281 caedem
694 255 812 281 nonnihil
828 254 897 281 sedi-

119 292 193 320 ti'inis
208 291 343 317 Ravenna:
357 294 487 316 lentatum
501 298 547 324 per
562 289 619 323 ejus
631 297 723 316 servos
739 289 897 316 familiares-

115 336 175 362 que,
187 330 283 362 auctur
299 330 341 352 cst
365 325 478 362 [iubens
489 325 560 359 ipse.
582 325 855 362 testatusplerosquc
871 324 897 362 id

115 359 229 389 tradere.
257 360 357 387 Verum
385 360 448 394 quid
473 361 529 387 inec
551 359 646 386 seditio
675 359 707 386 ad
732 364 839 386 narrata
865 359 897 387 ab

116 396 241 425 Aanello?

138 418 238 458 llii-Ea
250 430 276 456 in
292 437 321 456 re
335 429 401 456 nihil
420 429 584 464 probabilius
596 430 728 462 occurrit,
741 437 821 463 quant
837 436 898 456 cre-

118 468 173 494 dere
188 465 327 494 Liberium
348 464 377 495 ll.
399 464 515 491 Probum
531 473 562 491 ac
576 464 757 499 Florentium.
779 464 899 498 potuisse

118 502 185 529 brevi
209 508 357 535 paueorum
380 500 510 526 mensium
526 500 613 533 spatio
633 507 703 535 anno
714 499 761 526 391
780 500 898 530 sedisse.

121 538 151 564 ita
164 541 193 562 ut
207 533 332 562 Liberius
346 534 376 561 111
387 534 458 561 circa
471 535 546 561 initia
564 534 626 561 anui
642 533 693 561 399.
711 534 853 568 episcopus
865 534 900 561 sit

120 572 286 599 renuntiatus
296 591 303 600 ,
318 578 401 604 quare
416 570 478 596 dum
499 569 703 596 Valentinianus
721 569 899 597 Valentiniani

120 606 235 633 Senioris
259 610 286 631 et
302 604 413 631 Justime
428 605 496 631 ﬁlius
516 605 550 631 ab
571 605 719 639 Arhogasle
732 605 800 639 apud
817 604 899 631 Vien-

119 650 175 668 nam
189 641 215 667 in
232 640 327 667 Galliis
341 639 445 667 occisus
457 640 574 671 interiit,
599 640 731 667 Rtvcnnre
746 639 834 674 populi
855 644 899 666 tu-

120 676 216 703 multus
231 675 328 709 aliquis
352 674 438 701 factus
462 675 514 706 sit,
535 683 567 702 ex
587 675 683 709 quibus
708 676 787 702 rebus
805 674 900 702 conﬁci

119 711 233 746 pouwrit
245 715 286 737 tra
299 710 354 748 lilio
365 718 412 744 per
427 710 730 748 nqpuzpmiqpovjaria,
741 710 900 748 diversoque

120 744 238 780 icmpore
254 754 286 772 ac
299 745 435 780 locoacta
452 744 477 771 iit
492 744 574 771 unum
586 744 705 780 conﬁans
715 765 721 776 ,
738 749 765 771 et
780 745 900 772 Valenti-

121 779 197 808 niano
220 780 326 807 Juniori
348 779 455 813 Majoris
480 787 574 807 nomen
593 779 718 814 afﬁgcns,
733 780 900 814 quodetiam

123 816 309 843 Valentiniano
323 814 354 842 111
366 815 456 842 datum
468 815 545 841 video
558 816 583 842 in
594 815 742 849 privilegio.
758 815 900 842 recentiori

121 852 268 886 intpostura
286 850 433 886 supposito,
445 849 572 886 Ecclesia:
583 850 757 886 Ravennatis,
769 851 801 876 de
812 858 863 884 quo
874 851 900 877 in

120 883 173 913 bis.
187 886 221 913 de
237 883 376 913 Hier-arci].
395 884 466 912 Eccl.
483 884 569 920 0rig.,
585 889 653 920 part.
671 893 710 911 nl.
730 885 795 911 lllud
807 883 902 913 suadet

120 920 264 948 Theodosii
277 921 396 947 Seuioris
407 925 527 954 tempore
537 918 672 947 Liberium
688 921 758 947 ltunc
769 920 901 953 ﬂoruisse,

119 956 188 990 quod
204 956 419 983 Christianorum
437 963 479 982 res
497 960 588 982 auctas
602 958 629 982 el
648 954 792 982 Gentilium
808 963 903 983 nume—

120 999 176 1018 rum
193 991 366 1018 imminutum
389 990 470 1017 tradit
490 990 632 1025 Agnellus,
658 990 684 1018 id
694 991 766 1017 enim
785 991 905 1025 apprime

118 1026 231 1061 piissimi
248 1026 320 1053 illius
334 1025 504 1061 imperatoris
519 1032 577 1053 :evo
591 1025 715 1059 quadrat.

152 1061 198 1088 V'l.
224 1061 301 1094 Quod
314 1061 348 1087 ad
371 1060 457 1088 sancti
481 1060 542 1088 Ursi
568 1064 673 1087 mtatem
697 1064 819 1094 spectat,
840 1060 905 1088 illud

117 1097 205 1131 primo
212 1096 274 1123 loco
284 1094 447 1123 stabiliendae
456 1095 639 1122 Ravennatum
647 1096 833 1131 episcoporum
843 1104 889 1123 suc
896 1110 904 1116 -

93 1131 95 1134 ’
118 1131 235 1159 cessioni
259 1132 340 1159 tricas
355 1131 456 1165 injicit,
477 1131 563 1165 quod,
581 1138 642 1157 cum
662 1131 790 1165 Agnellus
806 1131 906 1157 diserte

119 1167 207 1193 tradat
219 1166 317 1194 Ursum
332 1167 415 1193 vitam
426 1173 485 1193 cum
499 1171 584 1193 morte
596 1167 803 1193 commutavisse
815 1165 906 1192 ldibus

118 1201 220 1237 Aprilis
244 1201 303 1236 ipso
325 1206 425 1237 sancta:
450 1200 665 1237 Resurrectionis
688 1201 745 1233 die,
772 1200 904 1237 quoﬁolim

118 1235 278 1271 tetnplumra
292 1244 320 1264 se
333 1235 493 1263 tediﬁcatum
511 1236 692 1267 dedicaverat.
711 1244 771 1266 cum
787 1236 857 1262 nullo
873 1244 906 1263 ex

118 1270 199 1299 annis
223 1271 362 1299 Paschalis
383 1270 506 1305 componi
528 1275 618 1332 potest
641 1271 698 1298 dies
721 1271 905 1311 tertiadecima

118 1307 220 1332 Aprilis
234 1308 280 1332 aui
295 1311 469 1332 numerantur
483 1306 515 1332 ab
545 1306 579 1332 96
591 1314 675 1332 usuue
695 1306 727 1332 ad
746 1306 808 1332 469.
830 1306 905 1332 Sicut

118 1307 220 1341 Aprilis
234 1308 280 1341 qui
295 1311 469 1334 numerantur
483 1306 515 1332 ab
528 1306 579 1333 596
591 1314 675 1340 usque
695 1306 727 1333 ad
746 1306 808 1333 469.
830 1306 907 1333 Sicut

119 1340 212 1369 autem
231 1340 290 1369 Ursi
305 1349 378 1369 mors
395 1340 495 1368 diﬁ'erri
517 1341 610 1375 nequit
624 1349 708 1375 usque
720 1341 753 1368 ad
771 1341 841 1368 hunc
859 1349 904 1368 an-

119 1385 183 1403 num
198 1397 206 1410 ,
233 1377 271 1404 ita
286 1377 440 1410 contingere
454 1383 505 1403 non
520 1376 605 1411 potuit
628 1376 726 1411 priori;
752 1376 814 1403 licet
834 1377 906 1403 enim

119 1412 283 1439 brevissime
289 1412 390 1439 sedisse
401 1411 552 1438 diceremus
564 1410 699 1438 Liberium
710 1411 741 1438 111
748 1418 827 1446 quem
834 1418 906 1446 :egrc

119 1448 202 1473 etiam
213 1447 328 1474 electum
337 1454 406 1473 anno
417 1446 468 1473 592
480 1454 512 1473 ex
524 1446 683 1480 coniecturis
691 1454 770 1480 supra
780 1446 906 1473 sustineri

156 1489 203 1509 ssc
218 1482 393 1517 cognovimus
405 1502 412 1514 ,
431 1482 517 1508 adhuc
529 1481 608 1517 breve
619 1482 699 1517 nimis
726 1481 786 1508 Ursi
802 1485 908 1517 tempus

131 1517 237 1549 uisset,
255 1515 308 1544 nec
322 1516 455 1544 sulliciens
477 1516 572 1550 insigni
594 1515 692 1551 templo
713 1516 906 1549 construendo,

120 1552 337 1586 dedicandoque,
350 1551 425 1585 cuius
436 1552 516 1578 etiam
532 1551 692 1578 dedicationi
708 1559 755 1587 per
762 1559 861 1587 annum
872 1551 905 1578 ad

119 1587 213 1614 minus
229 1587 434 1622 supervixisset,
447 1592 476 1615 ut
492 1590 646 1613 recurrente
660 1591 752 1622 sancto
764 1586 904 1615 Paschalis

120 1622 164 1648 die
177 1623 262 1649 vitam
276 1629 336 1648 cum
354 1627 440 1648 morte
449 1622 665 1648 commulaverit.
677 1621 742 1649 Cum
756 1626 844 1649 tamen
856 1629 905 1648 va-

119 1656 184 1684 lidae
197 1665 241 1684 me
254 1657 370 1684 rationes
384 1656 573 1691 compulerint,
589 1661 666 1690 prout
680 1657 706 1683 in
723 1657 906 1692 superioribus

119 1697 263 1719 ostensum
276 1696 327 1723 est,
339 1692 371 1718 ad
380 1692 465 1718 sancti
475 1691 567 1718 Severi
578 1692 663 1719 Vitam
676 1696 737 1726 post
746 1698 844 1719 annum
853 1692 905 1719 590

119 1727 340 1767 producendant,
358 1727 430 1753 nullo
446 1727 525 1753 modo
543 1734 559 1766 a_
576 1727 659 1767 priori
678 1727 815 1767 sententia
831 1734 906 1767 rece-

119 1762 243 1789 dendum
255 1762 380 1793 arbitror,
397 1769 446 1788 nec
461 1761 585 1788 assentiri
604 1762 662 1789 ideo
673 1769 781 1796 possum
796 1762 904 1794 Rubco.

90 1818 94 1825 .
119 1797 297 1831 (Zajetanove,
309 1805 421 1831 quorum
433 1796 516 1831 prior,
529 1796 573 1822 lii).
586 1804 604 1823 Il
616 1796 682 1823 Hist.
696 1797 830 1828 Ravenn.,
839 1797 906 1824 alter

119 1837 198 1859 torno
213 1833 299 1866 primo
323 1833 355 1858 de
376 1831 481 1858 Sanctis
505 1831 610 1858 Siculis.
633 1831 692 1858 Ursi
708 1839 820 1866 mortem
836 1840 907 1859 anno

118 1867 186 1897 585,
201 1865 355 1901 cycloluna:
368 1867 394 1898 6,
412 1866 476 1893 solis
490 1866 516 1898 2,
532 1866 619 1893 littera
631 1866 786 1894 Dominicali
799 1865 822 1891 Ε
840 1874 906 1893 con-

119 1903 221 1937 signat.
250 1902 303 1928 Sed
319 1907 367 1928 nec
382 1901 559 1937 doctissimis?
572 1901 751 1933 llenschcnio,
774 1901 907 1936 Papebro—

119 1936 250 1970 chioque,
262 1937 306 1970 qui
320 1936 453 1963 immerito
468 1936 638 1963 subdubitant
656 1944 688 1962 an
701 1937 799 1964 olyiissc
815 1941 907 1970 potuc—

119 1972 156 2012 ιρι
191 1972 455 2012 annon-596."cyclo
480 1971 618 2012 inn-teli,
647 1971 711 2012 solis
739 1972 781 2004 15,
807 1972 907 2012 litteris

119 2006 337 2033 Dotninicalibus
351 2005 400 2032 FE
423 2006 455 2033 ad
471 2006 540 2032 diem
555 2006 585 2033 15
598 2006 708 2040 Aprilis,
729 2015 789 2034 cum
813 2007 907 2033 uterni-

118 2043 197 2068 nisse
209 2041 363 2068 debuissent
377 2042 508 2068 dictorum
529 2041 562 2067 ad
577 2041 645 2067 diem
663 2042 776 2075 primam
790 2041 908 2068 Februa-

119 2077 155 2103 rii
174 2076 207 2102 de
222 2081 314 2103 sancto
333 2076 432 2103 Severo
448 2077 559 2108 agendo,
572 2075 645 2109 cujus
656 2076 757 2102 obitum
778 2076 908 2103 accidisse

119 2112 245 2138 sentiunt
269 2111 340 2137 circa
356 2119 454 2137 annum
466 2110 517 2138 500
536 2119 596 2138 cum
613 2110 706 2137 Hmreo
720 2110 770 2137 sibi
786 2110 906 2142 laudato;

119 2154 169 2173 sex
186 2146 255 2173 enim
272 2152 409 2173 annorum'
417 2146 530 2179 spatium
542 2144 662 2172 sufﬁcere
677 2153 728 2172 non
742 2149 830 2179 potest
843 2152 909 2179 qua—

119 2186 187 2208 tuor
208 2181 392 2215 episcoporum
408 2181 473 2212 sedi,
491 2188 602 2215 quorum
614 2185 764 2215 postremus
788 2188 820 2207 ca
841 2188 908 2214 pra:-

119 2216 193 2244 stitit
205 2213 307 2250 quibus
319 2215 467 2248 huiusmodi
480 2213 595 2250 spatium
606 2215 649 2242 vix
663 2213 820 2242 sutfecisset.

158 2250 214 2277 \‘Il.
232 2250 289 2283 Quo
312 2251 391 2285 igitur
404 2251 492 2277 omnia
519 2250 570 2276 sibi
594 2250 643 2277 rite
665 2254 797 2281 constent,
815 2250 906 2277 viden—

119 2287 188 2313 dum
205 2292 246 2312 cs‘.
260 2293 294 2311 an
309 2284 362 2312 ullo
377 2286 454 2312 modo
464 2285 572 2320 intelligi
586 2284 800 2320 possintAgnclli
812 2286 903 2317 verba,

119 2329 179 2356 quo
204 2320 314 2347 minime
338 2327 464 2355 cogantur
490 2319 558 2346 Acta
569 2320 597 2348 S.
615 2319 717 2356 Severi,
733 2325 760 2347 et
774 2319 801 2346 S.
816 2320 905 2347 Gemi-

119 2355 198 2383 niani
214 2355 359 2385 invertere,
382 2356 451 2381 ultdc
474 2355 562 2382 omnia
588 2356 614 2382 in
629 2355 738 2382 dubium
764 2360 903 2381 vocentur.

120 2391 217 2418 Satius
243 2390 314 2417 enim
343 2390 425 2417 videri
439 2390 516 2416 debet
541 2390 629 2424 aliquo
642 2390 720 2416 modo
733 2397 747 2416 a
761 2390 904 2416 verborum

120 2427 213 2461 rigore
227 2426 363 2461 recedere
377 2425 514 2461 scriptoris
533 2425 638 2459 quidem
657 2433 705 2461 pro
724 2424 813 2461 saeculi
828 2424 905 2460 genio

119 2458 243 2491 ba'rbari,
259 2468 338 2494 quam
349 2467 363 2486 a
377 2460 471 2486 tradita
489 2458 643 2486 chronotaxi
654 2458 788 2488 abludcre.
806 2458 906 2493 praece-

120 2496 246 2522 dentiqu
260 2499 286 2521 et
299 2494 516 2528 subsequcrttiunt
529 2495 631 2522 ratione
645 2499 738 2529 aperte
753 2501 906 2529 repugnan-

121 2503 246 2522 uentrum
260 2503 286 2521 et
299 2503 516 2528 SllDSqulcttuutll
529 2503 631 2522 ratione
645 2503 659 2520 a
670 2503 738 2521 terte
753 2503 906 2529 repugnan-

121 2536 160 2557 te.
190 2530 257 2556 Cum
276 2530 364 2564 itaque
386 2528 490 2564 videam
501 2536 571 2564 anno
592 2529 643 2555 412
658 2503 796 2556 Paschalis
809 2529 907 2556 festum

121 2564 253 2592 incidisse
275 2564 300 2590 in
315 2563 383 2591 diem
400 2563 430 2590 14
445 2563 553 2598 Aprilis,
567 2563 651 2598 cyclo'
662 2564 725 2591 solis
740 2564 765 2595 1,
780 2564 848 2591 luna:
861 2563 905 2596 14,

122 2600 225 2626 litteris
251 2598 458 2626 Dominicalibus
472 2597 492 2624 G
507 2597 540 2629 F,
557 2597 714 2625 crediderim
725 2607 757 2625 eo
775 2606 845 2625 attno
865 2599 908 2625 de-

122 2634 241 2662 cessisse
255 2634 350 2661 Ursum
364 2633 527 2668 episcopum,
541 2633 584 2659 die
594 2633 713 2660 videlicet
730 2633 777 2664 15,
794 2641 846 2667 quo
856 2633 906 2660 Pa-

122 2669 218 2697 schale
238 2669 334 2695 festum
347 2667 498 2703 incipiebat.
514 2671 541 2694 et
558 2668 607 2694 sub
618 2667 736 2700 ejusdem
756 2668 842 2695 noctis
855 2668 906 2694 ini-

123 2704 244 2735 tium,in
266 2711 319 2738 qua
332 2702 429 2730 sancta:
455 2702 667 2738 Resurrectionis
690 2703 815 2736 mysteria
838 2703 906 2738 cele-

126 2737 290 2771 brabantur;
320 2743 423 2766 constat
444 2738 514 2764 enim
542 2737 612 2764 aliud
635 2737 773 2765 Paschalis
801 2737 906 2764 nomine

125 2774 240 2801 tniIIime
253 2773 363 2808 intelligi
376 2773 444 2808 apud
457 2774 525 2808 Patr.
536 2780 559 2804 s,
569 2778 595 2799 et
607 2773 729 2802 concilia.
743 2780 822 2806 quam
837 2773 906 2799 Sab-

128 2809 184 2835 bati
201 2809 286 2836 sancti
303 2807 367 2839 dies,
383 2807 442 2834 cum
462 2808 494 2834 dc
514 2807 684 2842 Baptismatis
698 2807 838 2834 collatione
852 2808 907 2841 agi—

128 2849 185 2875 tur,
206 2844 276 2877 quod
291 2848 379 2870 tamen
395 2843 420 2869 in
436 2842 565 2870 Paschatc
579 2843 728 2870 faciendum
746 2846 848 2869 ('avcut.
862 2844 907 2869 Sic

132 2880 201 2906 inter
220 2883 342 2911 cmtcros,
357 2886 424 2913 quos
438 2878 542 2913 Iungunt
559 2883 629 2906 essct
644 2878 754 2910 rcfcrra,
768 2878 907 2905 Tertullia-

917 901 941 930 B

920 2245 945 2274 D

942 254 1004 281 .sius
1026 254 1140 289 primus,
1158 253 1280 289 cpist.q9,
1305 254 1368 285 Leo,
1395 255 1473 288 epist.
1490 254 1517 285 4,
1536 254 1569 281 ad
1596 254 1738 289 episcopos

949 287 1057 317 Siciliin.
1076 288 1222 322 Gregorius
1237 287 1347 323 Magnus
1362 287 1468 323 sa-pius.
1484 290 1553 323 apud
1566 287 1633 324 quos
1652 287 1733 317 etiam

948 324 1079 358 baptisma
1109 324 1195 357 ipsum
1222 324 1370 357 bapzismus
1386 324 1521 358 paschalis
1545 329 1665 357 vocatur,
1682 325 1734 351 Pa-

948 359 1045 386 schalis
1069 359 1158 393 itaque
1174 358 1230 385 dies
1244 379 1250 391 ,
1267 360 1322 385 sive
1338 359 1553 386 Rcsurrcctionis
1569 380 1575 390 .
1593 359 1739 394 incipiebat

948 394 1132 421 ecclesiastico
1156 401 1231 427 more
1257 394 1366 420 Sabbati
1381 395 1466 421 sancti
1492 395 1557 421 hora
1578 395 1669 426 tertia,
1684 403 1737 429 qua

948 429 1100 456 benedictio
1124 429 1204 455 fontis
1220 433 1246 455 et
1272 429 1388 456 initiatio
1414 429 1621 463 competentiqu
1644 429 1735 462 ﬁebat,

948 472 1008 491 cum
1018 464 1133 494 caneris,
1142 471 1201 498 quae
1214 463 1247 490 ita
1260 465 1496 498 protrahebantur,
1505 468 1533 490 ut
1544 469 1619 491 nocte
1627 465 1734 491 demum

949 500 1130 533 subsequente
1145 499 1214 525 ccrci
1229 499 1378 526 benedictio
1399 503 1426 525 cl
1444 499 1585 526 missarum
1605 499 1735 526 solemnia

950 535 1054 561 tierent.
1065 534 1103 560 lta
1114 534 1226 561 Ordines
1238 534 1351 561 Romani
1361 534 1551 568 antiquissimi,
1560 543 1626 568 quos
1636 535 1736 569 publici

946 570 1016 603 juris
1043 570 1163 596 fecerunt
1189 568 1346 600 Mcuardus,
1363 569 1537 601 'l‘homasius,
1555 569 1733 599 Mabillouius.

950 604 1059 638 aliique.
1079 604 1142 637 Qua:
1156 604 1264 638 quidem
1289 605 1468 638 antiquissimi
1484 605 1550 631 ritus
1565 612 1626 631 esse
1641 605 1667 631 in
1687 604 1737 631 Ec-

950 640 1030 667 clesia
1048 639 1165 666 ostendit
1191 639 1338 671 Ennodius,
1354 639 1429 673 cujus
1453 644 1560 666 exstant
1581 640 1650 666 bime
1665 640 1737 666 cerei

951 675 1086 710 paschalis
1112 673 1321 702 bcnedictioncs.
1338 675 1460 709 quamvis
1473 675 1505 701 de
1522 683 1554 702 eo
1570 675 1678 701 tninimc
1695 674 1740 710 ilo-

951 709 1040 736 culum
1062 709 1235 736 Prudentium
1260 710 1286 736 in
1302 710 1400 744 hymno
1422 711 1544 737 noverint
1568 710 1675 737 eruditi.
1691 709 1737 736 Sic

952 745 1096 772 Sabbatum
1112 749 1233 772 sanctum
1250 744 1394 771 Sabbatum
1415 745 1524 771 Paschm
1539 745 1636 772 dicitur
1650 745 1676 771 in
1692 752 1739 771 ve-

951 781 1000 807 teri
1016 781 1082 806 libro
1098 780 1332 806 Sacraim-ntormn
1346 780 1528 814 manuscripto
1544 780 1569 807 in
1582 779 1738 807 eminentis—

952 816 1011 842 simi
1026 816 1170 841 Utthobuui
1192 815 1360 842 ιιὶιγΙίυιΙιυίιει,
1379 816 1404 841 in
1419 823 1472 849 quo
1485 819 1545 841 ante
1560 815 1735 850 baptizando-

953 858 1011 876 rum
1028 850 1205 876 exorcisuttml
1220 851 1274 875 liil't‘
1287 850 1418 876 habentur
1432 859 1438 875 :
1454 860 1462 874 ε
1477 850 1569 877 Oratio
1580 851 1606 876 in
1621 850 1739 876 Sabbato

954 885 1064 912 Pascha:
1085 885 1117 912 ad
1151 885 1303 912 reddentcs.
1336 885 1405 911 Dicit
1427 885 1556 911 Dominus
1581 893 1669 919 papa‘r
1679 888 1741 918 post

974 920 1080 947 istensis
1098 929 1105 946 :
1119 919 1185 946 Item
1200 920 1234 946 ad
1256 920 1476 946 catechizanrhnn
1490 916 1628 948 infantes}
1647 916 1701 945 Nec
1716 924 1739 945 te

966 960 1016 982 alet
1030 954 1154 986 Satanas,
1175 958 1225 981 etc.
1247 965 1254 979 ›
1274 955 1349 988 Quod
1368 962 1400 981 co
1416 955 1500 989 magis
1519 955 1616 981 astruit
1641 954 1739 982 UrSum

956 990 998 1051 gie
1012 994 1106 1017 sancto
1118 990 1331 1016 ltesurrt‘ctiouis
1347 990 1453 1020 o'uiisse,
1469 990 1532 1016 licet
1550 991 1584 1016 ad
1600 997 1738 1024 vesperam

977 1024 1068 1051 abbati
1093 1024 1249 1051 decesserit.
1266 1032 1326 1051 cum
1351 1025 1583 1051 vcsoeredemum
1610 1024 1738 1051 solemnia

977 1024 1068 1052 abbati
1093 1024 1249 1055 decesserit,
1266 1032 1326 1052 cum
1351 1032 1462 1059 vespere
1476 1025 1583 1052 dentom
1610 1024 1739 1052 solemnia

956 1060 1013 1095 ipsa
1032 1060 1248 1095 Resurrectionis
1275 1060 1434 1094 inciperent,
1462 1060 1487 1086 id
1507 1060 1579 1087 enim
1611 1060 1739 1095 pleraque

955 1094 1044 1130 niissm
1066 1094 1124 1129 ejus
1136 1096 1394 1122 elcacrcmoniarum
1424 1095 1550 1127 clamant,
1575 1094 1671 1130 quibus
1696 1094 1740 1121 hic

951 1129 1028 1164 juvat
1039 1130 1138 1157 addere
1155 1138 1187 1157 ex
1203 1130 1286 1158 veteri
1302 1130 1401 1157 Codice
1413 1129 1594 1164 manuscripto
1607 1135 1740 1157 ntonastc<

955 1165 989 1192 rii
1005 1164 1174 1199 Neapolitani
1197 1164 1415 1197 Olivetanormn,
1440 1165 1663 1196 benedictionem,
1681 1166 1739 1199 (pta

955 1199 1073 1236 pontifex
1098 1201 1400 1236 anteﬁcommuuiouem
1425 1200 1599 1228 benedicehat
1626 1199 1740 1236 populo,

955 1243 988 1262 ex
1011 1235 1044 1262 iis
1058 1242 1117 1269 qure
1131 1235 1240 1262 cuilibet
1254 1235 1315 1261 anni
1337 1235 1405 1262 festo
1427 1236 1569 1270 assignant:
1596 1235 1632 1262 in'
1646 1235 1740 1264 eodem

955 1270 1054 1297 Codice
1077 1270 1218 1304 descripta:
1238 1273 1311 1304 sunt,
1334 1271 1367 1298 de
1389 1269 1503 1305 quarum
1527 1269 1742 1297 benedictionum

955 1313 1004 1332 usu
1018 1305 1168 1341 Cprdinalis
1185 1305 1268 1337 Bona.
1286 1305 1331 1341 lib.
1345 1314 1363 1332 ιι
1379 1305 1478 1332 Rerum
1502 1305 1641 1341 Liturgic.,
1655 1314 1679 1332 c.
1695 1305 1740 1341 10,

955 1341 1019 1375 agit.
1034 1340 1187 1368 Benedictio
1201 1345 1290 1367 autem
1306 1340 1349 1367 illa
1368 1347 1428 1367 cum
1445 1341 1521 1367 titulo
1536 1340 1595 1368 talis
1607 1344 1666 1367 est:
1684 1349 1692 1364 ι
1712 1340 1740 1367 in

956 1374 1073 1402 sabbato
1086 1375 1199 1402 Sancto:
1211 1376 1291 1405 Deus.
1307 1376 1351 1410 qni
1367 1377 1400 1402 de
1421 1375 1547 1403 Ecclesiae
1562 1383 1616 1403 sum
1630 1377 1742 1402 interne-

955 1415 1014 1437 rato
1029 1415 1106 1437 utero
1120 1418 1202 1437 novos
1214 1410 1325 1445 populos
1340 1411 1500 1445 producens,
1517 1419 1575 1437 eam
1589 1411 1614 1437 in
1629 1411 1742 1445 virgini-

956 1449 1011 1471 tate
1029 1450 1181 1472 manentcnt
1199 1453 1266 1471 nova
1281 1453 1387 1480 semper
1406 1445 1480 1479 prole
1502 1445 1654 1477 fwcrtudal,
1669 1445 1741 1477 tidei,

956 1480 1024 1514 spei.
1039 1484 1065 1507 et
1080 1481 1219 1507 cltaritatis
1235 1488 1283 1507 vos
1301 1488 1411 1507 tnunere
1427 1480 1539 1515 repleat,
1559 1485 1585 1507 et
1601 1488 1655 1507 sua:
1667 1480 1745 1508 vobis

955 1515 1149 1542 benedictionis
1171 1515 1240 1542 dona
1264 1515 1395 1542 infundat.
1422 1515 1517 1542 Amen.
1548 1515 1579 1542 Et
1600 1517 1644 1550 qui
1673 1515 1743 1543 banc

957 1551 1165 1577 sacratissimam
1188 1554 1293 1577 noctem
1320 1551 1507 1585 Redemptoris
1533 1552 1617 1578 nostri
1644 1551 1744 1578 Resur-

956 1586 1076 1613 rec'tione
1091 1585 1174 1613 voluit
1186 1585 1328 1615 illustrare,
1342 1590 1444 1621 mentes
1456 1590 1558 1612 vestras
1570 1592 1741 1621 peccatorum

956 1620 1074 1648 tenebris
1087 1621 1239 1653 mundatus,
1254 1621 1383 1647 virtutum
1396 1619 1477 1648 radiis
1489 1619 1576 1648 faciat
1587 1629 1739 1648 coruscare.

954 1655 1051 1683 Amen.
1067 1656 1124 1689 Quo
1135 1663 1226 1683 eorum
1238 1656 1284 1690 qui
1295 1656 1373 1682 modo
1386 1656 1471 1682 renati
1484 1661 1546 1683 sunt
1561 1657 1742 1684 innocentiam

956 1691 1055 1718 imitari
1068 1691 1186 1722 certetis.
1195 1695 1222 1717 et
1233 1691 1339 1718 vascula
1352 1691 1480 1717 mentium
1491 1696 1640 1718 vestrarum
1651 1700 1742 1719 exem-

955 1726 999 1761 plo
1014 1727 1184 1760 praesentium
1196 1726 1323 1753 luminum
1335 1726 1484 1758 illustretis.
1501 1731 1529 1753 ut
1540 1734 1599 1753 cum
1612 1727 1742 1754 bonorum

955 1760 1065 1796 cperunt
1083 1761 1248 1796 lampadibus
1263 1761 1295 1787 ad
1306 1760 1364 1795 ejus
1380 1761 1475 1796 Sponsi
1495 1761 1651 1795 thalamum,
1665 1762 1742 1796 cujus

956 1796 1189 1832 Besurrrectioncm
1203 1796 1355 1832 celebratis,
1371 1804 1431 1823 cum
1451 1797 1625 1830 prudentibus
1633 1798 1744 1832 virgini-

956 1831 1006 1858 bus
1025 1831 1126 1858 intrare
1142 1831 1259 1866 possitis.
1275 1831 1370 1857 Amen.
1387 1832 1464 1864 Quod
1478 1832 1545 1866 ipse,
1559 1836 1610 1858 etc.
1632 1841 1641 1858 ι
1664 1831 1699 1859 At
1714 1832 1740 1858 in

957 1873 985 1892 re
999 1865 1147 1892 clarissima
1164 1873 1206 1892 me
1223 1865 1308 1892 lucem
1322 1867 1464 1900 exquirere
1486 1865 1579 1893 videO'
1596 1866 1649 1894 Leo
1669 1867 1741 1893 enim

957 1900 1076 1935 Magnus,
1098 1901 1143 1935 qui
1154 1900 1232 1936 paulo
1244 1904 1304 1934 post
1316 1908 1347 1936 ea
1373 1906 1493 1936 tempora
1517 1901 1615 1933 ﬂoruit,
1631 1902 1741 1928 dubium

956 1934 1036 1963 omne
1060 1934 1137 1967 tollit,
1154 1934 1197 1962 ubi
1208 1934 1246 1970 Vde
1267 1935 1352 1970 sacris
1366 1934 1552 1970 episcoporum
1565 1936 1742 1963 ordinationi-

956 1971 1016 2001 bus.
1041 1971 1119 2005 epist.
1142 1970 1186 2001 89,
1207 1969 1358 2005 luccrhabel
1377 1969 1387 1996 :'
1406 1980 1415 1995 ε
1435 1969 1491 1997 Non
1507 1971 1616 2005 passim,
1632 1972 1678 1998 sed
1700 1972 1743 1998 die

958 2004 1074 2039 legitimo
1089 2005 1221 2032 ordinatio
1235 2004 1451 2037 celebretur,nee
1461 2004 1513 2032 sibi
1524 2010 1646 2033 constare
1658 2010 1749 2033 status.

958 2041 998 2067 sui
1024 2041 1128 2066 noverit
1155 2039 1318 2075 ﬁrmitatem.
1349 2040 1393 2073 qui
1414 2041 1518 2067 sabbati
1541 2041 1655 2075 vesperi,
1668 2043 1757 2075 quod.

957 2075 1068 2110 lucescit
1094 2075 1120 2101 in
1149 2074 1234 2110 prima
1259 2073 1379 2110 Sabbati.
1403 2074 1444 2101 vel
1471 2075 1529 2110 ipso
1544 2073 1683 2102 Doitiirt‘ico
1699 2076 1743 2110 die

957 2118 1011 2137 non
1029 2109 1110 2136 fuerit
1134 2106 1284 2136 ordinatus.
1308 2119 1318 2134 ι
1340 2109 1378 2135 Ex
1400 2106 1488 2136 veteri
1505 2111 1586 2144 igitur
1613 2106 1741 2138 Ecclesilc

959 2145 1010 2171 ritu
1026 2165 1033 2174 .
1058 2149 1178 2178 utraeque
1206 2148 1326 2178 vespera:
1353 2144 1496 2171 Dominicze
1522 2145 1682 2178 cujuslibet,
1710 2154 1742 2172 ac

957 2179 1069 2214 proinde
1082 2178 1219 2206 Paschalis
1230 2179 1322 2210 etiam.
1334 2179 1403 2206 diem
1413 2180 1622 2207 ecclesiasticum
1634 2180 1741 2208 claude-

959 2213 1032 2241 bant.
1060 2214 1096 2241 lta
1111 2213 1278 2249 intelligitur,
1293 2214 1356 2248 quid
1378 2213 1405 2241 in
1423 2215 1646 2249 subsequentibus
1666 2215 1743 2246 velit.

957 2249 1172 2285 Resurrectionis
1186 2248 1411 2285 Dominicrnidiem
1423 2258 1454 2277 co
1471 2248 1571 2277 honore
1585 2250 1694 2285 (lignum
1705 2258 1737 2277 ex

957 2284 1067 2311 Patrum
1087 2291 1165 2311 sensu
1179 2291 1313 2320 asserens.
1325 2284 1446 2320 Plurain
1460 2292 1486 2311 re
1498 2285 1563 2312 satis
1576 2284 1668 2320 aperta
1692 2286 1740 2312 ad-

958 2320 1043 2347 denda
1056 2323 1237 2354 suppeterent,
1246 2319 1291 2346 sed
1302 2319 1359 2347 hzec
1371 2319 1490 2347 suﬁioere
1503 2319 1672 2347 crediderim.
1682 2320 1741 2347 Stet

957 2354 1038 2389 igitur
1050 2354 1147 2382 Ursum
1157 2362 1227 2381 anno
1236 2354 1363 2388 praedicto
1376 2354 1438 2388 M2,
1451 2355 1493 2382 die
1504 2354 1537 2381 13
1548 2355 1647 2390 Aprilis
1658 2355 1741 2383 obiis-

959 2396 988 2417 se
998 2390 1030 2415 ad
1042 2396 1192 2417 vesneram.

994 2424 1058 2451 V'lll.
1077 2423 1152 2452 Ouod
1176 2423 1198 2450 si
1218 2428 1355 2451 constaret
1374 2424 1500 2452 Ecclesia:
1522 2424 1642 2452 Ursiana:
1665 2425 1741 2451 dedi-

959 2459 1091 2486 cationem
1105 2459 1204 2485 factam
1220 2459 1263 2485 die
1274 2459 1306 2485 15
1325 2459 1434 2493 Aprilis,
1450 2459 1519 2486 sicut
1538 2463 1643 2486 constat
1667 2467 1740 2486 eam-

959 2494 1019 2529 dem
1032 2499 1131 2520 sancta:
1145 2494 1359 2520 Resurrectionis
1372 2493 1413 2519 die
1426 2493 1587 2529 celebratam
1599 2502 1633 2521 ex
1643 2494 1740 2529 Agnel-

958 2528 995 2561 lo,
1020 2529 1180 2567 haberemus
1206 2531 1391 2567 argumentum
1406 2535 1468 2567 .quo
1492 2528 1548 2567 fere
1571 2530 1604 2556 ad
1638 2528 1739 2567 annum

959 2563 1163 2598 regrederemur
1173 2561 1343 2598 pontiﬁcatus
1352 2561 1459 2598 Ursiani
1471 2563 1621 2597 proximum
1633 2563 1737 2598 primo;

958 2597 1059 2625 Pascha
1075 2598 1145 2625 enim
1163 2597 1257 2624 eodem
1279 2597 1323 2623 die
1340 2597 1371 2623 tl»
1392 2597 1490 2631 Aprilis
1512 2597 1675 2625 celebratum
1697 2603 1740 2624 est

960 2640 1029 2659 anno
1046 2632 1110 2664 407,
1125 2631 1200 2666 cyclo
1211 2631 1276 2658 solis
1289 2631 1333 2663 24,
1352 2632 1420 2659 luna:
1431 2633 1457 2664 9.
1472 2632 1560 2659 littera
1580 2632 1737 2660 Dominicali

959 2667 1079 2702 F,quare
1094 2666 1192 2693 Liberii
1206 2666 1238 2693 111
1252 2666 1341 2693 sedem
1351 2667 1384 2693 ad
1395 2675 1493 2693 annnrn
1501 2667 1552 2693 400
1563 2667 1653 2695 ﬁnisse
1664 2667 1739 2694 intel-

956 2701 1081 2737 ligentes,
1091 2701 1238 2737 Ursumque
1246 2702 1316 2737 circa
1329 2709 1359 2728 ea
1367 2706 1484 2736 tempora
1494 2702 1618 2735 electum,
1626 2702 1738 2730 ecclesia

959 2736 1071 2764 Ursiana
1088 2745 1139 2764 non
1161 2736 1239 2763 modo
1265 2736 1346 2768 ﬁniri,
1369 2737 1414 2763 sed
1432 2741 1459 2763 ct
1476 2737 1588 2771 c‘rpissc
1612 2738 1741 2764 :ediﬁcari

956 2773 1098 2806 potuisset,
1117 2776 1144 2798 et
1168 2771 1276 2798 deruunt
1295 2771 1412 2798 dedicari
1427 2771 1520 2798 eodem
1539 2772 1605 2799 festo
1621 2772 1739 2805 Pascha-

959 2808 1003 2840 lis,
1019 2815 1050 2833 ac
1063 2807 1157 2833 eodem
1183 2807 1225 2832 die
1241 2806 1421 2833 ecclesiastico
1436 2811 1600 2839 recurrente,
1612 2815 1664 2841 quo
1680 2812 1739 2834 tan-

958 2843 1018 2869 dcut
1035 2842 1118 2869 Ursus
1140 2849 1171 2867 ex
1188 2842 1238 2868 hac
1260 2841 1311 2867 vita
1328 2841 1460 2874 migravit.
1477 2841 1504 2868 lrt
1517 2841 1611 2869 eodem
1627 2842 1735 2874 Codice,

958 2886 1054 2912 ςχ-ιμιο
1069 2876 1207 2911 Agncllunt
1223 2876 1349 2909 descripsi
1366 2876 1493 2911 (scriptus
1504 2881 1546 2905 cst
1569 2882 1658 2906 autem
1682 2878 1744 2909 Co:

1685 180 1744 189 νυ...
1755 185 1759 187 .
