3956 6190
271 334 372 385 5υῦ

1303 334 1507 391 LIBER
1533 333 1809 393 PONTIFI
1835 335 2050 392 CALIS.
2073 366 2144 377 —-
2179 334 2357 390 PARS
2392 335 2434 389 I.

3397 322 3502 379 506

268 446 531 515 gelorum’
566 448 964 521 contemplatus
1000 451 1213 519 agmina
1248 450 1427 514 Iustus,
1460 459 1514 506 et
1546 449 1829 505 exsultans
1858 453 1906 510 Α
1938 444 2197 511 tissimus,
2224 453 2284 500 ut
2308 443 2614 514 suspicatus
2645 457 2784 508 sum,
2808 457 2931 497 cum
2956 439 3351 511 prmdecessore
3380 451 3500 492 suo.

274 536 494 593 tendens
519 540 587 594 ad
615 541 803 611 syllera
832 542 1059 611 palmas,
1081 542 1410 597 ﬂammantia
1443 543 1645 596 lumina
1675 542 1827 595 clau—

277 629 362 687 sit.
388 639 441 685 et
470 632 705 688 reddidit
731 634 979 689 suit-itum
1003 650 1020 693 :
1058 635 1411 698 sepultusque
1441 644 1524 689 est
1569 636 1671 689 iste
1698 633 1829 701 bea-

1931 534 2082 590 Sedit
2102 543 2283 590 autem
2310 550 2480 590 annos
2501 574 2515 588 .
2535 573 2549 588 .
2572 574 2586 587 .
2605 573 2619 586 .
2638 574 2652 588 .
2675 574 2692 589 .
2720 549 2905 589 mens.
2925 573 2939 586 .
2961 572 2974 586 .
2993 571 3010 588 .
3029 569 3045 588 .
3065 572 3079 586 .
3112 533 3255 586 dies.
3280 570 3294 584 .

1345 943 1591 1025 VITA
1647 942 1732 1021 S.
1790 941 2379 1020 FLORENTII.

756 1206 984 1285 CAPUT
1014 1210 1292 1268 UNICUM.
1352 1216 1355 1225 '

350 1300 543 1355 Sancti
561 1298 822 1354 Florentii
841 1299 1091 1371 elogium,
1113 1304 1283 1358 obitus
1303 1313 1351 1358 et
1373 1304 1691 1370 sepulcrum.

310 1391 615 1447 Florentius
667 1391 804 1455 XIV,
850 1389 1031 1460 justus
1073 1393 1256 1457 homo,
1296 1402 1453 1464 pater
1498 1408 1818 1463 pauperum,

252 1496 301 1542 et
348 1492 533 1540 rector
568 1484 876 1549 viduarum,
930 1500 1155 1556 magnus
1192 1488 1530 1557 praedicator,
1574 1485 1817 1549 humilis,

252 1584 561 1632 mansuetus
585 1585 641 1630 et
667 1574 809 1644 pius,
840 1575 1132 1632 exhortans
1166 1576 1408 1647 quotidie
1430 1592 1559 1633 oves
1582 1590 1728 1642 suas,
1759 1586 1821 1629 ut

1921 1209 1991 1264 ad
2023 1216 2237 1279 portum
2260 1207 2447 1263 salutis
2472 1214 2527 1263 et
2552 1204 2882 1275 paenitentia:
2925 1202 3136 1258 fruetus
3162 1202 3326 1258 citius
3367 1218 3503 1258 con-

1921 1301 2185 1373 fugerent.
2218 1287 2471 1370 Sepultus
2498 1307 2581 1355 est
2602 1298 2693 1354 hic
2722 1305 2945 1353 sanctus
2965 1295 3049 1349 vir
3074 1294 3129 1348 in
3160 1295 3494 1349 monasterio

1929 1403 2129 1451 sancta
2152 1392 2477 1457 Petronium,
2500 1392 2712 1447 haerens
2736 1389 2909 1445 muris
2928 1388 3172 1445 ecclesia:
3221 1385 3508 1455 Apostolo-

1922 1500 2064 1540 rum.
2101 1483 2262 1538 Rexit
2289 1481 2587 1538 Ecclesiam
2606 1495 2761 1536 suam
2782 1480 3081 1535 annis......
3109 1476 3501 1532 meusibus.....

1926 1574 2290 1631 diebus.......

257 1725 3488 1761 W

1328 1886 1580 1963 VITA
1640 1885 1720 1963 S.
1784 1881 2165 1962 LIBERII
2227 1883 2383 1959 III;

753 2169 981 2227 CAPUT
1018 2128 1300 2226 UNICUM.

595 2329 816 2387 asserta.
848 2329 1121 2401 Pontiﬁcis
1154 2329 1468 2402 sepulcrum.

310 2445 566 2503 Liberius
593 2442 713 2510 XV,
741 2444 827 2497 vir
853 2452 1096 2507 sanctus,
1125 2441 1352 2512 pulcher
1378 2439 1479 2495 fuit
1522 2440 1578 2494 in
1617 2438 1824 2506 forma,

242 2538 441 2595 clarior
470 2535 527 2590 in
563 2549 746 2589 sensu.
796 2531 1082 2587 Latiﬂuam
1112 2527 1473 2604 [Lactilluam]
1501 2528 1688 2583 habuit
1713 2527 1827 2582 elo-

241 2626 542 2698 quentiam,
573 2624 674 2679 fuit
701 2624 847 2680 enim
871 2637 1032 2678 verus
1056 2622 1153 2676 Dei
1182 2620 1380 2685 cultor,
1405 2634 1735 2690 paganorum
1769 2618 1823 2673 in
1879 2671 1886 2679 ,

240 2715 403 2771 bonis
426 2715 705 2779 seductor,
733 2713 998 2768 idolorum
1030 2712 1359 2775 destructor,
1386 2710 1486 2765 sub
1508 2707 1663 2778 cujus
1689 2717 1827 2762 tem-

240 2806 469 2880 poribus
501 2806 667 2875 coepit
700 2819 827 2875 pars
857 2817 1192 2874 paganorum
1219 2801 1492 2864 minuere,
1540 2806 1596 2854 et
1638 2804 1825 2853 sancta

240 2896 490 2953 Ecclesia
517 2911 583 2951 ex
609 2894 914 2951 Christiano
946 2892 1143 2964 p0pulo
1166 2890 1432 2962 pepulari.
1475 2887 1641 2957 Cujus
1676 2895 1826 2942 tanta

240 2987 604 3043 mansuetudo
625 2984 747 3049 fuit,
768 2992 829 3039 ut
853 2999 958 3039 non
986 2982 1235 3039 dominus
1260 2996 1290 3034 a
1314 2980 1427 3035 suis
1455 2976 1825 3034 sacerdotibus

239 3087 551 3143 vocaretur,
594 3077 688 3134 sed
717 3077 870 3146 quasi
904 3091 1044 3131 unus
1073 3090 1142 3129 ex
1180 3073 1315 3144 ipsis
1350 3069 1828 3128 consacerdotibus

238 3168 743 3241 cognominaretur.
800 3166 1149 3222 Solummodo
1196 3166 1336 3219 inter
1372 3178 1467 3219 eos
1505 3160 1830 3233 pontificalis

240 3256 399 3317 tituli
426 3260 561 3315 solio
601 3258 957 3330 pmcedebat.
1011 3257 1411 3313 Exhortabatur
1448 3256 1551 3310 iste
1589 3251 1831 3323 quotidie

308 3386 339 3414 ι
371 3372 522 3439 Not.,
550 3388 745 3444 marg.,
774 3386 834 3425 tu
856 3369 981 3451 Kal.
1008 3369 1257 3424 Januarii
1279 3367 1589 3423 celebratur.
1632 3364 1829 3420 Baccu.

972 2172 981 2250 ξ
1018 2168 1300 2226 UNICUM.
1846 2174 1893 2234 B
1919 2169 2298 2226 erubescentes
2322 2162 2695 2234 penitentiam
2715 2201 2730 2226 ,
2769 2169 2831 2214 ut
2859 2175 2983 2216 cum
3011 2158 3221 2213 fiducia'
3234 2157 3496 2214 deberent

278 2264 466 2322 Sancti
505 2261 698 2317 Liberii
732 2252 1200 2333 pastoralisictira.
1259 2258 1614 2333 Valentiniani
1647 2274 1790 2313 mors
1841 2320 1847 2327 ,

1926 2261 2206 2317 accedere.
2241 2256 2403 2313 Istius
2433 2254 2664 2323 denique
2693 2250 3023 2321 temporibus
3047 2251 3259 2305 occisus
3288 2258 3373 2305 est
3397 2249 3505 2304 Va-

1924 2351 2256 2408 lentinianus
2279 2347 2555 2419 Augustus
2585 2342 2755 2411 Major
2783 2353 2938 2398 extra
2966 2349 3181 2412 portam
3207 2340 3511 2396 Artcmeto-
3588 2404 3593 2409 _

1925 2446 2004 2502 ris
2025 2486 2041 2512 ,
2088 2461 2194 2500 non
2230 2443 2387 2513 longe
2424 2439 2490 2494 ad
2532 2437 2762 2493 stadium
2795 2434 3013 2492 Tabula:
3054 2448 3224 2504 prope
3257 2447 3509 2502 campum

1925 2535 2258 2599 Corianthri,
2278 2541 2335 2588 et
2358 2529 2554 2587 seditio
2582 2519 2819 2584 maxima
2840 2526 2895 2580 in
2916 2523 3112 2595 populo
3133 2522 3254 2588 fuit,
3277 2529 3331 2577 et
3352 2521 3506 2576 multi

1924 2628 2195 2685 vulnerati
2245 2627 2301 2681 in
2348 2624 2469 2680 loco
2521 2622 2614 2693 qui
2662 2620 2861 2676 dicitur
2904 2616 3108 2671 Puteus
3153 2614 3510 2678 Benedictus,

1926 2722 2231 2790 missusque
2272 2726 2429 2773 extra
2467 2716 2742 2769 Ravenna:
2784 2710 2985 2765 mmnia
3015 2709 3310 2778 Augustus.
3346 2708 3514 2762 inter-

1925 2810 2189 2867 fectorum
2218 2806 2469 2862 manibus
2497 2803 2669 2858 finivit
2694 2801 2887 2856 vitam.
2925 2798 3177 2869 Sepultus
3205 2804 3289 2851 est
3316 2796 3368 2857 in
3398 2811 3517 2851 mo—

1926 2900 2164 2957 nasterio
2217 2896 2388 2953 sancti
2435 2892 2728 2956 Pullionis,
2767 2903 2791 2929 ι
2820 2889 2964 2959 quod
3013 2888 3128 2944 suis
3176 2885 3512 2956 temporibus

1929 2991 2249 3045 aedificatum
2274 2992 2380 3051 est,
2403 3000 2508 3039 non
2533 2983 2691 3054 longe
2715 2997 2745 3035 a
2772 2987 2927 3051 porta
2953 2993 3072 3048 quac
3094 2984 3317 3032 vocatur
3340 2974 3508 3037 Nova,

1932 3079 2084 3149 cujus
2124 3078 2430 3149 sepulcrum
2472 3073 2629 3129 nobis
2669 3073 2943 3149 cognitum
2981 3078 3084 3125 cst.
3139 3067 3290 3123 Sedit
3331 3077 3511 3122 autem

1931 3171 2221 3242 przedictus
2250 3168 2472 3223 antistes
2498 3180 2786 3235 annos..."
2816 3178 3087 3216 mens.....
3118 3160 3347 3214 dies.....

239 3525 3496 3553 —_—__—__—__—__—_—_—____—

1373 3667 1630 3749 VITA
1692 3665 2058 3748 SANCTI
2123 3667 2393 3744 URSI.

764 3955 990 4015 CAPUT
1029 3952 1310 4011 UNICUM.

243 4054 507 4115 Ecclesia:
551 4048 794 4107 Ursiame
841 4046 1177 4102 constructio.
1231 4043 1412 4098 Sancti
1457 4040 1580 4098 Urs:
1625 4044 1831 4110 obitus,

768 4117 1088 4190 sepulcrum,
1118 4116 1315 4185 imago.

274 4220 285 4235 ⁸
318 4243 502 4301 Ursus
525 4237 680 4309 XVI,
714 4229 1055 4291 castissimus
1079 4247 1327 4303 corpore,
1357 4231 1736 4287 sanctissimus
1780 4233 1837 4286 in

243 4352 435 4409 Opere,
488 4342 699 4389 tensam
744 4336 800 4384 et
842 4326 1126 4409 pulchram
1153 4324 1342 4379 habuit
1368 4316 1582 4387 faciem,
1617 4322 1830 4378 modice

248 4400 444 4485 calvus
483 4423 606 4479 fuit.
658 4420 765 4476 lste
800 4400 1010 4491 prim'us
1035 4416 1125 4471 hic
1153 4414 1385 4469 initiavit
1425 4413 1682 4483 templum
1710 4428 1839 4491 con-

244 4529 468 4575 struere
499 4513 596 4570 Dci
619 4554 634 4579 ,
674 4519 735 4567 ut
768 4510 956 4581 plebes
982 4505 1451 4570 Christianorum,
1491 4519 1611 4574 qua:
1643 4503 1697 4559 in
1727 4490 1840 4560 sin-

247 4612 405 4685 gulis-
447 4605 679 4678 tuguriis
724 4602 994 4673 vagabant
1046 4598 1098 4652 in
1152 4611 1319 4651 unum
1367 4594 1509 4650 ovile
1556 4595 1834 4665 piissimus

247 4703 540 4773 colligeret
561 4704 767 4767 pastor.
802 4693 1084 4761 Nunquam
1115 4705 1267 4745 suam
1301 4687 1586 4746 ecclesiam
1620 4688 1833 4759 polluit,

248 4808 352 4847 nec
380 4789 648 4860 Spiritum
676 4791 922 4840 sanctum
950 4781 1218 4847 vendidit,
1257 4796 1358 4837 nec
1384 4781 1451 4837 de
1477 4780 1840 4851 impositionis

248 4899 423 4941 manu
457 4880 637 4950 aliqua
665 4875 937 4933 afferenda
966 4889 1192 4930 munera
1227 4888 1379 4929 suam
1411 4873 1691 4928 dexteram
1714 4887 1840 4942 por-

249 4974 422 5031 rexit.
457 4970 625 5041 Igitur
648 4964 933 5029 aediﬁcavit
965 4963 1066 5018 iste
1094 4962 1444 5018 beatissimus
1471 4960 1668 5033 praesul
1699 4960 1839 5016 infra

249 5069 400 5125 hanc
431 5061 710 5119 civitatem
738 5058 1053 5113 Ravennam
1094 5065 1336 5111 sanctam
1381 5054 1707 5111 catholicam
1749 5070 1839 5111 ec—

250 5160 482 5215 clesiam
500 5195 517 5220 ,
547 5168 654 5243 quo
682 5164 873 5207 omnes
902 5146 1115 5202 assidue
1140 5146 1547 5213 concurrimus,
1577 5162 1740 5217 quam
1771 5147 1838 5200 de

251 5269 358 5310 suo
406 5241 626 5305 nomine
672 5245 963 5302 Ursianam
1013 5241 1328 5296 nominavit.
1388 5241 1505 5313 Ipse
1552 5258 1674 5296 eam
1725 5241 1838 5296 suis

1770 3983 1774 3987 -
1854 3955 1900 4019 C
1929 3947 2024 4021 qui
2057 3946 2235 4021 [quia]
2273 3942 2700 4017 prosperabatur
2742 3943 2888 4000 salus
2932 3944 2987 3999 in
3030 3943 3281 4000 manibus
3322 3959 3512 4003 eorum

1936 4056 2035 4113 per
2058 4038 2502 4096 intercessionem
2530 4036 2614 4092 sui
2638 4035 2937 4090 sacerdotis
2962 4045 3018 4089 et
3045 4034 3388 4091 confessoris.
3414 4037 3519 4104 Qui

1940 4133 2195 4190 Cuserius
2218 4127 2501 4202 [Euserius
2518 4124 2739 4197 Bacch.]
2761 4133 2816 4179 et
2839 4124 3041 4179 Paulus
3066 4139 3226 4178 unam
3253 4126 3518 4193 parietem

1938 4230 2342 4283 exornaverunt
2370 4227 2525 4292 parte
2545 4217 2834 4273 mulierum
2855 4215 3007 4285 juxta
3032 4214 3201 4269 altare
3218 4213 3517 4287 [altarium]

1939 4321 2141 4372 sanctae
2166 4310 2503 4382 Anastasius,
2544 4308 2687 4378 quod
2728 4306 2854 4362 fecit
2886 4306 3117 4377 Agatho.
3169 4305 3286 4375 Ipsa
3315 4312 3397 4361 est
3425 4320 3524 4374 pa-

1939 4407 2081 4474 ries,
2109 4405 2202 4463 ubi
2231 4403 2493 4461 columnae
2524 4408 2650 4457 sunt
2676 4397 2945 4469 positazin
2970 4396 3214 4452 ordinem
3251 4411 3421 4465 usque
3450 4395 3521 4450 ad

1938 4513 2224 4556 numerum
2255 4497 2323 4553 de
2357 4493 2548 4566 positis
2588 4488 2804 4564 [postis]
2846 4487 3127 4557 majorem.
3178 4487 3353 4542 Aliam
3391 4499 3525 4540 vero

1937 4593 2201 4666 parietem
2240 4596 2397 4659 parte
2436 4587 2681 4641 virorum
2713 4581 3165 4651 comptitavcrunt
3192 4577 3363 4632 Janus
3395 4576 3523 4648 [Sa-

1939 4687 2047 4741 tius
2074 4678 2297 4753 Bacch.j
2333 4687 2391 4734 et
2429 4675 2739 4747 Stephanus
2776 4685 2950 4741 usque
2988 4670 3053 4724 ad
3090 4668 3407 4740 praedictam
3435 4667 3521 4735 ja-

1939 4788 2127 4837 nuam,
2164 4779 2221 4828 et
2257 4770 2385 4827 hinc
2410 4776 2574 4839 atque
2602 4765 2750 4821 illinc
2788 4763 3004 4835 gypseis
3040 4759 3275 4816 metallis
3305 4760 3521 4815 diversa

1939 4865 2236 4928 hominum,
2262 4861 2706 4929 animaliumque,
2726 4863 2781 4910 et
2798 4852 3210 4934 quadrupedum
3229 4851 3519 4921 aenigmata

1939 4957 2269 5022 inciserunt,
2306 4961 2363 5009 et
2386 4950 2543 5008 valde
2569 4948 2771 5018 optime
2790 4951 3239 5013 composuerunt.
3284 4942 3400 4996 Sita
3429 4946 3517 4993 est.

1931 5051 2044 5123 jam
2071 5051 2214 5107 dicta
2240 5047 2469 5105 ecclesia
2503 5045 2557 5099 in
2583 5043 2801 5114 regione
2828 5039 3151 5096 Herculana.
3200 5038 3328 5093 Ideo
3373 5034 3507 5091 Her-

1937 5143 2132 5199 culana
2157 5140 2373 5205 dicitur,
2404 5135 2529 5207 quia
2562 5133 2631 5188 ab
2664 5129 2895 5186 Hercule
2923 5135 3243 5184 consecrata
3272 5126 3373 5180 fuit
3400 5141 3512 5180 non
3568 5151 3578 5161 -

1938 5234 2099 5305 longe
2147 5248 2179 5288 a
2231 5227 2503 5302 posterula
2528 5221 2870 5281 Vinceleonis
2895 5260 2910 5286 ,
2963 5234 3030 5275 eo
3076 5217 3221 5289 quod
3252 5215 3517 5272 Vincilius

254 5337 597 5413 temporibus
626 5336 898 5398 fundavit,
937 5340 1021 5396 et,
1052 5331 1163 5386 Deo
1184 5303 1428 5403 juvante:
1459 5347 1631 5402 usque
1657 5331 1724 5385 ad
1750 5329 1914 5422 (ξς-,1)
1939 5303 2112 5396 ipsam
2140 5318 2443 5377 aedificavit.
2491 5313 2780 5371 Habitabat
2808 5318 2990 5412 autem
3019 5305 3394 5422 sanctissimus
3432 5303 3519 5408 vir
3549 5382 3553 5387 .

259 5436 467 5491 fectum
513 5427 788 5500 perduxit.
819 5421 1111 5494 Lapidibus
1154 5420 1558 5491 pretiosissimis
1598 5420 1839 5490 parietes

264 5521 644 5584 circumdedit,
673 5532 833 5587 super
856 5514 1020 5571 totius
1045 5511 1229 5581 templi
1259 5510 1583 5566 testudinem
1611 5510 1839 5567 tessellis

265 5613 437 5669 variis
461 5612 708 5668 diversas
735 5608 935 5679 ﬁguras
964 5600 1286 5673 composuit.
1319 5599 1510 5655 Omnis
1537 5609 1715 5655 autem
1744 5616 1839 5671 po-

268 5707 462 5777 pulus,
490 5703 644 5775 quasi
680 5701 764 5755 vir
790 5714 929 5754 unus
957 5705 1287 5767 spontaneus
1323 5694 1535 5750 animus
1562 5694 1840 5752 laborabat

276 5797 467 5861 Lotus,
505 5802 559 5850 ct
587 5792 844 5866 gaudens,
874 5799 930 5845 ct
958 5788 1023 5844 de
1052 5786 1203 5844 cmlis
1236 5784 1403 5842 Deum
1430 5785 1837 5858 cumlaudabat,

1941 5415 2083 5472 infra
2104 5410 2457 5485 episcopium,
2477 5407 2569 5479 qui
2590 5414 2675 5462 est
2692 5404 2905 5477 positus
2920 5400 3075 5472 juxta
3098 5397 3301 5454 fossam
3321 5396 3517 5485 amnis,

1942 5522 2063 5578 qum
2088 5502 2364 5577 egreditur
2388 5502 2454 5556 de
2482 5500 2602 5555 loco
2631 5497 2724 5568 qui
2751 5503 2979 5551 vocatur
3006 5489 3332 5563 Organaria,
3371 5503 3520 5544 ema-

1942 5613 2082 5656 nans
2106 5595 2205 5653 sub
2225 5600 2389 5664 ponte
2415 5592 2717 5655 Pistorum;
2749 5586 2885 5642 mira
2913 5581 3297 5656 magnitudine,
3324 5590 3378 5636 et
3405 5589 3520 5635 tcta

1944 5687 2191 5747 azdilicali
2220 5684 2467 5741 machina
2496 5680 2731 5755 [tuadico
2756 5675 2858 5749 id.]
2893 5683 3228 5739 constructa,
3254 5671 3346 5727 ubi
3377 5687 3518 5725 nunc

1947 5784 2287 5841 destructum
2324 5775 2595 5835 stabulum
2629 5786 2748 5829 csse
2778 5769 3010 5827 videtur.
3066 5765 3194 5823 Post
3235 5765 3351 5822 litus
3389 5778 3521 5820 vero
