3956 6190
292 344 389 399 515

1344 340 1543 395 LIBER
1581 337 1828 395 PONTIF
1831 336 2069 394 ICALIS.
2106 367 2175 380 --
2214 336 2394 395 PARS
2429 338 2470 395 I.

3423 339 3529 401 5M

292 464 447 519 fuerit
474 460 618 515 Petri
644 460 761 531 ejus
787 459 1018 514 nominis
1036 457 1218 529 primi,
1244 472 1366 531 cum
1393 457 1663 531 secundus
1686 454 1855 531 multo
1881 460 1929 517 Α
1957 463 2119 531 ctum_
2150 452 2452 531 Theodosio
2477 452 2578 531 ΧΥ
2619 463 2673 509 ct
2698 454 3075 531 Valentiniano
3110 455 3177 511 IV
3206 430 3525 521 coss.,cum

291 543 409 605 post
451 531 622 586 Galla:
647 523 849 584 obitum
881 523 1200 605 decesserit.‘
1242 529 1386 605 Dona
1409 527 1483 605 ab
1515 527 1704 605 eadem
1746 523 1856 605 Deo

290 594 465 660 dicata
501 610 813 672 spectavere
853 610 957 672 non
992 600 1058 672 ad
1086 598 1381 672 ecclesiam
1408 596 1734 672 I’ctrianam,
1763 594 1856 649 sed

291 678 356 730 ad
386 664 707 737 Ursianam;
734 671 811 725 ait
837 671 978 727 enim
1004 669 1255 739 Agnellus
1280 686 1293 721 :
1324 687 1341 739 ς
1368 667 1524 739 Istius
1549 664 1695 739 Petri
1724 672 1858 739 tem-

289 746 510 813 poribus
532 734 944 813 Galla'Placidia
969 734 1211 811 Augusta
1237 737 1402 793 multa
1428 737 1568 792 dona
1597 736 1651 791 in
1674 734 1853 791 eccle-

288 811 362 873 sia
389 814 664 867 Ravennze
688 811 901 865 obtulit.
936 830 954 861 ι

360 884 420 937 V.
448 883 614 938 Petro
640 880 920 935 sutTectum
950 879 1184 935 Neonem
1217 878 1403 933 eodem
1434 890 1576 931 anno
1603 875 1709 930 425
1741 876 1854 929 exi-

289 958 467 1015 stimo,
503 952 593 1021 qui
641 952 825 1005 tandiu
866 951 1060 1004 vixerit
1082 949 1369 1021 *quandiu,
1402 946 1775 1021 Valentiniano
1800 954 1858 1000 et

289 1025 435 1078 Galla
466 1016 699 1077 Placidia
719 1022 1048 1086 iuvantibus,
1079 1016 1381 1073 Petrianam
1418 1016 1701 1072 ecclesiam
1727 1032 1854 1086 per-

289 1097 462 1151 licere,
496 1093 671 1145 fontes
700 1086 939 1147 Ursianze
982 1090 1222 1145 ecclesire
1250 1105 1463 1149 ornare,
1495 1086 1730 1153 ejusdem
1763 1103 1852 1141 ca—

286 1180 464 1218 meras
488 1164 870 1230 musivoopcre
891 1161 1166 1223 decorare,
1184 1159 1399 1230 domum
1423 1158 1658 1227 quinque
1672 1158 1853 1230 Dagu-

284 1235 519 1289 bitat-um
541 1227 874 1294 construere,
889 1241 942 1286 et
956 1231 1164 1300 reliqua
1185 1230 1254 1283 ad
1272 1228 1540 1300 eﬂ‘ectum,
1559 1227 1853 1300 perducere

284 1321 401 1374 qua:
424 1302 684 1372 Agnellus
711 1312 917 1374 narrat,
932 1297 1191 1374 potuerit.
1206 1301 1400 1374 Quare
1424 1297 1853 1374 E‘ISIIIIIOHIHBIII

283 1368 425 1429 circa
459 1368 661 1427 annum
691 1371 795 1425 «I50
835 1368 1067 1434 abiisse,
1098 1370 1255 1424 tertio
1282 1368 1404 1423 Idus
1430 1368 1725 1422 Februarii.
1758 1369 1855 1422 Eo-

282 1446 400 1499 dem
456 1459 601 1497 anno
659 1442 1049 1510 Exuperantius
1088 1440 1291 1495 electus
1342 1447 1459 1503 est,
1512 1436 1663 1510 cujus
1706 1436 1849 1510 Acta

280 1515 511 1570 obscura
541 1508 787 1568 eIliciunt'
806 1522 866 1565 nt
890 1514 1105 1567 credam
1132 1510 1280 1569 brevi
1310 1510 1532 1564 sedisse.
1562 1508 1744 1562 Potuit
1776 1520 1852 1562 ta-

280 1602 400 1665 men
433 1585 553 1665 ejus
582 1584 912 1665 temporibus
952 1583 1009 1635 Β.
1048 1580 1281 1665 Agnetis
1297 1579 1523 1665 ecclesia
1552 1580 1791 1633 construi
1818 1596 1849 1634 a

282 1650 523 1711 θεωριῙο
548 1650 874 1708 subdiacono
903 1662 957 1706 et
988 1662 1194 1706 rectore
1229 1650 1455 1711 Sicilim,
1481 1665 1642 1719 quam
1673 1657 1848 1704 tamen

282 1738 401 1795 post
422 1725 541 1794 ejus
564 1724 768 1779 obitum
792 1722 1265 1795 consunnnaverit.
1303 1721 1480 1774 Potuit
1502 1730 1560 1795 et
1582 1719 1736 1795 Felix
1753 1736 1847 1788 pa-

284 1790 470 1851 iricius
503 1795 572 1849 ad
611 1795 818 1867 gradus
847 1793 1088 1867 ecclesiae
1116 1791 1356 1847 Ursianaa
1390 1791 1664 1867 trucidari.
1698 1790 1847 1867 Ilunc
1880 1808 1924 1867 Β

280 1867 490 1922 Idacius
532 1866 586 1920 in
618 1861 892 1920 Chronico
926 1866 1113 1919 eodem
1157 1878 1297 1915 anno
1323 1862 1604 1931 patricium
1630 1861 1846 1931 ordina-

282 1949 390 1992 tum
417 1938 551 1991 dicit
577 1951 684 2005 quo
712 1933 1119 1989 Valentinianus
1146 1930 1333 2005 Cgesar
1349 1940 1434 1986 est
1459 1931 1670 2005 factus;
1701 1930 1844 2005 Mar-

277 2009 503 2061 cellinus
542 2000 723 2060 autem
777 2005 1044 2059 Ravenna:
1090 2002 1329 2057 occisum
1389 2001 1552 2055 tradit
1600 2000 1846 2054 Theodo-

278 2080 356 2147 sio
382 2077 499 2132 XIII
540 2085 597 2131 et
622 2076 995 2147 Valentiniano
1021 2074 1081 2128 llI
1112 2089 1275 2147 coss,
1316 2071 1460 2147 quod
1484 2071 1683 2147 evincit
1703 2085 1846 2147 anno

273 2143 379 2203 150
405 2146 828 2217 Exuperantium
870 2145 1093 2200 sedisse.
1134 2144 1205 2197 At
1240 2139 1575 2217 nullo_modo
1602 2139 1845 2217 protrabi

346 2228 454 2273 test
476 2211 594 2288 ejus
619 2217 777 2273 sedes
800 2230 970 2288 usque
998 2217 1064 2268 ad
1089 2230 1295 2288 artuum
1320 2212 1444 2288 45],
1473 2228 1579 2288 quo
1595 2211 1845 2288 _Eud9xia

307 2282 641 2343 Valentiniani
677 2303 813 2341 uxor
842 2282 1152 2341 Ravennam
1179 2284 1342 2339 venit.
1371 2283 1522 2350 Quod
1559 2282 1667 2346 ait,
1708 2282 1848 2336 Exu-

274 2359 583 2429 perautium
616 2378 633 2410 ι
668 2358 941 2429 civitatem
959 2364 1274 2429 argenteam
1301 2355 1355 2408 in
1384 2368 1641 2429 processu
1672 2372 1690 2404 ι
1719 2368 1850 2407 eon-

274 2423 565 2506 struxisse,
585 2444 804 2506 sensum
829 2423 1153 2506 ambiguum
1172 2424 1336 2506 habet
1356 2423 1683 2506 {quaepim
1712 2438 1849 2506 pne:

273 2502 475 2580 cedunt
517 2492 572 2580 et
607 2492 1010 2580 subsequuntur
1034 2492 1493 2580 indicantpot‘ius
1620 2493 1846 2580 intelligi

272 2570 474 2626 debere
518 2570 586 2625 de
628 2564 852 2624 denario
889 2569 1147 2638 qu0piam_
1182 2564 1353 2621 beata:
1393 2564 1591 2638 Agneti
1630 2565 1844 2626 oblato,

273 2656 442 2709 quam
490 2641 557 2694 de
600 2640 845 2711 Argenta:
872 2634 1313 2711 loco—tedilicato,
1341 2634 1485 2706 quod
1509 2634 1844 2711 volnerare-

272 2702 575 2774 centiores,
604 2702 729 2766 cuin
758 2718 1006 2764 notarum
1038 2702 1412 2776 marginaliuin
1440 2702 1677 2760 auctore.
1705 2702 1842 2828 gn-

273 2797 370 2828 sen
411 2782 581 2828 igitur
622 2788 815 2828 nuarto
862 2779 980 2828 Kal.
1024 2776 1166 2828 Junii
1205 2777 1331 2828 anni
1357 2775 1461 2828 452
1485 2777 1681 2828 obiisse
1753 2791 1842 2828 xu-

273 2797 370 2836 seo
411 2782 581 2852 igitur
622 2788 815 2852 quarto
862 2779 980 2834 Kal.
1024 2775 1173 2852 Junii
1205 2777 1331 2831 anni
1357 2775 1461 2852 45?
1485 2775 1843 2852 obiisse_Exu-

273 2846 584 2922 peran'tium
606 2890 620 2917 ,
639 2846 1109 2922 'subrogatumque
1133 2846 1401 2922 Joannem
1423 2846 1736 2922 Angeloptis
1758 2860 1847 2900 co-

274 2915 567 2989 gnomento
608 2915 908 2981 celebrem.
937 2915 1492 2990 qui'sacellumﬁivis
1524 2915 1840 2990 Stephano,

272 2985 535 3047 Ccrvasio
575 3003 629 3048 et
671 2991 917 3046 Protasio
942 2985 1237 3052 dicaverit,
1266 3003 1295 3040 a
1324 2985 1573 3040 Lauricio
1598 2993 1846 3041 constru-

1960 524 2214 600 templnm
2232 520 2299 577 D.
2327 524 2616 600 Laurentio
2639 535 2876 600 erectum
2895 526 3240 600 luissetante
3262 520 3446 600 viginti
3469 539 3526 586 et

1955 596 2138 668 plures
2185 609 2374 668 annos.
2423 593 2648 650 Constat
2695 611 2761 649 ex
2791 597 2859 668 D.
2877 596 3162 668 Augustini
3192 593 3524 666 testimonio,

1957 666 2245 736 scribentis
2288 666 2431 719 circa
2478 681 2676 720 annum
2719 666 2824 721 515
2850 666 3015 723 libros
3041 668 3106 722 de
3128 668 3359 723 Civitate
3386 671 3523 736 Dei,

1956 735 2281 810 ἢξυιιιοιῆιωιΔ
2314 736 2375 789 D.
2395 736 2696 810 Laurentio
2738 737 2983 810 positamf
3013 738 3322 810 Ravennae;
3355 735 3527 810 quare

1957 806 2501 878 diverso__admodum
2551 806 2790 878 tempore
2821 808 3077 878 templum
3107 808 3169 861 D.
3198 806 3473 865 Laurentii
3502 852 3518 874 ,

1931 885 2009 929 .et
2054 876 2307 931 sacellum
2336 878 2581 932 divorum
2609 877 2868 947 Stephani
2894 919 2908 942 ,
2934 876 3179 934 Cervasii
3208 890 3262 933 et
3288 879 3518 935 Protasii

1954 947 2215 1020 aedificata
2238 948 2448 1020 .iuisse,
2489 958 2545 1003 et
2583 947 2712 1002 illud
2751 948 2968 1020 quidem
3003 948 3240 1003 Honorio
3276 950 3523 1020 Augusto

1954 1017 2007 1088 in
2046 1018 2183 1070 vivis
2221 1017 2395 1073 adhuc
2432 1029 2621 1087 agente
2650 1059 2666 1082 ,
2705 1019 2848 1086 quod
2881 1018 3095 1088 quidem
3133 1017 3414 1074 historiam
3452 1024 3522 1075 ab

1951 1086 2175 1154 Agnello
2202 1088 2451 1142 traditam
2476 1086 2793 1151 conﬁrmat,
2830 1086 2924 1145 sed
2961 1090 3172 1143 caeteris
3207 1092 3273 1144 ad
3313 1100 3524 1158 tempus

1952 1174 2058 1227 quo
2075 1159 2352 1213 Lauricius
2371 1160 2503 1213 obiit
2519 1160 2884 1228 spectantibus
2906 1159 3105 1213 nullam
3124 1160 3280 1213 Iidem
3306 1162 3518 1214 astruit.

1950 1230 2007 1283 In
2031 1243 2096 1282 eo
2121 1231 2262 1283 enim
2292 1228 2402 1282 falli
2428 1229 2709 1302 Agnellum
2733 1245 2952 1302 necesse
2975 1239 3088 1302 est,
3125 1228 3521 1302 qubd_Honorii
3558 1286 3565 1293 ,

1950 1311 2191 1369 tempore
2217 1299 2525 1355 defunctum
2555 1300 2861 1355 Lauricium
2892 1300 3054 1365 dicit,
3090 1312 3212 1354 cum
3251 1299 3525 1356 llonorius

1951 1386 2092 1425 anno
2119 1370 2223 1426 425
2247 1371 2566 1434 decesserit,
2605 1370 2884 1425 Lauricius
2908 1379 3119 1434 autem,
3150 1378 3209 1424 ut
3232 1386 3295 1425 ex
3338 1369 3524 1425 inscri-

1949 1442 2134 1512 ptione
2158 1450 2402 1512 apparet,
2431 1457 2577 1512 anno,
2594 1440 2696 1493 455
2723 1441 2976 1512 sacellum
3004 1441 3350 1512 dedicaverit.
3368 1440 3523 1506 Quod

1950 1511 2206 1581 sequitur
2220 1511 2326 1566 non
2354 1513 2418 1566 ad
2444 1511 2726 1573 sacellum,
2754 1513 2847 1565 sed
2873 1511 2939 1565 ad
2968 1512 3030 1565 D.
3048 1511 3325 1565 Laurentii
3350 1512 3520 1565 aedem

1950 1581 2223 1653 pertinere
2251 1583 2479 1653 videtur,
2507 1584 2649 1652 quod
2676 1582 2886 1653 scilicet
2911 1583 2963 1635 in
3003 1597 3131 1653 arcu
3172 1581 3392 1653 majoris
3428 1583 3521 1635 tri-

1950 1651 2106 1710 buum
2152 1654 2412 1723 scriptum
2442 1652 2717 1723 legeretur
2754 1652 2806 1705 in
2848 1651 3077 1721 quatuor
3109 1651 3293 1723 annis,
3333 1662 3382 1723 et
3427 1667 3522 1705 sex

1950 1724 2209 1778 mensibus
2231 1720 2639 1777 aidilicatio'nem
2665 1720 3093 1776 consummatam
3120 1720 3315 1784 fuisse;
3347 1721 3517 1774 inere-

1951 1795 2112 1849 dibile
2160 1795 2304 1848 enim
2352 1801 2436 1847 est
2482 1801 2693 1847 tantum
2732 1792 2989 1860 temporis
3028 1791 3359 1860 insumptum
3396 1806 3521 1845 cou-

1948 1864 2123 1919 dendo
2149 1865 2246 1919 soli
2270 1863 2487 1919 sacello.

2020 1935 2106 1988 VI.
2156 1934 2317 1990 Petro
2361 1933 2484 1988 inde
2530 1932 2754 1987 sull‘ecto
2798 1932 3112 2003 Cbrysologi
3159 1941 3518 2000 cognomento

1946 2006 2196 2060 omnibus
2233 2014 2387 2071 notp,
2418 2020 2480 2059 ea
2506 2005 2686 2058 omnia
2714 2004 3042 2059 conveniunt
3066 2018 3183 2070 qum
3207 2004 3274 2056 de
3304 2004 3417 2070 ipso
3443 2004 3514 2056 ab

1946 2072 2172 2145 Agnello
2200 2083 2507 2130 narrantur.
2546 2074 2759 2129 Electus
2796 2074 2938 2145 enim
2976 2081 3248 2145 postremo
3282 2071 3418 2145 Sixti
3457 2073 3517 2126 Ill

1947 2142 2121 2210 anno,
2149 2145 2330 2202 sedem
2361 2145 2530 2199 tenuit
2559 2160 2726 2214 usque
2753 2144 2820 2197 ad
2848 2154 3089 2212 tempora
3114 2143 3291 2198 Attila:
3316 2142 3520 2197 Raven-

1948 2233 2033 2272 na:
2064 2217 2414 2271 imminentis.
2451 2216 2519 2270 Et
2553 2215 2606 2269 in
2643 2217 2785 2269 hunc
2818 2214 3035 2283 quidem
3063 2214 3279 2267 modum
3303 2214 3435 2266 Acta
3459 2221 3516 2266 et

1947 2287 2323 2357 chronologica
2360 2286 2529 2341 series
2552 2285 2939 2339 ~Ravennatum
2967 2285 3339 2357 episcoporum
3364 2283 3520 2357 restil—

1947 2352 2403 2428 ttti-posse'visum
2428 2366 2544 2421 est,
2571 2364 2805 2419 servata,
2831 2352 3090 2424 quantum
3115 2354 3285 2419 licuit,
3313 2352 3517 2428 Agnelli

1948 2423 2086 2491 Iide',
2124 2429 2209 2483 cui
2232 2469 2247 2492 ,
2286 2443 2408 2483 cum
2448 2436 2639 2481 ctetera
2677 2441 2780 2479 non
2827 2423 3156 2495 repugnant,
3193 2423 3379 2493 magis
3408 2438 3523 2495 cre-

1948 2498 2178 2553 dendum
2206 2499 2517 2566 duxi'quam
2548 2494 2979 2557 recentioribus,
2997 2495 3088 2563 qui
3118 2494 3516 2566 vixbistoriam

1948 2569 2279 2623 Ravennatis
2304 2563 2557 2622 Ecclesia:
2578 2566 2815 2621 scribere
2855 2565 3150 2629 ausissent,
3178 2565 3281 2618 nisi
3307 2563 3515 2634 Agnelli

1948 2640 2112 2694 Liber
2137 2637 2468 2693 Pontiﬁealis
2499 2637 2742 2692 ordinem
2772 2645 2826 2690 et
2850 2637 3136 2690 materiam
3178 2634 3478 2689 suffecisset
3504 2650 3521 2697 ;

1946 2711 2088 2778 quod
2113 2718 2292 2764 tamen
2318 2709 2370 2762 in
2395 2708 2641 2778 plurimis
2665 2706 3016 2777 repugnantia
3045 2705 3332 2778 tradiderit
3348 2719 3517 2778 escu-

1946 2774 2123 2849 satum
2171 2774 2413 2833 minime'
2439 2778 2599 2832 velim
2628 2774 2823 2849 :Uvera—
2865 2784 3079 2849 tantum
3122 2791 3190 2829 ex
3235 2774 3520 2829 collatione

1948 2865 2069 2904 cum
2098 2846 2242 2904 Veris
2267 2849 2448 2919 agnita
2486 2862 2525 2919 ei
2554 2847 2731 2903 medio
2768 2846 3210 2917 repugnantium,
3248 2860 3354 2899 non
3390 2859 3545 2903 con-,

1948 2919 2235 2976 temnenda
2255 2958 2269 2984 ,
2298 2918 2583 2973 contendo.

1225 3125 3503 3153 *——————‘———————w

1452 3257 1750 3339 ‘VITA
1825 3253 1904 3331 S.
1967 3252 2303 3329 PETRI.

786 3488 1014 3546 CAPUT
1063 3484 1350 3542 PRIMUM.

275 3606 430 3662 Petri
459 3614 507 3659 et
537 3602 969 3669 prtcdecessornm
996 3599 1185 3669 patria.
1223 3591 1711 3669 l’etriana‘ecclcs-ia
1736 3590 1857 3669 [un—

347 3680 497 3732 data.
525 3661 817 3729 Saluatoris
844 3661 1014 3740 imago
1039 3668 1277 3721 laudata.
1304 3663 1551 3719 Eremita!
1579 3661 1856 3732 cujusdam

348 3748 419 3803 ad
443 3761 561 3801 eam
591 3758 830 3798 accessus
857 3749 905 3794 et
938 3739 1128 3793 abitus.

352 3858 546 3914 Petrus
584 3854 812 3909 antistes
840 3849 1001 3913 XVII,
1040 3847 1412 3903 sanctissimus
1441 3846 1542 3913 vir,
1572 3843 1719 3899 tenui
1744 3856 1861 3897 eor-

270 3965 440 4023 pore,
476 3959 701 4018 procera
737 3951 945 3999 statura
965 3980 981 4006 ,
1020 3938 1337 3994 macilentus
1361 3935 1563 4008 elligic,
1590 3932 1856 4005 prolixam

273 4042 488 4097 habens
530 4036 776 4091 barbam.
823 4033 869 4087 Α
914 4040 1154 4101 tempore
1201 4028 1345 4083 beati
1392 4025 1720 4098 Apollinaris
1752 4039 1858 4079 una

273 4146 406 4188 cum
440 4130 545 4184 isto
571 4126 688 4182 viro
724 4140 916 4181 omnes
952 4122 1383 4195 prmdecessores
1421 4120 1503 4174 sui
1543 4118 1715 4191 Syriae
1746 4116 1862 4171 fue-

276 4229 432 4276 runt.
458 4216 738 4274 Fundator
760 4215 1005 4271 ecclesiae
1033 4213 1299 4269 Petrianae
1325 4224 1513 4265 muros
1534 4224 1630 4281 per
1666 4206 1861 4262 circui'

276 4323 400 4368 tum
424 4309 721 4374 mditlcaus,
746 4308 841 4363 sed
865 4306 1103 4377 nondum
1127 4304 1307 4359 omnia
1330 4300 1623 4371 complens.
1652 4311 1679 4339 ι
1706 4297 1860 4352 Nulla

276 4404 516 4460 ecclesia
544 4403 599 4458 in
622 4400 852 4458 adiﬁcio
874 4398 1051 4469 major
1083 4395 1187 4453 I‘uit
1224 4394 1419 4451 similis
1449 4392 1559 4458 illi,
1598 4405 1773 4463 neque
1807 4390 1861 4445 in

277 4496 650 4569 longitudine,
689 4506 866 4564 neque
892 4493 948 4548 in
975 4490 1287 4555 altitudine,
1324 4496 1380 4545 et
1415 4486 1571 4542 valde
1604 4492 1861 4541 exornata

278 4590 391 4647 fuit
413 4591 480 4646 de
504 4588 760 4661 pretiosis
781 4585 1077 4658 lapidibus,
1103 4592 1161 4640 et
1186 4583 1418 4640 tessellis
1446 4581 1613 4636 variis
1639 4580 1864 4635 decora-

282 4696 346 4740 ta
367 4724 383 4748 ,
412 4694 469 4739 et
492 4683 647 4738 valde
672 4680 994 4752 Iocupletata
1019 4679 1072 4734 in
1100 4693 1233 4734 auro
1259 4719 1275 4745 ,
1300 4684 1355 4732 et
1384 4683 1636 4747 argento,
1661 4681 1717 4729 et
1744 4687 1866 4727 vas-

280 4776 427 4832 culis
449 4775 651 4841 sacris,
678 4772 875 4844 quibus
901 4771 1014 4842 ipse
1041 4769 1156 4825 ﬁeri
1180 4769 1360 4840 jussit.
1394 4767 1471 4823 Ibi
1502 4771 1753 4821 asserunt
1779 4762 1863 4818 af-
1904 4821 1913 4831 ,

1880 3486 1925 3549 C
1954 3478 2077 3534 volo
2116 3478 2258 3533 hunc
2297 3476 2568 3532 ascribere
2610 3475 2970 3546 pontiﬁcalem
2997 3517 3014 3540 ,
3057 3490 3243 3530 verum
3287 3474 3448 3530 etiam
3478 3484 3533 3528 et

1954 3570 2164 3626 caeteris
2190 3569 2324 3624 meis
2347 3568 2729 3638 condiscipulis
2756 3578 2811 3623 et
2838 3568 3118 3632 fratribus,
3144 3568 3236 3637 qui
3262 3568 3451 3622 nutriti
3477 3567 3531 3622 in

1954 3662 2162 3734 gremio
2191 3669 2391 3716 sancta!
2424 3659 2661 3715 Ursiante
2692 3659 2934 3714 ecclesia:
2962 3658 3195 3723 fuimus;
3226 3660 3371 3728 quod
3396 3658 3531 3712 fuis-

1954 3762 2039 3810 set
2062 3755 2279 3825 quidam
2304 3751 2600 3824 spiritualis
2619 3750 2781 3807 Pater
2800 3750 2853 3805 in
2880 3765 3086 3815 eremo,
3109 3750 3200 3819 qui
3226 3749 3536 3819 postulabat

1956 3848 2197 3920 quotidie
2221 3862 2253 3901 a
2278 3845 2507 3901 Domino
2530 3853 2590 3899 ut
2612 3843 2920 3898 ostenderet
2942 3842 2992 3897 ei
3031 3840 3258 3896 formam
3286 3840 3535 3895 incarna-

1957 3938 2122 3994 tionis
2145 3952 2281 3993 sum.
2303 3933 2405 4002 Qui
2433 3934 2560 3991 dum
2586 3939 2710 4003 post
2734 3931 2902 3988 multa
2928 3939 3170 4002 tempora
3202 3930 3255 3985 in
3289 3929 3382 3985 tali
3406 3944 3533 3983 ora-

1958 4031 2104 4086 tione
2131 4044 2243 4085 sua:
2265 4026 2459 4082 animat
2484 4023 2640 4079 taadio
2662 4022 2976 4089 lassaretur,
3004 4021 3174 4077 astitit
3195 4020 3245 4076 ei
3275 4026 3432 4076 nocte
3454 4018 3538 4073 vir

1958 4119 2013 4173 in
2033 4117 2280 4173 candidis
2297 4113 2633 4171 vestimentis
2651 4112 2896 4184 angelico
2917 4112 3104 4169 habitu
3124 4112 3365 4176 indutus,
3377 4109 3537 4165 dixit-

1957 4226 2064 4287 que
2100 4210 2179 4265 illi
2211 4228 2225 4264 :
2260 4209 2403 4285 Ecce
2429 4207 2683 4263 exaudita
2718 4214 2803 4262 est
2830 4205 3007 4262 oratio
3041 4212 3168 4270 tua,
3201 4211 3258 4258 et
3294 4203 3536 4258 laborem

1959 4310 2111 4356 tuum
2142 4298 2351 4370 aspexi.
2381 4296 2590 4369 Surge,
2619 4296 2756 4351 vade
2780 4295 2836 4351 in
2863 4295 3141 4351 civitatem
3170 4308 3291 4364 qua:
3314 4301 3541 4347 vocatur

1960 4392 2198 4457 Classis,
2226 4398 2280 4446 et
2309 4403 2492 4459 quaere
2526 4388 2600 4444 ibi
2634 4386 2923 4444 ecclesiam
2951 4385 3295 4450 Petrianam,
3326 4392 3382 4439 et
3412 4399 3539 4439 cum
3604 4374 3609 4377 ’

1961 4487 2235 4557 ingressus
2260 4482 2459 4539 ibidem
2486 4479 2671 4543 fuerim
2697 4478 2879 4550 aspice
2901 4492 3063 4549 super
3086 4476 3273 4531 valvas
3296 4474 3540 4546 ejusdem

1961 4574 2202 4632 ecclesiae
2228 4572 2369 4628 infra
2400 4571 2671 4636 ardicam;
2711 4570 2785 4625 ibi
2818 4585 2907 4625 me
2940 4567 3146 4623 videbis
3176 4566 3448 4637 depictum
3484 4565 3540 4620 iu

1960 4665 2185 4737 parietis
2208 4664 2357 4721 calce
2372 4705 2389 4730 ,
2412 4662 2588 4734 qualis
2609 4677 2710 4734 ego
2744 4660 2820 4715 fui
2848 4660 2902 4715 in
2928 4660 3128 4714 mundo
3152 4658 3206 4713 in
3230 4672 3413 4713 carne.
3440 4657 3540 4713 De-

1964 4760 2090 4820 inde
2117 4760 2230 4831 ipse
2255 4756 2452 4829 gaudio
2479 4771 2680 4827 magno
2707 4753 2964 4826 repletus,
2986 4752 3154 4807 verbo
3176 4751 3359 4806 audito
3386 4748 3543 4804 lautus

283 4866 458 4922 fuisse
480 4842 767 4937 imaginem
783 4859 1079 4917 Salvatoris
1097 4859 1387 4930 depictam,
1403 4872 1565 4928 quam
1586 4869 1861 4924 nunquam
1887 4845 1938 4908 D
1963 4861 2020 4911 et
2049 4867 2217 4910 ovans
2251 4865 2496 4906 eremum
2526 4847 2764 4917 reliquit,
2786 4842 3290 4911 comitabanturque
3318 4854 3442 4895 cum
3474 4853 3543 4894 eo

282 4957 521 5014 similem
550 4955 604 5010 in
631 4954 857 5027 picturis
881 4953 1042 5007 homo
1064 4951 1249 5007 videre
1275 4950 1566 5021 potuisset,
1590 4960 1753 5018 super
1778 4962 1863 5002 re-

284 5050 433 5120 giam
450 5087 467 5111 ,
495 5055 604 5101 tam
630 5044 1055 5117 speciosissima,
1085 5050 1140 5097 et
1167 5041 1461 5097 assimilata
1491 5039 1622 5104 fuit,
1649 5039 1862 5110 qualem

287 5141 407 5209 ipse
431 5136 599 5192 Filius
621 5136 717 5192 Dei
739 5136 795 5191 in
821 5149 988 5191 carne
1010 5148 1120 5188 non
1144 5132 1397 5188 fastidivit
1412 5170 1429 5196 ,
1453 5131 1668 5201 quando
1692 5129 1866 5201 genti—

286 5231 394 5287 bus
421 5228 753 5299 prtedicavit.
786 5226 897 5283 Sed
924 5234 1103 5280 tamen
1130 5224 1251 5279 volo
1272 5264 1287 5289 ,
1314 5231 1375 5278 ut
1399 5223 1553 5278 vobis
1578 5231 1766 5276 notum
1793 5222 1866 5277 sit

289 5320 439 5390 quod
462 5319 532 5374 de
561 5318 925 5389 suprascripta
956 5315 1164 5371 Domini
1197 5314 1369 5369 nostri
1406 5321 1591 5369 sancta
1626 5311 1798 5383 eIﬁgie
1832 5326 1864 5365 a

293 5410 522 5481 singulis
554 5409 732 5465 audivi
778 5408 1111 5471 senioribus,
1160 5414 1269 5460 tam
1311 5403 1659 5476 popularibus
1701 5419 1867 5475 quam

298 5502 700 5566 sacerdotibus,
727 5502 871 5557 sicut
892 5500 992 5572 ipsi
1021 5498 1274 5554 traditum
1301 5497 1606 5551 habuerunt
1629 5494 1696 5550 ab
1719 5505 1867 5550 ante-

300 5592 609 5649 cessoribus
631 5593 763 5648 suis.
790 5590 906 5648 Non
937 5590 1109 5648 solum
1139 5588 1271 5643 mihi
1300 5587 1606 5643 intimatum
1635 5595 1749 5653 est,
1777 5586 1867 5657 qui

1963 4946 2070 5002 duo
2097 4944 2303 5008 leones,
2331 4948 2386 4997 et
2410 4952 2639 5010 surgens
2662 4951 2760 5007 per
2784 4934 3072 5004 longinqua
3102 4939 3313 4986 terrena
3344 4929 3541 4982 itinera

1964 5036 2033 5090 ad
2054 5034 2329 5090 civitatem
2343 5031 2579 5087 Classem
2599 5026 2846 5098 pervenit
2859 5065 2875 5088 ,
2899 5033 3097 5079 etcum
3120 5022 3395 5109 ingressus
3417 5017 3543 5073 tuis.

1966 5135 2051 5181 set
2089 5125 2145 5180 in
2186 5122 2468 5194 prazl‘atam
2508 5117 2790 5174 ecclesiam
2830 5131 2938 5170 una
2977 5129 3104 5170 cum
3133 5112 3265 5182 ipsis
3295 5109 3543 5165 leonibus

1965 5216 2267 5274 diutissime
2306 5213 2559 5284 plorans,
2603 5218 2659 5264 et
2689 5223 2854 5265 orans
2893 5222 2990 5277 per
3027 5205 3263 5275 parietes
3299 5209 3541 5255 sanctam

1964 5307 2193 5379 elligiem
2217 5316 2460 5374 quaerere
2483 5299 2668 5372 erepit.
2690 5299 2793 5367 Qui
2818 5313 2941 5353 cum
2966 5311 3073 5350 non
3100 5292 3426 5357 invenisset,
3451 5304 3544 5344 ve-

1968 5404 2047 5458 nit
2071 5401 2138 5456 ad
2160 5400 2335 5455 locum
2358 5395 2450 5466 qui
2471 5393 2758 5449 dormienti
2782 5382 3052 5447 revelatus
3074 5384 3269 5450 fuerat,
3289 5386 3404 5455 ipsa
3425 5394 3546 5438 esse

1970 5492 2180 5562 depicta
2210 5485 2433 5555 efﬁgies,
2459 5492 2517 5539 et
2540 5484 2730 5539 videns
2755 5496 2876 5537 eam
2902 5477 3100 5535 cecidit
3121 5490 3327 5547 pronus
3353 5474 3407 5533 in
3435 5481 3546 5530 ter-

1974 5598 2123 5649 ram,
2170 5580 2505 5650 lacrymosus
2550 5570 2942 5648 [Iaerymans]
2978 5569 3254 5634 adoravit,
3290 5575 3348 5623 et
3379 5580 3546 5639 agens

371 5721 394 5748 ι
435 5705 557 5763 Not.
600 5722 795 5778 marg.,
837 5705 1070 5778 Ecclesia
1110 5702 1388 5768 Petriana,
1445 5710 1492 5758 ct
1529 5701 1690 5772 ipsius
1730 5696 1999 5769 fundator.
2051 5690 2214 5747 Nulla
2243 5688 2457 5745 ecclesia
2487 5685 2674 5743 similis
2700 5682 2779 5738 illi
2805 5683 2860 5739 in
2891 5681 3149 5752 aediﬁcio,
3179 5678 3270 5734 ubi
3298 5677 3548 5733 dicuntur

309 5776 468 5846 fuisse
496 5794 589 5834 ccc
617 5776 828 5833 altaria.
858 5776 1055 5832 Bucca.
