3956 6190
378 319 480 372 513

1104 308 1394 363 AGNELLI
1429 306 1715 360 ABBATIS
1752 304 1807 359 S.
1848 304 2082 359 MARLE
2125 285 2213 357 AD
2251 298 2720 362 BLACHERNAS,
2758 299 2910 355 ETC.

3493 299 3595 352 5T6

375 433 606 502 gratias,
636 427 761 498 quia
787 428 864 481 sic
889 425 1125 491 viderat,
1154 425 1319 478 veluti
1346 425 1395 479 ei
1439 423 1612 477 fuerat
1656 423 1709 476 in
1739 421 1938 476 somnis
1967 424 2016 481 Α
2040 433 2152 473 sem
2171 458 2187 483 ,
2220 425 2275 471 et
2295 415 2430 486 jussi
2464 414 2598 468 meis
2623 415 2955 480 hominibus,
2997 413 3086 484 qui
3117 414 3396 468 nobiscum
3428 417 3598 468 comi—

376 524 690 578 revelatum.
718 521 784 572 Et
812 519 1026 572 intuens
1053 516 1104 569 in
1132 515 1273 569 illam
1297 515 1593 569 diutissime
1622 513 1760 566 dixit
1783 531 1795 564 τ
1815 527 1938 581 gra-

374 615 504 667 tiam
530 611 624 664 tibi
646 625 766 679 ago,
790 607 1071 661 cxauditor
1091 605 1330 658 omnium
1356 605 1519 669 Deus,
1547 604 1637 672 qui
1663 617 1768 656 non
1792 617 1939 671 sper-

371 703 456 757 nis
478 707 779 770 quaerentes
805 707 878 762 te,
902 712 1001 750 nec
1025 696 1299 750 desideras
1320 701 1664 764 peccatorum
1685 700 1937 756 mortem,

371 792 466 847 sed
494 789 761 845 invocanti
789 798 839 842 te
859 795 1056 856 praesto
1077 801 1156 850 es,
1179 785 1319 853 apud
1344 797 1503 853 quem
1529 782 1814 845 mediator,
1841 794 1940 835 nec

372 881 636 944 nuncius,
676 893 776 932 nec
810 876 1153 932 intramissor
1186 888 1406 930 necesse
1446 881 1560 938 est,
1606 872 1746 941 apud
1780 886 1940 940 quem

375 984 482 1023 non
525 976 609 1022 est
649 981 799 1021 mora
846 964 1249 1034 deprecantium
1294 961 1561 1026 ﬁdelium,
1600 959 1756 1030 juxta
1797 961 1939 1028 quod

377 1061 535 1115 nobis
561 1074 659 1129 per
681 1059 972 1128 prophetas
1000 1056 1266 1126 pollicitus
1291 1069 1350 1110 es
1378 1068 1393 1107 :
1421 1054 1604 1107 Adhuc
1635 1053 1869 1122 loquente
1893 1061 1941 1105 te

373 1166 490 1203 ecce
525 1149 732 1203 adsum.
776 1148 912 1202 Ecce
946 1163 1053 1200 non
1091 1147 1386 1201 secundum
1421 1160 1540 1199 mea
1576 1145 1800 1209 merita,
1843 1143 1940 1198 sed

370 1241 670 1296 secundum
721 1248 866 1293 tuam
918 1236 1343 1291 misericordiam
1391 1235 1714 1291 desiderium
1763 1251 1942 1289 meum

375 1330 724 1399 adimpletum
747 1337 849 1382 est.
875 1327 993 1381 Jam
1019 1327 1243 1382 satiatus
1267 1343 1386 1381 sum
1411 1327 1477 1381 de
1506 1327 1710 1381 sanctis
1737 1326 1942 1380 divitiis

377 1423 515 1486 tuis,
537 1422 648 1491 jam
674 1423 739 1476 de
769 1422 1017 1474 thesauro
1039 1419 1242 1476 caelesti
1268 1418 1623 1488 locupletatus
1647 1433 1784 1473 sum.
1813 1416 1944 1472 Sus-

379 1511 500 1580 cipe
529 1510 762 1564 animam
795 1525 969 1564 meam
997 1509 1052 1563 in
1084 1509 1204 1563 aula
1234 1518 1420 1564 sancta
1448 1517 1537 1564 tua
1557 1549 1571 1573 ,
1603 1518 1662 1563 ut
1689 1510 1944 1564 invitatus

385 1604 454 1658 ad
486 1617 697 1657 caenam
728 1590 860 1672 Agni
895 1616 1106 1656 merear
1133 1601 1336 1672 ingredi
1365 1601 1420 1654 in
1450 1617 1612 1672 regno
1641 1611 1753 1668 tuo,
1783 1612 1838 1658 et
1861 1618 1946 1658 se-

381 1694 509 1747 dere
531 1693 596 1746 ad
618 1707 857 1747 mensam
887 1702 1048 1746 tuam.
1077 1692 1144 1746 Et
1169 1693 1253 1748 his
1277 1692 1435 1747 dictis
1461 1693 1758 1750 diutissime
1782 1711 1944 1750 orans

379 1789 436 1836 et
460 1783 729 1852 gaudens,
759 1783 900 1836 inter
927 1783 1168 1852 duosque
1197 1783 1381 1838 leones
1407 1782 1549 1838 circa
1580 1799 1702 1838 eum
1732 1787 1944 1856 rugien-

383 1882 464 1927 tes
494 1873 724 1929 reddidit
752 1873 1022 1942 spiritum.
1061 1872 1214 1938 Quod
1243 1873 1438 1928 dehinc
1471 1873 1746 1944 capientes
1778 1889 1945 1944 popu-

384 1965 493 2018 lum
525 1975 914 2020 concurrerunt
940 1966 1405 2037 apprehendentes
1431 1979 1630 2022 terram
1661 1967 1946 2024 fossoriam

385 2070 507 2108 cum
535 2055 701 2108 nimio
729 2054 919 2109 timore
948 2063 1002 2108 et
1033 2055 1413 2121 veneratione,
1441 2055 1738 2113 lambentes
1765 2055 1950 2112 leones

388 2143 504 2212 ejus
529 2143 768 2200 membra
793 2153 953 2214 atque
985 2145 1203 2214 vestigia
1220 2186 1236 2211 ,
1267 2154 1322 2200 et
1344 2144 1609 2216 lacrymas
1635 2146 1946 2210 fundentes,

391 2247 512 2288 ;um
534 2234 735 2303 ingenti
760 2234 903 2288 luctu
928 2235 1254 2304 sepelierunt
1275 2250 1417 2290 eum.
1441 2235 1591 2291 Tunc
1611 2236 1794 2292 leones
1812 2253 1952 2290 unus

391 2323 457 2377 ad
485 2333 645 2393 caput
670 2323 784 2392 ejus
814 2332 1116 2394 prostratus
1143 2332 1258 2390 est,
1293 2335 1347 2379 et
1376 2325 1514 2380 alius
1541 2327 1607 2380 ad
1636 2328 1825 2395 pedes,
1857 2343 1950 2380 ru—

385 2416 532 2484 gitus
568 2431 790 2486 magnos
826 2417 964 2470 inter
992 2432 1050 2471 se
1079 2416 1301 2482 dantes,
1329 2425 1710 2471 concurrentes
1737 2418 1862 2472 hinc
1899 2427 1954 2473 et

397 2509 520 2561 inde
554 2509 704 2579 juxta
743 2509 916 2562 sancti
946 2508 1050 2561 viri
1080 2523 1276 2577 corpus
1296 2547 1310 2573 ,
1341 2509 1553 2577 magnis
1580 2508 1799 2564 vocibus
1829 2525 1954 2578 per-

393 2608 726 2668 strepentes,
754 2609 918 2667 atque
948 2613 1043 2652 sua
1070 2597 1206 2652 colla
1233 2595 1335 2653 sub
1357 2597 1474 2668 ejus
1505 2597 1710 2651 tumulo
1732 2598 1954 2668 cupiena

392 2699 474 2743 tes
498 2689 816 2743 submittere
843 2687 1212 2759 (amarissime
1235 2688 1462 2758 populus
1487 2703 1609 2742 cum
1637 2687 1767 2757 ipsis
1790 2686 1956 2742 leoni-

390 2781 490 2834 bus
519 2779 743 2851 ﬁebat),
774 2780 934 2834 ambo
965 2778 1307 2846 interierunt.
1339 2779 1456 2848 ipse
1482 2793 1611 2833 vero
1638 2778 1865 2848 populus
1897 2778 1953 2832 in

390 2871 542 2926 fovea
573 2887 640 2926 ex
667 2881 895 2940 utraque
919 2878 1075 2939 parte
1099 2870 1152 2923 in
1181 2879 1323 2924 terra
1343 2868 1496 2939 juxta
1519 2869 1691 2925 sancti
1715 2869 1818 2924 viri
1840 2884 1960 2925 cor-

391 2977 490 3031 pus
531 2961 774 3031 sepelivit
813 2961 932 3015 illos
969 2961 1096 3015 hinc
1137 2968 1192 3014 et
1227 2960 1370 3015 inde.
1403 2960 1536 3016 Cum
1570 2961 1736 3016 nimio
1777 2971 1957 3015 autem

392 3060 534 3104 metu
562 3051 782 3104 territus
810 3049 1036 3118 populus
1060 3049 1116 3103 in
1141 3049 1284 3102 viam
1311 3064 1463 3104 suam
1490 3065 1742 3104 reversus
1766 3058 1878 3116 est,
1906 3058 1960 3105 et

2036 511 2309 573 tabantur,
2350 508 2559 578 longius
2591 507 2869 570 recedere,
2899 506 3053 575 quasi
3095 506 3270 560 stadio
3295 507 3506 568 medio,
3546 517 3606 560 et

2037 602 2264 673 ingressi
2314 615 2498 655 sumus
2538 598 2681 652 infra
2720 598 3102 652 monasterium
3149 595 3334 651 Sancti
3379 595 3608 662 Jacobi,

2034 694 2180 764 quod
2217 703 2299 748 est
2329 692 2611 745 fundatum
2639 689 2778 743 infra
2811 689 3187 758 suprascriptas
3216 689 3458 743 ecclesiae
3489 691 3611 744 fon—

2037 793 2111 838 te.
2136 784 2376 838 Vidimns
2404 781 2706 852 sepulcrum
2734 796 2798 835 ex
2823 781 2995 849 lapide
3024 781 3307 849 proconiso
3326 783 3568 850 pretioso
3588 823 3604 846 ,

2019 886 2093 932 set
2126 876 2453 931 elevavimus
2491 875 2719 938 duriter,
2757 881 2918 941 atque
2953 871 3162 926 modice
3200 872 3608 941 cooperculum.

2038 967 2345 1023 Invenimus
2376 964 2515 1018 infra
2546 964 2715 1034 ipsam
2747 978 2928 1018 arcam
2958 978 3172 1032 capsam
3201 963 3570 1033 cypressinam
3592 1004 3610 1027 ,

2039 1075 2270 1128 cumque
2305 1056 2736 1112 sublevassemus
2776 1056 2892 1126 ejus
2926 1064 3174 1125 tegumen
3195 1096 3209 1119 ,
3251 1055 3482 1110 vidimus
3511 1072 3616 1111 nos

2039 1151 2199 1205 ambo
2221 1156 2468 1205 sanctum
2493 1164 2689 1218 corpus
2710 1148 2896 1216 jacens
2929 1148 3084 1217 quasi
3123 1147 3238 1216 ipsa
3275 1149 3410 1202 hora
3439 1149 3620 1218 sepul-

2040 1247 2126 1295 tus
2151 1239 2343 1294 fuisset
2362 1280 2376 1303 ,
2402 1238 2614 1309 longam
2642 1239 2846 1295 habens
2866 1246 3128 1292 staturam
3150 1278 3166 1302 ,
3193 1246 3477 1308 cutemque
3502 1239 3618 1309 pal-

2041 1333 2157 1389 lore
2179 1335 2486 1404 praaditam,
2515 1343 2570 1388 et
2594 1334 2774 1388 omnia
2803 1334 3010 1404 integra
3040 1335 3308 1399 membra,
3341 1343 3531 1405 pectus
3560 1344 3620 1390 et

2041 1433 2282 1479 ventrem
2313 1425 2578 1495 integrum
2602 1465 2617 1488 ,
2650 1424 2790 1477 nulla
2823 1439 2947 1492 pars
2978 1424 3190 1488 deerat,
3219 1424 3318 1478 nisi
3364 1425 3622 1493 pulvilius

2043 1515 2235 1583 capitis
2273 1515 2558 1569 minuerat.
2602 1515 2833 1568 Tantum
2875 1523 3054 1568 autem
3081 1516 3302 1570 odorem
3333 1516 3614 1579 manavit,

2044 1619 2108 1658 ac
2137 1604 2183 1658 si
2211 1604 2490 1659 incensum
2516 1603 2802 1674 ﬂagrantes
2827 1605 3182 1658 mixturarum
3214 1608 3433 1676 myrrha
3455 1647 3469 1670 ,
3501 1607 3616 1662 bal—

2047 1706 2302 1760 samoque
2327 1693 2663 1747 semivimus.
2694 1680 2854 1746 lrruit
2889 1708 3052 1762 super
3087 1709 3184 1748 nos
3225 1703 3403 1749 terror
3441 1696 3618 1751 horri-

1971 1777 2019 1836 B
2045 1783 2168 1838 bilis
2195 1799 2260 1838 ac
2283 1784 2784 1838 vehementissimus
2803 1823 2818 1848 ,
2847 1791 2900 1837 et
2927 1792 3075 1838 tanta
3102 1785 3324 1839 tristitia
3341 1826 3356 1850 ,
3381 1792 3443 1840 u't
3473 1787 3620 1855 quod

2046 1882 2205 1929 antea
2234 1875 2485 1930 alacriter
2507 1875 2814 1944 aperuimus
2837 1915 2849 1937 ,
2886 1875 2976 1929 vix
3011 1876 3173 1930 etiam
3210 1892 3328 1931 sum
3371 1877 3622 1948 suspiriis

2044 1969 2102 2016 et
2141 1963 2426 2032 gemitibus
2459 1963 2710 2017 claudere
2740 1963 3028 2033 potuimus.
3068 1962 3212 2020 Odor
3253 1965 3482 2036 denique
3523 1982 3625 2020 nos

2045 2054 2338 2122 superabat
2373 2055 2428 2109 in
2453 2055 2734 2119 omnibus,
2771 2063 2826 2110 et
2853 2056 2931 2110 sic
2968 2055 3069 2110 fuit
3099 2065 3159 2111 ut
3193 2058 3423 2127 amplius
3457 2075 3624 2129 quam

2049 2159 2212 2198 unam
2234 2144 2624 2200 hebdomadam
2647 2146 2780 2201 odor
2798 2161 2862 2200 ex
2887 2142 3088 2201 nostris
3108 2149 3329 2210 naribus
3345 2165 3624 2220 nunquam

2049 2234 2294 2288 recessit.
2339 2234 2406 2288 Et
2451 2233 2682 2306 desuper
2721 2236 2893 2305 ipsam
2931 2252 3110 2292 arcam
3149 2238 3291 2294 illius
3333 2239 3628 2312 imaginem

2051 2325 2188 2379 mire
2229 2326 2502 2396 depictam
2535 2329 2914 2385 continebatur
2944 2331 3140 2387 litteris
3168 2349 3182 2385 :
3211 2332 3396 2388 Donus
3423 2333 3441 2405 [
3464 2334 3628 2390 Dom-

2053 2415 2184 2490 nus]
2213 2416 2403 2472 Petrus
2427 2418 2866 2490 archiepiscopus.

2651 2528 2880 2587 CAPUT
2938 2531 3022 2586 ΙΙΙ.

2057 2615 2211 2697 Gage
2239 2617 2732 2697 Piacidigrura‘nte
2766 2623 3331 2697 sanctiPetrihe/ﬁgies
3361 2628 3624 2684 dedicata.

2129 2687 2383 2766 [Ejusdem
2439 2689 2698 2766 Placidia:
2758 2693 3005 2748 donaria.
3056 2687 3340 2766 Aliduper
3387 2710 3629 2754 sanctum

2129 2756 2349 2812 Petrum
2385 2761 2640 2830 praestita.
3247 2756 3258 2766 ”
3494 2787 3501 2802 ι

2131 2847 2198 2902 Et
2235 2847 2373 2902 infra
2413 2849 2698 2904 ecclesiam
2740 2851 2801 2904 B.
2835 2851 3059 2909 Joannis
3097 2855 3631 2926 Evangelistzejussit

2061 2939 2212 2996 Galla
2242 2941 2478 2997 Placidia
2514 2958 2611 3012 pro
2641 2942 2786 2998 illius
2815 2946 3101 3001 sanctitate
3128 2946 3244 3016 ejus
3269 2948 3494 3020 efﬁgiem
3528 2959 3631 3004 tes-

2062 3031 2210 3087 sellis
2237 3033 2487 3101 exornari
2521 3034 2572 3086 in
2595 3035 2805 3103 pariete
2829 3036 3079 3090 tribunali
3104 3048 3225 3107 post
3260 3048 3471 3110 tergum
3495 3056 3631 3109 pon-

389 3139 647 3192 narrabat
686 3139 951 3192 mirabilia
990 3152 1109 3207 qua;
1153 3138 1412 3194 Dominus
1455 3141 1508 3195 in
1555 3141 1864 3196 hominibus
1905 3151 1954 3196 et

2064 3123 2226 3178 tiﬁcis
2265 3139 2428 3194 supra
2474 3125 2657 3179 sedem
2682 3125 2770 3180 ubi
2796 3128 3034 3196 pontifex
3059 3130 3228 3184 sedet.
3271 3130 3400 3196 Quae
3429 3129 3632 3202 efﬁgies

384 3235 581 3289 bestiis
611 3243 950 3289 exercuerat.

384 3433 582 3488 .Sancti
612 3432 757 3488 Petri
783 3435 969 3500 obitus,
1393 3438 1674 3492 indicatur.
1710 3438 1960 3508 Ejusdem

759 3521 944 3576 corpus
983 3506 1047 3560 ab
1077 3506 1293 3577 Agnello
1321 3517 1595 3577 repertum.

463 3616 588 3670 Fuit
613 3624 790 3670 autem
809 3617 872 3671 in
899 3616 1256 3673 Valentiniani
1281 3620 1645 3689 temporibus;
1669 3637 1788 3677 eum
1815 3623 1959 3678 enim

389 3709 658 3778 Acmpisset
692 3708 1098 3765 Valentinianus
1147 3711 1442 3780 imperare,
1486 3712 1538 3766 in
1583 3712 1698 3782 ipso
1738 3714 1959 3769 introitu

391 3800 606 3870 imperii
637 3799 752 3870 ejus
771 3800 958 3854 beatus
981 3800 1080 3855 iste
1107 3799 1301 3856 Petrus
1319 3802 1426 3856 vita
1456 3803 1787 3872 exspoliatus
1816 3813 1959 3859 astra

389 3890 602 3960 petivit.
635 3890 699 3944 Ut
725 3890 869 3943 aiunt
893 3890 1132 3960 quidam,
1152 3890 1391 3960 sepultus
1415 3890 1511 3945 fuit
1534 3893 1586 3946 in
1614 3908 1710 3946 sua
1743 3891 1961 3946 fundata

397 3979 627 4034 ecclesia
649 3980 925 4035 Petriana.
957 3979 1269 4035 Certissime
1313 3982 1454 4035 enim
1499 3983 1718 4047 sciatis,
1763 3983 1960 4038 verita-

387 4079 506 4123 tem
548 4071 699 4125 vobis
741 4071 946 4134 dicam,
994 4087 1098 4126 non
1145 4071 1310 4126 ullum
1351 4073 1709 4128 mendacium.
1743 4073 1878 4128 Dum
1909 4074 1960 4127 in

397 4163 728 4218 monasterio
773 4177 890 4218 meo
933 4164 1104 4219 beatae
1143 4173 1200 4218 et
1240 4180 1452 4235 semper
1488 4165 1710 4237 virginis
1750 4165 1960 4230 Mariae,

396 4269 519 4322 quae
548 4265 771 4309 vocatur
798 4255 864 4308 ad
892 4255 1256 4312 Blanchernas
1276 4297 1289 4320 ,
1337 4258 1627 4314 residerem
1650 4301 1664 4324 ,
1708 4260 1847 4329 quod
1879 4269 1962 4314 est

387 4343 682 4399 :fundatum
730 4361 835 4400 non
885 4346 1039 4417 longe
1085 4362 1116 4400 a
1161 4346 1516 4402 Guandelaria
1544 4390 1558 4413 ,
1603 4350 1729 4404 dum
1771 4351 1961 4406 vellem

396 4444 743 4504 .perscrutare
767 4437 1004 4490 omnium
1038 4438 1187 4492 Vitas
1215 4439 1525 4506 pontiﬁcum
1553 4441 1923 4496 Ravennatum

396 4525 682 4579 haesitator
725 4541 874 4580 eram
918 4527 1110 4580 animae
1157 4543 1290 4582 meae
1341 4527 1408 4582 de
1449 4528 1606 4596 hujus
1647 4532 1816 4586 sancti
1861 4533 1960 4587 viri

393 4616 628 4670 tumulo.
658 4615 810 4683 Quod
838 4617 965 4671 dum
996 4616 1083 4670 ita
1127 4617 1420 4688 cogitarem
1440 4659 1455 4684 ,
1489 4635 1628 4674 unus
1653 4636 1716 4674 ex
1747 4622 1959 4690 pueris,

391 4705 496 4774 qui
527 4705 764 4774 quotidie
790 4706 1095 4776 aspectibus
1133 4707 1266 4762 meis
1292 4709 1651 4775 consistebat,
1692 4713 1966 4766 nunciavit

405 4795 537 4849 mihi
563 4794 851 4866 Georgium
883 4796 1252 4867 presbyterum
1285 4798 1584 4856 Classensis
1611 4802 1853 4858 ecclesiae
1873 4804 1968 4859 ad-

395 4887 636 4941 venisse.
670 4886 762 4942 Ille
789 4903 916 4942 vero
942 4887 1032 4946 illo
1062 4897 1302 4960 tempore
1334 4893 1553 4962 regebat
1581 4907 1764 4947 curam
1794 4894 1968 4950 eccle-

395 4979 504 5034 sia:
541 4981 711 5034 sancti
753 4980 938 5036 Severi
970 4983 1294 5040 confessoris
1323 4985 1558 5053 Christi,
1589 4989 1671 5041 vir
1697 4990 1852 5044 valde
1878 5007 1973 5045 ve-

405 5071 686 5136 nerabilis,
713 5081 964 5128 constans
989 5075 1043 5128 in
1069 5076 1341 5143 omnibus,
1369 5077 1557 5133 ﬁrmus
1582 5078 1785 5148 absque
1811 5079 1975 5134 imbe-

406 5160 650 5214 cillitate.
674 5161 772 5228 Qui
797 5178 919 5217 cum
946 5162 1136 5219 fuisset
1160 5166 1227 5220 ad
1255 5181 1341 5220 me
1367 5166 1660 5235 ingressus,
1687 5177 1969 5238 postquam

409 5252 668 5316 sedisset,
709 5255 890 5308 statim
921 5256 1198 5311 sciscitare
1225 5273 1348 5312 eum
1390 5260 1563 5328 coepi,
1593 5259 1848 5324 forsitan,
1881 5271 1973 5315 aut

408 5351 506 5407 per
535 5340 783 5408 antiquos
809 5342 1056 5398 homines
1080 5344 1135 5397 in
1161 5345 1343 5397 auditu
1362 5386 1376 5408 ,
1405 5355 1500 5400 aut
1529 5348 1647 5401 visu
1679 5348 1876 5418 aliquid
1905 5348 1973 5404 de

411 5425 554 5480 beati
582 5427 742 5496 hujus
767 5431 1036 5499 pontiﬁcis
1060 5431 1404 5502 glosocnonio
1433 5435 1642 5489 scisset.
1672 5436 1764 5490 lllc
1793 5447 1971 5491 autem

412 5514 566 5568 hilari
595 5517 739 5571 vultu
767 5520 904 5573 dixit
929 5521 1059 5575 mihi
1087 5539 1100 5574 :
1131 5521 1330 5593 [Veni]
1357 5525 1639 5579 ostendam
1669 5527 1796 5593 tibi,
1828 5529 1972 5597 quod

414 5605 648 5660 maxime
664 5608 925 5675 cupis,ub‘
937 5611 1649 5683 pretiosissimusrequiescit
1664 5617 1966 5672 thesaurus.

415 5692 515 5758 Qui
557 5709 674 5748 cum
710 5699 1134 5754 ascendissemus
1156 5715 1321 5771 equos
1342 5743 1356 5769 ,
1381 5707 1793 5774 properavimus
1823 5708 1971 5764 Clas—

1943 4485 1958 4510 ⁷

2059 3214 2132 3268 ita
2158 3213 2424 3280 estfacta,
2453 3214 2714 3285 prolixam
2742 3217 2947 3272 habens
2979 3219 3222 3286 barbam,
3248 3222 3486 3275 extensis
3516 3237 3632 3275 ma-

2059 3305 2235 3368 nibus,
2279 3305 2435 3374 quasi
2480 3306 2675 3362 missas
2717 3309 2884 3373 canit,
2933 3318 2988 3364 et
3032 3311 3207 3366 hostia
3254 3311 3415 3367 veluti
3465 3327 3633 3382 super

2059 3394 2228 3451 altare
2255 3397 2432 3466 posita
2464 3405 2568 3462 est,
2601 3406 2655 3452 et
2681 3413 2807 3455 ecce
2841 3401 3062 3470 angelus
3090 3402 3299 3456 Domini
3329 3403 3383 3456 in
3409 3412 3632 3471 aspectu

2060 3485 2248 3541 altaris
2274 3487 2418 3567 illius
2439 3488 2714 3544 orationes
2741 3489 3041 3558 suscipiens
3073 3500 3155 3545 est
3184 3492 3446 3561 depictus.
3471 3491 3636 3549 Istius

2059 3581 2392 3649 temporibus
2441 3581 2591 3635 Galla
2642 3581 2878 3636 Placidia
2910 3581 3151 3653 Augusta
3195 3584 3360 3638 multa
3395 3584 3535 3639 dona
3573 3584 3633 3638 in

2060 3668 2300 3725 Ecclesia
2332 3671 2598 3727 Ravennae
2623 3671 2838 3729 obtulit.
2868 3680 2922 3726 et
2962 3672 3235 3728 lucernam
3289 3689 3412 3729 cum
3458 3674 3638 3728 cereis

2061 3768 2232 3814 totam
2279 3774 2346 3814 ex
2374 3775 2508 3815 auro
2553 3762 2728 3830 primo
2773 3759 2926 3825 fecit,
2961 3771 3284 3831 pensantes,
3338 3773 3397 3817 ut
3445 3763 3648 3817 dicunt

2059 3849 2297 3919 quidam,
2336 3851 2573 3920 pondere
2620 3850 2832 3921 publico
2865 3851 3028 3906 libras
3077 3863 3303 3922 septem,
3355 3869 3456 3908 una
3503 3869 3631 3908 cum

2061 3956 2159 4003 sua
2184 3939 2361 4012 efﬁgie
2389 3943 2793 3998 scenofactoriae
2821 3944 2956 3998 artis
2977 3943 3195 4006 factam,
3231 3944 3366 3999 infra
3399 3945 3634 4000 orbitam

2061 4043 2116 4087 et
2135 4049 2230 4102 per
2255 4033 2306 4086 in
2334 4048 2466 4104 gyro
2507 4033 2814 4105 legentem:
2859 4033 3068 4089 Parabo
3113 4038 3379 4090 lucernam
3422 4035 3635 4091 Christo

2061 4140 2193 4178 meo.
2225 4125 2291 4178 Et
2317 4125 2404 4179 hic
2434 4124 2778 4180 beatissimus
2808 4125 2991 4194 alapas
3018 4125 3415 4196 evangeliorum
3443 4141 3512 4180 ex
3536 4142 3638 4180 au-
3732 4152 3736 4156 τ

2061 4227 2123 4266 ro
2161 4213 2364 4282 optimo
2393 4222 2448 4268 et
2495 4215 2721 4284 gemmis
2751 4214 3095 4270 lucidissimis
3150 4214 3310 4280 fecit,
3339 4224 3395 4270 et
3422 4215 3636 4285 efﬁgies

2063 4301 2206 4357 illius
2232 4303 2427 4358 ibidem
2481 4303 2623 4359 facta
2669 4315 2770 4370 est,
2821 4319 2939 4374 quae
2989 4315 3305 4374 permanent
3355 4321 3526 4375 usque
3577 4307 3632 4360 in

2063 4404 2382 4464 prazsentem
2440 4397 2604 4462 diem,
2643 4397 2837 4452 littera:
2866 4398 2968 4452 hoc
3013 4398 3358 4452 ostendentes
3402 4398 3638 4468 desuper

1947 4485 1958 4560 ξ
1987 4476 2039 4534 Ῑ)
2066 4489 2258 4558 capitis
2289 4489 2428 4544 illius
2458 4491 2670 4560 scriptae
2721 4500 2887 4546 sunt;
2919 4491 3152 4545 Domnus
3203 4483 3391 4544 Petrus
3417 4494 3635 4546 antistes

2070 4579 2131 4632 ob
2157 4579 2292 4632 diem
2329 4580 2674 4634 ordinationis
2709 4597 2819 4634 sua:
2847 4591 3042 4634 sancta:
3073 4581 3300 4636 ecrlesite
3323 4583 3398 4635 sic
3425 4583 3631 4636 obtuiit.

2071 4665 2363 4722 Defunctus
2382 4669 2646 4737 estpridie
2667 4668 2782 4722 Kal.
2812 4670 3058 4739 Augusti.
3102 4671 3254 4726 Sedit
3297 4687 3634 4728 annos.......

2071 4771 2444 4812 menses.....
2479 4758 2822 4813 dies.......

2563 4956 3129 5018 OBSERVATIONES

2483 5064 2551 5102 ΑΙ)
2584 5065 2750 5104 νισι-ΑΜ
2789 5066 2974 5107 SANCTI
3016 5071 3188 5109 PETRI.

2073 5133 2220 5191 Petri
2240 5140 2482 5211 episcopi,
2501 5140 2614 5210 ejus
2629 5143 2860 5211 nominis
2881 5145 3060 5211 primi.
3087 5146 3274 5200 veritas
3299 5159 3515 5202 asserta.
3551 5150 3631 5202 An

2144 5224 2328 5282 corpus
2374 5208 2451 5282 alr
2474 5208 2691 5282 Agnalia,
2716 5208 2988 5282 inventum
3031 5231 3142 5282 ejus
3187 5216 3371 5281 fuerit,
3420 5219 3495 5272 rel
3535 5217 3633 5272 Pe-

2142 5279 2208 5329 tri
2227 5276 2321 5352 1
2331 5320 2344 5342 ,
2359 5276 2645 5352 dubitatur.
2661 5276 3251 5352 Alapa’Evrmgeliorum
3273 5276 3396 5352 quid
3411 5288 3635 5342 ?Salva-

2147 5303 2208 5329 tn
2227 5303 2245 5329 ι
2260 5303 2280 5329 ι
2292 5303 2313 5329 ι
2331 5320 2344 5342 ,
2359 5303 2645 5332 uuvuutur.
2661 5303 2839 5350 Atapa’
2855 5303 3251 5352 nvangetwrum
3308 5303 3393 5340 tua
3411 5303 3635 5342 Ibatva-

2147 5348 2277 5428 τοί-ξε
2303 5349 2488 5430 imago,
2503 5350 2880 5430 antiquissima.
2925 5351 3249 5430 Temptarunt
3269 5303 3460 5430 ilegitc.
3502 5358 3635 5410 Erc-

2147 5418 2297 5480 mita,
2327 5434 2396 5470 an
2415 5417 2734 5488 ngyptius?
2756 5417 3299 5486 Classensis'ecclest'a,
3326 5417 3373 5479 ἐξ
3398 5427 3587 5479 clerus.

2146 5503 2189 5556 Ι.
2231 5504 2446 5559 Petrum
2482 5507 2626 5562 hunc
2670 5518 2855 5562 contra
2885 5509 3124 5564 Rubeum
3167 5524 3222 5568 et
3271 5515 3515 5570 ltubeutn
3554 5533 3638 5570 se-

2078 5584 2233 5647 cutos
2262 5575 2548 5647 admittere
2567 5615 2581 5636 .
2619 5593 2686 5631 ne
2711 5579 3018 5647 pontiﬁcum
3047 5581 3412 5638 Ravennatnm
3440 5588 3636 5640 seriem

2077 5647 2145 5695 ab
2191 5641 2411 5722 Agnello
2460 5641 2725 5722 traditam:
2755 5649 3073 5722 i_n_vertcrem
3099 5693 3113 5714 ,
3164 5666 3447 5709 suaserunt
3484 5672 3642 5722 argu-

2079 5724 2256 5766 menta
2301 5713 2354 5765 in
2401 5717 2718 5782 praecedenti
2759 5713 3140 5777 Dissertationc
3169 5725 3461 5790 explicata;
3493 5713 3637 5780 nunc
