3956 6190
463 345 566 401 519

583 454 651 512 Et
669 454 750 504 illo
769 455 1058 511 asirigerum
1079 455 1277 504 radiavit
1298 455 1477 501 lumine
1494 452 1686 501 cmlum.

591 517 728 565 Unus
753 519 799 564 iu
823 517 943 563 orbe.
971 527 1093 563 novo
1114 519 1184 564 vir
1204 525 1330 564 terra
1358 517 1543 576 virgine
1568 515 1716 562 factus

587 577 776 627 Exiluit
799 577 959 637 humo,
982 577 1142 624 insons
1167 577 1242 624 hic
1265 590 1470 637 corpore
1489 589 1648 624 servo.

588 639 689 688 Iste
714 639 802 687 Dei
826 641 1006 686 meruit
1029 639 1221 685 vocitari
1248 637 1379 684 solus
1412 637 1568 694 imago
1596 675 1610 697 ,

589 700 807 758 Namque
828 699 904 747 sui
926 697 1132 748 similem
1153 699 1396 748 hominem
1419 699 1641 759 produxit
1665 697 1712 744 in
1735 696 1859 746 orbe

584 761 788 821 Superui
815 761 1062 810 Genitoris
1085 773 1236 820 amor,
1263 761 1616 819 Dominamque
1641 759 1837 815 locavit,

585 821 726 871 Hunc
747 823 885 871 Sator
909 822 1216 880 omnipotens
1239 834 1400 871 rerum
1423 821 1730 869 dulcissimus
1746 821 1856 882 ipse

584 882 836 933 Multiﬂuis
857 884 1026 942 Opibus
1049 881 1242 942 longum
1267 882 1432 930 ditavit
1456 883 1501 928 in
1524 895 1700 929 azvnm.

585 945 675 995 lsli
699 954 870 993 cuncta
889 944 1025 992 simul
1047 943 1283 1005 sylvarum
1309 944 1502 1004 prazmia
1526 946 1692 992 cessit.

587 1006 614 1051 ,1
622 1007 743 1054 ussit
767 1013 1013 1055 maternos
1035 1005 1178 1054 ftetus
1202 1007 1467 1066 producere
1493 1013 1691 1053 terram.

588 1067 743 1124 Hujus
783 1080 903 1115 oves
927 1069 1079 1114 nivem
1102 1067 1245 1114 nitida
1269 1079 1358 1127 per
1380 1068 1596 1127 gramina
1627 1077 1743 1114 voce
1762 1099 1776 1122 ,

586 1128 761 1190 Hujus,
789 1134 841 1178 et
864 1128 1126 1177 altecomus
1147 1135 1364 1188 sonipes,
1391 1127 1608 1188 fulvique
1634 1127 1823 1185 leones,

590 1189 745 1246 Hujus
769 1199 905 1237 erant
927 1190 1098 1249 passim
1125 1191 1294 1238 ramosi
1317 1190 1363 1236 in
1383 1202 1557 1237 cornua
1583 1190 1736 1246 cervi,

591 1249 897 1309 Pennatique
921 1263 1106 1312 greges
1127 1254 1302 1309 avium,
1331 1252 1586 1312 piscesque
1617 1263 1704 1310 per
1732 1249 1898 1308 undas,

589 1313 756 1374 ania
782 1324 989 1373 namque
1015 1311 1144 1359 Deus
1167 1313 1347 1360 homini
1373 1311 1674 1373 quaecunque
1699 1314 1888 1374 paravit

586 1372 819 1432 'l'radidit,
845 1381 897 1423 et
913 1372 1064 1422 ’verho
1083 1375 1266 1433 pariter
1288 1376 1476 1422 servire
1493 1372 1673 1428 coeeit.

585 1434 722 1484 Hunc
755 1441 912 1484 tameu
942 1437 986 1482 in
1017 1437 1178 1495 primis
1211 1437 1403 1482 monitis
1429 1435 1710 1483 cmlestihus
1740 1433 1854 1482 olim

592 1497 866 1544 ()DSPrvare
885 1507 1018 1542 suam
1042 1496 1221 1555 legem,
1243 1505 1293 1544 et
1312 1497 1470 1545 vitalia
1492 1498 1632 1555 jussit

586 1557 856 1616 l’rzeceplzi,
888 1566 939 1605 et
965 1561 1115 1605 vetita
1145 1559 1351 1606 auderet
1376 1571 1437 1604 ne
1462 1558 1695 1606 mandere
1724 1568 1880 1615 poma.

592 1618 896 1678 Prwcelituiii
922 1633 1180 1680 spernens,
1207 1622 1274 1666 sic
1296 1620 1502 1679 perdidit
1521 1620 1680 1666 omnia
1705 1630 1890 1666 secum.

533 1699 601 1752 Et
631 1699 683 1752 in
713 1699 813 1751 alia
861 1700 1036 1751 fronte
1069 1698 1281 1768 depicta
1326 1699 1559 1753 historia
1598 1698 1745 1753 Petri
1774 1696 2028 1768 apostoli,

459 1791 862 1860 subscriptique
887 1799 1008 1843 sunt
1039 1805 1226 1844 versus
1255 1790 1487 1844 metrici.

585 1881 784 1942 Accipe,
811 1890 999 1942 sancte,
1017 1879 1195 1940 libens,
1220 1894 1415 1940 parvum
1439 1893 1501 1942 ne
1524 1880 1724 1940 despice
1747 1891 1962 1939 carmen,

586 1940 742 1993 Pauca
767 1950 863 1991 tum
889 1941 1014 1988 laudi
1042 1947 1215 1990 nostris
1237 1942 1441 1990 dicenda
1463 1940 1688 2002 loquelis.

585 2003 748 2065 Euge,
777 2005 940 2053 Simon
970 2002 1136 2064 Petre,
1165 2005 1469 2065 commissum
1495 2004 1580 2052 tibi
1604 2006 1808 2065 suscipe
1826 2015 2001 2054 munus

586 2063 677 2124 [En
701 2067 848 2126 quod]
871 2077 1068 2126 sumere
1088 2073 1137 2113 te
1157 2064 1308 2113 voluit
1331 2063 1434 2113 Rex
1462 2078 1666 2126 magnus
1685 2063 1747 2113 ab
1771 2064 1886 2116 alto.

583 2123 790 2186 Suscipe
814 2123 877 2174 de
899 2123 1022 2173 coelo
1046 2128 1309 2186 pendentia
1334 2128 1480 2175 lintea
1506 2123 1646 2187 plena

585 2189 727 2250 hiissa
753 2187 906 2236 Pctre
927 2187 1034 2250 tibi,
1060 2200 1168 2248 quae
1192 2188 1380 2236 diversa
1404 2186 1626 2250 animalia
1651 2186 1880 2250 portant‘;

584 2249 701 2298 Haec
729 2255 936 2297 mactare
964 2246 1094 2296 Deus
1113 2256 1162 2296 te
1187 2259 1316 2302 mox,
1336 2255 1388 2298 et
1410 2249 1641 2296 mandere
1661 2249 1819 2308 jussit.

584 2311 638 2360 In
665 2310 794 2358 nullo
819 2308 1000 2369 [nullis]
1026 2309 1248 2358 dubitare
1273 2309 1409 2369 licet,
1436 2323 1546 2369 quze
1569 2310 1740 2358 munda
1763 2311 1949 2360 crearit

585 2373 903 2430 Omnipotens
923 2370 1144 2430 Genitor,
1170 2382 1332 2418 rerum
1368 2372 1445 2419 cui
1481 2383 1662 2419 summa
1699 2378 1934 2430 potestas.

587 2433 745 2494 Euge,
759 2433 922 2480 Simon
944 2431 1106 2494 Petre,
1126 2444 1272 2491 quem
1293 2433 1472 2492 gaudet
1495 2431 1653 2490 [mens
1672 2433 1836 2492 aurea]
1850 2432 2030 2484 Christi

585 2491 770 2542 Lumen
799 2491 1108 2553 apostolicum
1145 2491 1345 2540 cunctus
1369 2505 1545 2553 ornare
1569 2505 1657 2553 per
1683 2491 1851 2541 annos.

589 2554 642 2602 In
666 2563 719 2604 te
741 2562 901 2601 sancta
932 2552 1018 2600 Dei
1046 2554 1232 2614 pollens
1257 2553 1469 2602 Ecclesia
1502 2552 1675 2614 fulget,

582 2615 638 2664 In
666 2625 715 2664 te
739 2615 870 2662 llrina
893 2625 993 2660 sua:
1011 2613 1180 2663 damus
1197 2613 1506 2672 fundamenta
1531 2613 1704 2664 locavit

584 2677 1044 2737 Priticepstrtherei
1069 2677 1199 2724 chori
1215 2675 1322 2737 'per
1346 2676 1522 2725 saecula
1545 2683 1704 2725 natus.

584 2735 780 2788 Cunctis
802 2735 930 2785 clara
957 2736 1044 2800 tibi
1068 2746 1142 2786 est
1163 2735 1333 2795 virtus,
1358 2749 1584 2796 censura,
1610 2736 1847 2800 ﬁdesque.

586 2799 670 2862 Bis
691 2810 837 2862 senos
861 2801 992 2862 inter
1010 2799 1186 2848 fratres
1208 2800 1255 2847 in
1284 2801 1500 2862 principe
1526 2800 1654 2862 sistis

584 2860 845 2923 lpseloco,
871 2860 1114 2923 legesque
1133 2872 1268 2923 novas
1284 2858 1376 2909 tibi
1395 2858 1569 2910 dantur
1592 2861 1654 2908 ab
1675 2858 1772 2909 alto
1799 2897 1814 2923 ,

583 2920 677 2984 Qui
697 2921 797 2971 fera
820 2922 964 2984 corda
991 2920 1159 2984 domas
1183 2920 1429 2984 hominum
1447 2958 1461 2979 ,
1488 2923 1571 2984 qui
1595 2920 2000 2983 pectora’mulces

581 2983 986 3046 Christicolasque
1035 2983 1187 3033 doces
1227 2983 1325 3047 [tu]
1358 2983 1530 3032 omnes
1583 2985 2040 3105 esfpupgzmqrbem‘

591 3103 610 3105 ᾗ
1169 3104 1182 3105 ,
1547 3103 1555 3105 _
1920 3079 1938 3105 ο

1665 3052 1894 3103 iui-nem)
1920 3079 1938 3106 ,

584 3103 793 3168 Jamque
817 3104 915 3156 tuis
937 3107 1136 3157 meritis
1154 3104 1332 3157 Christi
1357 3113 1494 3168 parat
1511 3103 1665 3168 gloria
1679 3119 1908 3168 regnum.

1091 3204 1319 3262 CAPUT
1347 3205 1410 3261 Il.

457 3297 662 3353 Neonis
694 3311 858 3362 mora,
893 3303 944 3350 et
973 3293 1536 3419 translatiodct’irporis.
1563 3294 1848 3351 Brachium
1875 3292 2037 3351 Forte

1167 3382 1254 3419 aut
1312 3405 1326 3419 .

1167 3382 1291 3436 quia
1312 3382 1326 3419 λ

529 3459 657 3515 Post
675 3459 793 3514 hinc
811 3468 992 3516 autem
1013 3459 1262 3514 omnibus
1293 3457 1700 3524 consummatis,
1730 3457 1890 3514 tertio
1914 3456 2037 3514 Idus

451 3548 738 3605 Februarii
763 3552 898 3607 obiit
921 3565 969 3606 η.
1007 3551 1259 3622 Sepultus
1280 3551 1410 3606 olim
1430 3551 1484 3606 in
1505 3549 1728 3606 basilica
1755 3549 2040 3621 Apostolo-

458 3657 578 3696 rum
605 3651 728 3699 ante
752 3644 922 3700 altare
943 3644 1086 3700 beati
1109 3643 1335 3714 apostoli
1359 3642 1507 3699 Petri
1533 3643 1723 3699 subtus
1741 3643 2037 3715 porphyre-

457 3729 622 3785 ticum
651 3731 906 3802 lapidem,
931 3749 1088 3803 quem
1112 3748 1254 3788 nunc
1278 3748 1378 3789 nos
1403 3732 1528 3788 inde
1559 3734 1837 3790 trahentes
1876 3733 2035 3805 juxta

457 3821 600 3876 illius
623 3823 860 3878 basilicae
888 3825 1070 3879 sedem
1107 3823 1468 3894 sepelivimus,
1521 3825 1904 3893 traductusque
1951 3831 2037 3878 est

457 3929 557 3983 per
584 3913 759 3968 locum
783 3915 876 3984 qui
900 3915 1099 3970 dicitur
1120 3915 1189 3971 ad
1215 3915 1500 3970 Brachium
1547 3914 1744 3970 Fortis.
1792 3915 1899 3972 Sed
1942 3916 2034 3970 tibi

459 4005 745 4060 Brachium
769 4005 945 4061 Fortis
957 4006 1174 4070 dicitur,
1197 4017 1290 4062 aut
1300 4021 1397 4077 pro
1411 4022 1517 4076 qua
1533 4005 1735 4062 dictum
1757 4006 1828 4062 sit
1849 4022 2034 4071 causa,

452 4096 738 4166 ignoratis.
762 4096 838 4150 "Et
864 4096 991 4166 quia
1030 4098 1186 4168 pauci
1241 4105 1367 4153 sunt
1401 4098 1643 4153 veterani
1691 4099 1783 4169 qui
1833 4098 2032 4164 sciunt,

450 4183 581 4240 ideo
605 4185 727 4240 volo
756 4201 853 4241 vos
877 4187 1019 4242 scire
1048 4188 1138 4244 ubi
1163 4187 1364 4244 dictum
1389 4189 1477 4253 sit,
1499 4196 1555 4244 et
1580 4203 1680 4260 pro
1703 4204 1808 4258 qua
1833 4189 2035 4245 dictum

455 4275 531 4332 sit
557 4291 740 4331 causa.
770 4275 902 4332 Cum
941 4277 1115 4335 ieritis
1140 4278 1208 4333 ad
1229 4279 1502 4350 regionem
1523 4277 1905 4349 Apostolorum
1926 4294 2032 4333 non

454 4365 617 4438 iunge
640 4367 929 4442 a'maccrie
954 4366 1233 4432 Ovil'ionis,
1258 4369 1590 4424 introeuntes
1617 4385 1714 4425 vos
1752 4369 1890 4424 infra
1927 4370 2032 4424 Ar-

460 4459 634 4512 dicam
663 4459 807 4513 beati
838 4460 980 4514 Petri
1009 4461 1255 4532 apostoli,
1281 4461 1370 4516 ubi
1393 4461 1570 4532 imago
1606 4462 1819 4518 Domini
1861 4465 2032 4520 nostri

446 4549 584 4605 Jcsu
614 4551 808 4607 Christi
841 4528 1058 4623 depicta
1081 4563 1165 4608 est
1189 4561 1412 4610 extenso
1437 4528 1682 4621 brachio,
1705 4564 1761 4610 et
1800 4556 1929 4612 hinc
1967 4572 2032 4613 ex
2059 4528 2112 4588 D

450 4656 566 4696 uina
592 4651 747 4712 parte
769 4641 972 4714 elﬁgies
983 4643 1129 4698 vasis
1143 4643 1420 4700 electionis
1444 4644 1611 4711 Pauli,
1637 4653 1693 4702 et
1707 4685 1721 4701 .
1741 4685 1756 4701 .
1775 4687 1787 4701 .
1807 4685 1824 4702 .
1844 4687 1860 4702 .
1878 4687 1893 4702 .
1912 4687 1927 4702 .
1945 4688 1960 4702 .
1979 4687 1995 4703 .
2015 4687 2032 4703 .

452 4743 514 4789 et
542 4733 668 4803 ipsae
689 4732 913 4804 depictae
942 4744 1086 4789 sunt.
1111 4735 1231 4790 Dixi
1258 4736 1350 4791 ubi
1375 4736 1578 4810 dictum
1600 4738 1692 4803 sit,
1719 4738 1894 4794 dicam
1932 4755 2036 4811 pro

457 4840 566 4895 qua
607 4840 768 4879 causa
815 4826 904 4880 sit.
951 4825 1066 4881 Duo
1107 4827 1208 4882 viri
1249 4828 1525 4898 cupientes
1574 4829 1751 4886 foedus
1795 4829 1936 4886 inter
1975 4847 2036 4889 se

451 4913 629 4985 jungi,
655 4915 789 4970 dixit
814 4931 953 4971 unus
979 4916 1045 4971 ad
1073 4916 1301 4972 alterum
1329 4919 1616 4974 habentem
1643 4920 1912 4977 sobolem:
1936 4922 2036 4979 Pe-

455 5005 706 5062 titionem
731 5021 955 5077 parvam
980 5007 1237 5076 deprecor
1265 5008 1380 5074 tibi,
1408 5024 1556 5080 rogo,
1587 5018 1646 5064 ut
1683 5026 1789 5066 non
1842 5011 1895 5067 in
1944 5028 2038 5067 va-

455 5111 621 5152 cuum
651 5104 948 5153 revertatur
983 5099 1284 5153 obsecratio
1314 5115 1452 5153 mea.
1483 5099 1578 5154 Ctii
1609 5100 1700 5155 ille
1723 5101 1887 5157 alter:
1917 5101 2034 5157 Non
2081 5104 2086 5108 ’

456 5187 695 5256 gravabo
721 5194 795 5252 te,
823 5187 964 5256 quod
988 5187 1085 5242 tibi
1106 5187 1299 5257 placet,
1328 5187 1440 5242 ﬁat.
1491 5187 1770 5260 Dixitque:
1795 5192 1873 5246 Da
1900 5192 2033 5247 milii

458 5277 631 5332 lilium
651 5285 802 5332 tuum
822 5287 883 5332 ut
911 5278 1012 5333 sim
1041 5277 1091 5332 ei
1139 5287 1294 5349 pater
1336 5279 1401 5334 de
1441 5288 1630 5336 sancto
1655 5279 1940 5350 baptismo,
1977 5290 2033 5337 ct

457 5369 750 5442 suscipiam
801 5385 902 5440 ego
957 5385 1083 5426 eum
1131 5372 1195 5427 de
1247 5370 1394 5427 fonte
1441 5373 1794 5430 sanctiﬁcato.
1848 5375 2031 5431 Simus

458 5459 818 5515 communiter
831 5469 1034 5531 patres,
1057 5469 1115 5516 tu
1135 5462 1386 5529 carnalis,
1402 5478 1502 5535 ego
1519 5473 1701 5520 autem
1717 5465 2032 5535 spiritualis.

537 5631 720 5706 l{No}.
741 5649 938 5706 marg"
957 5631 1074 5706 _Hic
1106 5634 1204 5702 fuit
1235 5645 1459 5706 tempore
1497 5637 1822 5692 orthodoxae
1851 5638 2036 5691 matris

458 5699 630 5754 Gallae
655 5699 927 5755 Placidiie.
957 5699 1150 5759 Bacch.

536 5770 566 5810 δ
593 5768 714 5827 Not.
745 5786 942 5842 marg.,
971 5771 1239 5838 Quomodo
1285 5785 1436 5830 antea
1477 5788 1658 5833 natum
1681 5787 1946 5847 peccatum
1970 5776 2036 5832 de

1168 342 1461 398 ACNELLI’
1493 295 1780 398 ABBA'i‘lS
1815 339 1871 394 S.
1913 297 2149 395 MARle
2192 339 2282 392 AD
2324 338 2797 404 BLACHERNAS,
2846 341 2994 396 liTC.

3593 348 3702 400 52‘}

2053 456 2103 514 Α
2130 449 2306 503 Atille
2325 450 2401 503 ait
2439 450 2535 503 :ln
2581 453 2800 506 nomine
2847 453 3055 508 Domini
3111 456 3279 508 nostri
3326 453 3452 510 Iesu
3501 457 3706 516 Christ:

2124 542 2213 595 liat
2237 543 2333 596 sic.
2363 542 2692 613 Factumque
2721 554 2806 599 est
2837 547 2929 608 ita,
2973 555 3025 602 et
3064 564 3129 602 ex
3158 549 3242 602 illa
3285 549 3371 603 die
3418 561 3707 620 postquam

2121 632 2421 701 baptizatus
2440 643 2522 688 est
2544 635 2746 699 iul‘ans,‘
2774 637 2990 691 fuerunt
3023 640 3381 694 communiter
3400 649 3603 710 patres,
3649 654 3711 697 et

2121 723 2461 779 dilectionem
2490 725 2791 781 habuerunt
2818 728 2870 782 in
2901 729 3126 784 invicem
3163 731 3216 784 in
3249 730 3450 800 Spiritu
3492 744 3709 799 sancto,

2031 849 2036 854 ι
2123 822 2177 867 et
2203 814 2421 871 ubsculo
2443 817 2612 886 pacis,
2638 818 2763 887 quia
2795 828 2849 872 et
2877 819 2957 873 sic
2985 820 3243 875 condecet
3280 821 3416 886 ﬁeri,
3443 824 3534 892 qui
3565 824 3716 879 inter

2123 919 2181 959 se
2213 906 2338 960 talia
2367 907 2588 974 faciunt,
2616 924 2680 963 eo
2703 910 2845 978 quod
2878 925 2980 964 non
3011 911 3276 976 homines,
3308 914 3403 968 sed
3445 913 3712 985 Spiritum

2124 1008 2372 1051 sanctum
2403 999 2542 1053 inter
2565 1015 2622 1054 se
2652 984 3003 1055 mediatorem
3035 1013 3260 1072 ponunt,
3292 1014 3346 1058 et
3393 1015 3451 1058 ut
3488 984 3724 1068 sciatis,-

2125 1086 2299 1156 major
2325 1097 2410 1143 est
2438 1090 2732 1158 spiritualis
2761 1100 2915 1160 pater
2959 1102 3118 1160 quam
3168 1095 3237 1147 sit
3279 1094 3533 1160 carnalis,
3585 1098 3716 1166 quia

2126 1178 2214 1232 ille
2239 1194 2307 1233 ex
2335 1189 2557 1249 peccato
2579 1182 2885 1248 procreavit
2912 1181 3101 1248 ﬁlium,
3127 1192 3180 1237 et
3213 1184 3265 1238 in
3302 1195 3524 1254 peccato
3552 1197 3719 1242 natus

2127 1278 2210 1324 est
2237 1271 2285 1324 ei
2316 1271 2472 1335 (ilius,
2505 1282 2559 1325 et
2595 1272 2708 1342 ipse
2756 1273 2807 1326 in
2851 1282 3074 1342 peccato
3113 1283 3355 1330 moratur
3395 1275 3556 1331 (ilius.
3611 1277 3719 1332 llic

2127 1371 2306 1418 autem
2328 1365 2622 1433 spiritualis
2651 1375 2801 1434 pater
2829 1375 3110 1435 postquam
3161 1383 3223 1421 ex
3274 1370 3414 1423 unda
3458 1370 3719 1440 baptismi

2127 1470 2249 1511 eum
2281 1457 2505 1525 recepit,
2537 1456 2715 1512 ablato
2737 1457 2952 1512 diabolo
2977 1467 3029 1513 et
3065 1461 3276 1530 pompis
3305 1459 3440 1528 ejus,
3479 1478 3718 1531 genera-

2129 1554 2217 1600 tur
2243 1545 2382 1600 lilius
2423 1547 2716 1616 spiritualis
2758 1564 2822 1603 ex
2869 1560 3058 1605 sancto
3100 1543 3266 1615 fonte,
3315 1552 3720 1607 sanctificatum

2129 1637 2322 1707 recipit
2352 1637 2516 1691 ﬁliuni
2545 1639 2719 1693 denuo
2748 1648 2933 1694 natum
2964 1655 3058 1709 per
3094 1657 3308 1710 aquam,
3359 1651 3414 1697 et
3455 1642 3723 1713 Spirittuu

2133 1735 2378 1782 sanctum
2404 1727 2922 1798 b.Contigitautem
2954 1743 3018 1784 eo
3063 1739 3303 1800 tempore
3341 1749 3479 1787 unus
3523 1749 3590 1788 ex
3634 1735 3724 1789 his

2057 1809 2107 1868 B
2133 1818 2512 1887 suprascriptis
2539 1820 2904 1888 compatrihus
2933 1820 3087 1875 alteri
3135 1823 3398 1890 compatri
3443 1837 3542 1878 suo
3597 1841 3727 1878 mu-

2131 1917 2313 1978 tuasse
2347 1909 2543 1964 solidos
2575 1917 2866 1974 trecentos,
2909 1921 2965 1965 et
3004 1927 3127 1966 cum
3177 1913 3390 1967 deventi
3433 1923 3616 1968 essent
3673 1916 3726 1968 in

2129 1999 2252 2054 loco
2284 2000 2374 2055 ubi
2411 2001 2658 2070 superius
2684 2001 2909 2057 audistis
2938 2003 3005 2057 ad
3054 2003 3341 2058 Brachium
3393 2004 3592 2070 Fortis,
3647 2007 3728 2060 di-

2129 2092 2209 2145 xit
2239 2108 2378 2146 unus
2403 2093 2472 2147 ad
2507 2092 2734 2147 alterum
2764 2112 2776 2145 :
2805 2093 2984 2148 Mutua
3016 2094 3171 2160 mihi,
3212 2095 3459 2161 obsecro,
3506 2097 3729 2152 occulte

2130 2185 2330 2240 solidos
2358 2199 2553 2239 aureos
2582 2193 2870 2241 trecentos.
2903 2186 3000 2240 Cui
3026 2186 3113 2241 ille
3154 2187 3488 2256 respondens
3539 2188 3725 2242 dixit:

2128 2275 2262 2331 Cras
2288 2291 2445 2331 mane
2475 2277 2562 2331 hic
2591 2277 2996 2348 conveniamus,
3023 2288 3080 2332 et
3099 2279 3336 2333 deferam
3384 2279 3527 2333 inter
3550 2294 3643 2335 me
3675 2289 3732 2334 et

2131 2375 2204 2420 te.
2234 2366 2477 2436 Cumque
2504 2367 2784 2422 inluxisset
2811 2368 2926 2424 dies
2949 2370 3208 2436 crastina,
3259 2381 3521 2426 venerunt
3552 2371 3605 2426 in
3637 2372 3722 2426 lo-

2128 2471 2254 2510 cum
2283 2456 2373 2510 ubi
2404 2456 2763 2511 condixerant
2787 2457 2910 2522 sibi,
2941 2467 2997 2512 et
3015 2452 3295 2514 numerata
3323 2461 3552 2530 pecunia
3580 2462 3725 2517 dixit

2130 2547 2219 2602 ille
2245 2547 2541 2603 imperator
2564 2549 2631 2603 ad
2655 2558 2983 2618 compatrem
3007 2566 3162 2605 suum
3193 2569 3207 2604 :
3232 2551 3392 2616 Ecce,
3417 2563 3726 2623 compater,

2131 2638 2317 2707 accipe
2343 2639 2486 2708 quod
2516 2639 2732 2709 petisti;
2764 2647 2971 2694 tantum
2999 2641 3220 2710 provide
3248 2642 3390 2696 inter
3429 2657 3517 2696 me
3560 2652 3617 2696 et
3675 2655 3728 2699 te

2130 2731 2400 2801 quomodo
2428 2731 2561 2785 mihi
2593 2732 2790 2787 debeas
2817 2731 3063 2786 reddere.
3088 2731 3204 2786 Non
3235 2732 3316 2787 vis
3345 2732 3475 2786 mihi
3507 2731 3727 2801 lidejus-

2131 2840 2312 2880 sorem
2341 2824 2508 2880 dare?
2529 2823 2645 2880 Non
2674 2825 2756 2881 vis
2790 2824 3115 2880 mediatores
3153 2826 3454 2880 advocare?
3482 2825 3598 2879 Non
3643 2827 3730 2881 vis

2130 2917 2326 2988 pignus
2357 2917 2522 2972 dare?
2552 2917 2659 2972 Sed
2690 2931 2865 2986 neque
2894 2916 2977 2971 vis
2995 2924 3054 2970 ut
3089 2917 3211 2986 quis
3239 2917 3376 2973 sciat
3400 2926 3623 2988 propter
3647 2918 3730 2972 vi-

2134 3016 2423 3087 tuperium,
2449 3023 2503 3071 et
2530 3015 2644 3071 htec
2670 3017 2851 3070 omnia
2879 3015 2974 3070 tibi
3009 3017 3308 3103 consentio.
3361 3015 3465 3072 Cui
3509 3017 3730 3072 debitor

2135 3107 2432 3176 respondit,
2461 3115 2518 3161 et
2539 3107 2714 3161 dixit:
2747 3106 2896 3161 Talis
2923 3106 3190 3162 terminus
3240 3107 3382 3162 inter
3430 3122 3518 3161 me
3567 3116 3625 3163 et
3677 3117 3729 3164 te

2067 3179 2114 3242 Ο
2145 3195 2391 3252 ﬁrmatus
2419 3205 2526 3261 est,
2573 3211 2735 3266 quem
2785 3197 3094 3268 transgredi
3124 3212 3229 3252 nou
3278 3213 3586 3268 possumus.
3648 3199 3727 3253 Da

2139 3286 2271 3340 miti
2301 3295 2507 3341 tantum
2541 3286 2685 3342 hanc
2730 3295 2917 3342 mutuo
2967 3289 3184 3344 nomine
3233 3290 3518 3358 pecuniam
3547 3308 3560 3342 :
3588 3274 3729 3345 nihil

2139 3378 2348 3450 perdes.
2375 3378 2435 3432 In
2457 3386 2744 3450 conspectu
2769 3380 2864 3435 Dei
2892 3380 2989 3435 tibi
3010 3380 3161 3447 dico;
3191 3382 3283 3436 tibi
3319 3391 3424 3449 sto,
3466 3384 3562 3438 tibi
3602 3385 3730 3439 red-

2137 3467 2281 3522 dam.
2312 3467 2382 3524 Et
2403 3469 2735 3538 respondens
2779 3468 3075 3526 famerator
3126 3471 3204 3525 ait
3259 3473 3522 3542 compatri
3575 3488 3724 3529 suo:

2137 3559 2426 3630 Compater
2454 3561 2526 3616 sit
2548 3557 2690 3616 inter
2730 3577 2828 3616 nos
2868 3563 3133 3618 mediator
3169 3563 3312 3618 Deus
3357 3565 3724 3635 omnipotens,

2136 3653 2289 3722 cujus
2317 3651 2521 3724 elIigies
2567 3653 2658 3708 hic
2694 3653 2905 3725 depicta
2950 3662 3052 3719 est,
3095 3661 3151 3708 et
3197 3655 3298 3710 iste
3327 3664 3388 3710 ut
3436 3656 3726 3711 brachium

2137 3741 2434 3797 Salvatoris
2467 3740 2639 3801 fortis.
2667 3751 2723 3798 et
2767 3743 3026 3800 terribilis
3071 3744 3279 3814 ipsesit
3329 3744 3633 3815 ﬁdejussor,
3673 3756 3730 3802 et

2136 3829 2224 3884 isti
2249 3830 2355 3885 duo
2374 3831 2553 3901 magni
2582 3830 2856 3910 principes
2878 3833 3236 3903 apostolique,
3277 3833 3472 3889 Petrus
3513 3836 3726 3892 scilicet

2135 3929 2190 3976 et
2211 3921 2428 3988 Paulus,
2461 3931 2627 3978 testes
2673 3925 2782 3978 sint
2828 3925 2969 3979 inter
3010 3941 3097 3981 me
3137 3935 3193 3981 et
3239 3934 3312 3982 te.
3351 3926 3456 3982 Ista
3499 3927 3726 3984 dextera

2135 4027 2256 4081 qua:
2281 4011 2464 4066 eduxit
2492 4011 2629 4066 lilios
2654 4012 2819 4067 Israel
2849 4014 2914 4068 de
2947 4021 3089 4070 terra
3113 4013 3357 4086 Egypti,
3380 4023 3437 4070 et
3470 4015 3572 4070 hoc
3604 4017 3726 4071 bra-

2136 4102 2314 4157 chium
2343 4101 2482 4157 forte
2505 4103 2635 4158 mihi
2675 4104 2834 4159 hodie
2865 4105 3148 4176 ﬁdejussor
3179 4107 3384 4174 existit,
3430 4109 3557 4177 quia
3597 4109 3723 4164 ned-

2137 4192 2260 4246 dam
2288 4191 2382 4246 tibi
2411 4193 2694 4262 pecuniam
2725 4202 2892 4249 tuam.
2923 4195 3092 4267 Igitur
3114 4207 3428 4254 numeratos
3454 4215 3550 4255 ccc
3593 4201 3723 4255 soli-

2131 4280 2232 4344 dos
2269 4289 2564 4358 respiciens
2614 4289 2684 4344 ad
2739 4291 2944 4346 vultum
2995 4292 3291 4351 Salvatoris
3335 4296 3457 4350 ait:
3496 4297 3724 4352 Domine

2135 4379 2279 4437 Deus
2297 4369 2659 4452 omnipotens,
2691 4383 2745 4438 in
2775 4384 2907 4454 ipsis
2944 4385 3120 4441 verbis
3160 4401 3280 4455 quae
3327 4387 3492 4442 locuti
3531 4404 3722 4444 sumus

2136 4471 2263 4528 huic
2300 4475 2567 4544 compatri
2604 4489 2725 4530 meo
2752 4476 2820 4530 do
2848 4475 3049 4532 solidos
3077 4476 3240 4541 istos;
3278 4487 3333 4532 tu
3388 4479 3464 4533 sis
3507 4478 3722 4548 ﬁdeius-

2137 4578 2257 4629 sor;
2283 4578 2378 4634 per
2407 4572 2556 4619 tuum
2587 4574 2832 4621 sanctum
2861 4566 3143 4622 brachium
3196 4583 3290 4624 eos
3331 4569 3512 4634 trado,
3557 4578 3619 4624 ut
3647 4571 3720 4625 sis

2138 4655 2191 4710 in
2212 4657 2595 4711 constitutum:
2628 4656 2675 4710 si
2702 4657 2831 4711 mihi
2853 4671 2946 4712 eos
2988 4673 3094 4713 non
3125 4659 3442 4724 reddiderit,
3487 4668 3546 4714 tu
3587 4661 3717 4715 mihi

2137 4747 2322 4803 redde.
2363 4747 2570 4802 Placuit
2595 4747 2696 4814 illi,
2731 4749 2833 4803 hos
2889 4765 3171 4806 sermones
3208 4752 3383 4821 posito
3424 4753 3718 4808 constituto

2135 4837 2489 4893 ﬁrmaverunt
2525 4837 2667 4892 inter
2696 4853 2755 4893 se
2794 4837 3160 4907 ﬁdejussorem
3201 4839 3387 4910 forte]
3435 4840 3717 4896 brachium

2137 4928 2453 4992 Salvatoris,
2479 4935 2535 4982 et
2557 4937 2771 5000 recepta
2807 4931 3032 5000 pecunia
3088 4931 3360 5002 profectus
3407 4941 3493 4986 est
3533 4933 3715 4989 statim

2137 5019 2204 5072 ad
2235 5019 2637 5090 negotiandum,
2663 5027 2864 5074 etcum
2892 5022 3146 5093 cmpisset
3186 5022 3292 5076 huc
3342 5022 3579 5084 illucque
3619 5039 3715 5079 tie-

2137 5107 2362 5176 gotiare,
2396 5107 2603 5162 invenit
2623 5108 3002 5179 quadruplum,
3035 5111 3418 5181 ingressusque
3451 5123 3536 5167 est
3579 5113 3714 5167 Con-

2132 5186 2668 5270 vstantinopolitanam
2706 5202 2915 5267 urbem,
2952 5210 3008 5256 et
3037 5203 3224 5257 videns
3247 5202 3373 5271 quia
3397 5203 3714 5273 multiplica-

2133 5289 2292 5345 batur
2319 5291 2544 5361 pecunia
2579 5291 2632 5346 in
2665 5291 2917 5347 manibus
2960 5291 3095 5362 ejus,
3139 5293 3355 5349 nolebat
3401 5293 3710 5348 Ravennam

2134 5383 2350 5446 reverti,
2401 5391 2458 5438 et
2483 5398 2610 5438 ecce
2658 5391 2866 5453 tempus
2908 5384 3257 5440 constitutum
3312 5387 3610 5442 advenerat
3647 5385 3709 5440 ad

2138 5472 2468 5527 reddendum
2512 5472 2765 5543 pretium,
2825 5483 2879 5528 et
2919 5474 3029 5543 ipse
3071 5475 3291 5532 minime
3332 5479 3501 5532 venit.
3556 5475 3710 5532 Venit

2137 5655 2365 5727 peccato,
2402 5645 2566 5700 multo
2612 5647 2776 5718 magis
2809 5656 2985 5718 postea
3033 5647 3416 5716 sancti/iratum
3451 5665 3546 5718 per
3585 5644 3701 5719 Spi-

2137 5725 2294 5770 ritum
2315 5727 2556 5771 saucium
