3956 6190
225 340 302 397 εει
1277 333 1473 389 LIBER
1510 330 2004 389 ‘t‘ONTIFlCALlS.
2041 362 2110 371 .-
2148 330 2398 386 PARS'I.
3346 351 3446 409 θέε

205 461 378 508 autem
401 455 679 518 compater
706 445 815 510 ille,
852 447 946 516 qui
974 444 1366 510 keneraverat,
1412 445 1479 499 ad
1533 441 1765 513 efﬁgiem
1792 447 1845 504 Α
1868 442 2076 497 duobus
2095 443 2426 512 principibus
2453 444 2679 499 testibus
2718 446 2935 501 nostris.
2980 445 3165 503 Altera
3197 462 3327 504 vero
3363 451 3452 506 die

226 539 493 597 Salvatoris
518 539 705 594 dicens
728 555 741 591 :
763 537 988 601 Domine
1008 535 1172 601 Deus,
1196 546 1431 591 aeternus
1469 535 1578 606 jam
1632 549 1767 604 prte—
1865 532 2057 588 detulit
2076 534 2163 588 ille
2191 534 2402 589 debitor
2431 535 2853 607 quadringentos
2899 554 3115 595 aureos.
3155 540 3340 596 lerunt
3377 538 3448 598 a'd

227 629 483 687 teriitdics
509 627 806 692 constituti,
837 628 977 682 unde
1016 637 1072 681 tu
1111 627 1244 681 mihi
1293 625 1575 695 fideiussor
1621 624 1767 681 fuisti
1864 619 2063 685 locum.
2093 621 2182 676 “bi
2211 622 2325 690 ipse
2350 622 2631 687 ῖηυιυδνίῑν
2660 624 2825 680 “me
2850 625 3018 691 dum,
3039 636 3098 683 εί
3133 639 3450 686 numeratos

230 726 283 780 de
303 729 563 792 campane
592 734 733 785 meo,
763 719 924 790 vigila
955 735 1175 775 causam
1198 733 1400 783 meam,
1424 733 1491 773 nc
1512 718 1766 772 damnum
1864 711 2043 766 denuo
2071 711 2491 782 quadringentos
2516 711 2715 767 solidos
2738 706 2871 769 dixit
2906 715 3117 772 debitor
3143 719 3213 774 ad
3236 734 3453 790 compa-

231 815 444 877 habeam,
469 810 633 865 redde
665 810 797 865 mihi
838 809 1039 865 solidos
1083 823 1254 873 meos,
1299 822 1435 878 quos
1484 822 1582 877 per
1616 815 1766 861 tuum
1869 812 2009 857 trem
2036 801 2363 856 creditorem
2406 817 2602 856 suum:
2648 803 2792 858 Bene
2836 805 2967 863 mihi
3014 806 3209 873 fecisti,
3234 810 3358 880 quia
3383 811 3452 866 de

234 907 344 965 forte
366 903 643 959 brachium
670 900 808 957 dedi.
847 902 905 957 In
937 902 1053 972 ipsa
1082 912 1237 957 nocte
1258 904 1503 972 apparuit
1552 902 1626 957 illi
1677 902 1768 957 de—

1877 901 2184 962 paupertate
2230 909 2318 949 me
2364 894 2677 960 sublevasti,
2708 905 2763 950 et
2796 897 3072 954 benedixit
3112 903 3453 983 omnipotens

237 996 366 1051 bitori
388 995 442 1053 in
472 993 678 1048 somnis
706 993 880 1062 ipsum
916 991 1199 1049 brachium
1235 992 1532 1048 Salvatoris
1580 992 1768 1050 dicens
1865 980 2008 1039 Deus
2059 984 2327 1053 ηοεοιίιιω
2387 999 2565 1038 meum
2597 1024 2613 1049 9
2676 985 3102 1056 quadruplicavit
3147 980 3450 1059 pecuniam;

240 1088 289 1141 ,Α
310 1086 469 1139 “tum;
495 1085 663 1149 Vade,
691 1084 852 1138 redde
872 1086 1157 1153 pecuniam
1181 1085 1441 1153 compatri
1471 1091 1582 1148 ιυο,
1605 1096 1767 1152 quam
1867 1073 2016 1131 Tolle
2057 1075 2214 1129 modo
2241 1082 2507 1130 trecentos
2534 1076 2753 1143 solidos,
2777 1094 2912 1148 quos
2938 1080 3067 1135 mihi
3111 1084 3365 1139 mutuasti
3397 1084 3455 1139 in

239 1175 469 1244 accepisti,
496 1175 637 1229 unde
666 1174 762 1231 tibi
790 1189 888 1244 ego
910 1174 1193 1245 ﬁdejussor
1215 1190 1350 1237 sum,
1381 1175 1505 1245 quia
1530 1175 1769 1246 quotidie
1865 1176 2161 1236 conspectu
2206 1166 2508 1238 ﬁdeiussori
2549 1185 2689 1231 meo,
2735 1180 2790 1250 et
2833 1172 3042 1228 duobus
3086 1174 3312 1235 testibus
3352 1193 3450 1231 no»

240 1266 454 1322 molestus
470 1274 553 1321 est
578 1266 747 1331 mihi;
777 1266 918 1335 quod
958 1281 1081 1320 cum
1107 1282 1214 1323 non
1257 1266 1514 1331 venisset,
1561 1266 1658 1320 ivit
1680 1266 1768 1321 ille
1834 1280 1839 1287 '
1867 1258 2016 1323 stris.
2039 1267 2095 1315 ei
2128 1259 2346 1329 ἰηευρρτ
2372 1269 2589 1315 Oculum
2617 1261 2751 1317 θυοδ
2776 1263 2953 1318 δεῖνίο
2974 1265 3092 1330 tibi,
3132 1273 3190 1319 ιιι
3230 1266 3334 1321 Sim
3363 1267 3447 1321 ἰησ

237 1356 397 1410 etenim
424 1354 684 1428 [iterum]
710 1356 777 1425 ad
802 1357 973 1427 ipsam
1001 1355 1298 1411 Salvatoris
1323 1356 1574 1427 effigiem,
1600 1365 1655 1410 et
1682 1372 1769 1412 ea.
1868 1365 2087 1417 nocens,
2112 1366 2177 1406 eo
2205 1353 2346 1421 quod
2399 1352 2453 1407 in
2488 1354 2780 1409 consumto
2826 1355 2913 1410 die
2946 1365 3167 1424 paratus
3216 1374 3320 1412 non
3352 1357 3450 1424 fui,

239 1451 510 1522 Inmpniavit
532 1458 593 1505 ιιι
623 1467 801 1523 supra,
828 1451 895 1504 Ει
928 1452 1174 1521 apparuit
1195 1452 1247 1504 in
1288 1452 1401 1521 ipsa
1448 1459 1604 1505 nocte
1649 1465 1770 1505 san.
1865 1441 1950 1493 γυι
1980 1452 2037 1495 ιιι
2064 1442 2226 1497 etiam
2248 1459 2344 1513 pro
2371 1444 2582 1498 ΘΧΟΠῘΟ.
2611 1445 2679 1499 Ει
2716 1448 3045 1516 respondens
3074 1448 3160 1503 ille
3186 1451 3450 1520 compatri

237 1551 350 1597 ctum
382 1543 654 1598 brachium
684 1541 782 1606 illi,
804 1542 1141 1612 protestavit,
1194 1550 1252 1595 ut
1296 1557 1468 1612 nuper
1517 1542 1764 1597 audistis.
1867 1548 1964 1588 suo
1989 1533 2124 1587 dixit
2152 1552 2164 1587 :
2191 1534 2346 1590 Absit
2371 1537 2473 1591 hoc
2505 1546 2564 1592 ut
2591 1537 2718 1607 plus
2764 1540 3017 1609 recipiam
3056 1542 3158 1596 nisi
3187 1552 3449 1613 quantum

235 1635 427 1705 Contigit
450 1634 685 1705 quadam
715 1633 819 1699 die,
853 1633 1001 1688 venit
1022 1633 1110 1687 ille
1137 1632 1227 1702 qui
1266 1634 1495 1703 pretium
1525 1633 1764 1689 dederat.

1877 1623 2054 1677 tribui.
2084 1623 2201 1678 Non
2236 1627 2514 1694 permittat
2547 1628 2651 1682 hoc
2696 1627 2834 1683 forte
2870 1630 3171 1697 brachium,
3203 1634 3345 1702 quod
3373 1634 3454 1689 in-

233 1741 359 1781 voces
384 1725 762 1797 increpationis
787 1725 951 1796 ccepit
976 1726 1155 1780 dicere
1180 1726 1246 1779 ad
1269 1734 1510 1780 sanctam
1554 1724 1765 1780 Domini

1877 1723 1954 1768 ter
1981 1731 2068 1769 me
2104 1723 2160 1769 et
2183 1724 2235 1769 te
2263 1717 2526 1772 mediator
2547 1728 2651 1782 cst,
2680 1727 2739 1772 ut
2772 1734 2964 1774 usuras
2989 1721 3248 1790 accipiam
3279 1738 3451 1794 usque

233 1817 371 1871 nostri
394 1789 657 1888 efﬁgi-em;
683 1832 716 1871 o
737 1789 979 1881 Domine,
1005 1831 1171 1887 quare
1193 1804 1298 1870 non
1321 1816 1500 1871 reddis
1508 1814 1774 1883 justitiam
1801 1789 1850 1848 Β
1878 1808 1945 1862 ad
1967 1808 2251 1878 corrigiam
2279 1808 2649 1864 calceamenti.
2684 1811 2749 1865 Et
2774 1813 3103 1881 respondens
3133 1812 3220 1868 ille
3245 1814 3454 1871 debitor

236 1908 743 1977 meamypjdejussor
788 1924 940 1965 meus
986 1923 1066 1964 es,
1118 1907 1223 1963 pc,-
1266 1917 1415 1963 ιιωω
1463 1908 1604 1963 forte
1652 1910 1778 1964 bra-
1876 1896 2047 1952 dixit:
2091 1897 2224 1957 iuro
2249 1899 2344 1954 tibi
2383 1916 2481 1970 per
2504 1901 2606 1956 hoc
2647 1901 2925 1957 brachium
2959 1902 3118 1967 forte,
3150 1902 3227 1974 [et
3251 1906 3451 1961 verita-

235 2001 381 2055 Chium
412 2000 549 2065 dedi,
588 1999 830 2055 cmleslia
858 1999 1041 2070 τιθεῖς’.
1071 2007 1283 2054 terrena
1332 1999 1604 2065 model-as.
1639 1999 1776 2053 mar;
1877 1995 1985 2047 tem
2037 1988 2342 2063 manifesto]
2394 1992 2519 2061 quia
2565 1994 2833 2062 quomodo
2880 1995 3373 2067 multiplicabantur
3398 2000 3451 2055 in

234 2089 446 2159 imperas,
485 2098 541 2146 et
571 2107 737 2145 unum
778 2106 884 2147 non
919 2078 1167 2167 coarctas
1202 2088 1513 2145 hominem?
1541 2090 1618 2144 Tu
1644 2090 1777 2149 mihi

233 2179 388 2237 dedisti
442 2182 674 2252 pretium
740 2182 890 2247 illud,
939 2192 995 2237 ct
1044 2183 1090 2237 si
1154 2181 1338 2237 tollere
1392 2182 1495 2246 vis,
1548 2184 1668 2251 quis
1726 2194 1777 2238 te

232 2274 483 2342 prohibet?
544 2275 749 2340 Nullus,
795 2276 919 2346 quia
974 2277 1154 2330 omnia
1213 2283 1316 2329 tute
1362 2273 1638 2343 subiacent
1681 2290 1778 2344 po-

237 2366 400 2420 testati.
450 2366 506 2423 Si
571 2376 818 2423 terrenus
850 2367 1009 2422 homo
1050 2368 1182 2423 mihi
1234 2367 1516 2439 ﬁdejussor
1566 2368 1773 2436 fuisset,

233 2458 483 2529 coegissem
514 2456 660 2515 eum
711 2473 807 2528 per
844 2454 1105 2526 iudicem,
1152 2466 1247 2512 aut
1293 2457 1476 2515 Civem
1522 2458 1776 2517 Fecicum

234 2544 304 2616 {ei
318 2549 412 2603 vim
442 2549 688 2605 fecissem
707 2547 728 2620 ]
750 2557 844 2602 aut
868 2548 966 2613 sic,
985 2556 1075 2602 aut
1098 2548 1177 2604 sic
1200 2550 1521 2620 recepissem
1543 2551 1774 2621 pretium

233 2656 398 2696 meum.
432 2642 511 2697 Tu
542 2642 636 2712 qui
663 2640 787 2697 coeli
812 2650 869 2696 et
893 2650 1051 2695 terra:
1079 2640 1337 2697 Dominus
1364 2658 1442 2708 es,
1472 2641 1775 2711 nisijusse-

234 2728 295 2784 ris
311 2732 536 2798 reddere,
554 2729 692 2802 ’quid
719 2729 949 2785 faciam?
971 2731 1185 2801 quando
1208 2731 1329 2787 coeli
1353 2742 1480 2788 ante
1512 2742 1563 2789 te
1587 2736 1772 2790 mundi

233 2837 317 2878 non
341 2834 472 2889 sunt,
500 2834 558 2880 et
586 2824 687 2889 sol,
711 2834 765 2879 et
788 2824 910 2879 luna
953 2841 1058 2881 non
1099 2826 1399 2896 Splendent,
1430 2838 1484 2883 et
1512 2830 1689 2900 angeli
1717 2840 1775 2885 et

1876 2079 2010 2135 meis
2037 2081 2283 2136 manibus
2312 2083 2571 2152 pecuniae,
2618 2084 2853 2141 uisi'hoc
2879 2086 3156 2143 brachium
3186 2089 3451 2159 coegisset

1876 2187 1964 2227 me
1990 2174 2164 2228 tribus
2185 2174 2412 2240 vicibus,
2445 2190 2550 2230 non
2574 2176 2675 2231 hoc
2709 2193 2850 2233 anno
2873 2177 3185 2233 Ravennam
3212 2195 3450 2237 remeas-

1876 2279 2007 2355 sekm,
2039 2265 2133 2321 sed
2165 2266 2270 2323 illis
2297 2269 2567 2335 noctibus,
2597 2278 2650 2324 et
2675 2270 2778 2326 illis
2799 2286 2919 2341 quas
2943 2272 3236 2329 succedunt
3263 2275 3453 2332 diebus

1875 2357 2128 2413 veniebat
2157 2359 2224 2414 ad
2252 2375 2339 2416 me
2379 2361 2435 2441 in
2474 2363 2697 2429 somnis,
2745 2371 2800 2420 et
2844 2367 3178 2435 protestabat
3224 2367 3447 2423 dicens:

1875 2444 2044 2511 Vade,
2074 2448 2237 2504 redde
2264 2450 2519 2507 creditori
2573 2460 2663 2507 tuo
2714 2454 2995 2524 pecuniam
3049 2472 3211 2526 quam
3263 2458 3450 2523 tulisti,

1875 2536 1998 2605 quia
2021 2536 2276 2594 molestus
2292 2549 2374 2595 est
2410 2541 2543 2596 mihi
2570 2550 2845 2612 eontpater
2874 2553 3017 2611 tuus,
3058 2560 3143 2600 me
3172 2546 3455 2619 fidejussor

1874 2637 1998 2686 tuus
2043 2630 2201 2687 hodie
2230 2632 2564 2704 inquietavit.
2607 2634 2697 2690 Sic
2738 2638 3037 2693 ammonuit
3063 2654 3150 2694 me
3179 2653 3274 2708 per
3314 2640 3453 2696 duas

1871 2723 2035 2781 vices.
2060 2723 2260 2781 Mensis
2286 2741 2416 2782 vero
2444 2728 2599 2783 istius
2621 2729 2706 2784 die
2729 2730 2958 2799 quadam
2983 2731 3131 2787 venit
3156 2732 3223 2786 ad
3245 2747 3332 2787 me
3358 2749 3451 2787 no—

1872 2824 1959 2871 cte
1980 2816 2084 2872 ista
2109 2828 2299 2874 sancta
2344 2820 2552 2874 Domini
2582 2823 2752 2877 nostri
2791 2822 3009 2894 eﬂigies,
3055 2824 3328 2895 coepitque
3368 2827 3451 2880 in-

230 2914 501 2986 archangeli
546 2925 802 2981 tremunt,
854 2924 909 2972 et
937 2926 1080 2971 terra
1120 2916 1386 2986 liquescit,
1431 2927 1642 2976 montes
1681 2922 1773 2977 de-
1870 2922 2093 2978 θτερθτθ
2130 2908 2347 2965 dicem:
2404 2910 2582 2978 Quare
2608 2928 2713 2967 ηοη
2762 2915 2993 2971 “Verus
3041 2916 3266 2972 reddere
3289 2932 3452 2988 νεω-

231 3002 669 3071 lluunt,elcmenta
696 3007 875 3062 omnia
902 3006 1175 3072 deficiunt,
1201 3022 1302 3078 ego
1330 3008 1422 3078 qui
1445 3024 1562 3065 sum
1588 3018 1648 3065 ut
1672 3011 1769 3066 tibi

1877 3000 2018 3054 niam
2045 3002 2323 3069 creditori,
2353 3010 2552 3074 tuoque
2580 3006 2864 3075 compatri,
2893 3022 3051 3076 quam
3075 3022 3172 3078 per
3198 3009 3303 3064 hoc
3328 3009 3452 3064 bra-

230 3095 421 3152 audeam
451 3096 636 3167 loqui?
657 3097 886 3153 Tantum
928 3097 1295 3174 misericordia
1342 3108 1439 3156 tua
1484 3116 1647 3171 super
1680 3117 1767 3157 me
1793 3139 1837 3199 C
1868 3090 2050 3199 chiutn
2097 3106 2277 3147 meum
2300 3094 2631 3177 Spopondisti
2660 3096 2900 3152 reddere.
2950 3095 3096 3153 Satis
3120 3098 3251 3155 mihi
3291 3099 3453 3156 hodie

227 3184 302 3250 sit,
332 3195 385 3241 e1
414 3202 632 3243 causam
658 3202 832 3243 meam
853 3186 1097 3253 defende,
1135 3195 1192 3244 et
1229 3189 1415 3255 redde,
1469 3191 1595 3260 quia
1638 3206 1765 3247 ecce
1794 3180 1837 3201 ’³
1869 3180 2031 3237 homo
2054 3182 2142 3239 ille
2163 3183 2419 3242 molestus
2441 3185 2561 3254 fuit,
2598 3198 2651 3243 et
2686 3189 2917 3260 ploravit
2943 3206 3126 3247 coram
3163 3209 3269 3260 me,
3297 3195 3449 3253 insu-

224 3278 315 3335 duo
335 3288 493 3337 testes
516 3279 678 3335 ambo
703 3280 771 3334 ad
793 3289 846 3336 ιθ
880 3279 1110 3349 apostoli
1129 3279 1304 3335 electi.
1344 3279 1403 3334 In
1429 3294 1614 3337 eorum
1639 3297 1769 3353 pm-
1869 3289 1966 3345 per
1993 3274 2132 3347 dixit
2162 3277 2297 3332 mihi
2323 3279 2449 3349 quia
2469 3279 2515 3334 si
2552 3287 2823 3336 terrenum
2863 3283 3138 3339 hominem
3168 3283 3450 3357 ﬁdeiusso-

223 3372 516 3427 senttamihi
553 3369 837 3440 ﬁdejussor
860 3369 1075 3443 [tuum]
1110 3369 1248 3426 forte
1274 3371 1555 3429 brachium
1598 3373 1767 3430 exsti-
1871 3379 1985 3419 rem
2023 3364 2356 3426 habuissem.
2395 3367 2509 3437 jam
2557 3370 2883 3427 restituisset
2927 3373 3080 3443 mihi,
3110 3373 3283 3447 Surge
3310 3375 3451 3433 celeo

224 3459 295 3525 tit,
314 3472 364 3517 et
379 3465 423 3527 si
444 3462 604 3518 aliter
631 3462 753 3518 dico
786 3461 890 3531 ipsi
933 3462 1296 3516 testimonium
1352 3463 1594 3528 reddam,
1642 3465 1771 3534 quia
1871 3455 2029 3521 riter,
2058 3457 2214 3524 vade,
2256 3457 2440 3524 redde,
2471 3460 2596 3530 quia
2640 3462 2773 3517 alias
2801 3462 3212 3521 lamentationes
3236 3483 3341 3522 non
3365 3485 3461 3524 su-

225 3546 456 3608 verissimi
484 3561 631 3620 sunt,
663 3560 719 3607 et
740 3552 947 3623 linguas
967 3565 1153 3606 eorum
1179 3551 1356 3608 claves
1399 3553 1521 3607 cteli
1571 3553 1768 3610 fecisti.
1872 3548 2046 3604 stineo
2072 3567 2085 3603 :
2109 3550 2258 3606 durze
2304 3551 2439 3605 mihi
2463 3562 2608 3620 sunt,
2653 3569 2720 3608 ne
2764 3555 2899 3621 forte
2923 3571 3020 3625 per
3058 3560 3312 3615 duritiam
3343 3562 3452 3617 hla-

224 3642 282 3698 Et
302 3645 378 3701 bis
400 3647 560 3703 dictis
596 3645 859 3717 ingemuit
896 3652 951 3701 et
978 3645 1220 3701 recessit.
1263 3644 1321 3701 ln
1378 3645 1493 3714 ipsa
1542 3646 1775 3716 denique
1872 3636 2137 3707 ερὶιθωθι,
2160 3646 2216 3693 ει
2242 3654 2349 3694 non
2377 3640 2548 3695 solum
2578 3657 2677 3712 pro
2719 3645 2965 3712 pecunia,
2994 3648 3087 3701 sed
3131 3664 3228 3718 pro
3256 3664 3321 3705 eo
3357 3667 3446 3706 ra-

222 3745 358 3792 nocte
376 3738 624 3809 apparuit
641 3738 708 3792 ad
730 3737 906 3806 ipsum
930 3744 1263 3807 compatrem
1291 3750 1447 3791 suum
1474 3737 1773 3794 debitorem
1873 3728 2072 3783 tionem
2105 3730 2315 3785 reddas.
2344 3730 2459 3788 Non
2490 3734 2741 3799 moreris,
2774 3736 2867 3791 sed
2904 3753 3083 3808 surge,
3109 3740 3264 3794 vade.
3295 3740 3449 3798 Scias

222 3823 490 3882 Salvatoris
516 3827 689 3882 nostri
716 3826 922 3897 effigies
965 3827 1021 3882 in
1060 3826 1262 3882 somnis
1300 3828 1483 3884 dicens
1515 3847 1528 3883 :
1569 3827 1773 3885 Rever-

1877 3818 1918 3872 si
1947 3819 2264 3884 tardaveris,
2289 3835 2387 3891 ego
2410 3821 2548 3877 dabo
2573 3822 2771 3879 solidos
2790 3825 2857 3880 de
2894 3828 3276 3899 gazophylacio
3302 3845 3444 3895 meo,

221 3922 321 3969 tere
344 3917 496 3972 citius
520 3916 857 3979 Ravennam,
881 3924 937 3970 et
960 3916 1121 3971 redde
1147 3917 1346 3973 solidos
1368 3919 1630 3989 compatri
1659 3928 1770 3986 tuo,

1877 3917 1929 3964 et
1953 3919 2008 3965 tu
2035 3911 2124 3966 hic
2157 3921 2240 3967 sta
2282 3911 2454 3968 forma
2488 3916 2667 3970 omnia
2711 3919 2923 3987 perdes,
2979 3921 3198 3992 insuper
3232 3927 3444 3996 corpori

222 4004 349 4058 unde
374 4006 470 4061 hoc
490 4020 669 4061 meum
691 4005 973 4063 brachium
992 4004 1274 4075 ﬁdeiussor
1291 4008 1516 4073 exstitit,
1537 4009 1662 4078 quia
1691 4010 1777 4064 in-
1873 4008 1969 4093 illo
1996 4016 2188 4066 noxam
2213 4004 2441 4058 tradam-
2470 4005 2588 4059 Alia
2608 4004 2739 4062 vero
2758 4009 2844 4064 die
2868 4013 3117 4069 cumbum
3147 4014 3441 4093 [cumbam]

220 4096 439 4163 amvi;
455 4111 565 4163 me,
594 4104 651 4150 et
671 4095 1027 4166 calumpniam
1054 4096 1219 4165 ipsius
1238 4096 1504 4153 sustinere
1529 4113 1635 4152 non
1654 4112 1777 4166 pos-
1874 4091 2149 4165 ingressus
2174 4093 2419 4163 propitiis
2447 4096 2618 4151 ventis
2658 4102 2939 4168 properavi
2980 4104 3046 4158 ad
3084 4106 3242 4163 istam
3269 4091 3449 4166 serva-

221 4200 347 4248 sum,
381 4195 433 4241 ει
462 4187 604 4242 scias
636 4186 683 4242 gi
709 4186 869 4242 cuius
892 4202 1001 4241 non
1044 4186 1193 4251 ieris,
1223 4195 1278 4241 οι
1320 4186 1410 4242 ωε,
1451 4186 1628 4260 [mihi]
1656 4187 1777 4259 plus
1877 4187 1986 4233 tam
2010 4195 2041 4234 a
2074 4181 2486 4243 Dcocivitatem
2535 4185 2803 4243 Ravenna:
2851 4193 3074 4249 reddere
3123 4197 3218 4253 tibi
3245 4202 3446 4266 omnia,

223 4276 590 4343 molestaverit,
644 4276 839 4348 perdes
868 4276 957 4332 hic
1004 4277 1183 4332 omnia
1231 4292 1351 4348 quae
1398 4278 1698 4348 adquisisti,
1721 4291 1779 4336 et
1876 4272 2017 4327 Sicut
2042 4283 2098 4327 et
2120 4272 2244 4339 feci.
2282 4285 2342 4329 et
2374 4292 2516 4332 nunc
2541 4293 2724 4346 posco,
2756 4290 2813 4336 ut
2866 4283 3020 4340 tollas
3049 4298 3261 4344 centum
3309 4291 3445 4350 istos

220 4383 402 4437 corpus
420 4380 565 4427 tuum
596 4369 819 4441 ﬂagellis
846 4370 1079 4434 tradam,
1121 4377 1176 4423 et
1199 4371 1308 4425 eris
1338 4370 1393 4425 in
1430 4370 1779 4427 tribulatione

1877 4376 2088 4430 aureos,
2118 4365 2242 4435 quia
2268 4365 2429 4421 fefelli
2457 4368 2569 4435 tibi,
2613 4380 2670 4425 ut
2704 4387 2810 4426 non
2856 4373 3033 4445 aliqua
3075 4380 3264 4435 nociva
3310 4384 3446 4440 mihi

221 4460 438 4517 maxima
488 4461 739 4517 omnibus
780 4460 968 4517 diebus
1013 4460 1138 4516 vita:
1182 4468 1307 4526 tum,
1355 4469 1409 4515 et
1436 4462 1508 4516 ibi
1540 4461 1774 4517 deﬁcies,
1802 4480 1855 4542 Β
1879 4470 2039 4511 causa
2071 4466 2315 4512 teneatur
2342 4460 2584 4515 astricta.
2614 4461 2710 4517 Cui
2756 4463 2891 4521 alter
2916 4470 3245 4539 respondens
3271 4473 3442 4529 dixit:

222 4548 326 4621 Ego
356 4567 478 4609 vero
502 4554 570 4609 de
597 4553 733 4609 meis
777 4553 1042 4609 thesauris
1091 4553 1254 4608 reddo
1309 4553 1508 4609 solidos
1556 4555 1773 4624 duplum

222 4645 467 4713 conipatri
495 4656 605 4702 tuo.
654 4644 803 4700 Tunc
845 4658 1070 4715 surgens
1117 4644 1348 4700 diluculo
1376 4644 1685 4716 negotiavit,
1715 4654 1777 4700 ut

224 4737 401 4801 potuit,
425 4738 533 4808 ipsa
560 4737 649 4792 die
660 4752 855 4805 navem
876 4736 1136 4800 ascendit,
1175 4745 1228 4791 et
1264 4735 1571 4793 Ravennam
1600 4755 1779 4794 rever-

228 4841 311 4881 sus
329 4837 427 4883 est.
456 4830 569 4897 Quo
596 4828 778 4884 audito
820 4836 1093 4897 compater
1132 4828 1267 4898 ejus,
1295 4830 1384 4898 qui
1432 4830 1660 4901 pretium
1690 4831 1779 4885 de-

230 4919 384 4987 derat,
410 4924 599 4994 gaudio
636 4922 824 4992 plenus
871 4921 967 4976 ivit
1010 4923 1079 4976 ad
1108 4923 1322 4976 domum
1349 4922 1489 4992 ejus,
1529 4922 1684 4992 quasi
1708 4923 1776 4976 ad

231 5010 533 5068 Visitandum
556 5027 703 5068 eum.
730 5013 871 5066 Inter
894 5022 1086 5066 cratera
1110 5013 1275 5067 verba
1311 5013 1475 5083 cmpit
1511 5014 1776 5069 sciscitari

235 5099 293 5153 ab
318 5114 380 5155 eo
401 5102 466 5157 de
495 5101 723 5173 pecunia
746 5108 1007 5155 mutuata.
1047 5099 1144 5154 Cui
1186 5100 1274 5153 ille
1302 5103 1594 5170 respondit,
1620 5117 1780 5158 omne

1877 4546 2055 4603 Juravi
2092 4548 2185 4603 tibi
2215 4563 2310 4620 per
2328 4549 2609 4607 Dominum
2633 4562 2688 4609 et
2706 4568 2805 4625 per
2830 4558 2932 4613 hoc
2962 4559 3241 4618 brachium
3284 4564 3447 4634 forte,

1879 4641 2020 4711 quod
2068 4642 2282 4697 reduxit
2323 4652 2375 4697 te
2400 4643 2527 4709 huc,
2556 4646 2681 4716 quia
2729 4663 2836 4703 non
2885 4651 3145 4720 accipiam
3188 4671 3357 4726 usque
3379 4660 3448 4715 ad

1879 4734 2134 4804 pugillum
2162 4735 2417 4806 pulveris,
2447 4738 2549 4792 nisi
2586 4740 2697 4795 sola
2732 4748 2820 4796 tua
2856 4743 3092 4809 dilectio,
3134 4761 3293 4815 quam
3321 4766 3448 4819 quo.

1882 4825 2010 4880 tidic
2035 4834 2208 4882 teneo.
2236 4828 2303 4882 Et
2327 4838 2387 4883 ut
2424 4831 2564 4885 scias
2600 4833 2666 4886 ad
2702 4834 2803 4887 ista
2827 4842 2917 4888 tua
2957 4835 3192 4906 eloquia,
3217 4840 3357 4895 sicut
3388 4852 3444 4896 tu

1881 4915 2036 4980 dicis,
2067 4917 2281 4985 quando
2323 4918 2378 4972 in
2424 4929 2584 4974 nocte
2636 4921 2990 4991 compellabat
3033 4926 3137 4980 hoc
3166 4928 3446 4984 brachium

1872 5005 1938 5060 de
1966 5021 2052 5060 me
2074 5005 2238 5079 [mea]
2270 5006 2504 5076 justitia,
2546 5024 2644 5080 ego
2675 5010 3077 5080 interpellabam
3110 5033 3275 5086 super
3299 5026 3370 5082 te,
3392 5029 3449 5074 et

1874 5096 2189 5152 benedictus
2239 5098 2539 5168 Deus,,qui
2590 5109 2643 5154 te
2670 5101 2872 5155 salvum
2908 5112 2964 5156 et
3013 5105 3334 5161 incolumem
3363 5125 3450 5163 re-

237 5190 484 5259 negotium
512 5207 668 5247 suum
706 5205 827 5246 esse
864 5188 1180 5258 perfectum,
1226 5196 1280 5243 et
1318 5189 1517 5245 solidos
1550 5192 1785 5259 quadru-
1878 5189 2032 5245 duxit
2073 5190 2140 5244 ad
2181 5191 2399 5260 propria
2431 5199 2539 5244 tua.
2573 5190 2639 5245 Et
2668 5207 2808 5248 nunc
2855 5195 3110 5249 innocens
3137 5196 3212 5251 sis
3251 5197 3317 5251 de
3345 5198 3444 5254 hac

237 5278 460 5344 plicatos.
496 5281 567 5337 At
593 5282 828 5338 creditor
863 5281 997 5335 dixit
1029 5280 1287 5348 compatri
1316 5295 1449 5335 suo:
1499 5278 1558 5336 Si
1584 5282 1783 5355 itaest,

238 5370 527 5429 benedictus
563 5374 727 5438 Deus,
750 5373 914 5427 redde
959 5370 1089 5426 mihi
1134 5370 1330 5425 solidos
1374 5386 1542 5427 meos.
1594 5371 1775 5429 Atille

240 5466 544 5533 respondens
572 5465 709 5521 dixit
751 5465 838 5519 ei:
887 5463 1175 5518 Gratanter
1201 5459 1415 5525 faciam,
1461 5477 1567 5516 non
1603 5461 1774 5528 hodie,

242 5556 347 5623 quia
364 5573 484 5613 sero
530 5565 633 5613 est.
682 5554 814 5612 Cras
854 5572 1010 5612 mane
1036 5570 1222 5610 eamus
1260 5564 1385 5610 ante
1414 5555 1778 5625 ﬁdejussorem

242 5662 421 5718 metm,
445 5651 499 5706 id
544 5659 647 5717 est,
680 5649 957 5704 brachium
984 5648 1141 5713 forte,
1188 5649 1328 5719 quod
1376 5662 1461 5703 me
1486 5648 1641 5703 valde
1663 5644 1779 5702 istis

245 5739 412 5803 diebus
459 5744 688 5816 impulit.
738 5742 814 5799 ibi
865 5743 957 5798 tibi
1006 5744 1243 5810 reddam,
1298 5751 1353 5798 et
1388 5724 1458 5798 in.
1494 5751 1776 5811 conspertu

620 5838 893 5899 Parcet.
937 5835 1091 5899 CVI.

1882 5298 2045 5337 causa
2070 5283 2122 5337 in
2150 5290 2437 5351 conspectu
2464 5281 2557 5337 Dei
2602 5285 2787 5338 aeterni
2826 5293 2882 5340 et
2912 5300 2942 5339 a
2970 5300 3076 5352 me,
3125 5298 3178 5341 et
3204 5298 3442 5344 nostram

1882 5375 2198 5431 charitatcm
2251 5374 2530 5443 permittat
2576 5375 2688 5444 ipse
2738 5378 3077 5448 omnipotens
3125 5380 3281 5441 Deus.
3316 5396 3444 5450 qud

1882 5465 2040 5519 modo
2075 5465 2164 5520 hic
2191 5463 2402 5518 ﬁrmata
2422 5473 2530 5529 est,
2554 5466 2632 5520 sic
2666 5476 2976 5536 permaneat
3016 5483 3184 5539 usque
3212 5469 3266 5525 in
3294 5479 3439 5525 artet-

1880 5543 2029 5611 num.
2058 5555 2362 5619 Videamus,
2389 5565 2445 5610 et
2468 5566 2624 5612 caute
2667 5573 2905 5629 agamus,
2937 5566 2998 5613 ut
3034 5574 3139 5614 non
3181 5576 3280 5616 nos
3306 5578 3444 5618 unus

1878 5650 2103 5704 alterum
2128 5648 2454 5715 fraudemur,
2487 5650 2610 5720 quia
2640 5650 2741 5706 hoc
2780 5651 3057 5706 brachium
3088 5651 3226 5708 forte
3247 5655 3445 5710 media—

1882 5750 2053 5795 torem
2099 5741 2240 5795 inter
2286 5756 2383 5797 uos
2425 5743 2816 5798 constituimus.
2849 5741 2915 5797 Et
2960 5743 3063 5807 hoc
3103 5745 3285 5802 dicens
3331 5760 3443 5816 pra:

2936 5842 3007 5901 17
