  <div class='ocr_page' id='page_1' title='image "/cluster/home/n/w/nwhite01/storage/ocr_20150623/106/hvd.32044054759717/268.png"; bbox 0 0 3956 6190; ppageno 0'>
   <div class='ocr_carea' id='block_1_1' title="bbox 178 314 267 370">
    <p class='ocr_par' dir='ltr' id='par_1_1' title="bbox 178 314 267 370">
     <span class='ocr_line' id='line_1_1' title="bbox 178 314 267 370; baseline 0 -1"><span class='ocrx_word' id='word_1_1' title='bbox 178 314 267 370; x_wconf 68' lang='grc' dir='ltr'><strong>5ἳ5</strong></span> 
     </span>
    </p>
   </div>
   <div class='ocr_carea' id='block_1_2' title="bbox 1202 311 2320 395">
    <p class='ocr_par' dir='ltr' id='par_1_2' title="bbox 1202 311 2320 395">
     <span class='ocr_line' id='line_1_2' title="bbox 1202 311 2320 395; baseline -0.003 -23"><span class='ocrx_word' id='word_1_2' title='bbox 1202 314 1401 372; x_wconf 74' lang='lat' dir='ltr'><strong>LIBER</strong></span> <span class='ocrx_word' id='word_1_3' title='bbox 1438 311 1928 395; x_wconf 77' lang='lat' dir='ltr'><strong>PONTIFICALIS.</strong></span> <span class='ocrx_word' id='word_1_4' title='bbox 1967 344 2035 353; x_wconf 91' lang='lat'>—</span> <span class='ocrx_word' id='word_1_5' title='bbox 2070 313 2250 369; x_wconf 83' lang='lat' dir='ltr'><strong>PARS</strong></span> <span class='ocrx_word' id='word_1_6' title='bbox 2282 315 2320 369; x_wconf 82' lang='grc' dir='ltr'><strong>Ι.</strong></span> 
     </span>
    </p>
   </div>
   <div class='ocr_carea' id='block_1_3' title="bbox 1156 593 2336 677">
    <p class='ocr_par' dir='ltr' id='par_1_3' title="bbox 1156 593 2336 677">
     <span class='ocr_line' id='line_1_3' title="bbox 1156 593 2336 677; baseline -0.003 -1"><span class='ocrx_word' id='word_1_7' title='bbox 1156 598 1405 677; x_wconf 85' lang='lat' dir='ltr'><strong>VlTA</strong></span> <span class='ocrx_word' id='word_1_8' title='bbox 1475 597 1553 673; x_wconf 92' lang='lat' dir='ltr'><strong>S.</strong></span> <span class='ocrx_word' id='word_1_9' title='bbox 1617 593 2336 672; x_wconf 84' lang='lat' dir='ltr'><strong>EXUPERANTII.</strong></span> 
     </span>
    </p>
   </div>
   <div class='ocr_carea' id='block_1_4' title="bbox 656 840 1204 898">
    <p class='ocr_par' dir='ltr' id='par_1_4' title="bbox 656 840 1204 898">
     <span class='ocr_line' id='line_1_4' title="bbox 656 840 1204 898; baseline 0 -1"><span class='ocrx_word' id='word_1_10' title='bbox 656 840 880 898; x_wconf 83' lang='lat' dir='ltr'><strong>CAPUT</strong></span> <span class='ocrx_word' id='word_1_11' title='bbox 916 841 1204 898; x_wconf 78' lang='lat' dir='ltr'><strong>PRIMUM.</strong></span> 
     </span>
    </p>
   </div>
   <div class='ocr_carea' id='block_1_5' title="bbox 180 934 1719 1007">
    <p class='ocr_par' dir='ltr' id='par_1_5' title="bbox 180 934 1719 1007">
     <span class='ocr_line' id='line_1_5' title="bbox 180 934 1719 1007; baseline -0.002 -13"><span class='ocrx_word' id='word_1_12' title='bbox 180 938 382 994; x_wconf 65' lang='lat' dir='ltr'><strong>Ecclesia</strong></span> <span class='ocrx_word' id='word_1_13' title='bbox 436 936 501 990; x_wconf 86' lang='grc' dir='ltr'><strong>Β.</strong></span> <span class='ocrx_word' id='word_1_14' title='bbox 550 936 759 1007; x_wconf 83' lang='lat' dir='ltr'><strong>Agnetis</strong></span> <span class='ocrx_word' id='word_1_15' title='bbox 791 936 1072 1007; x_wconf 60' lang='lat' dir='ltr'><strong>(etii/itala.</strong></span> <span class='ocrx_word' id='word_1_16' title='bbox 1114 934 1310 991; x_wconf 83' lang='lat' dir='ltr'><strong>Civitas</strong></span> <span class='ocrx_word' id='word_1_17' title='bbox 1358 937 1615 1007; x_wconf 82' lang='lat' dir='ltr'><strong>Argenlea</strong></span> <span class='ocrx_word' id='word_1_18' title='bbox 1662 938 1719 991; x_wconf 83' lang='lat' dir='ltr'><strong>in</strong></span> 
     </span>
    </p>
   </div>
   <div class='ocr_carea' id='block_1_6' title="bbox 228 1004 1718 1079">
    <p class='ocr_par' dir='ltr' id='par_1_6' title="bbox 228 1004 1718 1079">
     <span class='ocr_line' id='line_1_6' title="bbox 228 1004 1718 1079; baseline -0.001 -16"><span class='ocrx_word' id='word_1_19' title='bbox 228 1025 455 1079; x_wconf 77' lang='lat' dir='ltr'><strong>processu</strong></span> <span class='ocrx_word' id='word_1_20' title='bbox 486 1004 806 1079; x_wconf 49' lang='lat' dir='ltr'><strong>construciai</strong></span> <span class='ocrx_word' id='word_1_21' title='bbox 836 1004 991 1079; x_wconf 73' lang='lat' dir='ltr'><strong>Felix</strong></span> <span class='ocrx_word' id='word_1_22' title='bbox 1014 1007 1267 1079; x_wconf 67' lang='lat' dir='ltr'><strong>patricius</strong></span> <span class='ocrx_word' id='word_1_23' title='bbox 1303 1004 1577 1061; x_wconf 73' lang='lat' dir='ltr'><strong>occiditur.</strong></span> <span class='ocrx_word' id='word_1_24' title='bbox 1603 1007 1718 1061; x_wconf 82' lang='lat' dir='ltr'><strong>Eu-</strong></span> 
     </span>
    </p>
   </div>
   <div class='ocr_carea' id='block_1_7' title="bbox 227 1075 1291 1145">
    <p class='ocr_par' dir='ltr' id='par_1_7' title="bbox 227 1075 1291 1145">
     <span class='ocr_line' id='line_1_7' title="bbox 227 1075 1291 1145; baseline -0.003 -12"><span class='ocrx_word' id='word_1_25' title='bbox 227 1075 384 1133; x_wconf 68' lang='lat' dir='ltr'><strong>doxiw</strong></span> <span class='ocrx_word' id='word_1_26' title='bbox 415 1079 686 1132; x_wconf 70' lang='lat' dir='ltr'><strong>adcentus.</strong></span> <span class='ocrx_word' id='word_1_27' title='bbox 719 1075 951 1129; x_wconf 80' lang='lat' dir='ltr'><strong>Tricolos</strong></span> <span class='ocrx_word' id='word_1_28' title='bbox 977 1076 1291 1145; x_wconf 68' lang='lat' dir='ltr'><strong>aediﬁcatur.</strong></span> 
     </span>
    </p>
   </div>
   <div class='ocr_carea' id='block_1_8' title="bbox 228 1185 1716 1257">
    <p class='ocr_par' dir='ltr' id='par_1_8' title="bbox 228 1185 1716 1257">
     <span class='ocr_line' id='line_1_8' title="bbox 228 1185 1716 1257; baseline -0.001 -15"><span class='ocrx_word' id='word_1_29' title='bbox 228 1186 614 1257; x_wconf 72' lang='lat' dir='ltr'><strong>Exuperantius</strong></span> <span class='ocrx_word' id='word_1_30' title='bbox 633 1185 775 1249; x_wconf 77' lang='lat' dir='ltr'><strong>XIX,</strong></span> <span class='ocrx_word' id='word_1_31' title='bbox 805 1185 888 1239; x_wconf 91' lang='lat' dir='ltr'><strong>vir</strong></span> <span class='ocrx_word' id='word_1_32' title='bbox 915 1186 1250 1255; x_wconf 65' lang='lat' dir='ltr'><strong>grandaevus,</strong></span> <span class='ocrx_word' id='word_1_33' title='bbox 1273 1186 1491 1241; x_wconf 83' lang='lat' dir='ltr'><strong>humilis</strong></span> <span class='ocrx_word' id='word_1_34' title='bbox 1519 1196 1574 1241; x_wconf 91' lang='lat' dir='ltr'><strong>et</strong></span> <span class='ocrx_word' id='word_1_35' title='bbox 1615 1187 1716 1240; x_wconf 83' lang='lat' dir='ltr'><strong>mi-</strong></span> 
     </span>
    </p>
   </div>
   <div class='ocr_carea' id='block_1_9' title="bbox 171 1277 1722 1351">
    <p class='ocr_par' dir='ltr' id='par_1_9' title="bbox 171 1277 1722 1351">
     <span class='ocr_line' id='line_1_9' title="bbox 171 1277 1722 1351; baseline 0 -17"><span class='ocrx_word' id='word_1_36' title='bbox 171 1282 243 1347; x_wconf 86' lang='lat' dir='ltr'><strong>tis,</strong></span> <span class='ocrx_word' id='word_1_37' title='bbox 300 1280 540 1351; x_wconf 87' lang='lat' dir='ltr'><strong>prudens</strong></span> <span class='ocrx_word' id='word_1_38' title='bbox 574 1279 628 1332; x_wconf 91' lang='lat' dir='ltr'><strong>in</strong></span> <span class='ocrx_word' id='word_1_39' title='bbox 657 1277 906 1347; x_wconf 83' lang='lat' dir='ltr'><strong>operibus</strong></span> <span class='ocrx_word' id='word_1_40' title='bbox 950 1277 1125 1333; x_wconf 85' lang='lat' dir='ltr'><strong>bonis.</strong></span> <span class='ocrx_word' id='word_1_41' title='bbox 1167 1278 1317 1345; x_wconf 86' lang='lat' dir='ltr'><strong>Quod</strong></span> <span class='ocrx_word' id='word_1_42' title='bbox 1357 1280 1439 1334; x_wconf 88' lang='lat' dir='ltr'><strong>sui</strong></span> <span class='ocrx_word' id='word_1_43' title='bbox 1477 1288 1722 1335; x_wconf 88' lang='lat' dir='ltr'><strong>anteces-</strong></span> 
     </span>
    </p>
   </div>
   <div class='ocr_carea' id='block_1_10' title="bbox 165 1358 1722 1433">
    <p class='ocr_par' dir='ltr' id='par_1_10' title="bbox 165 1358 1722 1433">
     <span class='ocr_line' id='line_1_10' title="bbox 165 1358 1722 1433; baseline 0.001 -10"><span class='ocrx_word' id='word_1_44' title='bbox 165 1386 295 1425; x_wconf 85' lang='lat' dir='ltr'><strong>sores</strong></span> <span class='ocrx_word' id='word_1_45' title='bbox 317 1368 744 1433; x_wconf 71' lang='lat' dir='ltr'><strong>tediﬁcaverunt,</strong></span> <span class='ocrx_word' id='word_1_46' title='bbox 774 1368 876 1423; x_wconf 91' lang='lat' dir='ltr'><strong>iste</strong></span> <span class='ocrx_word' id='word_1_47' title='bbox 896 1358 1178 1424; x_wconf 73' lang='lat' dir='ltr'><strong>incolumis</strong></span> <span class='ocrx_word' id='word_1_48' title='bbox 1200 1370 1388 1425; x_wconf 89' lang='lat' dir='ltr'><strong>tenuit.</strong></span> <span class='ocrx_word' id='word_1_49' title='bbox 1418 1370 1567 1425; x_wconf 91' lang='lat' dir='ltr'><strong>lllius</strong></span> <span class='ocrx_word' id='word_1_50' title='bbox 1588 1379 1722 1426; x_wconf 89' lang='lat' dir='ltr'><strong>tem-</strong></span> 
     </span>
    </p>
   </div>
   <div class='ocr_carea' id='block_1_11' title="bbox 164 1459 1722 1531">
    <p class='ocr_par' dir='ltr' id='par_1_11' title="bbox 164 1459 1722 1531">
     <span class='ocr_line' id='line_1_11' title="bbox 164 1459 1722 1531; baseline 0.001 -14"><span class='ocrx_word' id='word_1_51' title='bbox 164 1463 364 1531; x_wconf 85' lang='lat' dir='ltr'><strong>poribus</strong></span> <span class='ocrx_word' id='word_1_52' title='bbox 393 1461 624 1516; x_wconf 84' lang='lat' dir='ltr'><strong>ecclesia</strong></span> <span class='ocrx_word' id='word_1_53' title='bbox 672 1459 733 1514; x_wconf 88' lang='grc' dir='ltr'><strong>Β.</strong></span> <span class='ocrx_word' id='word_1_54' title='bbox 764 1460 988 1531; x_wconf 87' lang='lat' dir='ltr'><strong>Agnetis</strong></span> <span class='ocrx_word' id='word_1_55' title='bbox 1022 1476 1054 1514; x_wconf 90' lang='lat' dir='ltr'><strong>a</strong></span> <span class='ocrx_word' id='word_1_56' title='bbox 1105 1460 1345 1517; x_wconf 89' lang='lat' dir='ltr'><strong>Gemello</strong></span> <span class='ocrx_word' id='word_1_57' title='bbox 1392 1464 1722 1519; x_wconf 89' lang='lat' dir='ltr'><strong>subdiacono</strong></span> 
     </span>
    </p>
   </div>
   <div class='ocr_carea' id='block_1_12' title="bbox 164 1552 1719 1619">
    <p class='ocr_par' dir='ltr' id='par_1_12' title="bbox 164 1552 1719 1619">
     <span class='ocr_line' id='line_1_12' title="bbox 164 1552 1719 1619; baseline 0 -10"><span class='ocrx_word' id='word_1_58' title='bbox 164 1557 302 1610; x_wconf 79' lang='lat' dir='ltr'><strong>istius</strong></span> <span class='ocrx_word' id='word_1_59' title='bbox 336 1554 393 1610; x_wconf 93' lang='lat' dir='ltr'><strong>S.</strong></span> <span class='ocrx_word' id='word_1_60' title='bbox 427 1554 700 1607; x_wconf 76' lang='lat' dir='ltr'><strong>Ravennae</strong></span> <span class='ocrx_word' id='word_1_61' title='bbox 740 1552 1003 1619; x_wconf 66' lang='lat' dir='ltr'><strong>ecclesiae,</strong></span> <span class='ocrx_word' id='word_1_62' title='bbox 1035 1562 1091 1607; x_wconf 86' lang='lat' dir='ltr'><strong>et</strong></span> <span class='ocrx_word' id='word_1_63' title='bbox 1116 1562 1330 1609; x_wconf 91' lang='lat' dir='ltr'><strong>rectore</strong></span> <span class='ocrx_word' id='word_1_64' title='bbox 1359 1553 1557 1609; x_wconf 77' lang='lat' dir='ltr'><strong>Sicilia:</strong></span> <span class='ocrx_word' id='word_1_65' title='bbox 1589 1571 1719 1609; x_wconf 88' lang='lat' dir='ltr'><strong>con-</strong></span> 
     </span>
    </p>
   </div>
   <div class='ocr_carea' id='block_1_13' title="bbox 164 1642 1724 1715">
    <p class='ocr_par' dir='ltr' id='par_1_13' title="bbox 164 1642 1724 1715">
     <span class='ocr_line' id='line_1_13' title="bbox 164 1642 1724 1715; baseline -0.001 -16"><span class='ocrx_word' id='word_1_66' title='bbox 164 1655 351 1701; x_wconf 84' lang='lat' dir='ltr'><strong>structa</strong></span> <span class='ocrx_word' id='word_1_67' title='bbox 380 1653 488 1709; x_wconf 88' lang='lat' dir='ltr'><strong>est,</strong></span> <span class='ocrx_word' id='word_1_68' title='bbox 527 1652 583 1698; x_wconf 92' lang='lat' dir='ltr'><strong>et</strong></span> <span class='ocrx_word' id='word_1_69' title='bbox 608 1642 833 1697; x_wconf 90' lang='lat' dir='ltr'><strong>multum</strong></span> <span class='ocrx_word' id='word_1_70' title='bbox 862 1658 983 1697; x_wconf 90' lang='lat' dir='ltr'><strong>eam</strong></span> <span class='ocrx_word' id='word_1_71' title='bbox 1021 1643 1213 1699; x_wconf 75' lang='lat' dir='ltr'><strong>ditavit</strong></span> <span class='ocrx_word' id='word_1_72' title='bbox 1248 1645 1302 1699; x_wconf 91' lang='lat' dir='ltr'><strong>in</strong></span> <span class='ocrx_word' id='word_1_73' title='bbox 1341 1660 1491 1710; x_wconf 91' lang='lat' dir='ltr'><strong>auro,</strong></span> <span class='ocrx_word' id='word_1_74' title='bbox 1533 1659 1724 1715; x_wconf 85' lang='lat' dir='ltr'><strong>argen-</strong></span> 
     </span>
    </p>
   </div>
   <div class='ocr_carea' id='block_1_14' title="bbox 164 1734 1722 1808">
    <p class='ocr_par' dir='ltr' id='par_1_14' title="bbox 164 1734 1722 1808">
     <span class='ocr_line' id='line_1_14' title="bbox 164 1734 1722 1808; baseline -0.002 -17"><span class='ocrx_word' id='word_1_75' title='bbox 164 1748 332 1808; x_wconf 85' lang='lat' dir='ltr'><strong>toque,</strong></span> <span class='ocrx_word' id='word_1_76' title='bbox 378 1745 435 1791; x_wconf 90' lang='lat' dir='ltr'><strong>et</strong></span> <span class='ocrx_word' id='word_1_77' title='bbox 464 1734 652 1806; x_wconf 89' lang='lat' dir='ltr'><strong>palleis</strong></span> <span class='ocrx_word' id='word_1_78' title='bbox 696 1734 888 1798; x_wconf 89' lang='lat' dir='ltr'><strong>sacris,</strong></span> <span class='ocrx_word' id='word_1_79' title='bbox 922 1744 978 1788; x_wconf 89' lang='lat' dir='ltr'><strong>et</strong></span> <span class='ocrx_word' id='word_1_80' title='bbox 1002 1735 1281 1790; x_wconf 86' lang='lat' dir='ltr'><strong>civitatem</strong></span> <span class='ocrx_word' id='word_1_81' title='bbox 1316 1735 1638 1806; x_wconf 77' lang='lat' dir='ltr'><strong>Argenteam</strong></span> <span class='ocrx_word' id='word_1_82' title='bbox 1666 1736 1722 1789; x_wconf 92' lang='lat' dir='ltr'><strong>in</strong></span> 
     </span>
    </p>
   </div>
   <div class='ocr_carea' id='block_1_15' title="bbox 164 1825 1724 1899">
    <p class='ocr_par' dir='ltr' id='par_1_15' title="bbox 164 1825 1724 1899">
     <span class='ocr_line' id='line_1_15' title="bbox 164 1825 1724 1899; baseline -0.003 -15"><span class='ocrx_word' id='word_1_83' title='bbox 164 1844 403 1899; x_wconf 77' lang='lat' dir='ltr'><strong>processu</strong></span> <span class='ocrx_word' id='word_1_84' title='bbox 430 1825 733 1881; x_wconf 83' lang='lat' dir='ltr'><strong>construxit</strong></span> <span class='ocrx_word' id='word_1_85' title='bbox 761 1825 956 1881; x_wconf 84' lang='lat' dir='ltr'><strong>natalis</strong></span> <span class='ocrx_word' id='word_1_86' title='bbox 983 1827 1148 1896; x_wconf 88' lang='lat' dir='ltr'><strong>ipsius</strong></span> <span class='ocrx_word' id='word_1_87' title='bbox 1176 1828 1447 1897; x_wconf 83' lang='lat' dir='ltr'><strong>martyris,</strong></span> <span class='ocrx_word' id='word_1_88' title='bbox 1476 1834 1531 1881; x_wconf 89' lang='lat' dir='ltr'><strong>et</strong></span> <span class='ocrx_word' id='word_1_89' title='bbox 1556 1841 1724 1895; x_wconf 86' lang='lat' dir='ltr'><strong>usque</strong></span> 
     </span>
    </p>
   </div>
   <div class='ocr_carea' id='block_1_16' title="bbox 172 1914 1726 1987">
    <p class='ocr_par' dir='ltr' id='par_1_16' title="bbox 172 1914 1726 1987">
     <span class='ocr_line' id='line_1_16' title="bbox 172 1914 1726 1987; baseline -0.004 -13"><span class='ocrx_word' id='word_1_90' title='bbox 172 1918 353 1974; x_wconf 82' lang='lat' dir='ltr'><strong>nostris</strong></span> <span class='ocrx_word' id='word_1_91' title='bbox 389 1916 722 1987; x_wconf 76' lang='lat' dir='ltr'><strong>temporibus</strong></span> <span class='ocrx_word' id='word_1_92' title='bbox 749 1915 1082 1984; x_wconf 82' lang='lat' dir='ltr'><strong>perduravit.</strong></span> <span class='ocrx_word' id='word_1_93' title='bbox 1128 1915 1187 1970; x_wconf 92' lang='lat' dir='ltr'><strong>ln</strong></span> <span class='ocrx_word' id='word_1_94' title='bbox 1212 1916 1402 1970; x_wconf 88' lang='lat' dir='ltr'><strong>diebus</strong></span> <span class='ocrx_word' id='word_1_95' title='bbox 1426 1914 1543 1984; x_wconf 86' lang='lat' dir='ltr'><strong>ejus</strong></span> <span class='ocrx_word' id='word_1_96' title='bbox 1581 1916 1726 1970; x_wconf 90' lang='lat' dir='ltr'><strong>occi-</strong></span> 
     </span>
    </p>
   </div>
   <div class='ocr_carea' id='block_1_17' title="bbox 181 2006 1725 2077">
    <p class='ocr_par' dir='ltr' id='par_1_17' title="bbox 181 2006 1725 2077">
     <span class='ocr_line' id='line_1_17' title="bbox 181 2006 1725 2077; baseline -0.003 -13"><span class='ocrx_word' id='word_1_97' title='bbox 181 2024 260 2064; x_wconf 82' lang='lat' dir='ltr'><strong>sus</strong></span> <span class='ocrx_word' id='word_1_98' title='bbox 279 2018 355 2064; x_wconf 84' lang='lat' dir='ltr'><strong>est</strong></span> <span class='ocrx_word' id='word_1_99' title='bbox 376 2009 528 2063; x_wconf 81' lang='lat' dir='ltr'><strong>Felix</strong></span> <span class='ocrx_word' id='word_1_100' title='bbox 575 2006 838 2077; x_wconf 88' lang='lat' dir='ltr'><strong>patricius</strong></span> <span class='ocrx_word' id='word_1_101' title='bbox 866 2006 935 2061; x_wconf 88' lang='lat' dir='ltr'><strong>ad</strong></span> <span class='ocrx_word' id='word_1_102' title='bbox 976 2007 1177 2077; x_wconf 85' lang='lat' dir='ltr'><strong>gradus</strong></span> <span class='ocrx_word' id='word_1_103' title='bbox 1203 2007 1445 2063; x_wconf 70' lang='lat' dir='ltr'><strong>ecclesia:</strong></span> <span class='ocrx_word' id='word_1_104' title='bbox 1483 2007 1725 2062; x_wconf 69' lang='lat' dir='ltr'><strong>Ursiana:</strong></span> 
     </span>
    </p>
   </div>
   <div class='ocr_carea' id='block_1_18' title="bbox 194 2095 1726 2167">
    <p class='ocr_par' dir='ltr' id='par_1_18' title="bbox 194 2095 1726 2167">
     <span class='ocr_line' id='line_1_18' title="bbox 194 2095 1726 2167; baseline 0.001 -17"><span class='ocrx_word' id='word_1_105' title='bbox 194 2112 345 2152; x_wconf 83' lang='lat' dir='ltr'><strong>mense</strong></span> <span class='ocrx_word' id='word_1_106' title='bbox 387 2097 534 2162; x_wconf 82' lang='lat' dir='ltr'><strong>Maii,</strong></span> <span class='ocrx_word' id='word_1_107' title='bbox 571 2104 626 2151; x_wconf 89' lang='lat' dir='ltr'><strong>et</strong></span> <span class='ocrx_word' id='word_1_108' title='bbox 651 2095 791 2150; x_wconf 80' lang='lat' dir='ltr'><strong>facta</strong></span> <span class='ocrx_word' id='word_1_109' title='bbox 832 2104 917 2151; x_wconf 89' lang='lat' dir='ltr'><strong>est</strong></span> <span class='ocrx_word' id='word_1_110' title='bbox 949 2096 1167 2151; x_wconf 91' lang='lat' dir='ltr'><strong>domina</strong></span> <span class='ocrx_word' id='word_1_111' title='bbox 1215 2097 1455 2151; x_wconf 82' lang='lat' dir='ltr'><strong>Eudoxia</strong></span> <span class='ocrx_word' id='word_1_112' title='bbox 1485 2096 1726 2167; x_wconf 83' lang='lat' dir='ltr'><strong>Augusta</strong></span> 
     </span>
    </p>
   </div>
   <div class='ocr_carea' id='block_1_19' title="bbox 1744 810 3391 910">
    <p class='ocr_par' dir='ltr' id='par_1_19' title="bbox 1744 810 3391 910">
     <span class='ocr_line' id='line_1_19' title="bbox 1744 810 3391 910; baseline 0.002 -13"><span class='ocrx_word' id='word_1_113' title='bbox 1744 851 1797 910; x_wconf 81' lang='grc' dir='ltr'><strong>Α</strong></span> <span class='ocrx_word' id='word_1_114' title='bbox 1822 842 2010 898; x_wconf 89' lang='lat' dir='ltr'><strong>subtus</strong></span> <span class='ocrx_word' id='word_1_115' title='bbox 2040 810 2420 908; x_wconf 75' lang='lat' dir='ltr'><strong>porphyreticu</strong></span> <span class='ocrx_word' id='word_1_116' title='bbox 2446 835 2637 906; x_wconf 87' lang='lat' dir='ltr'><strong>lapide.</strong></span> <span class='ocrx_word' id='word_1_117' title='bbox 2672 835 2824 891; x_wconf 87' lang='lat' dir='ltr'><strong>Sedit</strong></span> <span class='ocrx_word' id='word_1_118' title='bbox 2848 853 3043 894; x_wconf 90' lang='lat' dir='ltr'><strong>annos.</strong></span> <span class='ocrx_word' id='word_1_119' title='bbox 3067 880 3079 894; x_wconf 96' lang='lat'><strong>.</strong></span> <span class='ocrx_word' id='word_1_120' title='bbox 3101 880 3116 896; x_wconf 93' lang='lat'><strong>.</strong></span> <span class='ocrx_word' id='word_1_121' title='bbox 3136 882 3150 895; x_wconf 93' lang='lat'><strong>.</strong></span> <span class='ocrx_word' id='word_1_122' title='bbox 3170 883 3183 898; x_wconf 94' lang='lat'><strong>.</strong></span> <span class='ocrx_word' id='word_1_123' title='bbox 3228 859 3350 901; x_wconf 89' lang='lat' dir='ltr'><strong>men</strong></span> <span class='ocrx_word' id='word_1_124' title='bbox 3370 879 3391 887; x_wconf 96' lang='lat'><em>-</em></span> 
     </span>
    </p>
   </div>
   <div class='ocr_carea' id='block_1_20' title="bbox 1822 929 2496 989">
    <p class='ocr_par' dir='ltr' id='par_1_20' title="bbox 1822 929 2496 989">
     <span class='ocr_line' id='line_1_20' title="bbox 1822 929 2496 989; baseline -0.012 0"><span class='ocrx_word' id='word_1_125' title='bbox 1822 947 2114 989; x_wconf 80' lang='lat' dir='ltr'><strong>ses......</strong></span> <span class='ocrx_word' id='word_1_126' title='bbox 2146 929 2496 984; x_wconf 89' lang='lat' dir='ltr'><strong>dies.......</strong></span> 
     </span>
    </p>
   </div>
   <div class='ocr_carea' id='block_1_21' title="bbox 2526 1049 2668 1060">
    <p class='ocr_par' dir='ltr' id='par_1_21' title="bbox 2526 1049 2668 1060">
     <span class='ocr_line' id='line_1_21' title="bbox 2526 1049 2668 1060; baseline 0.007 -1"><span class='ocrx_word' id='word_1_127' title='bbox 2526 1049 2668 1060; x_wconf 64' lang='grc'><strong>...-</strong></span> 
     </span>
    </p>
   </div>
   <div class='ocr_carea' id='block_1_22' title="bbox 2337 1132 2902 1194">
    <p class='ocr_par' dir='ltr' id='par_1_22' title="bbox 2337 1132 2902 1194">
     <span class='ocr_line' id='line_1_22' title="bbox 2337 1132 2902 1194; baseline 0.004 -2"><span class='ocrx_word' id='word_1_128' title='bbox 2337 1132 2902 1194; x_wconf 79' lang='lat' dir='ltr'><strong>OBSERVATIONES</strong></span> 
     </span>
    </p>
   </div>
   <div class='ocr_carea' id='block_1_23' title="bbox 2147 1243 3062 1293">
    <p class='ocr_par' dir='ltr' id='par_1_23' title="bbox 2147 1243 3062 1293">
     <span class='ocr_line' id='line_1_23' title="bbox 2147 1243 3062 1293; baseline 0 -8"><span class='ocrx_word' id='word_1_129' title='bbox 2147 1248 2214 1285; x_wconf 81' lang='lat' dir='ltr'><strong>AD</strong></span> <span class='ocrx_word' id='word_1_130' title='bbox 2253 1244 2421 1283; x_wconf 69' lang='lat' dir='ltr'><strong>VITAI</strong></span> <span class='ocrx_word' id='word_1_131' title='bbox 2458 1243 2645 1282; x_wconf 66' lang='lat' dir='ltr'><strong>SANCT!</strong></span> <span class='ocrx_word' id='word_1_132' title='bbox 2682 1244 3062 1293; x_wconf 64' lang='lat' dir='ltr'><strong>EXUPERANJ‘II.</strong></span> 
     </span>
    </p>
   </div>
   <div class='ocr_carea' id='block_1_24' title="bbox 1822 1319 3396 1395">
    <p class='ocr_par' dir='ltr' id='par_1_24' title="bbox 1822 1319 3396 1395">
     <span class='ocr_line' id='line_1_24' title="bbox 1822 1319 3396 1395; baseline -0.009 -15"><span class='ocrx_word' id='word_1_133' title='bbox 1822 1324 2014 1381; x_wconf 80' lang='lat' dir='ltr'><strong>Civitas</strong></span> <span class='ocrx_word' id='word_1_134' title='bbox 2050 1326 2302 1395; x_wconf 63' lang='lat' dir='ltr'><strong>Argentea</strong></span> <span class='ocrx_word' id='word_1_135' title='bbox 2350 1319 2497 1390; x_wconf 83' lang='lat' dir='ltr'><strong>quid,</strong></span> <span class='ocrx_word' id='word_1_136' title='bbox 2525 1319 2710 1395; x_wconf 55' lang='lat' dir='ltr'><strong>quidue</strong></span> <span class='ocrx_word' id='word_1_137' title='bbox 2752 1323 3065 1395; x_wconf 72' lang='lat' dir='ltr'><strong>processus?</strong></span> <span class='ocrx_word' id='word_1_138' title='bbox 3100 1323 3304 1394; x_wconf 80' lang='lat' dir='ltr'><strong>Agnelli</strong></span> <span class='ocrx_word' id='word_1_139' title='bbox 3330 1326 3396 1395; x_wconf 81' lang='lat' dir='ltr'><strong>ﬁ-</strong></span> 
     </span>
    </p>
   </div>
   <div class='ocr_carea' id='block_1_25' title="bbox 1891 1389 3391 1461">
    <p class='ocr_par' dir='ltr' id='par_1_25' title="bbox 1891 1389 3391 1461">
     <span class='ocr_line' id='line_1_25' title="bbox 1891 1389 3391 1461; baseline 0 -13"><span class='ocrx_word' id='word_1_140' title='bbox 1891 1396 2000 1448; x_wconf 88' lang='lat' dir='ltr'><strong>des.</strong></span> <span class='ocrx_word' id='word_1_141' title='bbox 2076 1389 2308 1451; x_wconf 64' lang='grc' dir='ltr'><strong>σίνται-α,</strong></span> <span class='ocrx_word' id='word_1_142' title='bbox 2362 1389 2476 1460; x_wconf 70' lang='lat' dir='ltr'><strong>quae</strong></span> <span class='ocrx_word' id='word_1_143' title='bbox 2535 1389 2599 1443; x_wconf 86' lang='lat' dir='ltr'><strong>de</strong></span> <span class='ocrx_word' id='word_1_144' title='bbox 2647 1389 3003 1459; x_wconf 81' lang='lat' dir='ltr'><strong>Exuperantio</strong></span> <span class='ocrx_word' id='word_1_145' title='bbox 3054 1389 3391 1461; x_wconf 67' lang='lat' dir='ltr'><strong>narrantur,</strong></span> 
     </span>
    </p>
   </div>
   <div class='ocr_carea' id='block_1_26' title="bbox 1892 1462 2333 1535">
    <p class='ocr_par' dir='ltr' id='par_1_26' title="bbox 1892 1462 2333 1535">
     <span class='ocr_line' id='line_1_26' title="bbox 1892 1462 2333 1535; baseline -0.014 -16"><span class='ocrx_word' id='word_1_146' title='bbox 1892 1462 2109 1535; x_wconf 83' lang='lat' dir='ltr'><strong>Agncllo</strong></span> <span class='ocrx_word' id='word_1_147' title='bbox 2138 1462 2333 1531; x_wconf 80' lang='lat' dir='ltr'><strong>ignota.</strong></span> 
     </span>
    </p>
   </div>
   <div class='ocr_carea' id='block_1_27' title="bbox 1889 1557 3395 1631">
    <p class='ocr_par' dir='ltr' id='par_1_27' title="bbox 1889 1557 3395 1631">
     <span class='ocr_line' id='line_1_27' title="bbox 1889 1557 3395 1631; baseline -0.001 -12"><span class='ocrx_word' id='word_1_148' title='bbox 1889 1565 1929 1620; x_wconf 85' lang='grc' dir='ltr'><strong>ι.</strong></span> <span class='ocrx_word' id='word_1_149' title='bbox 1962 1563 2136 1617; x_wconf 83' lang='lat' dir='ltr'><strong>Pauca</strong></span> <span class='ocrx_word' id='word_1_150' title='bbox 2160 1561 2224 1631; x_wconf 82' lang='lat' dir='ltr'><strong>in</strong></span> <span class='ocrx_word' id='word_1_151' title='bbox 2246 1558 2541 1628; x_wconf 88' lang='lat' dir='ltr'><strong>superioris</strong></span> <span class='ocrx_word' id='word_1_152' title='bbox 2562 1557 2958 1631; x_wconf 81' lang='lat' dir='ltr'><strong>dissertationis</strong></span> <span class='ocrx_word' id='word_1_153' title='bbox 2970 1568 3123 1629; x_wconf 88' lang='lat' dir='ltr'><strong>parte</strong></span> <span class='ocrx_word' id='word_1_154' title='bbox 3139 1563 3395 1631; x_wconf 87' lang='lat' dir='ltr'><strong>secunda,</strong></span> 
     </span>
    </p>
   </div>
   <div class='ocr_carea' id='block_1_28' title="bbox 1821 1628 3397 1700">
    <p class='ocr_par' dir='ltr' id='par_1_28' title="bbox 1821 1628 3397 1700">
     <span class='ocr_line' id='line_1_28' title="bbox 1821 1628 3397 1700; baseline -0.001 -10"><span class='ocrx_word' id='word_1_155' title='bbox 1821 1650 1970 1689; x_wconf 91' lang='lat' dir='ltr'><strong>num.</strong></span> <span class='ocrx_word' id='word_1_156' title='bbox 1999 1632 2055 1697; x_wconf 80' lang='lat'><strong>5,</strong></span> <span class='ocrx_word' id='word_1_157' title='bbox 2085 1629 2237 1700; x_wconf 80' lang='lat' dir='ltr'><strong>aliud</strong></span> <span class='ocrx_word' id='word_1_158' title='bbox 2258 1644 2422 1700; x_wconf 84' lang='lat' dir='ltr'><strong>agens</strong></span> <span class='ocrx_word' id='word_1_159' title='bbox 2444 1628 2703 1700; x_wconf 60' lang='lat' dir='ltr'><strong>prmntisi,</strong></span> <span class='ocrx_word' id='word_1_160' title='bbox 2731 1645 2851 1700; x_wconf 72' lang='lat' dir='ltr'><strong>quae</strong></span> <span class='ocrx_word' id='word_1_161' title='bbox 2876 1628 3053 1700; x_wconf 85' lang='lat' dir='ltr'><strong>tamen</strong></span> <span class='ocrx_word' id='word_1_162' title='bbox 3082 1633 3288 1699; x_wconf 86' lang='lat' dir='ltr'><strong>possint</strong></span> <span class='ocrx_word' id='word_1_163' title='bbox 3310 1628 3397 1688; x_wconf 54' lang='lat' dir='ltr'><strong>sa?</strong></span> 
     </span>
    </p>
   </div>
   <div class='ocr_carea' id='block_1_29' title="bbox 1824 1696 3396 1767">
    <p class='ocr_par' dir='ltr' id='par_1_29' title="bbox 1824 1696 3396 1767">
     <span class='ocr_line' id='line_1_29' title="bbox 1824 1696 3396 1767; baseline -0.002 -7"><span class='ocrx_word' id='word_1_164' title='bbox 1824 1706 1895 1760; x_wconf 89' lang='lat' dir='ltr'><strong>tis</strong></span> <span class='ocrx_word' id='word_1_165' title='bbox 1918 1696 2174 1758; x_wconf 86' lang='lat' dir='ltr'><strong>lecturem</strong></span> <span class='ocrx_word' id='word_1_166' title='bbox 2208 1696 2403 1754; x_wconf 71' lang='lat' dir='ltr'><strong>docere</strong></span> <span class='ocrx_word' id='word_1_167' title='bbox 2445 1696 2572 1767; x_wconf 83' lang='lat' dir='ltr'><strong>quid</strong></span> <span class='ocrx_word' id='word_1_168' title='bbox 2604 1698 2833 1752; x_wconf 82' lang='lat' dir='ltr'><strong>sentiam</strong></span> <span class='ocrx_word' id='word_1_169' title='bbox 2862 1699 2929 1754; x_wconf 89' lang='lat' dir='ltr'><strong>de</strong></span> <span class='ocrx_word' id='word_1_170' title='bbox 2958 1696 3228 1756; x_wconf 78' lang='lat' dir='ltr'><strong>communi</strong></span> <span class='ocrx_word' id='word_1_171' title='bbox 3272 1718 3396 1758; x_wconf 88' lang='lat' dir='ltr'><strong>sen-</strong></span> 
     </span>
    </p>
   </div>
   <div class='ocr_carea' id='block_1_30' title="bbox 1823 1767 3396 1838">
    <p class='ocr_par' dir='ltr' id='par_1_30' title="bbox 1823 1767 3396 1838">
     <span class='ocr_line' id='line_1_30' title="bbox 1823 1767 3396 1838; baseline -0.001 -9"><span class='ocrx_word' id='word_1_172' title='bbox 1823 1773 1991 1829; x_wconf 88' lang='lat' dir='ltr'><strong>tentia</strong></span> <span class='ocrx_word' id='word_1_173' title='bbox 2029 1785 2239 1833; x_wconf 90' lang='lat' dir='ltr'><strong>eorum,</strong></span> <span class='ocrx_word' id='word_1_174' title='bbox 2264 1769 2354 1838; x_wconf 89' lang='lat' dir='ltr'><strong>qui</strong></span> <span class='ocrx_word' id='word_1_175' title='bbox 2385 1767 2776 1822; x_wconf 85' lang='lat' dir='ltr'><strong>recentioribus</strong></span> <span class='ocrx_word' id='word_1_176' title='bbox 2803 1770 3010 1823; x_wconf 58' lang='lat' dir='ltr'><strong>saeculis</strong></span> <span class='ocrx_word' id='word_1_177' title='bbox 3033 1770 3099 1825; x_wconf 93' lang='lat' dir='ltr'><strong>de</strong></span> <span class='ocrx_word' id='word_1_178' title='bbox 3124 1770 3396 1827; x_wconf 69' lang='lat' dir='ltr'><strong>Ravenna:</strong></span> 
     </span>
    </p>
   </div>
   <div class='ocr_carea' id='block_1_31' title="bbox 1821 1838 3396 1911">
    <p class='ocr_par' dir='ltr' id='par_1_31' title="bbox 1821 1838 3396 1911">
     <span class='ocr_line' id='line_1_31' title="bbox 1821 1838 3396 1911; baseline -0.003 -11"><span class='ocrx_word' id='word_1_179' title='bbox 1821 1846 1983 1900; x_wconf 86' lang='lat' dir='ltr'><strong>rebus</strong></span> <span class='ocrx_word' id='word_1_180' title='bbox 2012 1842 2300 1910; x_wconf 85' lang='lat' dir='ltr'><strong>scripsere,</strong></span> <span class='ocrx_word' id='word_1_181' title='bbox 2328 1838 2524 1911; x_wconf 83' lang='lat' dir='ltr'><strong>quique</strong></span> <span class='ocrx_word' id='word_1_182' title='bbox 2543 1852 2608 1891; x_wconf 75' lang='lat' dir='ltr'><strong>ex</strong></span> <span class='ocrx_word' id='word_1_183' title='bbox 2640 1838 2741 1892; x_wconf 88' lang='lat' dir='ltr'><strong>huc</strong></span> <span class='ocrx_word' id='word_1_184' title='bbox 2774 1838 2982 1911; x_wconf 81' lang='lat' dir='ltr'><strong>Agnelli</strong></span> <span class='ocrx_word' id='word_1_185' title='bbox 3018 1840 3136 1911; x_wconf 82' lang='lat' dir='ltr'><strong>loco</strong></span> <span class='ocrx_word' id='word_1_186' title='bbox 3162 1857 3221 1896; x_wconf 89' lang='lat' dir='ltr'><strong>se</strong></span> <span class='ocrx_word' id='word_1_187' title='bbox 3247 1843 3396 1896; x_wconf 87' lang='lat' dir='ltr'><strong>sulli-</strong></span> 
     </span>
    </p>
   </div>
   <div class='ocr_carea' id='block_1_32' title="bbox 1823 1909 3395 1980">
    <p class='ocr_par' dir='ltr' id='par_1_32' title="bbox 1823 1909 3395 1980">
     <span class='ocr_line' id='line_1_32' title="bbox 1823 1909 3395 1980; baseline -0.002 -10"><span class='ocrx_word' id='word_1_188' title='bbox 1823 1917 1972 1971; x_wconf 89' lang='lat' dir='ltr'><strong>ciens</strong></span> <span class='ocrx_word' id='word_1_189' title='bbox 2003 1909 2384 1968; x_wconf 85' lang='lat' dir='ltr'><strong>documentum</strong></span> <span class='ocrx_word' id='word_1_190' title='bbox 2428 1909 2633 1980; x_wconf 76' lang='lat' dir='ltr'><strong>habere</strong></span> <span class='ocrx_word' id='word_1_191' title='bbox 2661 1910 3023 1974; x_wconf 84' lang='lat' dir='ltr'><strong>crediderunt,</strong></span> <span class='ocrx_word' id='word_1_192' title='bbox 3054 1909 3160 1980; x_wconf 91' lang='lat' dir='ltr'><strong>quo</strong></span> <span class='ocrx_word' id='word_1_193' title='bbox 3190 1913 3395 1967; x_wconf 86' lang='lat' dir='ltr'><strong>scribe—</strong></span> 
     </span>
    </p>
   </div>
   <div class='ocr_carea' id='block_1_33' title="bbox 1822 1977 3397 2054">
    <p class='ocr_par' dir='ltr' id='par_1_33' title="bbox 1822 1977 3397 2054">
     <span class='ocr_line' id='line_1_33' title="bbox 1822 1977 3397 2054; baseline -0.003 -14"><span class='ocrx_word' id='word_1_194' title='bbox 1822 1993 1947 2039; x_wconf 90' lang='lat' dir='ltr'><strong>rent</strong></span> <span class='ocrx_word' id='word_1_195' title='bbox 1993 1980 2418 2054; x_wconf 71' lang='lat' dir='ltr'><strong>Exuperantium</strong></span> <span class='ocrx_word' id='word_1_196' title='bbox 2459 1977 2743 2054; x_wconf 58' lang='lat' dir='ltr'><strong>Ravenna:</strong></span> <span class='ocrx_word' id='word_1_197' title='bbox 2779 1977 3089 2054; x_wconf 80' lang='lat' dir='ltr'><strong>episcopum</strong></span> <span class='ocrx_word' id='word_1_198' title='bbox 3145 1981 3397 2054; x_wconf 65' lang='lat' dir='ltr'><strong>Argenta:</strong></span> 
     </span>
    </p>
   </div>
   <div class='ocr_carea' id='block_1_34' title="bbox 1823 2047 3400 2124">
    <p class='ocr_par' dir='ltr' id='par_1_34' title="bbox 1823 2047 3400 2124">
     <span class='ocr_line' id='line_1_34' title="bbox 1823 2047 3400 2124; baseline -0.003 -14"><span class='ocrx_word' id='word_1_199' title='bbox 1823 2054 2077 2124; x_wconf 88' lang='lat' dir='ltr'><strong>oppidum</strong></span> <span class='ocrx_word' id='word_1_200' title='bbox 2112 2047 2400 2124; x_wconf 73' lang='lat' dir='ltr'><strong>stru_x_iss_e.</strong></span> <span class='ocrx_word' id='word_1_201' title='bbox 2452 2047 2642 2124; x_wconf 77' lang='lat' dir='ltr'><strong>_Nunc__</strong></span> <span class='ocrx_word' id='word_1_202' title='bbox 2667 2064 2755 2103; x_wconf 89' lang='lat' dir='ltr'><strong>res</strong></span> <span class='ocrx_word' id='word_1_203' title='bbox 2804 2047 2976 2124; x_wconf 76' lang='lat' dir='ltr'><strong>paulu</strong></span> <span class='ocrx_word' id='word_1_204' title='bbox 3011 2047 3291 2124; x_wconf 54' lang='lat' dir='ltr'><strong>attentius</strong></span> <span class='ocrx_word' id='word_1_205' title='bbox 3316 2061 3400 2108; x_wconf 86' lang='lat' dir='ltr'><strong>est</strong></span> 
     </span>
    </p>
   </div>
   <div class='ocr_carea' id='block_1_35' title="bbox 1825 2118 3398 2195">
    <p class='ocr_par' dir='ltr' id='par_1_35' title="bbox 1825 2118 3398 2195">
     <span class='ocr_line' id='line_1_35' title="bbox 1825 2118 3398 2195; baseline -0.01 -15"><span class='ocrx_word' id='word_1_206' title='bbox 1825 2118 2203 2195; x_wconf 70' lang='lat' dir='ltr'><strong>eiraminanda.</strong></span> <span class='ocrx_word' id='word_1_207' title='bbox 2232 2119 2409 2195; x_wconf 81' lang='lat' dir='ltr'><strong>Verba</strong></span> <span class='ocrx_word' id='word_1_208' title='bbox 2436 2118 2969 2195; x_wconf 30' lang='lat' dir='ltr'><strong>A-gnellisunt‘haac:</strong></span> <span class='ocrx_word' id='word_1_209' title='bbox 3005 2140 3032 2195; x_wconf 40' lang='grc' dir='ltr'><strong>ς.</strong></span> <span class='ocrx_word' id='word_1_210' title='bbox 3063 2122 3203 2195; x_wconf 73' lang='lat' dir='ltr'><strong>llliu_s</strong></span> <span class='ocrx_word' id='word_1_211' title='bbox 3231 2121 3398 2195; x_wconf 61' lang='grc' dir='ltr'>(Εχμ-</span> 
     </span>
    </p>
   </div>
   <div class='ocr_carea' id='block_1_36' title="bbox 201 2184 3397 2267">
    <p class='ocr_par' dir='ltr' id='par_1_36' title="bbox 201 2184 3397 2267">
     <span class='ocr_line' id='line_1_36' title="bbox 201 2184 3397 2267; baseline 0.002 -26"><span class='ocrx_word' id='word_1_212' title='bbox 201 2187 426 2242; x_wconf 65' lang='lat' dir='ltr'><strong>Ravennae</strong></span> <span class='ocrx_word' id='word_1_213' title='bbox 449 2201 569 2240; x_wconf 86' lang='lat' dir='ltr'><strong>vm.</strong></span> <span class='ocrx_word' id='word_1_214' title='bbox 610 2186 735 2241; x_wconf 88' lang='lat' dir='ltr'><strong>ldus</strong></span> <span class='ocrx_word' id='word_1_215' title='bbox 759 2185 1006 2256; x_wconf 81' lang='lat' dir='ltr'><strong>Augusti.</strong></span> <span class='ocrx_word' id='word_1_216' title='bbox 1039 2184 1183 2240; x_wconf 81' lang='lat' dir='ltr'><strong>Nihil</strong></span> <span class='ocrx_word' id='word_1_217' title='bbox 1209 2185 1440 2256; x_wconf 88' lang='lat' dir='ltr'><strong>amplius</strong></span> <span class='ocrx_word' id='word_1_218' title='bbox 1484 2186 1723 2240; x_wconf 84' lang='lat' dir='ltr'><strong>seniores</strong></span> <span class='ocrx_word' id='word_1_219' title='bbox 1748 2208 1798 2267; x_wconf 80' lang='grc' dir='ltr'><strong>Β</strong></span> <span class='ocrx_word' id='word_1_220' title='bbox 1825 2194 2076 2267; x_wconf 79' lang='lat' dir='ltr'><strong>perantii)</strong></span> <span class='ocrx_word' id='word_1_221' title='bbox 2108 2189 2439 2267; x_wconf 79' lang='lat' dir='ltr'><strong>temporibus</strong></span> <span class='ocrx_word' id='word_1_222' title='bbox 2467 2184 2705 2267; x_wconf 64' lang='lat' dir='ltr'><strong>Ecclesia</strong></span> <span class='ocrx_word' id='word_1_223' title='bbox 2738 2189 2796 2243; x_wconf 87' lang='grc' dir='ltr'><strong>Β.</strong></span> <span class='ocrx_word' id='word_1_224' title='bbox 2825 2188 3049 2267; x_wconf 62' lang='lat' dir='ltr'><strong>Agnetis</strong></span> <span class='ocrx_word' id='word_1_225' title='bbox 3089 2210 3122 2267; x_wconf 79' lang='lat' dir='ltr'><strong>a</strong></span> <span class='ocrx_word' id='word_1_226' title='bbox 3150 2184 3397 2249; x_wconf 81' lang='lat' dir='ltr'><strong>Gemello</strong></span> 
     </span>
    </p>
   </div>
   <div class='ocr_carea' id='block_1_37' title="bbox 203 2274 1725 2347">
    <p class='ocr_par' dir='ltr' id='par_1_37' title="bbox 203 2274 1725 2347">
     <span class='ocr_line' id='line_1_37' title="bbox 203 2274 1725 2347; baseline -0.002 -15"><span class='ocrx_word' id='word_1_227' title='bbox 203 2278 352 2342; x_wconf 82' lang='lat' dir='ltr'><strong>nostri,</strong></span> <span class='ocrx_word' id='word_1_228' title='bbox 378 2286 432 2332; x_wconf 90' lang='lat' dir='ltr'><strong>et</strong></span> <span class='ocrx_word' id='word_1_229' title='bbox 454 2277 678 2347; x_wconf 63' lang='lat' dir='ltr'><strong>longaevi</strong></span> <span class='ocrx_word' id='word_1_230' title='bbox 709 2276 843 2331; x_wconf 89' lang='lat' dir='ltr'><strong>mihi</strong></span> <span class='ocrx_word' id='word_1_231' title='bbox 869 2276 935 2332; x_wconf 89' lang='lat' dir='ltr'><strong>de</strong></span> <span class='ocrx_word' id='word_1_232' title='bbox 957 2276 1074 2347; x_wconf 82' lang='lat' dir='ltr'><strong>ejus</strong></span> <span class='ocrx_word' id='word_1_233' title='bbox 1100 2276 1217 2332; x_wconf 87' lang='lat' dir='ltr'><strong>Vita</strong></span> <span class='ocrx_word' id='word_1_234' title='bbox 1248 2275 1564 2331; x_wconf 89' lang='lat' dir='ltr'><strong>retulerunt.</strong></span> <span class='ocrx_word' id='word_1_235' title='bbox 1606 2274 1725 2329; x_wconf 84' lang='lat' dir='ltr'><strong>Non</strong></span> 
     </span>
    </p>
   </div>
   <div class='ocr_carea' id='block_1_38' title="bbox 201 2366 1726 2448">
    <p class='ocr_par' dir='ltr' id='par_1_38' title="bbox 201 2366 1726 2448">
     <span class='ocr_line' id='line_1_38' title="bbox 201 2366 1726 2448; baseline -0.003 -23"><span class='ocrx_word' id='word_1_236' title='bbox 201 2370 558 2425; x_wconf 75' lang='lat' dir='ltr'><strong>memorabilem</strong></span> <span class='ocrx_word' id='word_1_237' title='bbox 589 2369 755 2424; x_wconf 89' lang='lat' dir='ltr'><strong>habet</strong></span> <span class='ocrx_word' id='word_1_238' title='bbox 799 2369 1099 2448; x_wconf 68' lang='lat' dir='ltr'><strong>historiam.</strong></span> <span class='ocrx_word' id='word_1_239' title='bbox 1142 2368 1459 2424; x_wconf 64' lang='lat' dir='ltr'><strong>IEdiﬁcator</strong></span> <span class='ocrx_word' id='word_1_240' title='bbox 1488 2366 1683 2422; x_wconf 81' lang='lat' dir='ltr'><strong>Tricoli</strong></span> <span class='ocrx_word' id='word_1_241' title='bbox 1709 2406 1726 2432; x_wconf 92' lang='lat'><strong>,</strong></span> 
     </span>
    </p>
   </div>
   <div class='ocr_carea' id='block_1_39' title="bbox 198 2462 822 2518">
    <p class='ocr_par' dir='ltr' id='par_1_39' title="bbox 198 2462 822 2518">
     <span class='ocr_line' id='line_1_39' title="bbox 198 2462 822 2518; baseline 0.003 -2"><span class='ocrx_word' id='word_1_242' title='bbox 198 2462 269 2517; x_wconf 74' lang='lat' dir='ltr'><strong>sed</strong></span> <span class='ocrx_word' id='word_1_243' title='bbox 289 2479 382 2517; x_wconf 90' lang='lat' dir='ltr'><strong>non</strong></span> <span class='ocrx_word' id='word_1_244' title='bbox 404 2472 822 2518; x_wconf 88' lang='lat' dir='ltr'><strong>consummatur.</strong></span> 
     </span>
    </p>
   </div>
   <div class='ocr_carea' id='block_1_40' title="bbox 735 2572 1062 2629">
    <p class='ocr_par' dir='ltr' id='par_1_40' title="bbox 735 2572 1062 2629">
     <span class='ocr_line' id='line_1_40' title="bbox 735 2572 1062 2629; baseline -0.006 -1"><span class='ocrx_word' id='word_1_245' title='bbox 735 2572 962 2629; x_wconf 80' lang='lat' dir='ltr'><strong>CAPUT</strong></span> <span class='ocrx_word' id='word_1_246' title='bbox 999 2573 1062 2627; x_wconf 87' lang='lat' dir='ltr'><strong>ll.</strong></span> 
     </span>
    </p>
   </div>
   <div class='ocr_carea' id='block_1_41' title="bbox 194 2664 1727 2738">
    <p class='ocr_par' dir='ltr' id='par_1_41' title="bbox 194 2664 1727 2738">
     <span class='ocr_line' id='line_1_41' title="bbox 194 2664 1727 2738; baseline -0.003 -17"><span class='ocrx_word' id='word_1_247' title='bbox 194 2666 411 2723; x_wconf 72' lang='lat' dir='ltr'><strong>Historia:</strong></span> <span class='ocrx_word' id='word_1_248' title='bbox 435 2670 570 2723; x_wconf 82' lang='lat' dir='ltr'><strong>ratio</strong></span> <span class='ocrx_word' id='word_1_249' title='bbox 612 2667 867 2721; x_wconf 83' lang='lat' dir='ltr'><strong>redditur.</strong></span> <span class='ocrx_word' id='word_1_250' title='bbox 915 2664 1097 2738; x_wconf 71' lang='lat' dir='ltr'><strong>Sqncti</strong></span> <span class='ocrx_word' id='word_1_251' title='bbox 1135 2665 1477 2738; x_wconf 71' lang='lat' dir='ltr'><strong>Exuperantii</strong></span> <span class='ocrx_word' id='word_1_252' title='bbox 1524 2664 1727 2728; x_wconf 84' lang='lat' dir='ltr'><strong>obitus,</strong></span> 
     </span>
    </p>
   </div>
   <div class='ocr_carea' id='block_1_42' title="bbox 750 2736 1140 2809">
    <p class='ocr_par' dir='ltr' id='par_1_42' title="bbox 750 2736 1140 2809">
     <span class='ocr_line' id='line_1_42' title="bbox 750 2736 1140 2809; baseline 0 -18"><span class='ocrx_word' id='word_1_253' title='bbox 750 2747 798 2792; x_wconf 86' lang='lat' dir='ltr'><strong>et</strong></span> <span class='ocrx_word' id='word_1_254' title='bbox 825 2736 1140 2809; x_wconf 82' lang='lat' dir='ltr'><strong>sepulcrum.</strong></span> 
     </span>
    </p>
   </div>
   <div class='ocr_carea' id='block_1_43' title="bbox 249 2829 1730 2903">
    <p class='ocr_par' dir='ltr' id='par_1_43' title="bbox 249 2829 1730 2903">
     <span class='ocr_line' id='line_1_43' title="bbox 249 2829 1730 2903; baseline -0.001 -17"><span class='ocrx_word' id='word_1_255' title='bbox 249 2831 302 2886; x_wconf 82' lang='lat' dir='ltr'><strong>Et</strong></span> <span class='ocrx_word' id='word_1_256' title='bbox 326 2833 367 2888; x_wconf 89' lang='lat' dir='ltr'><strong>si</strong></span> <span class='ocrx_word' id='word_1_257' title='bbox 406 2832 586 2903; x_wconf 87' lang='lat' dir='ltr'><strong>aliqua</strong></span> <span class='ocrx_word' id='word_1_258' title='bbox 611 2832 881 2888; x_wconf 66' lang='lat' dir='ltr'><strong>haasitatio</strong></span> <span class='ocrx_word' id='word_1_259' title='bbox 909 2831 1061 2887; x_wconf 91' lang='lat' dir='ltr'><strong>vobis</strong></span> <span class='ocrx_word' id='word_1_260' title='bbox 1086 2833 1230 2887; x_wconf 90' lang='lat' dir='ltr'><strong>hunc</strong></span> <span class='ocrx_word' id='word_1_261' title='bbox 1255 2830 1627 2886; x_wconf 90' lang='lat' dir='ltr'><strong>Pontiﬁealem</strong></span> <span class='ocrx_word' id='word_1_262' title='bbox 1653 2829 1730 2885; x_wconf 74' lang='lat' dir='ltr'><strong>le-</strong></span> 
     </span>
    </p>
   </div>
   <div class='ocr_carea' id='block_1_44' title="bbox 188 2920 1732 2991">
    <p class='ocr_par' dir='ltr' id='par_1_44' title="bbox 188 2920 1732 2991">
     <span class='ocr_line' id='line_1_44' title="bbox 188 2920 1732 2991; baseline -0.003 -15"><span class='ocrx_word' id='word_1_263' title='bbox 188 2923 408 2991; x_wconf 79' lang='lat' dir='ltr'><strong>gentibus</strong></span> <span class='ocrx_word' id='word_1_264' title='bbox 432 2922 618 2988; x_wconf 79' lang='lat' dir='ltr'><strong>fuerit,</strong></span> <span class='ocrx_word' id='word_1_265' title='bbox 649 2931 705 2977; x_wconf 90' lang='lat' dir='ltr'><strong>et</strong></span> <span class='ocrx_word' id='word_1_266' title='bbox 726 2922 1005 2978; x_wconf 90' lang='lat' dir='ltr'><strong>volueritis</strong></span> <span class='ocrx_word' id='word_1_267' title='bbox 1030 2922 1304 2991; x_wconf 90' lang='lat' dir='ltr'><strong>inquirere</strong></span> <span class='ocrx_word' id='word_1_268' title='bbox 1325 2920 1567 2975; x_wconf 87' lang='lat' dir='ltr'><strong>dicentes</strong></span> <span class='ocrx_word' id='word_1_269' title='bbox 1588 2960 1603 2985; x_wconf 92' lang='lat'><strong>,</strong></span> <span class='ocrx_word' id='word_1_270' title='bbox 1631 2935 1732 2974; x_wconf 91' lang='lat' dir='ltr'><strong>cur</strong></span> 
     </span>
    </p>
   </div>
   <div class='ocr_carea' id='block_1_45' title="bbox 188 3011 1732 3083">
    <p class='ocr_par' dir='ltr' id='par_1_45' title="bbox 188 3011 1732 3083">
     <span class='ocr_line' id='line_1_45' title="bbox 188 3011 1732 3083; baseline -0.001 -15"><span class='ocrx_word' id='word_1_271' title='bbox 188 3027 279 3068; x_wconf 80' lang='lat' dir='ltr'><strong>non</strong></span> <span class='ocrx_word' id='word_1_272' title='bbox 316 3014 463 3069; x_wconf 88' lang='lat' dir='ltr'><strong>istius</strong></span> <span class='ocrx_word' id='word_1_273' title='bbox 497 3012 641 3069; x_wconf 83' lang='lat' dir='ltr'><strong>facta</strong></span> <span class='ocrx_word' id='word_1_274' title='bbox 668 3011 939 3083; x_wconf 90' lang='lat' dir='ltr'><strong>pontiﬁcis</strong></span> <span class='ocrx_word' id='word_1_275' title='bbox 968 3012 1232 3078; x_wconf 87' lang='lat' dir='ltr'><strong>narravit,</strong></span> <span class='ocrx_word' id='word_1_276' title='bbox 1262 3012 1403 3068; x_wconf 89' lang='lat' dir='ltr'><strong>sicut</strong></span> <span class='ocrx_word' id='word_1_277' title='bbox 1429 3012 1496 3067; x_wconf 91' lang='lat' dir='ltr'><strong>de</strong></span> <span class='ocrx_word' id='word_1_278' title='bbox 1521 3011 1732 3067; x_wconf 74' lang='lat' dir='ltr'><strong>czcteris</strong></span> 
     </span>
    </p>
   </div>
   <div class='ocr_carea' id='block_1_46' title="bbox 185 3101 1732 3176">
    <p class='ocr_par' dir='ltr' id='par_1_46' title="bbox 185 3101 1732 3176">
     <span class='ocr_line' id='line_1_46' title="bbox 185 3101 1732 3176; baseline -0.005 -13"><span class='ocrx_word' id='word_1_279' title='bbox 185 3107 675 3176; x_wconf 70' lang='lat' dir='ltr'><strong>pmdecessoribus,</strong></span> <span class='ocrx_word' id='word_1_280' title='bbox 728 3106 939 3171; x_wconf 85' lang='lat' dir='ltr'><strong>audite,</strong></span> <span class='ocrx_word' id='word_1_281' title='bbox 994 3105 1065 3160; x_wconf 89' lang='lat' dir='ltr'><strong>ob</strong></span> <span class='ocrx_word' id='word_1_282' title='bbox 1108 3106 1250 3159; x_wconf 87' lang='lat' dir='ltr'><strong>hanc</strong></span> <span class='ocrx_word' id='word_1_283' title='bbox 1291 3119 1529 3160; x_wconf 87' lang='lat' dir='ltr'><strong>causam.</strong></span> <span class='ocrx_word' id='word_1_284' title='bbox 1579 3101 1732 3157; x_wconf 84' lang='lat' dir='ltr'><strong>Nunc</strong></span> 
     </span>
    </p>
   </div>
   <div class='ocr_carea' id='block_1_47' title="bbox 183 3193 1762 3271">
    <p class='ocr_par' dir='ltr' id='par_1_47' title="bbox 183 3193 1762 3271">
     <span class='ocr_line' id='line_1_47' title="bbox 183 3193 1762 3271; baseline -0.005 -16"><span class='ocrx_word' id='word_1_285' title='bbox 183 3201 468 3270; x_wconf 71' lang='lat' dir='ltr'><strong>praedictum</strong></span> <span class='ocrx_word' id='word_1_286' title='bbox 520 3198 881 3271; x_wconf 89' lang='lat' dir='ltr'><strong>pontiﬁcalem</strong></span> <span class='ocrx_word' id='word_1_287' title='bbox 935 3214 966 3251; x_wconf 91' lang='lat' dir='ltr'><strong>a</strong></span> <span class='ocrx_word' id='word_1_288' title='bbox 1008 3205 1250 3268; x_wconf 87' lang='lat' dir='ltr'><strong>tempore</strong></span> <span class='ocrx_word' id='word_1_289' title='bbox 1297 3196 1359 3249; x_wconf 90' lang='grc' dir='ltr'><strong>Β.</strong></span> <span class='ocrx_word' id='word_1_290' title='bbox 1404 3193 1762 3265; x_wconf 58' lang='grc' dir='ltr'><strong>Αροιιίηίιτίερ</strong></span> 
     </span>
    </p>
   </div>
   <div class='ocr_carea' id='block_1_48' title="bbox 182 3284 1728 3359">
    <p class='ocr_par' dir='ltr' id='par_1_48' title="bbox 182 3284 1728 3359">
     <span class='ocr_line' id='line_1_48' title="bbox 182 3284 1728 3359; baseline -0.003 -15"><span class='ocrx_word' id='word_1_291' title='bbox 182 3299 291 3359; x_wconf 84' lang='lat' dir='ltr'><strong>post</strong></span> <span class='ocrx_word' id='word_1_292' title='bbox 314 3289 423 3359; x_wconf 84' lang='lat' dir='ltr'><strong>ejus</strong></span> <span class='ocrx_word' id='word_1_293' title='bbox 472 3290 753 3346; x_wconf 87' lang='lat' dir='ltr'><strong>decessum</strong></span> <span class='ocrx_word' id='word_1_294' title='bbox 793 3301 930 3358; x_wconf 90' lang='lat' dir='ltr'><strong>pene</strong></span> <span class='ocrx_word' id='word_1_295' title='bbox 978 3301 1146 3341; x_wconf 89' lang='lat' dir='ltr'><strong>annos</strong></span> <span class='ocrx_word' id='word_1_296' title='bbox 1197 3284 1323 3350; x_wconf 87' lang='lat'><strong>800,</strong></span> <span class='ocrx_word' id='word_1_297' title='bbox 1360 3294 1415 3340; x_wconf 87' lang='lat' dir='ltr'><strong>et</strong></span> <span class='ocrx_word' id='word_1_298' title='bbox 1468 3284 1728 3355; x_wconf 89' lang='lat' dir='ltr'><strong>amplius,</strong></span> 
     </span>
    </p>
   </div>
   <div class='ocr_carea' id='block_1_49' title="bbox 181 3379 1731 3454">
    <p class='ocr_par' dir='ltr' id='par_1_49' title="bbox 181 3379 1731 3454">
     <span class='ocr_line' id='line_1_49' title="bbox 181 3379 1731 3454; baseline -0.003 -18"><span class='ocrx_word' id='word_1_299' title='bbox 181 3396 272 3452; x_wconf 75' lang='lat' dir='ltr'><strong>ego</strong></span> <span class='ocrx_word' id='word_1_300' title='bbox 311 3382 581 3454; x_wconf 84' lang='lat' dir='ltr'><strong>Agnellus,</strong></span> <span class='ocrx_word' id='word_1_301' title='bbox 624 3382 717 3451; x_wconf 89' lang='lat' dir='ltr'><strong>qui</strong></span> <span class='ocrx_word' id='word_1_302' title='bbox 743 3390 798 3436; x_wconf 90' lang='lat' dir='ltr'><strong>et</strong></span> <span class='ocrx_word' id='word_1_303' title='bbox 835 3380 1078 3435; x_wconf 84' lang='lat' dir='ltr'><strong>Andreas</strong></span> <span class='ocrx_word' id='word_1_304' title='bbox 1103 3379 1328 3450; x_wconf 76' lang='lat' dir='ltr'><strong>exiguus</strong></span> <span class='ocrx_word' id='word_1_305' title='bbox 1370 3386 1569 3432; x_wconf 64' lang='lat' dir='ltr'><strong>sanctae</strong></span> <span class='ocrx_word' id='word_1_306' title='bbox 1598 3391 1731 3432; x_wconf 75' lang='lat' dir='ltr'><strong>mea:</strong></span> 
     </span>
    </p>
   </div>
   <div class='ocr_carea' id='block_1_50' title="bbox 183 3470 1732 3541">
    <p class='ocr_par' dir='ltr' id='par_1_50' title="bbox 183 3470 1732 3541">
     <span class='ocr_line' id='line_1_50' title="bbox 183 3470 1732 3541; baseline -0.003 -16"><span class='ocrx_word' id='word_1_307' title='bbox 183 3472 328 3541; x_wconf 81' lang='lat' dir='ltr'><strong>hujus</strong></span> <span class='ocrx_word' id='word_1_308' title='bbox 369 3473 694 3529; x_wconf 87' lang='lat' dir='ltr'><strong>Ravennatis</strong></span> <span class='ocrx_word' id='word_1_309' title='bbox 742 3471 986 3526; x_wconf 74' lang='lat' dir='ltr'><strong>ecclesia:</strong></span> <span class='ocrx_word' id='word_1_310' title='bbox 1032 3470 1315 3541; x_wconf 89' lang='lat' dir='ltr'><strong>presbyter</strong></span> <span class='ocrx_word' id='word_1_311' title='bbox 1364 3477 1620 3539; x_wconf 81' lang='lat' dir='ltr'><strong>rogatus,</strong></span> <span class='ocrx_word' id='word_1_312' title='bbox 1677 3474 1732 3522; x_wconf 92' lang='lat' dir='ltr'><strong>et</strong></span> 
     </span>
    </p>
   </div>
   <div class='ocr_carea' id='block_1_51' title="bbox 183 3558 1804 3632">
    <p class='ocr_par' dir='ltr' id='par_1_51' title="bbox 183 3558 1804 3632">
     <span class='ocr_line' id='line_1_51' title="bbox 183 3558 1804 3632; baseline -0.004 -15"><span class='ocrx_word' id='word_1_313' title='bbox 183 3575 384 3621; x_wconf 81' lang='lat' dir='ltr'><strong>coactus</strong></span> <span class='ocrx_word' id='word_1_314' title='bbox 417 3581 448 3619; x_wconf 88' lang='lat' dir='ltr'><strong>a</strong></span> <span class='ocrx_word' id='word_1_315' title='bbox 486 3563 748 3619; x_wconf 81' lang='lat' dir='ltr'><strong>fratribus</strong></span> <span class='ocrx_word' id='word_1_316' title='bbox 797 3561 968 3632; x_wconf 91' lang='lat' dir='ltr'><strong>ipsius</strong></span> <span class='ocrx_word' id='word_1_317' title='bbox 1009 3561 1155 3616; x_wconf 90' lang='lat' dir='ltr'><strong>sedis</strong></span> <span class='ocrx_word' id='word_1_318' title='bbox 1189 3559 1491 3628; x_wconf 88' lang='lat' dir='ltr'><strong>composui,</strong></span> <span class='ocrx_word' id='word_1_319' title='bbox 1539 3567 1596 3613; x_wconf 90' lang='lat' dir='ltr'><strong>et</strong></span> <span class='ocrx_word' id='word_1_320' title='bbox 1638 3558 1729 3612; x_wconf 88' lang='lat' dir='ltr'><strong>ubi</strong></span> <span class='ocrx_word' id='word_1_321' title='bbox 1758 3561 1804 3623; x_wconf 84' lang='lat' dir='ltr'>C</span> 
     </span>
    </p>
   </div>
   <div class='ocr_carea' id='block_1_52' title="bbox 182 3649 1733 3727">
    <p class='ocr_par' dir='ltr' id='par_1_52' title="bbox 182 3649 1733 3727">
     <span class='ocr_line' id='line_1_52' title="bbox 182 3649 1733 3727; baseline -0.001 -22"><span class='ocrx_word' id='word_1_322' title='bbox 182 3655 347 3711; x_wconf 85' lang='lat' dir='ltr'><strong>inveni</strong></span> <span class='ocrx_word' id='word_1_323' title='bbox 382 3658 509 3727; x_wconf 90' lang='lat' dir='ltr'><strong>quid</strong></span> <span class='ocrx_word' id='word_1_324' title='bbox 539 3655 614 3710; x_wconf 91' lang='lat' dir='ltr'><strong>illi</strong></span> <span class='ocrx_word' id='word_1_325' title='bbox 643 3654 845 3710; x_wconf 81' lang='lat' dir='ltr'><strong>certius</strong></span> <span class='ocrx_word' id='word_1_326' title='bbox 893 3652 1159 3717; x_wconf 82' lang='lat' dir='ltr'><strong>fecerunt,</strong></span> <span class='ocrx_word' id='word_1_327' title='bbox 1190 3650 1390 3705; x_wconf 86' lang='lat' dir='ltr'><strong>vestris</strong></span> <span class='ocrx_word' id='word_1_328' title='bbox 1426 3649 1733 3720; x_wconf 87' lang='lat' dir='ltr'><strong>aspectibus</strong></span> 
     </span>
    </p>
   </div>
   <div class='ocr_carea' id='block_1_53' title="bbox 181 3740 1731 3816">
    <p class='ocr_par' dir='ltr' id='par_1_53' title="bbox 181 3740 1731 3816">
     <span class='ocr_line' id='line_1_53' title="bbox 181 3740 1731 3816; baseline -0.001 -20"><span class='ocrx_word' id='word_1_329' title='bbox 181 3744 328 3800; x_wconf 78' lang='lat' dir='ltr'><strong>allata</strong></span> <span class='ocrx_word' id='word_1_330' title='bbox 357 3758 496 3813; x_wconf 87' lang='lat' dir='ltr'><strong>sunt,</strong></span> <span class='ocrx_word' id='word_1_331' title='bbox 526 3754 581 3802; x_wconf 90' lang='lat' dir='ltr'><strong>et</strong></span> <span class='ocrx_word' id='word_1_332' title='bbox 608 3745 752 3816; x_wconf 85' lang='lat' dir='ltr'><strong>quod</strong></span> <span class='ocrx_word' id='word_1_333' title='bbox 792 3758 889 3815; x_wconf 88' lang='lat' dir='ltr'><strong>per</strong></span> <span class='ocrx_word' id='word_1_334' title='bbox 934 3744 1176 3798; x_wconf 88' lang='lat' dir='ltr'><strong>seniores</strong></span> <span class='ocrx_word' id='word_1_335' title='bbox 1235 3750 1292 3797; x_wconf 89' lang='lat' dir='ltr'><strong>et</strong></span> <span class='ocrx_word' id='word_1_336' title='bbox 1325 3740 1591 3811; x_wconf 62' lang='lat' dir='ltr'><strong>longaevos</strong></span> <span class='ocrx_word' id='word_1_337' title='bbox 1632 3757 1731 3795; x_wconf 89' lang='lat' dir='ltr'><strong>au-</strong></span> 
     </span>
    </p>
   </div>
   <div class='ocr_carea' id='block_1_54' title="bbox 180 3831 1732 3905">
    <p class='ocr_par' dir='ltr' id='par_1_54' title="bbox 180 3831 1732 3905">
     <span class='ocr_line' id='line_1_54' title="bbox 180 3831 1732 3905; baseline -0.001 -17"><span class='ocrx_word' id='word_1_338' title='bbox 180 3835 305 3901; x_wconf 90' lang='lat' dir='ltr'><strong>divi,</strong></span> <span class='ocrx_word' id='word_1_339' title='bbox 334 3839 524 3893; x_wconf 87' lang='lat' dir='ltr'><strong>vestris</strong></span> <span class='ocrx_word' id='word_1_340' title='bbox 548 3836 720 3892; x_wconf 90' lang='lat' dir='ltr'><strong>oculis</strong></span> <span class='ocrx_word' id='word_1_341' title='bbox 746 3850 854 3890; x_wconf 90' lang='lat' dir='ltr'><strong>non</strong></span> <span class='ocrx_word' id='word_1_342' title='bbox 889 3833 1222 3889; x_wconf 80' lang='lat' dir='ltr'><strong>defraudavi.</strong></span> <span class='ocrx_word' id='word_1_343' title='bbox 1254 3831 1355 3888; x_wconf 89' lang='lat' dir='ltr'><strong>Ubi</strong></span> <span class='ocrx_word' id='word_1_344' title='bbox 1386 3832 1475 3905; x_wconf 78' lang='lat' dir='ltr'><strong>[Et</strong></span> <span class='ocrx_word' id='word_1_345' title='bbox 1498 3832 1614 3905; x_wconf 81' lang='lat' dir='ltr'><strong>ubi]</strong></span> <span class='ocrx_word' id='word_1_346' title='bbox 1647 3832 1732 3887; x_wconf 86' lang='lat' dir='ltr'><strong>hi-</strong></span> 
     </span>
    </p>
   </div>
   <div class='ocr_carea' id='block_1_55' title="bbox 180 3926 1731 3999">
    <p class='ocr_par' dir='ltr' id='par_1_55' title="bbox 180 3926 1731 3999">
     <span class='ocr_line' id='line_1_55' title="bbox 180 3926 1731 3999; baseline 0.001 -19"><span class='ocrx_word' id='word_1_347' title='bbox 180 3930 387 3984; x_wconf 87' lang='lat' dir='ltr'><strong>storiam</strong></span> <span class='ocrx_word' id='word_1_348' title='bbox 419 3945 522 3985; x_wconf 88' lang='lat' dir='ltr'><strong>non</strong></span> <span class='ocrx_word' id='word_1_349' title='bbox 551 3929 748 3993; x_wconf 86' lang='lat' dir='ltr'><strong>inveni,</strong></span> <span class='ocrx_word' id='word_1_350' title='bbox 781 3936 874 3983; x_wconf 91' lang='lat' dir='ltr'><strong>aut</strong></span> <span class='ocrx_word' id='word_1_351' title='bbox 898 3926 1131 3999; x_wconf 87' lang='lat' dir='ltr'><strong>qualiter</strong></span> <span class='ocrx_word' id='word_1_352' title='bbox 1156 3942 1343 3982; x_wconf 92' lang='lat' dir='ltr'><strong>eorum</strong></span> <span class='ocrx_word' id='word_1_353' title='bbox 1374 3927 1496 3982; x_wconf 85' lang='lat' dir='ltr'><strong>Vita</strong></span> <span class='ocrx_word' id='word_1_354' title='bbox 1520 3927 1731 3993; x_wconf 82' lang='lat' dir='ltr'><strong>fuisset,</strong></span> 
     </span>
    </p>
   </div>
   <div class='ocr_carea' id='block_1_56' title="bbox 178 4017 1736 4089">
    <p class='ocr_par' dir='ltr' id='par_1_56' title="bbox 178 4017 1736 4089">
     <span class='ocr_line' id='line_1_56' title="bbox 178 4017 1736 4089; baseline 0 -18"><span class='ocrx_word' id='word_1_355' title='bbox 178 4033 274 4073; x_wconf 90' lang='lat' dir='ltr'><strong>nec</strong></span> <span class='ocrx_word' id='word_1_356' title='bbox 312 4036 403 4089; x_wconf 85' lang='lat' dir='ltr'><strong>per</strong></span> <span class='ocrx_word' id='word_1_357' title='bbox 426 4034 663 4075; x_wconf 87' lang='lat' dir='ltr'><strong>annosus</strong></span> <span class='ocrx_word' id='word_1_358' title='bbox 709 4028 761 4074; x_wconf 88' lang='lat' dir='ltr'><strong>et</strong></span> <span class='ocrx_word' id='word_1_359' title='bbox 806 4027 1047 4074; x_wconf 87' lang='lat' dir='ltr'><strong>vetustos</strong></span> <span class='ocrx_word' id='word_1_360' title='bbox 1092 4017 1368 4082; x_wconf 87' lang='lat' dir='ltr'><strong>homines,</strong></span> <span class='ocrx_word' id='word_1_361' title='bbox 1422 4033 1598 4086; x_wconf 89' lang='lat' dir='ltr'><strong>neque</strong></span> <span class='ocrx_word' id='word_1_362' title='bbox 1638 4032 1736 4087; x_wconf 87' lang='lat' dir='ltr'><strong>per</strong></span> 
     </span>
    </p>
   </div>
   <div class='ocr_carea' id='block_1_57' title="bbox 176 4109 1729 4186">
    <p class='ocr_par' dir='ltr' id='par_1_57' title="bbox 176 4109 1729 4186">
     <span class='ocr_line' id='line_1_57' title="bbox 176 4109 1729 4186; baseline -0.003 -20"><span class='ocrx_word' id='word_1_363' title='bbox 176 4112 597 4180; x_wconf 70' lang='lat' dir='ltr'><strong>aediﬁcationem,</strong></span> <span class='ocrx_word' id='word_1_364' title='bbox 645 4125 819 4182; x_wconf 83' lang='lat' dir='ltr'><strong>neque</strong></span> <span class='ocrx_word' id='word_1_365' title='bbox 860 4126 962 4182; x_wconf 88' lang='lat' dir='ltr'><strong>per</strong></span> <span class='ocrx_word' id='word_1_366' title='bbox 1006 4110 1309 4180; x_wconf 81' lang='lat' dir='ltr'><strong>quamlibet</strong></span> <span class='ocrx_word' id='word_1_367' title='bbox 1329 4109 1729 4186; x_wconf 59' lang='lat' dir='ltr'><strong>auctoritatem,</strong></span> 
     </span>
    </p>
   </div>
   <div class='ocr_carea' id='block_1_58' title="bbox 181 4198 1734 4271">
    <p class='ocr_par' dir='ltr' id='par_1_58' title="bbox 181 4198 1734 4271">
     <span class='ocr_line' id='line_1_58' title="bbox 181 4198 1734 4271; baseline -0.002 -16"><span class='ocrx_word' id='word_1_368' title='bbox 181 4217 246 4256; x_wconf 89' lang='lat' dir='ltr'><strong>ne</strong></span> <span class='ocrx_word' id='word_1_369' title='bbox 274 4204 606 4259; x_wconf 86' lang='lat' dir='ltr'><strong>intervallum</strong></span> <span class='ocrx_word' id='word_1_370' title='bbox 649 4212 959 4258; x_wconf 88' lang='lat' dir='ltr'><strong>sanctorum</strong></span> <span class='ocrx_word' id='word_1_371' title='bbox 988 4199 1302 4271; x_wconf 87' lang='lat' dir='ltr'><strong>pontiﬁcum</strong></span> <span class='ocrx_word' id='word_1_372' title='bbox 1332 4198 1506 4264; x_wconf 89' lang='lat' dir='ltr'><strong>ﬁeret,</strong></span> <span class='ocrx_word' id='word_1_373' title='bbox 1536 4212 1734 4253; x_wconf 87' lang='lat' dir='ltr'><strong>secun-</strong></span> 
     </span>
    </p>
   </div>
   <div class='ocr_carea' id='block_1_59' title="bbox 180 4292 1736 4365">
    <p class='ocr_par' dir='ltr' id='par_1_59' title="bbox 180 4292 1736 4365">
     <span class='ocr_line' id='line_1_59' title="bbox 180 4292 1736 4365; baseline -0.002 -18"><span class='ocrx_word' id='word_1_374' title='bbox 180 4294 303 4349; x_wconf 85' lang='lat' dir='ltr'><strong>dum</strong></span> <span class='ocrx_word' id='word_1_375' title='bbox 320 4297 577 4359; x_wconf 87' lang='lat' dir='ltr'><strong>ordinem,</strong></span> <span class='ocrx_word' id='word_1_376' title='bbox 597 4294 864 4365; x_wconf 87' lang='lat' dir='ltr'><strong>quomodo</strong></span> <span class='ocrx_word' id='word_1_377' title='bbox 882 4309 1023 4350; x_wconf 90' lang='lat' dir='ltr'><strong>unus</strong></span> <span class='ocrx_word' id='word_1_378' title='bbox 1047 4302 1169 4363; x_wconf 88' lang='lat' dir='ltr'><strong>post</strong></span> <span class='ocrx_word' id='word_1_379' title='bbox 1186 4293 1350 4348; x_wconf 89' lang='lat' dir='ltr'><strong>alium</strong></span> <span class='ocrx_word' id='word_1_380' title='bbox 1379 4293 1520 4347; x_wconf 90' lang='lat' dir='ltr'><strong>hanc</strong></span> <span class='ocrx_word' id='word_1_381' title='bbox 1552 4292 1736 4348; x_wconf 87' lang='lat' dir='ltr'><strong>sedem</strong></span> 
     </span>
    </p>
   </div>
   <div class='ocr_carea' id='block_1_60' title="bbox 179 4384 1735 4456">
    <p class='ocr_par' dir='ltr' id='par_1_60' title="bbox 179 4384 1735 4456">
     <span class='ocr_line' id='line_1_60' title="bbox 179 4384 1735 4456; baseline 0.001 -17"><span class='ocrx_word' id='word_1_382' title='bbox 179 4385 533 4456; x_wconf 86' lang='lat' dir='ltr'><strong>obtinuerunt,</strong></span> <span class='ocrx_word' id='word_1_383' title='bbox 579 4388 778 4445; x_wconf 88' lang='lat' dir='ltr'><strong>vestris</strong></span> <span class='ocrx_word' id='word_1_384' title='bbox 816 4386 1153 4443; x_wconf 90' lang='lat' dir='ltr'><strong>orationibus</strong></span> <span class='ocrx_word' id='word_1_385' title='bbox 1177 4400 1264 4441; x_wconf 92' lang='lat' dir='ltr'><strong>me</strong></span> <span class='ocrx_word' id='word_1_386' title='bbox 1293 4386 1403 4441; x_wconf 90' lang='lat' dir='ltr'><strong>Deo</strong></span> <span class='ocrx_word' id='word_1_387' title='bbox 1430 4384 1735 4456; x_wconf 79' lang='lat' dir='ltr'><strong>adiuvante,</strong></span> 
     </span>
    </p>
   </div>
   <div class='ocr_carea' id='block_1_61' title="bbox 180 4474 1736 4549">
    <p class='ocr_par' dir='ltr' id='par_1_61' title="bbox 180 4474 1736 4549">
     <span class='ocr_line' id='line_1_61' title="bbox 180 4474 1736 4549; baseline 0.003 -22"><span class='ocrx_word' id='word_1_388' title='bbox 180 4474 384 4533; x_wconf 88' lang='lat' dir='ltr'><strong>illorum</strong></span> <span class='ocrx_word' id='word_1_389' title='bbox 404 4480 566 4534; x_wconf 83' lang='lat' dir='ltr'><strong>vitam</strong></span> <span class='ocrx_word' id='word_1_390' title='bbox 589 4480 892 4549; x_wconf 89' lang='lat' dir='ltr'><strong>composui,</strong></span> <span class='ocrx_word' id='word_1_391' title='bbox 906 4486 960 4534; x_wconf 91' lang='lat' dir='ltr'><strong>et</strong></span> <span class='ocrx_word' id='word_1_392' title='bbox 978 4478 1140 4533; x_wconf 88' lang='lat' dir='ltr'><strong>credo</strong></span> <span class='ocrx_word' id='word_1_393' title='bbox 1162 4493 1266 4531; x_wconf 90' lang='lat' dir='ltr'><strong>non</strong></span> <span class='ocrx_word' id='word_1_394' title='bbox 1292 4477 1574 4532; x_wconf 88' lang='lat' dir='ltr'><strong>mentitum</strong></span> <span class='ocrx_word' id='word_1_395' title='bbox 1596 4492 1736 4541; x_wconf 89' lang='lat' dir='ltr'><strong>esse,</strong></span> 
     </span>
    </p>
   </div>
   <div class='ocr_carea' id='block_1_62' title="bbox 178 4567 1738 4639">
    <p class='ocr_par' dir='ltr' id='par_1_62' title="bbox 178 4567 1738 4639">
     <span class='ocr_line' id='line_1_62' title="bbox 178 4567 1738 4639; baseline 0.001 -19"><span class='ocrx_word' id='word_1_396' title='bbox 178 4570 300 4635; x_wconf 88' lang='lat' dir='ltr'><strong>quia</strong></span> <span class='ocrx_word' id='word_1_397' title='bbox 326 4579 380 4623; x_wconf 88' lang='lat' dir='ltr'><strong>et</strong></span> <span class='ocrx_word' id='word_1_398' title='bbox 413 4580 658 4626; x_wconf 89' lang='lat' dir='ltr'><strong>oratores</strong></span> <span class='ocrx_word' id='word_1_399' title='bbox 704 4568 949 4634; x_wconf 82' lang='lat' dir='ltr'><strong>luerunt,</strong></span> <span class='ocrx_word' id='word_1_400' title='bbox 974 4569 1220 4639; x_wconf 88' lang='lat' dir='ltr'><strong>castique</strong></span> <span class='ocrx_word' id='word_1_401' title='bbox 1246 4577 1302 4623; x_wconf 87' lang='lat' dir='ltr'><strong>et</strong></span> <span class='ocrx_word' id='word_1_402' title='bbox 1330 4567 1738 4638; x_wconf 81' lang='lat' dir='ltr'><strong>eleemosynarii</strong></span> 
     </span>
    </p>
   </div>
   <div class='ocr_carea' id='block_1_63' title="bbox 178 4659 1736 4741">
    <p class='ocr_par' dir='ltr' id='par_1_63' title="bbox 178 4659 1736 4741">
     <span class='ocr_line' id='line_1_63' title="bbox 178 4659 1736 4741; baseline 0.002 -31"><span class='ocrx_word' id='word_1_403' title='bbox 178 4669 233 4711; x_wconf 84' lang='lat' dir='ltr'><strong>et</strong></span> <span class='ocrx_word' id='word_1_404' title='bbox 264 4660 375 4717; x_wconf 86' lang='lat' dir='ltr'><strong>Deo</strong></span> <span class='ocrx_word' id='word_1_405' title='bbox 401 4664 610 4718; x_wconf 88' lang='lat' dir='ltr'><strong>animas</strong></span> <span class='ocrx_word' id='word_1_406' title='bbox 642 4660 991 4741; x_wconf 82' lang='lat' dir='ltr'><strong>[animarum]</strong></span> <span class='ocrx_word' id='word_1_407' title='bbox 1033 4661 1311 4715; x_wconf 90' lang='lat' dir='ltr'><strong>hominum</strong></span> <span class='ocrx_word' id='word_1_408' title='bbox 1356 4659 1736 4729; x_wconf 89' lang='lat' dir='ltr'><strong>adquisitores.</strong></span> 
     </span>
    </p>
   </div>
   <div class='ocr_carea' id='block_1_64' title="bbox 181 4750 1742 4825">
    <p class='ocr_par' dir='ltr' id='par_1_64' title="bbox 181 4750 1742 4825">
     <span class='ocr_line' id='line_1_64' title="bbox 181 4750 1742 4825; baseline -0.001 -18"><span class='ocrx_word' id='word_1_409' title='bbox 181 4750 253 4807; x_wconf 86' lang='lat' dir='ltr'><strong>De</strong></span> <span class='ocrx_word' id='word_1_410' title='bbox 278 4770 405 4811; x_wconf 89' lang='lat' dir='ltr'><strong>vero</strong></span> <span class='ocrx_word' id='word_1_411' title='bbox 432 4755 644 4812; x_wconf 87' lang='lat' dir='ltr'><strong>illorum</strong></span> <span class='ocrx_word' id='word_1_412' title='bbox 671 4754 844 4825; x_wconf 86' lang='lat' dir='ltr'><strong>eﬁigie</strong></span> <span class='ocrx_word' id='word_1_413' title='bbox 870 4754 914 4810; x_wconf 92' lang='lat' dir='ltr'><strong>si</strong></span> <span class='ocrx_word' id='word_1_414' title='bbox 960 4754 1098 4809; x_wconf 80' lang='lat' dir='ltr'><strong>forte</strong></span> <span class='ocrx_word' id='word_1_415' title='bbox 1126 4754 1388 4825; x_wconf 86' lang='lat' dir='ltr'><strong>cogitatur</strong></span> <span class='ocrx_word' id='word_1_416' title='bbox 1415 4752 1576 4806; x_wconf 89' lang='lat' dir='ltr'><strong>fuerit</strong></span> <span class='ocrx_word' id='word_1_417' title='bbox 1602 4753 1742 4806; x_wconf 89' lang='lat' dir='ltr'><strong>inter</strong></span> 
     </span>
    </p>
   </div>
   <div class='ocr_carea' id='block_1_65' title="bbox 185 4841 1741 4915">
    <p class='ocr_par' dir='ltr' id='par_1_65' title="bbox 185 4841 1741 4915">
     <span class='ocr_line' id='line_1_65' title="bbox 185 4841 1741 4915; baseline -0.001 -18"><span class='ocrx_word' id='word_1_418' title='bbox 185 4856 296 4908; x_wconf 84' lang='lat' dir='ltr'><strong>vos,</strong></span> <span class='ocrx_word' id='word_1_419' title='bbox 322 4847 586 4915; x_wconf 73' lang='lat' dir='ltr'><strong>quomodo</strong></span> <span class='ocrx_word' id='word_1_420' title='bbox 613 4845 755 4901; x_wconf 88' lang='lat' dir='ltr'><strong>seire</strong></span> <span class='ocrx_word' id='word_1_421' title='bbox 782 4845 961 4914; x_wconf 86' lang='lat' dir='ltr'><strong>potui;</strong></span> <span class='ocrx_word' id='word_1_422' title='bbox 1011 4844 1216 4908; x_wconf 90' lang='lat' dir='ltr'><strong>sciatis,</strong></span> <span class='ocrx_word' id='word_1_423' title='bbox 1245 4842 1387 4913; x_wconf 85' lang='lat' dir='ltr'><strong>quod</strong></span> <span class='ocrx_word' id='word_1_424' title='bbox 1424 4856 1510 4896; x_wconf 90' lang='lat' dir='ltr'><strong>me</strong></span> <span class='ocrx_word' id='word_1_425' title='bbox 1531 4841 1741 4912; x_wconf 88' lang='lat' dir='ltr'><strong>pictura</strong></span> 
     </span>
    </p>
   </div>
   <div class='ocr_carea' id='block_1_66' title="bbox 1828 2258 3397 2326">
    <p class='ocr_par' dir='ltr' id='par_1_66' title="bbox 1828 2258 3397 2326">
     <span class='ocr_line' id='line_1_66' title="bbox 1828 2258 3397 2326; baseline -0.001 -7"><span class='ocrx_word' id='word_1_426' title='bbox 1828 2258 2155 2321; x_wconf 78' lang='lat' dir='ltr'><strong>subdiacono</strong></span> <span class='ocrx_word' id='word_1_427' title='bbox 2186 2258 2341 2316; x_wconf 82' lang='lat' dir='ltr'><strong>istius</strong></span> <span class='ocrx_word' id='word_1_428' title='bbox 2371 2268 2571 2313; x_wconf 72' lang='lat' dir='ltr'><strong>saneta:</strong></span> <span class='ocrx_word' id='word_1_429' title='bbox 2600 2258 3183 2326; x_wconf 48' lang='lat' dir='ltr'><strong>Ravennae—Ecclesiae,</strong></span> <span class='ocrx_word' id='word_1_430' title='bbox 3212 2270 3266 2318; x_wconf 90' lang='lat' dir='ltr'><strong>et</strong></span> <span class='ocrx_word' id='word_1_431' title='bbox 3308 2278 3397 2318; x_wconf 87' lang='lat' dir='ltr'><strong>re—</strong></span> 
     </span>
    </p>
   </div>
   <div class='ocr_carea' id='block_1_67' title="bbox 1828 2329 3398 2389">
    <p class='ocr_par' dir='ltr' id='par_1_67' title="bbox 1828 2329 3398 2389">
     <span class='ocr_line' id='line_1_67' title="bbox 1828 2329 3398 2389; baseline -0.001 0"><span class='ocrx_word' id='word_1_432' title='bbox 1828 2344 1977 2389; x_wconf 88' lang='lat' dir='ltr'><strong>cture</strong></span> <span class='ocrx_word' id='word_1_433' title='bbox 2008 2332 2203 2387; x_wconf 78' lang='lat' dir='ltr'><strong>Sicilia:</strong></span> <span class='ocrx_word' id='word_1_434' title='bbox 2239 2338 2549 2385; x_wconf 87' lang='lat' dir='ltr'><strong>construela</strong></span> <span class='ocrx_word' id='word_1_435' title='bbox 2576 2337 2681 2389; x_wconf 86' lang='lat' dir='ltr'><strong>est.</strong></span> <span class='ocrx_word' id='word_1_436' title='bbox 2711 2337 2767 2383; x_wconf 92' lang='lat' dir='ltr'><strong>et</strong></span> <span class='ocrx_word' id='word_1_437' title='bbox 2799 2329 3024 2386; x_wconf 76' lang='lat' dir='ltr'><strong>multant</strong></span> <span class='ocrx_word' id='word_1_438' title='bbox 3045 2348 3163 2387; x_wconf 91' lang='lat' dir='ltr'><strong>eam</strong></span> <span class='ocrx_word' id='word_1_439' title='bbox 3205 2334 3398 2388; x_wconf 86' lang='lat' dir='ltr'><strong>ditavit</strong></span> 
     </span>
    </p>
   </div>
   <div class='ocr_carea' id='block_1_68' title="bbox 1829 2399 3401 2471">
    <p class='ocr_par' dir='ltr' id='par_1_68' title="bbox 1829 2399 3401 2471">
     <span class='ocr_line' id='line_1_68' title="bbox 1829 2399 3401 2471; baseline 0 -13"><span class='ocrx_word' id='word_1_440' title='bbox 1829 2405 1884 2459; x_wconf 92' lang='lat' dir='ltr'><strong>in</strong></span> <span class='ocrx_word' id='word_1_441' title='bbox 1925 2418 2056 2457; x_wconf 90' lang='lat' dir='ltr'><strong>auro</strong></span> <span class='ocrx_word' id='word_1_442' title='bbox 2102 2409 2463 2471; x_wconf 80' lang='lat' dir='ltr'><strong>argentoque,</strong></span> <span class='ocrx_word' id='word_1_443' title='bbox 2497 2408 2550 2454; x_wconf 92' lang='lat' dir='ltr'><strong>et</strong></span> <span class='ocrx_word' id='word_1_444' title='bbox 2578 2399 2765 2469; x_wconf 87' lang='lat' dir='ltr'><strong>palleis</strong></span> <span class='ocrx_word' id='word_1_445' title='bbox 2806 2402 2997 2465; x_wconf 89' lang='lat' dir='ltr'><strong>sacris,</strong></span> <span class='ocrx_word' id='word_1_446' title='bbox 3042 2410 3097 2456; x_wconf 89' lang='lat' dir='ltr'><strong>et</strong></span> <span class='ocrx_word' id='word_1_447' title='bbox 3122 2403 3401 2458; x_wconf 89' lang='lat' dir='ltr'><strong>civitatem</strong></span> 
     </span>
    </p>
   </div>
   <div class='ocr_carea' id='block_1_69' title="bbox 1827 2471 3401 2555">
    <p class='ocr_par' dir='ltr' id='par_1_69' title="bbox 1827 2471 3401 2555">
     <span class='ocr_line' id='line_1_69' title="bbox 1827 2471 3401 2555; baseline -0.001 -26"><span class='ocrx_word' id='word_1_448' title='bbox 1827 2475 2151 2555; x_wconf 80' lang='lat' dir='ltr'><strong>Argenteam</strong></span> <span class='ocrx_word' id='word_1_449' title='bbox 2178 2474 2231 2525; x_wconf 92' lang='lat' dir='ltr'><strong>in</strong></span> <span class='ocrx_word' id='word_1_450' title='bbox 2250 2485 2505 2555; x_wconf 80' lang='lat' dir='ltr'><strong>processu</strong></span> <span class='ocrx_word' id='word_1_451' title='bbox 2528 2471 2835 2555; x_wconf 52' lang='grc' dir='ltr'><strong>ροηειηξξὶῑ</strong></span> <span class='ocrx_word' id='word_1_452' title='bbox 2853 2472 3048 2555; x_wconf 83' lang='lat' dir='ltr'><strong>natalis</strong></span> <span class='ocrx_word' id='word_1_453' title='bbox 3067 2473 3233 2555; x_wconf 78' lang='lat' dir='ltr'><strong>ipsius</strong></span> <span class='ocrx_word' id='word_1_454' title='bbox 3253 2489 3401 2555; x_wconf 60' lang='lat' dir='ltr'><strong>uiar—</strong></span> 
     </span>
    </p>
   </div>
   <div class='ocr_carea' id='block_1_70' title="bbox 1831 2541 3399 2615">
    <p class='ocr_par' dir='ltr' id='par_1_70' title="bbox 1831 2541 3399 2615">
     <span class='ocr_line' id='line_1_70' title="bbox 1831 2541 3399 2615; baseline 0 -17"><span class='ocrx_word' id='word_1_455' title='bbox 1831 2541 1985 2615; x_wconf 78' lang='lat' dir='ltr'><strong>tyris,</strong></span> <span class='ocrx_word' id='word_1_456' title='bbox 2015 2552 2071 2597; x_wconf 92' lang='lat' dir='ltr'><strong>et</strong></span> <span class='ocrx_word' id='word_1_457' title='bbox 2099 2558 2266 2615; x_wconf 84' lang='lat' dir='ltr'><strong>usque</strong></span> <span class='ocrx_word' id='word_1_458' title='bbox 2294 2541 2503 2615; x_wconf 73' lang='lat' dir='ltr'><strong>nostris</strong></span> <span class='ocrx_word' id='word_1_459' title='bbox 2527 2541 2857 2615; x_wconf 79' lang='lat' dir='ltr'><strong>temporibus</strong></span> <span class='ocrx_word' id='word_1_460' title='bbox 2886 2543 3217 2615; x_wconf 82' lang='lat' dir='ltr'><strong>perduravit.</strong></span> <span class='ocrx_word' id='word_1_461' title='bbox 3248 2562 3266 2595; x_wconf 74' lang='grc' dir='ltr'><strong><em>ι</em></strong></span> <span class='ocrx_word' id='word_1_462' title='bbox 3293 2543 3399 2598; x_wconf 83' lang='lat' dir='ltr'><strong>Fa-</strong></span> 
     </span>
    </p>
   </div>
   <div class='ocr_carea' id='block_1_71' title="bbox 1829 2610 3402 2685">
    <p class='ocr_par' dir='ltr' id='par_1_71' title="bbox 1829 2610 3402 2685">
     <span class='ocr_line' id='line_1_71' title="bbox 1829 2610 3402 2685; baseline 0.001 -17"><span class='ocrx_word' id='word_1_463' title='bbox 1829 2610 1948 2669; x_wconf 79' lang='lat' dir='ltr'><strong>teor</strong></span> <span class='ocrx_word' id='word_1_464' title='bbox 1986 2629 2071 2667; x_wconf 90' lang='lat' dir='ltr'><strong>me</strong></span> <span class='ocrx_word' id='word_1_465' title='bbox 2098 2610 2205 2685; x_wconf 79' lang='lat' dir='ltr'><strong>hic</strong></span> <span class='ocrx_word' id='word_1_466' title='bbox 2257 2611 2332 2665; x_wconf 90' lang='lat' dir='ltr'><strong>nil</strong></span> <span class='ocrx_word' id='word_1_467' title='bbox 2371 2610 2949 2685; x_wconf 63' lang='lat' dir='ltr'><strong>soiiduin_\&#39;idere,_eui</strong></span> <span class='ocrx_word' id='word_1_468' title='bbox 2996 2621 3402 2685; x_wconf 90' lang='lat' dir='ltr'><strong>superstruatur</strong></span> 
     </span>
    </p>
   </div>
   <div class='ocr_carea' id='block_1_72' title="bbox 1830 2680 3405 2752">
    <p class='ocr_par' dir='ltr' id='par_1_72' title="bbox 1830 2680 3405 2752">
     <span class='ocr_line' id='line_1_72' title="bbox 1830 2680 3405 2752; baseline 0.001 -15"><span class='ocrx_word' id='word_1_469' title='bbox 1830 2692 2035 2739; x_wconf 84' lang='lat' dir='ltr'><strong>asserta</strong></span> <span class='ocrx_word' id='word_1_470' title='bbox 2081 2684 2332 2752; x_wconf 70' lang='lat' dir='ltr'><strong>Argenta:</strong></span> <span class='ocrx_word' id='word_1_471' title='bbox 2372 2680 2675 2752; x_wconf 72' lang='lat' dir='ltr'><strong>aediﬁcatio.</strong></span> <span class='ocrx_word' id='word_1_472' title='bbox 2715 2680 2926 2736; x_wconf 81' lang='lat' dir='ltr'><strong>Etenim</strong></span> <span class='ocrx_word' id='word_1_473' title='bbox 2972 2698 3038 2738; x_wconf 84' lang='lat' dir='ltr'><strong>ex</strong></span> <span class='ocrx_word' id='word_1_474' title='bbox 3062 2680 3186 2752; x_wconf 64' lang='lat' dir='ltr'><strong>&#39;quo</strong></span> <span class='ocrx_word' id='word_1_475' title='bbox 3231 2684 3405 2739; x_wconf 87' lang='lat' dir='ltr'><strong>altero</strong></span> 
     </span>
    </p>
   </div>
   <div class='ocr_carea' id='block_1_73' title="bbox 1831 2751 3399 2823">
    <p class='ocr_par' dir='ltr' id='par_1_73' title="bbox 1831 2751 3399 2823">
     <span class='ocr_line' id='line_1_73' title="bbox 1831 2751 3399 2823; baseline -0.001 -14"><span class='ocrx_word' id='word_1_476' title='bbox 1831 2755 2095 2823; x_wconf 90' lang='lat' dir='ltr'><strong>scriptore</strong></span> <span class='ocrx_word' id='word_1_477' title='bbox 2117 2751 2361 2820; x_wconf 81' lang='lat' dir='ltr'><strong>antiquo,</strong></span> <span class='ocrx_word' id='word_1_478' title='bbox 2392 2751 2748 2805; x_wconf 82' lang='lat' dir='ltr'><strong>recentiorive</strong></span> <span class='ocrx_word' id='word_1_479' title='bbox 2774 2752 3026 2820; x_wconf 84' lang='lat' dir='ltr'><strong>uppidum</strong></span> <span class='ocrx_word' id='word_1_480' title='bbox 3054 2752 3182 2807; x_wconf 91' lang='lat' dir='ltr'><strong>illud</strong></span> <span class='ocrx_word' id='word_1_481' title='bbox 3208 2754 3399 2808; x_wconf 87' lang='lat' dir='ltr'><strong>civita-</strong></span> 
     </span>
    </p>
   </div>
   <div class='ocr_carea' id='block_1_74' title="bbox 1835 2823 3407 2894">
    <p class='ocr_par' dir='ltr' id='par_1_74' title="bbox 1835 2823 3407 2894">
     <span class='ocr_line' id='line_1_74' title="bbox 1835 2823 3407 2894; baseline -0.002 -15"><span class='ocrx_word' id='word_1_482' title='bbox 1835 2825 1906 2879; x_wconf 85' lang='lat' dir='ltr'><strong>tis</strong></span> <span class='ocrx_word' id='word_1_483' title='bbox 1928 2823 2145 2894; x_wconf 86' lang='lat' dir='ltr'><strong>numine</strong></span> <span class='ocrx_word' id='word_1_484' title='bbox 2165 2830 2532 2894; x_wconf 78' lang='lat' dir='ltr'><strong>nuncupatum</strong></span> <span class='ocrx_word' id='word_1_485' title='bbox 2557 2836 2848 2894; x_wconf 73' lang='lat' dir='ltr'><strong>agnoscere</strong></span> <span class='ocrx_word' id='word_1_486' title='bbox 2867 2824 3184 2894; x_wconf 86' lang='lat' dir='ltr'><strong>possumus?</strong></span> <span class='ocrx_word' id='word_1_487' title='bbox 3211 2824 3407 2894; x_wconf 86' lang='lat' dir='ltr'><strong>Agnel-</strong></span> 
     </span>
    </p>
   </div>
   <div class='ocr_carea' id='block_1_75' title="bbox 1835 2889 3404 3013">
    <p class='ocr_par' dir='ltr' id='par_1_75' title="bbox 1835 2889 3404 3013">
     <span class='ocr_line' id='line_1_75' title="bbox 1835 2889 3404 3013; baseline 0 -66"><span class='ocrx_word' id='word_1_488' title='bbox 1835 2894 1920 2949; x_wconf 91' lang='lat' dir='ltr'><strong>lus</strong></span> <span class='ocrx_word' id='word_1_489' title='bbox 1956 2894 2070 2963; x_wconf 89' lang='lat' dir='ltr'><strong>ipse</strong></span> <span class='ocrx_word' id='word_1_490' title='bbox 2099 2892 2236 2946; x_wconf 82' lang='lat' dir='ltr'><strong>infra</strong></span> <span class='ocrx_word' id='word_1_491' title='bbox 2266 2892 2318 2945; x_wconf 92' lang='lat' dir='ltr'><strong>in</strong></span> <span class='ocrx_word' id='word_1_492' title='bbox 2346 2891 2467 2945; x_wconf 83' lang='lat' dir='ltr'><strong>Vita</strong></span> <span class='ocrx_word' id='word_1_493' title='bbox 2496 2889 2703 2959; x_wconf 85' lang='lat' dir='ltr'><strong>Agnelli</strong></span> <span class='ocrx_word' id='word_1_494' title='bbox 2733 2892 2971 3013; x_wconf 56' lang='lat' dir='ltr'><strong>episcopi</strong></span> <span class='ocrx_word' id='word_1_495' title='bbox 3001 2889 3294 2962; x_wconf 74' lang='lat' dir='ltr'><strong>Argentum</strong></span> <span class='ocrx_word' id='word_1_496' title='bbox 3318 2895 3404 2965; x_wconf 79' lang='lat' dir='ltr'><strong>ip-</strong></span> 
     </span>
     <span class='ocr_line' id='line_1_76' title="bbox 1840 2960 3404 3013; baseline 0 0"><span class='ocrx_word' id='word_1_497' title='bbox 1840 2979 1956 3013; x_wconf 84' lang='lat' dir='ltr'><strong>sam</strong></span> <span class='ocrx_word' id='word_1_498' title='bbox 2002 2962 2112 3013; x_wconf 85' lang='lat' dir='ltr'><strong>Rus</strong></span> <span class='ocrx_word' id='word_1_499' title='bbox 2159 2969 2342 3013; x_wconf 86' lang='lat' dir='ltr'><strong>vocat.</strong></span> <span class='ocrx_word' id='word_1_500' title='bbox 2394 2960 2467 3013; x_wconf 82' lang='lat' dir='ltr'><strong>ita</strong></span> <span class='ocrx_word' id='word_1_501' title='bbox 2512 2961 2655 3013; x_wconf 86' lang='lat' dir='ltr'><strong>enim</strong></span> <span class='ocrx_word' id='word_1_502' title='bbox 2698 2960 2765 3013; x_wconf 77' lang='lat' dir='ltr'><strong>ha</strong></span> <span class='ocrx_word' id='word_1_503' title='bbox 2807 2969 2901 3013; x_wconf 88' lang='lat' dir='ltr'><strong>et:</strong></span> <span class='ocrx_word' id='word_1_504' title='bbox 2945 2982 2963 3013; x_wconf 74' lang='grc' dir='ltr'>ι</span> <span class='ocrx_word' id='word_1_505' title='bbox 2997 2963 3404 3013; x_wconf 81' lang='lat' dir='ltr'><strong>Adauisivitnne</strong></span> 
     </span>
    </p>
   </div>
   <div class='ocr_carea' id='block_1_76' title="bbox 1840 2960 3407 3035">
    <p class='ocr_par' dir='ltr' id='par_1_76' title="bbox 1840 2960 3407 3035">
     <span class='ocr_line' id='line_1_77' title="bbox 1840 2960 3407 3035; baseline 0.001 -17"><span class='ocrx_word' id='word_1_506' title='bbox 1840 2960 2122 3035; x_wconf 45' lang='lat' dir='ltr'><strong>sam—Rus</strong></span> <span class='ocrx_word' id='word_1_507' title='bbox 2159 2960 2467 3035; x_wconf 74' lang='lat' dir='ltr'><strong>vocat,_ita</strong></span> <span class='ocrx_word' id='word_1_508' title='bbox 2512 2961 2671 3035; x_wconf 35' lang='lat' dir='ltr'><strong>enim.</strong></span> <span class='ocrx_word' id='word_1_509' title='bbox 2698 2960 2860 3014; x_wconf 78' lang='lat' dir='ltr'><strong>habet</strong></span> <span class='ocrx_word' id='word_1_510' title='bbox 2887 2960 2963 3016; x_wconf 53' lang='grc' dir='ltr'><strong>ε]</strong></span> <span class='ocrx_word' id='word_1_511' title='bbox 2997 2960 3407 3035; x_wconf 75' lang='lat' dir='ltr'><strong>Adquisivitqite</strong></span> 
     </span>
    </p>
   </div>
   <div class='ocr_carea' id='block_1_77' title="bbox 1832 3029 3406 3102">
    <p class='ocr_par' dir='ltr' id='par_1_77' title="bbox 1832 3029 3406 3102">
     <span class='ocr_line' id='line_1_78' title="bbox 1832 3029 3406 3102; baseline 0.002 -15"><span class='ocrx_word' id='word_1_512' title='bbox 1832 3034 1979 3087; x_wconf 89' lang='lat' dir='ltr'><strong>Rura</strong></span> <span class='ocrx_word' id='word_1_513' title='bbox 2005 3033 2058 3086; x_wconf 89' lang='lat' dir='ltr'><strong>in</strong></span> <span class='ocrx_word' id='word_1_514' title='bbox 2085 3031 2323 3097; x_wconf 85' lang='lat' dir='ltr'><strong>Ecclesia</strong></span> <span class='ocrx_word' id='word_1_515' title='bbox 2351 3029 2930 3102; x_wconf 71' lang='lat' dir='ltr'><strong>RavennmArgentea,</strong></span> <span class='ocrx_word' id='word_1_516' title='bbox 2960 3048 3079 3102; x_wconf 79' lang='lat' dir='ltr'><strong>qme</strong></span> <span class='ocrx_word' id='word_1_517' title='bbox 3097 3029 3335 3099; x_wconf 60' lang='lat' dir='ltr'><strong>dicitur,</strong></span> <span class='ocrx_word' id='word_1_518' title='bbox 3352 3044 3406 3090; x_wconf 88' lang='lat' dir='ltr'><strong>et</strong></span> 
     </span>
    </p>
   </div>
   <div class='ocr_carea' id='block_1_78' title="bbox 1834 3099 3409 3174">
    <p class='ocr_par' dir='ltr' id='par_1_78' title="bbox 1834 3099 3409 3174">
     <span class='ocr_line' id='line_1_79' title="bbox 1834 3099 3409 3174; baseline -0.007 -16"><span class='ocrx_word' id='word_1_519' title='bbox 1834 3101 2729 3174; x_wconf 79' lang='lat' dir='ltr'><strong>inl&#39;raipsiusRurismonasterium</strong></span> <span class='ocrx_word' id='word_1_520' title='bbox 2743 3099 2803 3153; x_wconf 89' lang='grc' dir='ltr'><strong>Β.</strong></span> <span class='ocrx_word' id='word_1_521' title='bbox 2816 3099 3034 3174; x_wconf 64' lang='lat' dir='ltr'><strong>Georgii</strong></span> <span class='ocrx_word' id='word_1_522' title='bbox 3049 3118 3078 3156; x_wconf 81' lang='lat' dir='ltr'><strong>a</strong></span> <span class='ocrx_word' id='word_1_523' title='bbox 3095 3102 3409 3160; x_wconf 74' lang='lat' dir='ltr'><strong>fundamen-</strong></span> 
     </span>
    </p>
   </div>
   <div class='ocr_carea' id='block_1_79' title="bbox 1834 3170 3406 3242">
    <p class='ocr_par' dir='ltr' id='par_1_79' title="bbox 1834 3170 3406 3242">
     <span class='ocr_line' id='line_1_80' title="bbox 1834 3170 3406 3242; baseline 0 -13"><span class='ocrx_word' id='word_1_524' title='bbox 1834 3170 2219 3229; x_wconf 52' lang='lat' dir='ltr'><strong>tisaedi&#39;ﬁcavit.</strong></span> <span class='ocrx_word' id='word_1_525' title='bbox 2242 3190 2262 3223; x_wconf 72' lang='grc' dir='ltr'><strong><em>ι</em></strong></span> <span class='ocrx_word' id='word_1_526' title='bbox 2281 3170 2382 3238; x_wconf 86' lang='lat' dir='ltr'><strong>Qui</strong></span> <span class='ocrx_word' id='word_1_527' title='bbox 2398 3170 2511 3225; x_wconf 88' lang='lat' dir='ltr'><strong>ﬁeri</strong></span> <span class='ocrx_word' id='word_1_528' title='bbox 2528 3171 2724 3240; x_wconf 89' lang='lat' dir='ltr'><strong>potuit,</strong></span> <span class='ocrx_word' id='word_1_529' title='bbox 2742 3170 3085 3242; x_wconf 44' lang='lat' dir='ltr'><strong>utidem,&#39;qui</strong></span> <span class='ocrx_word' id='word_1_530' title='bbox 3113 3184 3271 3229; x_wconf 89' lang='lat' dir='ltr'><strong>antea</strong></span> <span class='ocrx_word' id='word_1_531' title='bbox 3299 3175 3406 3229; x_wconf 86' lang='lat' dir='ltr'><strong>Ar-</strong></span> 
     </span>
    </p>
   </div>
   <div class='ocr_carea' id='block_1_80' title="bbox 1869 3242 3404 3310">
    <p class='ocr_par' dir='ltr' id='par_1_80' title="bbox 1869 3242 3404 3310">
     <span class='ocr_line' id='line_1_81' title="bbox 1869 3242 3404 3310; baseline 0.001 -13"><span class='ocrx_word' id='word_1_532' title='bbox 1869 3256 2045 3298; x_wconf 82' lang='lat' dir='ltr'><strong>entam</strong></span> <span class='ocrx_word' id='word_1_533' title='bbox 2073 3243 2344 3298; x_wconf 88' lang='lat' dir='ltr'><strong>civitatem</strong></span> <span class='ocrx_word' id='word_1_534' title='bbox 2371 3242 2604 3305; x_wconf 77' lang='lat' dir='ltr'><strong>dixerat,</strong></span> <span class='ocrx_word' id='word_1_535' title='bbox 2633 3243 2968 3310; x_wconf 85' lang='lat' dir='ltr'><strong>postmodum</strong></span> <span class='ocrx_word' id='word_1_536' title='bbox 3006 3243 3116 3299; x_wconf 82' lang='lat' dir='ltr'><strong>Rus</strong></span> <span class='ocrx_word' id='word_1_537' title='bbox 3163 3246 3404 3301; x_wconf 83' lang='lat' dir='ltr'><strong>diceret?</strong></span> 
     </span>
    </p>
   </div>
   <div class='ocr_carea' id='block_1_81' title="bbox 1880 3304 3402 3386">
    <p class='ocr_par' dir='ltr' id='par_1_81' title="bbox 1880 3304 3402 3386">
     <span class='ocr_line' id='line_1_82' title="bbox 1880 3304 3402 3386; baseline 0 -17"><span class='ocrx_word' id='word_1_538' title='bbox 1880 3323 2100 3369; x_wconf 76' lang='lat' dir='ltr'><strong>meterea</strong></span> <span class='ocrx_word' id='word_1_539' title='bbox 2113 3328 2176 3368; x_wconf 86' lang='lat' dir='ltr'><strong>ea</strong></span> <span class='ocrx_word' id='word_1_540' title='bbox 2189 3313 2372 3386; x_wconf 78' lang='lat' dir='ltr'><strong>verba,</strong></span> <span class='ocrx_word' id='word_1_541' title='bbox 2396 3327 2514 3379; x_wconf 74' lang='lat' dir='ltr'><strong>qua:</strong></span> <span class='ocrx_word' id='word_1_542' title='bbox 2531 3304 2677 3365; x_wconf 75' lang='lat' dir='ltr'><strong>certe</strong></span> <span class='ocrx_word' id='word_1_543' title='bbox 2693 3311 2759 3364; x_wconf 87' lang='lat' dir='ltr'><strong>ad</strong></span> <span class='ocrx_word' id='word_1_544' title='bbox 2775 3304 3048 3386; x_wconf 72' lang='lat' dir='ltr'><strong>civitatem</strong></span> <span class='ocrx_word' id='word_1_545' title='bbox 3068 3315 3402 3386; x_wconf 75' lang='lat' dir='ltr'><strong>Argenteam</strong></span> 
     </span>
    </p>
   </div>
   <div class='ocr_carea' id='block_1_82' title="bbox 1835 3382 3399 3455">
    <p class='ocr_par' dir='ltr' id='par_1_82' title="bbox 1835 3382 3399 3455">
     <span class='ocr_line' id='line_1_83' title="bbox 1835 3382 3399 3455; baseline -0.001 -15"><span class='ocrx_word' id='word_1_546' title='bbox 1835 3386 2160 3455; x_wconf 66' lang='lat' dir='ltr'><strong>referuntur,</strong></span> <span class='ocrx_word' id='word_1_547' title='bbox 2177 3391 2232 3438; x_wconf 90' lang='lat' dir='ltr'><strong>et</strong></span> <span class='ocrx_word' id='word_1_548' title='bbox 2257 3382 2454 3452; x_wconf 88' lang='lat' dir='ltr'><strong>quibus</strong></span> <span class='ocrx_word' id='word_1_549' title='bbox 2468 3388 2789 3455; x_wconf 77' lang='lat' dir='ltr'><strong>constructa</strong></span> <span class='ocrx_word' id='word_1_550' title='bbox 2807 3383 3001 3437; x_wconf 90' lang='lat' dir='ltr'><strong>dicitur</strong></span> <span class='ocrx_word' id='word_1_551' title='bbox 3026 3403 3045 3435; x_wconf 84' lang='grc'><strong>‹</strong></span> <span class='ocrx_word' id='word_1_552' title='bbox 3064 3385 3118 3438; x_wconf 85' lang='grc' dir='ltr'><strong>ὶη</strong></span> <span class='ocrx_word' id='word_1_553' title='bbox 3139 3382 3399 3455; x_wconf 80' lang='lat' dir='ltr'><strong>processu</strong></span> 
     </span>
    </p>
   </div>
   <div class='ocr_carea' id='block_1_83' title="bbox 1834 3444 3409 3527">
    <p class='ocr_par' dir='ltr' id='par_1_83' title="bbox 1834 3444 3409 3527">
     <span class='ocr_line' id='line_1_84' title="bbox 1834 3444 3409 3527; baseline 0.001 -17"><span class='ocrx_word' id='word_1_554' title='bbox 1834 3444 2227 3527; x_wconf 72' lang='lat' dir='ltr'><strong>natalis-ipsius</strong></span> <span class='ocrx_word' id='word_1_555' title='bbox 2256 3444 2548 3527; x_wconf 61' lang='lat' dir='ltr'><strong>martyris,</strong></span> <span class='ocrx_word' id='word_1_556' title='bbox 2569 3471 2588 3502; x_wconf 76' lang='grc' dir='ltr'><strong><em>ι</em></strong></span> <span class='ocrx_word' id='word_1_557' title='bbox 2617 3459 2671 3506; x_wconf 92' lang='lat' dir='ltr'><strong>et</strong></span> <span class='ocrx_word' id='word_1_558' title='bbox 2692 3467 2816 3527; x_wconf 57' lang='lat' dir='ltr'><strong>qua</strong></span> <span class='ocrx_word' id='word_1_559' title='bbox 2844 3444 3158 3527; x_wconf 45' lang='lat' dir='ltr'><strong>sequuntur.</strong></span> <span class='ocrx_word' id='word_1_560' title='bbox 3184 3474 3202 3507; x_wconf 72' lang='grc' dir='ltr'>ι</span> <span class='ocrx_word' id='word_1_561' title='bbox 3235 3470 3409 3527; x_wconf 86' lang='lat' dir='ltr'><strong>usque</strong></span> 
     </span>
    </p>
   </div>
   <div class='ocr_carea' id='block_1_84' title="bbox 1834 3521 3404 3595">
    <p class='ocr_par' dir='ltr' id='par_1_84' title="bbox 1834 3521 3404 3595">
     <span class='ocr_line' id='line_1_85' title="bbox 1834 3521 3404 3595; baseline 0 -15"><span class='ocrx_word' id='word_1_562' title='bbox 1834 3525 2034 3580; x_wconf 87' lang='lat' dir='ltr'><strong>nostris</strong></span> <span class='ocrx_word' id='word_1_563' title='bbox 2064 3521 2397 3595; x_wconf 82' lang='lat' dir='ltr'><strong>temporibus</strong></span> <span class='ocrx_word' id='word_1_564' title='bbox 2421 3521 2750 3595; x_wconf 75' lang='lat' dir='ltr'><strong>perduravit,</strong></span> <span class='ocrx_word' id='word_1_565' title='bbox 2773 3521 2967 3595; x_wconf 70' lang='lat' dir='ltr'><strong>i_satis,</strong></span> <span class='ocrx_word' id='word_1_566' title='bbox 2998 3532 3057 3577; x_wconf 92' lang='lat' dir='ltr'><strong>ut</strong></span> <span class='ocrx_word' id='word_1_567' title='bbox 3081 3533 3232 3595; x_wconf 89' lang='lat' dir='ltr'><strong>puto,</strong></span> <span class='ocrx_word' id='word_1_568' title='bbox 3260 3521 3404 3580; x_wconf 72' lang='lat' dir='ltr'><strong>clara</strong></span> 
     </span>
    </p>
   </div>
   <div class='ocr_carea' id='block_1_85' title="bbox 1835 3590 3405 3663">
    <p class='ocr_par' dir='ltr' id='par_1_85' title="bbox 1835 3590 3405 3663">
     <span class='ocr_line' id='line_1_86' title="bbox 1835 3590 3405 3663; baseline -0.001 -13"><span class='ocrx_word' id='word_1_569' title='bbox 1835 3602 1981 3659; x_wconf 88' lang='lat' dir='ltr'><strong>sunt,</strong></span> <span class='ocrx_word' id='word_1_570' title='bbox 1997 3602 2055 3647; x_wconf 92' lang='lat' dir='ltr'><strong>ut</strong></span> <span class='ocrx_word' id='word_1_571' title='bbox 2077 3590 2359 3663; x_wconf 80' lang='lat' dir='ltr'><strong>videamus</strong></span> <span class='ocrx_word' id='word_1_572' title='bbox 2376 3590 2521 3663; x_wconf 85' lang='lat' dir='ltr'><strong>nullo</strong></span> <span class='ocrx_word' id='word_1_573' title='bbox 2548 3591 2721 3663; x_wconf 59' lang='grc' dir='ltr'><strong>ιιιοάοῇ</strong></span> <span class='ocrx_word' id='word_1_574' title='bbox 2735 3592 2924 3646; x_wconf 78' lang='lat' dir='ltr'><strong>referri</strong></span> <span class='ocrx_word' id='word_1_575' title='bbox 2944 3590 3101 3663; x_wconf 73' lang='lat' dir='ltr'><strong>posse</strong></span> <span class='ocrx_word' id='word_1_576' title='bbox 3123 3595 3189 3649; x_wconf 87' lang='lat' dir='ltr'><strong>ad</strong></span> <span class='ocrx_word' id='word_1_577' title='bbox 3210 3596 3405 3650; x_wconf 87' lang='lat' dir='ltr'><strong>civita-</strong></span> 
     </span>
    </p>
   </div>
   <div class='ocr_carea' id='block_1_86' title="bbox 1834 3660 3405 3735">
    <p class='ocr_par' dir='ltr' id='par_1_86' title="bbox 1834 3660 3405 3735">
     <span class='ocr_line' id='line_1_87' title="bbox 1834 3660 3405 3735; baseline -0.001 -16"><span class='ocrx_word' id='word_1_578' title='bbox 1834 3674 1941 3719; x_wconf 88' lang='lat' dir='ltr'><strong>tem</strong></span> <span class='ocrx_word' id='word_1_579' title='bbox 1987 3679 2079 3717; x_wconf 87' lang='lat' dir='ltr'><strong>seu</strong></span> <span class='ocrx_word' id='word_1_580' title='bbox 2105 3662 2357 3735; x_wconf 82' lang='lat' dir='ltr'><strong>oppidum</strong></span> <span class='ocrx_word' id='word_1_581' title='bbox 2385 3660 2651 3735; x_wconf 58' lang='lat' dir='ltr'><strong>Argentm.</strong></span> <span class='ocrx_word' id='word_1_582' title='bbox 2694 3660 2999 3735; x_wconf 75' lang='lat' dir='ltr'><strong>Posteriora</strong></span> <span class='ocrx_word' id='word_1_583' title='bbox 3024 3664 3168 3735; x_wconf 84' lang='lat' dir='ltr'><strong>enim</strong></span> <span class='ocrx_word' id='word_1_584' title='bbox 3197 3665 3405 3735; x_wconf 85' lang='lat' dir='ltr'><strong>signiﬁ-</strong></span> 
     </span>
    </p>
   </div>
   <div class='ocr_carea' id='block_1_87' title="bbox 1834 3730 3402 3802">
    <p class='ocr_par' dir='ltr' id='par_1_87' title="bbox 1834 3730 3402 3802">
     <span class='ocr_line' id='line_1_88' title="bbox 1834 3730 3402 3802; baseline 0 -13"><span class='ocrx_word' id='word_1_585' title='bbox 1834 3742 2022 3789; x_wconf 88' lang='lat' dir='ltr'><strong>carent</strong></span> <span class='ocrx_word' id='word_1_586' title='bbox 2051 3730 2338 3787; x_wconf 81' lang='lat' dir='ltr'><strong>scribentis</strong></span> <span class='ocrx_word' id='word_1_587' title='bbox 2353 3738 2590 3800; x_wconf 88' lang='lat' dir='ltr'><strong>tempore</strong></span> <span class='ocrx_word' id='word_1_588' title='bbox 2604 3730 2853 3800; x_wconf 64' lang='lat' dir='ltr'><strong>Argenta;</strong></span> <span class='ocrx_word' id='word_1_589' title='bbox 2878 3734 3130 3802; x_wconf 89' lang='lat' dir='ltr'><strong>oppidum</strong></span> <span class='ocrx_word' id='word_1_590' title='bbox 3157 3730 3402 3802; x_wconf 76' lang='lat' dir='ltr'><strong>periisse,</strong></span> 
     </span>
    </p>
   </div>
   <div class='ocr_carea' id='block_1_88' title="bbox 1834 3802 3409 3871">
    <p class='ocr_par' dir='ltr' id='par_1_88' title="bbox 1834 3802 3409 3871">
     <span class='ocr_line' id='line_1_89' title="bbox 1834 3802 3409 3871; baseline 0 -12"><span class='ocrx_word' id='word_1_591' title='bbox 1834 3805 1887 3859; x_wconf 90' lang='lat' dir='ltr'><strong>id</strong></span> <span class='ocrx_word' id='word_1_592' title='bbox 1910 3804 2051 3858; x_wconf 84' lang='lat' dir='ltr'><strong>enim</strong></span> <span class='ocrx_word' id='word_1_593' title='bbox 2072 3802 2235 3857; x_wconf 88' lang='lat' dir='ltr'><strong>verba</strong></span> <span class='ocrx_word' id='word_1_594' title='bbox 2258 3802 2372 3871; x_wconf 88' lang='lat' dir='ltr'><strong>ipsa</strong></span> <span class='ocrx_word' id='word_1_595' title='bbox 2394 3809 2678 3866; x_wconf 89' lang='lat' dir='ltr'><strong>sonant,et</strong></span> <span class='ocrx_word' id='word_1_596' title='bbox 2702 3802 2755 3854; x_wconf 88' lang='lat' dir='ltr'><strong>in</strong></span> <span class='ocrx_word' id='word_1_597' title='bbox 2778 3802 3043 3857; x_wconf 90' lang='lat' dir='ltr'><strong>similibus</strong></span> <span class='ocrx_word' id='word_1_598' title='bbox 3065 3804 3253 3858; x_wconf 90' lang='lat' dir='ltr'><strong>eadem</strong></span> <span class='ocrx_word' id='word_1_599' title='bbox 3275 3803 3409 3860; x_wconf 82' lang='lat' dir='ltr'><strong>frasi</strong></span> 
     </span>
    </p>
   </div>
   <div class='ocr_carea' id='block_1_89' title="bbox 1833 3871 3409 3945">
    <p class='ocr_par' dir='ltr' id='par_1_89' title="bbox 1833 3871 3409 3945">
     <span class='ocr_line' id='line_1_90' title="bbox 1833 3871 3409 3945; baseline -0.009 -16"><span class='ocrx_word' id='word_1_600' title='bbox 1833 3875 2003 3945; x_wconf 90' lang='lat' dir='ltr'><strong>utitur</strong></span> <span class='ocrx_word' id='word_1_601' title='bbox 2040 3872 2294 3945; x_wconf 69' lang='lat' dir='ltr'><strong>Agnelius</strong></span> <span class='ocrx_word' id='word_1_602' title='bbox 2318 3871 2543 3945; x_wconf 77' lang='lat' dir='ltr'><strong>loquens</strong></span> <span class='ocrx_word' id='word_1_603' title='bbox 2572 3872 2638 3945; x_wconf 71' lang='lat' dir='ltr'><strong>de</strong></span> <span class='ocrx_word' id='word_1_604' title='bbox 2666 3871 2782 3945; x_wconf 68' lang='lat' dir='ltr'><strong>his,</strong></span> <span class='ocrx_word' id='word_1_605' title='bbox 2821 3888 2947 3945; x_wconf 56' lang='lat' dir='ltr'><strong>qua:</strong></span> <span class='ocrx_word' id='word_1_606' title='bbox 2970 3874 3260 3945; x_wconf 64' lang='lat' dir='ltr'><strong>seviveme</strong></span> <span class='ocrx_word' id='word_1_607' title='bbox 3283 3890 3409 3945; x_wconf 70' lang='lat' dir='ltr'><strong>pes-</strong></span> 
     </span>
    </p>
   </div>
   <div class='ocr_carea' id='block_1_90' title="bbox 1835 3939 3411 4013">
    <p class='ocr_par' dir='ltr' id='par_1_90' title="bbox 1835 3939 3411 4013">
     <span class='ocr_line' id='line_1_91' title="bbox 1835 3939 3411 4013; baseline 0 -15"><span class='ocrx_word' id='word_1_608' title='bbox 1835 3960 1954 3999; x_wconf 86' lang='lat' dir='ltr'><strong>sum</strong></span> <span class='ocrx_word' id='word_1_609' title='bbox 1984 3939 2181 4013; x_wconf 70' lang='lat' dir='ltr'><strong>ierant.</strong></span> <span class='ocrx_word' id='word_1_610' title='bbox 2205 3941 2296 3996; x_wconf 89' lang='lat' dir='ltr'><strong>Sic</strong></span> <span class='ocrx_word' id='word_1_611' title='bbox 2328 3939 2465 4013; x_wconf 78' lang='lat' dir='ltr'><strong>infra</strong></span> <span class='ocrx_word' id='word_1_612' title='bbox 2492 3941 2545 3994; x_wconf 92' lang='lat' dir='ltr'><strong>in</strong></span> <span class='ocrx_word' id='word_1_613' title='bbox 2575 3939 2696 4013; x_wconf 87' lang='lat' dir='ltr'><strong>Vita</strong></span> <span class='ocrx_word' id='word_1_614' title='bbox 2737 3939 3044 3996; x_wconf 63' lang='lat' dir='ltr'><strong>Maiimiani</strong></span> <span class='ocrx_word' id='word_1_615' title='bbox 3078 3962 3095 3995; x_wconf 85' lang='grc'><strong>‹</strong></span> <span class='ocrx_word' id='word_1_616' title='bbox 3130 3943 3196 3997; x_wconf 91' lang='lat' dir='ltr'><strong>Et</strong></span> <span class='ocrx_word' id='word_1_617' title='bbox 3220 3939 3411 4013; x_wconf 65' lang='lat' dir='ltr'><strong>praedi-</strong></span> 
     </span>
    </p>
   </div>
   <div class='ocr_carea' id='block_1_91' title="bbox 1834 4011 3410 4083">
    <p class='ocr_par' dir='ltr' id='par_1_91' title="bbox 1834 4011 3410 4083">
     <span class='ocr_line' id='line_1_92' title="bbox 1834 4011 3410 4083; baseline 0 -15"><span class='ocrx_word' id='word_1_618' title='bbox 1834 4022 1921 4068; x_wconf 90' lang='lat' dir='ltr'><strong>cta</strong></span> <span class='ocrx_word' id='word_1_619' title='bbox 1952 4012 2222 4083; x_wconf 88' lang='lat' dir='ltr'><strong>episcopia</strong></span> <span class='ocrx_word' id='word_1_620' title='bbox 2253 4011 2612 4083; x_wconf 76' lang='lat' dir='ltr'><strong>(arianorum)</strong></span> <span class='ocrx_word' id='word_1_621' title='bbox 2643 4025 2814 4083; x_wconf 89' lang='lat' dir='ltr'><strong>usque</strong></span> <span class='ocrx_word' id='word_1_622' title='bbox 2853 4013 2919 4083; x_wconf 91' lang='lat' dir='ltr'><strong>ad</strong></span> <span class='ocrx_word' id='word_1_623' title='bbox 2950 4021 3133 4083; x_wconf 90' lang='lat' dir='ltr'><strong>nostra</strong></span> <span class='ocrx_word' id='word_1_624' title='bbox 3169 4011 3410 4083; x_wconf 77' lang='lat' dir='ltr'><strong>tempora</strong></span> 
     </span>
    </p>
   </div>
   <div class='ocr_carea' id='block_1_92' title="bbox 1834 4080 3411 4154">
    <p class='ocr_par' dir='ltr' id='par_1_92' title="bbox 1834 4080 3411 4154">
     <span class='ocr_line' id='line_1_93' title="bbox 1834 4080 3411 4154; baseline 0 -16"><span class='ocrx_word' id='word_1_625' title='bbox 1834 4080 2270 4154; x_wconf 76' lang='lat' dir='ltr'><strong>permanserunt,</strong></span> <span class='ocrx_word' id='word_1_626' title='bbox 2301 4101 2319 4133; x_wconf 70' lang='grc' dir='ltr'><strong><em>ι</em></strong></span> <span class='ocrx_word' id='word_1_627' title='bbox 2351 4090 2406 4135; x_wconf 89' lang='lat' dir='ltr'><strong>et</strong></span> <span class='ocrx_word' id='word_1_628' title='bbox 2427 4080 2554 4154; x_wconf 82' lang='lat' dir='ltr'><strong>alibi</strong></span> <span class='ocrx_word' id='word_1_629' title='bbox 2577 4082 2764 4135; x_wconf 89' lang='lat' dir='ltr'><strong>eodem</strong></span> <span class='ocrx_word' id='word_1_630' title='bbox 2795 4082 2954 4137; x_wconf 90' lang='lat' dir='ltr'><strong>modo</strong></span> <span class='ocrx_word' id='word_1_631' title='bbox 2981 4082 3124 4153; x_wconf 90' lang='lat' dir='ltr'><strong>loqui</strong></span> <span class='ocrx_word' id='word_1_632' title='bbox 3146 4080 3307 4138; x_wconf 77' lang='lat' dir='ltr'><strong>amat.</strong></span> <span class='ocrx_word' id='word_1_633' title='bbox 3337 4086 3411 4138; x_wconf 84' lang='lat' dir='ltr'><strong>At</strong></span> 
     </span>
    </p>
   </div>
   <div class='ocr_carea' id='block_1_93' title="bbox 1835 4149 3410 4223">
    <p class='ocr_par' dir='ltr' id='par_1_93' title="bbox 1835 4149 3410 4223">
     <span class='ocr_line' id='line_1_94' title="bbox 1835 4149 3410 4223; baseline 0.001 -16"><span class='ocrx_word' id='word_1_634' title='bbox 1835 4149 1963 4223; x_wconf 78' lang='lat' dir='ltr'><strong>quid</strong></span> <span class='ocrx_word' id='word_1_635' title='bbox 1996 4161 2108 4223; x_wconf 66' lang='lat' dir='ltr'><strong>est,</strong></span> <span class='ocrx_word' id='word_1_636' title='bbox 2140 4152 2413 4223; x_wconf 76' lang='lat' dir='ltr'><strong>civitatem</strong></span> <span class='ocrx_word' id='word_1_637' title='bbox 2437 4149 2762 4223; x_wconf 70' lang='lat' dir='ltr'><strong>Argenteam</strong></span> <span class='ocrx_word' id='word_1_638' title='bbox 2788 4155 3031 4223; x_wconf 82' lang='lat' dir='ltr'><strong>construi</strong></span> <span class='ocrx_word' id='word_1_639' title='bbox 3052 4149 3116 4208; x_wconf 85' lang='lat' dir='ltr'><strong>in</strong></span> <span class='ocrx_word' id='word_1_640' title='bbox 3154 4168 3410 4223; x_wconf 88' lang='lat' dir='ltr'><strong>processu</strong></span> 
     </span>
    </p>
   </div>
   <div class='ocr_carea' id='block_1_94' title="bbox 1836 4221 3410 4292">
    <p class='ocr_par' dir='ltr' id='par_1_94' title="bbox 1836 4221 3410 4292">
     <span class='ocr_line' id='line_1_95' title="bbox 1836 4221 3410 4292; baseline 0.001 -15"><span class='ocrx_word' id='word_1_641' title='bbox 1836 4221 2031 4277; x_wconf 79' lang='lat' dir='ltr'><strong>natalis</strong></span> <span class='ocrx_word' id='word_1_642' title='bbox 2060 4221 2353 4292; x_wconf 82' lang='lat' dir='ltr'><strong>Martyris?</strong></span> <span class='ocrx_word' id='word_1_643' title='bbox 2387 4221 2572 4292; x_wconf 87' lang='lat' dir='ltr'><strong>Dicam</strong></span> <span class='ocrx_word' id='word_1_644' title='bbox 2611 4222 2753 4290; x_wconf 88' lang='lat' dir='ltr'><strong>quod</strong></span> <span class='ocrx_word' id='word_1_645' title='bbox 2783 4223 2976 4278; x_wconf 88' lang='lat' dir='ltr'><strong>sentio.</strong></span> <span class='ocrx_word' id='word_1_646' title='bbox 3011 4221 3201 4278; x_wconf 83' lang='lat' dir='ltr'><strong>Sermo</strong></span> <span class='ocrx_word' id='word_1_647' title='bbox 3228 4225 3315 4279; x_wconf 87' lang='lat' dir='ltr'><strong>hic</strong></span> <span class='ocrx_word' id='word_1_648' title='bbox 3343 4227 3410 4281; x_wconf 89' lang='lat' dir='ltr'><strong>de</strong></span> 
     </span>
    </p>
   </div>
   <div class='ocr_carea' id='block_1_95' title="bbox 1837 4291 3411 4349">
    <p class='ocr_par' dir='ltr' id='par_1_95' title="bbox 1837 4291 3411 4349">
     <span class='ocr_line' id='line_1_96' title="bbox 1837 4291 3411 4349; baseline 0.001 -1"><span class='ocrx_word' id='word_1_649' title='bbox 1837 4293 2076 4348; x_wconf 91' lang='lat' dir='ltr'><strong>donariis</strong></span> <span class='ocrx_word' id='word_1_650' title='bbox 2098 4308 2130 4347; x_wconf 90' lang='lat' dir='ltr'><strong>a</strong></span> <span class='ocrx_word' id='word_1_651' title='bbox 2157 4291 2398 4347; x_wconf 86' lang='lat' dir='ltr'><strong>Gemello</strong></span> <span class='ocrx_word' id='word_1_652' title='bbox 2419 4291 2744 4346; x_wconf 90' lang='lat' dir='ltr'><strong>subdiacono</strong></span> <span class='ocrx_word' id='word_1_653' title='bbox 2765 4300 2974 4347; x_wconf 90' lang='lat' dir='ltr'><strong>rectore</strong></span> <span class='ocrx_word' id='word_1_654' title='bbox 3000 4292 3196 4348; x_wconf 68' lang='lat' dir='ltr'><strong>Sicilia:</strong></span> <span class='ocrx_word' id='word_1_655' title='bbox 3215 4293 3411 4349; x_wconf 85' lang='lat' dir='ltr'><strong>oblatis</strong></span> 
     </span>
    </p>
   </div>
   <div class='ocr_carea' id='block_1_96' title="bbox 1836 4360 3409 4432">
    <p class='ocr_par' dir='ltr' id='par_1_96' title="bbox 1836 4360 3409 4432">
     <span class='ocr_line' id='line_1_97' title="bbox 1836 4360 3409 4432; baseline 0.001 -13"><span class='ocrx_word' id='word_1_656' title='bbox 1836 4363 2089 4419; x_wconf 69' lang='lat' dir='ltr'><strong>Ecclesiae</strong></span> <span class='ocrx_word' id='word_1_657' title='bbox 2114 4370 2312 4418; x_wconf 61' lang='lat' dir='ltr'><strong>sanctae</strong></span> <span class='ocrx_word' id='word_1_658' title='bbox 2335 4360 2558 4432; x_wconf 75' lang='lat' dir='ltr'><strong>Agnetis</strong></span> <span class='ocrx_word' id='word_1_659' title='bbox 2581 4375 2612 4415; x_wconf 90' lang='lat' dir='ltr'><strong>a</strong></span> <span class='ocrx_word' id='word_1_660' title='bbox 2634 4377 2693 4416; x_wconf 91' lang='lat' dir='ltr'><strong>se</strong></span> <span class='ocrx_word' id='word_1_661' title='bbox 2712 4362 2829 4430; x_wconf 91' lang='lat' dir='ltr'><strong>ipso</strong></span> <span class='ocrx_word' id='word_1_662' title='bbox 2850 4363 3147 4419; x_wconf 70' lang='lat' dir='ltr'><strong>aediﬁcatae.</strong></span> <span class='ocrx_word' id='word_1_663' title='bbox 3176 4363 3322 4419; x_wconf 89' lang='lat' dir='ltr'><strong>lnter</strong></span> <span class='ocrx_word' id='word_1_664' title='bbox 3342 4380 3409 4420; x_wconf 84' lang='lat' dir='ltr'><strong>ea</strong></span> 
     </span>
    </p>
   </div>
   <div class='ocr_carea' id='block_1_97' title="bbox 1837 4430 3411 4504">
    <p class='ocr_par' dir='ltr' id='par_1_97' title="bbox 1837 4430 3411 4504">
     <span class='ocr_line' id='line_1_98' title="bbox 1837 4430 3411 4504; baseline 0.001 -15"><span class='ocrx_word' id='word_1_665' title='bbox 1837 4433 2027 4489; x_wconf 88' lang='lat' dir='ltr'><strong>civitas</strong></span> <span class='ocrx_word' id='word_1_666' title='bbox 2051 4432 2318 4504; x_wconf 87' lang='lat' dir='ltr'><strong>Argentea</strong></span> <span class='ocrx_word' id='word_1_667' title='bbox 2350 4430 2470 4504; x_wconf 80' lang='lat' dir='ltr'><strong>fuit,</strong></span> <span class='ocrx_word' id='word_1_668' title='bbox 2499 4446 2616 4501; x_wconf 76' lang='lat' dir='ltr'><strong>quae</strong></span> <span class='ocrx_word' id='word_1_669' title='bbox 2643 4432 2761 4504; x_wconf 82' lang='lat' dir='ltr'><strong>usui</strong></span> <span class='ocrx_word' id='word_1_670' title='bbox 2784 4441 2901 4487; x_wconf 91' lang='lat' dir='ltr'><strong>erat</strong></span> <span class='ocrx_word' id='word_1_671' title='bbox 2926 4434 2979 4487; x_wconf 90' lang='lat' dir='ltr'><strong>in</strong></span> <span class='ocrx_word' id='word_1_672' title='bbox 3010 4449 3265 4503; x_wconf 90' lang='lat' dir='ltr'><strong>processu</strong></span> <span class='ocrx_word' id='word_1_673' title='bbox 3291 4433 3411 4491; x_wconf 88' lang='lat' dir='ltr'><strong>ﬁeri</strong></span> 
     </span>
    </p>
   </div>
   <div class='ocr_carea' id='block_1_98' title="bbox 1839 4502 3407 4576">
    <p class='ocr_par' dir='ltr' id='par_1_98' title="bbox 1839 4502 3407 4576">
     <span class='ocr_line' id='line_1_99' title="bbox 1839 4502 3407 4576; baseline -0.001 -16"><span class='ocrx_word' id='word_1_674' title='bbox 1839 4503 1997 4576; x_wconf 79' lang='lat' dir='ltr'><strong>solito</strong></span> <span class='ocrx_word' id='word_1_675' title='bbox 2040 4502 2351 4576; x_wconf 84' lang='lat' dir='ltr'><strong>recurrente</strong></span> <span class='ocrx_word' id='word_1_676' title='bbox 2383 4502 2469 4576; x_wconf 87' lang='lat' dir='ltr'><strong>die</strong></span> <span class='ocrx_word' id='word_1_677' title='bbox 2513 4502 2677 4576; x_wconf 82' lang='lat' dir='ltr'><strong>natali</strong></span> <span class='ocrx_word' id='word_1_678' title='bbox 2719 4512 2919 4576; x_wconf 72' lang='lat' dir='ltr'><strong>saneta:</strong></span> <span class='ocrx_word' id='word_1_679' title='bbox 2956 4504 3180 4576; x_wconf 84' lang='lat' dir='ltr'><strong>Agnetis</strong></span> <span class='ocrx_word' id='word_1_680' title='bbox 3213 4519 3407 4571; x_wconf 88' lang='lat' dir='ltr'><strong>sacro;</strong></span> 
     </span>
    </p>
   </div>
   <div class='ocr_carea' id='block_1_99' title="bbox 1839 4572 3412 4646">
    <p class='ocr_par' dir='ltr' id='par_1_99' title="bbox 1839 4572 3412 4646">
     <span class='ocr_line' id='line_1_100' title="bbox 1839 4572 3412 4646; baseline 0.002 -19"><span class='ocrx_word' id='word_1_681' title='bbox 1839 4573 1980 4646; x_wconf 89' lang='lat' dir='ltr'><strong>quod</strong></span> <span class='ocrx_word' id='word_1_682' title='bbox 2012 4574 2226 4642; x_wconf 91' lang='lat' dir='ltr'><strong>quidem</strong></span> <span class='ocrx_word' id='word_1_683' title='bbox 2243 4573 2539 4646; x_wconf 76' lang='lat' dir='ltr'><strong>donarium</strong></span> <span class='ocrx_word' id='word_1_684' title='bbox 2565 4572 2802 4646; x_wconf 81' lang='lat' dir='ltr'><strong>perierat</strong></span> <span class='ocrx_word' id='word_1_685' title='bbox 2828 4572 3035 4645; x_wconf 82' lang='lat' dir='ltr'><strong>Agnelli</strong></span> <span class='ocrx_word' id='word_1_686' title='bbox 3058 4583 3300 4646; x_wconf 88' lang='lat' dir='ltr'><strong>tempore</strong></span> <span class='ocrx_word' id='word_1_687' title='bbox 3327 4591 3412 4630; x_wconf 79' lang='lat' dir='ltr'><strong>re-</strong></span> 
     </span>
    </p>
   </div>
   <div class='ocr_carea' id='block_1_100' title="bbox 1840 4643 3408 4716">
    <p class='ocr_par' dir='ltr' id='par_1_100' title="bbox 1840 4643 3408 4716">
     <span class='ocr_line' id='line_1_101' title="bbox 1840 4643 3408 4716; baseline 0.001 -17"><span class='ocrx_word' id='word_1_688' title='bbox 1840 4645 2152 4716; x_wconf 71' lang='lat' dir='ltr'><strong>centiorum</strong></span> <span class='ocrx_word' id='word_1_689' title='bbox 2172 4643 2564 4716; x_wconf 71' lang='lat' dir='ltr'><strong>episcoporum,</strong></span> <span class='ocrx_word' id='word_1_690' title='bbox 2599 4643 2664 4697; x_wconf 88' lang='lat' dir='ltr'><strong>de</strong></span> <span class='ocrx_word' id='word_1_691' title='bbox 2689 4643 2904 4716; x_wconf 42' lang='lat' dir='ltr'><strong>quibus:</strong></span> <span class='ocrx_word' id='word_1_692' title='bbox 2922 4660 3020 4701; x_wconf 92' lang='lat' dir='ltr'><strong>suo</strong></span> <span class='ocrx_word' id='word_1_693' title='bbox 3055 4643 3196 4706; x_wconf 40' lang='lat' dir='ltr'><strong>loco“,</strong></span> <span class='ocrx_word' id='word_1_694' title='bbox 3229 4646 3408 4716; x_wconf 90' lang='lat' dir='ltr'><strong>prodi-</strong></span> 
     </span>
    </p>
   </div>
   <div class='ocr_carea' id='block_1_101' title="bbox 1840 4712 3404 4837">
    <p class='ocr_par' dir='ltr' id='par_1_101' title="bbox 1840 4712 3404 4837">
     <span class='ocr_line' id='line_1_102' title="bbox 1840 4712 3404 4837; baseline 0.003 -70"><span class='ocrx_word' id='word_1_695' title='bbox 1840 4713 2076 4837; x_wconf 55' lang='lat' dir='ltr'><strong>gialitate.</strong></span> <span class='ocrx_word' id='word_1_696' title='bbox 2110 4713 2223 4768; x_wconf 85' lang='lat' dir='ltr'><strong>Hoc</strong></span> <span class='ocrx_word' id='word_1_697' title='bbox 2243 4715 2401 4794; x_wconf 67' lang='lat' dir='ltr'><strong>modo</strong></span> <span class='ocrx_word' id='word_1_698' title='bbox 2425 4712 2688 4794; x_wconf 78' lang='lat' dir='ltr'><strong>explicata</strong></span> <span class='ocrx_word' id='word_1_699' title='bbox 2708 4712 2820 4768; x_wconf 78' lang='lat' dir='ltr'><strong>rite</strong></span> <span class='ocrx_word' id='word_1_700' title='bbox 2845 4714 2946 4769; x_wconf 92' lang='lat' dir='ltr'><strong>sibi</strong></span> <span class='ocrx_word' id='word_1_701' title='bbox 2975 4724 3186 4771; x_wconf 88' lang='lat' dir='ltr'><strong>constat</strong></span> <span class='ocrx_word' id='word_1_702' title='bbox 3211 4712 3404 4771; x_wconf 78' lang='lat' dir='ltr'><strong>oratio.</strong></span> 
     </span>
     <span class='ocr_line' id='line_1_103' title="bbox 1889 4788 3404 4837; baseline 0 0"><span class='ocrx_word' id='word_1_703' title='bbox 1889 4799 2040 4837; x_wconf 90' lang='lat' dir='ltr'><strong>erum</strong></span> <span class='ocrx_word' id='word_1_704' title='bbox 2067 4798 2187 4837; x_wconf 90' lang='lat' dir='ltr'><strong>cum</strong></span> <span class='ocrx_word' id='word_1_705' title='bbox 2215 4798 2349 4837; x_wconf 88' lang='lat' dir='ltr'><strong>varn</strong></span> <span class='ocrx_word' id='word_1_706' title='bbox 2389 4792 2625 4837; x_wconf 72' lang='lat' dir='ltr'><strong>antrums</strong></span> <span class='ocrx_word' id='word_1_707' title='bbox 2652 4798 2937 4837; x_wconf 81' lang='lat' dir='ltr'><strong>processus</strong></span> <span class='ocrx_word' id='word_1_708' title='bbox 2960 4794 3166 4837; x_wconf 86' lang='lat' dir='ltr'><strong>essent.</strong></span> <span class='ocrx_word' id='word_1_709' title='bbox 3194 4788 3260 4837; x_wconf 89' lang='lat' dir='ltr'><strong>de</strong></span> <span class='ocrx_word' id='word_1_710' title='bbox 3286 4802 3404 4837; x_wconf 88' lang='lat' dir='ltr'><strong>nro-</strong></span> 
     </span>
    </p>
   </div>
   <div class='ocr_carea' id='block_1_102' title="bbox 1889 4783 3409 4855">
    <p class='ocr_par' dir='ltr' id='par_1_102' title="bbox 1889 4783 3409 4855">
     <span class='ocr_line' id='line_1_104' title="bbox 1889 4783 3409 4855; baseline 0.002 -18"><span class='ocrx_word' id='word_1_711' title='bbox 1889 4799 2040 4855; x_wconf 86' lang='lat' dir='ltr'><strong>erum</strong></span> <span class='ocrx_word' id='word_1_712' title='bbox 2067 4798 2187 4855; x_wconf 87' lang='lat' dir='ltr'><strong>eum</strong></span> <span class='ocrx_word' id='word_1_713' title='bbox 2215 4783 2364 4855; x_wconf 7' lang='lat' dir='ltr'><strong>varii;</strong></span> <span class='ocrx_word' id='word_1_714' title='bbox 2389 4783 2625 4855; x_wconf 85' lang='lat' dir='ltr'><strong>antiquis</strong></span> <span class='ocrx_word' id='word_1_715' title='bbox 2652 4798 2937 4855; x_wconf 81' lang='lat' dir='ltr'><strong>processus</strong></span> <span class='ocrx_word' id='word_1_716' title='bbox 2960 4794 3166 4851; x_wconf 87' lang='lat' dir='ltr'><strong>essent,</strong></span> <span class='ocrx_word' id='word_1_717' title='bbox 3194 4788 3260 4840; x_wconf 90' lang='lat' dir='ltr'><strong>de</strong></span> <span class='ocrx_word' id='word_1_718' title='bbox 3285 4802 3409 4855; x_wconf 88' lang='lat' dir='ltr'><strong>pro-</strong></span> 
     </span>
    </p>
   </div>
   <div class='ocr_carea' id='block_1_103' title="bbox 1844 4853 3409 4926">
    <p class='ocr_par' dir='ltr' id='par_1_103' title="bbox 1844 4853 3409 4926">
     <span class='ocr_line' id='line_1_105' title="bbox 1844 4853 3409 4926; baseline 0 -18"><span class='ocrx_word' id='word_1_719' title='bbox 1844 4868 1997 4926; x_wconf 81' lang='lat' dir='ltr'><strong>cessu</strong></span> <span class='ocrx_word' id='word_1_720' title='bbox 2026 4854 2114 4926; x_wconf 78' lang='lat' dir='ltr'><strong>hic</strong></span> <span class='ocrx_word' id='word_1_721' title='bbox 2142 4853 2247 4922; x_wconf 88' lang='lat' dir='ltr'><strong>agi,</strong></span> <span class='ocrx_word' id='word_1_722' title='bbox 2277 4853 2367 4926; x_wconf 84' lang='lat' dir='ltr'><strong>qui</strong></span> <span class='ocrx_word' id='word_1_723' title='bbox 2394 4854 2647 4923; x_wconf 84' lang='lat' dir='ltr'><strong>martyris</strong></span> <span class='ocrx_word' id='word_1_724' title='bbox 2670 4854 2737 4926; x_wconf 85' lang='lat' dir='ltr'><strong>ad</strong></span> <span class='ocrx_word' id='word_1_725' title='bbox 2763 4854 2967 4926; x_wconf 86' lang='lat' dir='ltr'><strong>cultum</strong></span> <span class='ocrx_word' id='word_1_726' title='bbox 2990 4853 3409 4926; x_wconf 25' lang='lat' dir='ltr'><strong>Spectaret,‘nul-</strong></span> 
     </span>
    </p>
   </div>
   <div class='ocr_carea' id='block_1_104' title="bbox 186 4904 1734 5009">
    <p class='ocr_par' dir='ltr' id='par_1_104' title="bbox 186 4904 1734 5009">
     <span class='ocr_line' id='line_1_106' title="bbox 186 4904 1734 5009; baseline -0.003 -17"><span class='ocrx_word' id='word_1_727' title='bbox 186 4904 381 5004; x_wconf 71' lang='lat' dir='ltr'><strong>docuit,</strong></span> <span class='ocrx_word' id='word_1_728' title='bbox 419 4939 544 5008; x_wconf 89' lang='lat' dir='ltr'><strong>quia</strong></span> <span class='ocrx_word' id='word_1_729' title='bbox 572 4904 802 5009; x_wconf 47' lang='lat' dir='ltr'><strong>semper.</strong></span> <span class='ocrx_word' id='word_1_730' title='bbox 823 4935 1021 4991; x_wconf 90' lang='lat' dir='ltr'><strong>ﬁebant</strong></span> <span class='ocrx_word' id='word_1_731' title='bbox 1050 4904 1308 5007; x_wconf 76' lang='lat' dir='ltr'><strong>imagines</strong></span> <span class='ocrx_word' id='word_1_732' title='bbox 1338 4935 1453 4990; x_wconf 91' lang='lat' dir='ltr'><strong>suis</strong></span> <span class='ocrx_word' id='word_1_733' title='bbox 1479 4934 1734 5004; x_wconf 87' lang='lat' dir='ltr'><strong>tempori-</strong></span> 
     </span>
    </p>
   </div>
   <div class='ocr_carea' id='block_1_105' title="bbox 1839 4904 3409 5009">
    <p class='ocr_par' dir='ltr' id='par_1_105' title="bbox 1847 4904 3409 5009">
     <span class='ocr_line' id='line_1_107' title="bbox 1847 4904 3409 5009; baseline 0.003 -34"><span class='ocrx_word' id='word_1_734' title='bbox 1847 4922 1929 5009; x_wconf 64' lang='lat' dir='ltr'><strong>lus</strong></span> <span class='ocrx_word' id='word_1_735' title='bbox 1957 4904 2620 5009; x_wconf 41' lang='lat' dir='ltr'><strong>ambigofljpgxnapﬁeiye</strong></span> <span class='ocrx_word' id='word_1_736' title='bbox 2637 4923 2921 5009; x_wconf 51' lang='grc' dir='ltr'><strong>πρόκξσσον</strong></span> <span class='ocrx_word' id='word_1_737' title='bbox 2945 4904 3113 4997; x_wconf 44' lang='lat' dir='ltr'><strong>fxim,</strong></span> <span class='ocrx_word' id='word_1_738' title='bbox 3134 4940 3227 4979; x_wconf 90' lang='lat' dir='ltr'><strong>seu</strong></span> <span class='ocrx_word' id='word_1_739' title='bbox 3245 4904 3409 5009; x_wconf 55' lang='grc' dir='ltr'><strong>ἔτοιιῖγ</strong></span> 
     </span>
    </p>
   </div>
   <div class='ocr_carea' id='block_1_106' title="bbox 187 5023 1738 5095">
    <p class='ocr_par' dir='ltr' id='par_1_106' title="bbox 187 5023 1738 5095">
     <span class='ocr_line' id='line_1_108' title="bbox 187 5023 1738 5095; baseline 0.001 -17"><span class='ocrx_word' id='word_1_740' title='bbox 187 5023 280 5081; x_wconf 84' lang='lat' dir='ltr'><strong>bus</strong></span> <span class='ocrx_word' id='word_1_741' title='bbox 305 5029 373 5084; x_wconf 88' lang='lat' dir='ltr'><strong>ad</strong></span> <span class='ocrx_word' id='word_1_742' title='bbox 397 5030 608 5085; x_wconf 90' lang='lat' dir='ltr'><strong>illorum</strong></span> <span class='ocrx_word' id='word_1_743' title='bbox 635 5027 1063 5084; x_wconf 88' lang='lat' dir='ltr'><strong>similitudinem.</strong></span> <span class='ocrx_word' id='word_1_744' title='bbox 1096 5026 1162 5081; x_wconf 84' lang='lat' dir='ltr'><strong>Et</strong></span> <span class='ocrx_word' id='word_1_745' title='bbox 1189 5026 1233 5081; x_wconf 92' lang='lat' dir='ltr'><strong>si</strong></span> <span class='ocrx_word' id='word_1_746' title='bbox 1263 5026 1539 5081; x_wconf 85' lang='lat' dir='ltr'><strong>altercatio</strong></span> <span class='ocrx_word' id='word_1_747' title='bbox 1565 5042 1629 5082; x_wconf 83' lang='lat' dir='ltr'><strong>ex</strong></span> <span class='ocrx_word' id='word_1_748' title='bbox 1655 5028 1738 5095; x_wconf 89' lang='lat' dir='ltr'><strong>pi-</strong></span> 
     </span>
    </p>
   </div>
   <div class='ocr_carea' id='block_1_107' title="bbox 189 5115 1743 5189">
    <p class='ocr_par' dir='ltr' id='par_1_107' title="bbox 189 5115 1743 5189">
     <span class='ocr_line' id='line_1_109' title="bbox 189 5115 1743 5189; baseline 0 -21"><span class='ocrx_word' id='word_1_749' title='bbox 189 5117 350 5172; x_wconf 82' lang='lat' dir='ltr'><strong>cturis</strong></span> <span class='ocrx_word' id='word_1_750' title='bbox 372 5117 551 5184; x_wconf 77' lang='lat' dir='ltr'><strong>fuerit,</strong></span> <span class='ocrx_word' id='word_1_751' title='bbox 577 5118 721 5189; x_wconf 86' lang='lat' dir='ltr'><strong>quod</strong></span> <span class='ocrx_word' id='word_1_752' title='bbox 748 5116 1037 5172; x_wconf 86' lang='lat' dir='ltr'><strong>adﬁrmare</strong></span> <span class='ocrx_word' id='word_1_753' title='bbox 1066 5124 1253 5169; x_wconf 84' lang='lat' dir='ltr'><strong>eorum</strong></span> <span class='ocrx_word' id='word_1_754' title='bbox 1286 5116 1486 5187; x_wconf 80' lang='lat' dir='ltr'><strong>elﬁgies</strong></span> <span class='ocrx_word' id='word_1_755' title='bbox 1514 5131 1619 5170; x_wconf 91' lang='lat' dir='ltr'><strong>non</strong></span> <span class='ocrx_word' id='word_1_756' title='bbox 1650 5115 1743 5169; x_wconf 86' lang='lat' dir='ltr'><strong>de-</strong></span> 
     </span>
    </p>
   </div>
   <div class='ocr_carea' id='block_1_108' title="bbox 192 5201 1743 5274">
    <p class='ocr_par' dir='ltr' id='par_1_108' title="bbox 192 5201 1743 5274">
     <span class='ocr_line' id='line_1_110' title="bbox 192 5201 1743 5274; baseline -0.001 -16"><span class='ocrx_word' id='word_1_757' title='bbox 192 5201 441 5274; x_wconf 80' lang='lat' dir='ltr'><strong>buissem,</strong></span> <span class='ocrx_word' id='word_1_758' title='bbox 465 5207 784 5262; x_wconf 88' lang='lat' dir='ltr'><strong>Ambrosius</strong></span> <span class='ocrx_word' id='word_1_759' title='bbox 812 5203 1224 5265; x_wconf 78' lang='lat' dir='ltr'><strong>Mediolanensis</strong></span> <span class='ocrx_word' id='word_1_760' title='bbox 1261 5205 1488 5258; x_wconf 88' lang='lat' dir='ltr'><strong>antistes</strong></span> <span class='ocrx_word' id='word_1_761' title='bbox 1514 5205 1567 5258; x_wconf 91' lang='lat' dir='ltr'><strong>in</strong></span> <span class='ocrx_word' id='word_1_762' title='bbox 1612 5219 1743 5273; x_wconf 88' lang='lat' dir='ltr'><strong>pas-</strong></span> 
     </span>
    </p>
   </div>
   <div class='ocr_carea' id='block_1_109' title="bbox 112 5292 1744 5368">
    <p class='ocr_par' dir='ltr' id='par_1_109' title="bbox 112 5292 1744 5368">
     <span class='ocr_line' id='line_1_111' title="bbox 112 5292 1744 5368; baseline 0.001 -17"><span class='ocrx_word' id='word_1_763' title='bbox 112 5323 117 5327; x_wconf 86' lang='grc'><strong>-</strong></span> <span class='ocrx_word' id='word_1_764' title='bbox 194 5292 334 5351; x_wconf 78' lang='lat' dir='ltr'><strong>Sione</strong></span> <span class='ocrx_word' id='word_1_765' title='bbox 358 5298 634 5353; x_wconf 87' lang='lat' dir='ltr'><strong>beatorum</strong></span> <span class='ocrx_word' id='word_1_766' title='bbox 672 5306 970 5368; x_wconf 79' lang='lat' dir='ltr'><strong>martyrum</strong></span> <span class='ocrx_word' id='word_1_767' title='bbox 995 5295 1239 5350; x_wconf 88' lang='lat' dir='ltr'><strong>Gervasii</strong></span> <span class='ocrx_word' id='word_1_768' title='bbox 1270 5306 1323 5350; x_wconf 87' lang='lat' dir='ltr'><strong>et</strong></span> <span class='ocrx_word' id='word_1_769' title='bbox 1372 5296 1631 5361; x_wconf 88' lang='lat' dir='ltr'><strong>Protasii,</strong></span> <span class='ocrx_word' id='word_1_770' title='bbox 1676 5298 1744 5353; x_wconf 91' lang='lat' dir='ltr'><strong>de</strong></span> 
     </span>
    </p>
   </div>
   <div class='ocr_carea' id='block_1_110' title="bbox 190 5382 1747 5459">
    <p class='ocr_par' dir='ltr' id='par_1_110' title="bbox 190 5382 1747 5459">
     <span class='ocr_line' id='line_1_112' title="bbox 190 5382 1747 5459; baseline 0.003 -24"><span class='ocrx_word' id='word_1_771' title='bbox 190 5382 247 5435; x_wconf 86' lang='grc' dir='ltr'><strong>Β.</strong></span> <span class='ocrx_word' id='word_1_772' title='bbox 283 5384 430 5443; x_wconf 83' lang='lat' dir='ltr'><strong>Pauli</strong></span> <span class='ocrx_word' id='word_1_773' title='bbox 476 5387 703 5459; x_wconf 84' lang='lat' dir='ltr'><strong>apostoli</strong></span> <span class='ocrx_word' id='word_1_774' title='bbox 746 5385 920 5458; x_wconf 74' lang='lat' dir='ltr'><strong>eiﬁgie</strong></span> <span class='ocrx_word' id='word_1_775' title='bbox 949 5385 1145 5440; x_wconf 90' lang='lat' dir='ltr'><strong>cecinit</strong></span> <span class='ocrx_word' id='word_1_776' title='bbox 1188 5385 1413 5451; x_wconf 88' lang='lat' dir='ltr'><strong>dicens;</strong></span> <span class='ocrx_word' id='word_1_777' title='bbox 1448 5387 1600 5456; x_wconf 80' lang='lat' dir='ltr'><strong>cujus</strong></span> <span class='ocrx_word' id='word_1_778' title='bbox 1635 5386 1747 5441; x_wconf 75' lang='lat' dir='ltr'><strong>rul-</strong></span> 
     </span>
    </p>
   </div>
   <div class='ocr_carea' id='block_1_111' title="bbox 191 5476 1745 5550">
    <p class='ocr_par' dir='ltr' id='par_1_111' title="bbox 191 5476 1745 5550">
     <span class='ocr_line' id='line_1_113' title="bbox 191 5476 1745 5550; baseline 0.005 -27"><span class='ocrx_word' id='word_1_779' title='bbox 191 5483 294 5528; x_wconf 80' lang='lat' dir='ltr'><strong>tum</strong></span> <span class='ocrx_word' id='word_1_780' title='bbox 332 5494 410 5532; x_wconf 83' lang='lat' dir='ltr'><strong>me</strong></span> <span class='ocrx_word' id='word_1_781' title='bbox 449 5479 657 5550; x_wconf 80' lang='lat' dir='ltr'><strong>pictura</strong></span> <span class='ocrx_word' id='word_1_782' title='bbox 695 5477 964 5532; x_wconf 84' lang='lat' dir='ltr'><strong>docuerat.</strong></span> <span class='ocrx_word' id='word_1_783' title='bbox 994 5476 1094 5543; x_wconf 85' lang='lat' dir='ltr'><strong>Qui</strong></span> <span class='ocrx_word' id='word_1_784' title='bbox 1118 5476 1272 5547; x_wconf 86' lang='lat' dir='ltr'><strong>jussu</strong></span> <span class='ocrx_word' id='word_1_785' title='bbox 1308 5478 1491 5532; x_wconf 79' lang='lat' dir='ltr'><strong>divino</strong></span> <span class='ocrx_word' id='word_1_786' title='bbox 1523 5478 1745 5547; x_wconf 88' lang='lat' dir='ltr'><strong>pontiﬁ-</strong></span> 
     </span>
    </p>
   </div>
   <div class='ocr_carea' id='block_1_112' title="bbox 192 5565 1747 5641">
    <p class='ocr_par' dir='ltr' id='par_1_112' title="bbox 192 5565 1747 5641">
     <span class='ocr_line' id='line_1_114' title="bbox 192 5565 1747 5641; baseline 0.003 -24"><span class='ocrx_word' id='word_1_787' title='bbox 192 5575 362 5622; x_wconf 88' lang='lat' dir='ltr'><strong>catum</strong></span> <span class='ocrx_word' id='word_1_788' title='bbox 412 5568 623 5634; x_wconf 75' lang='lat' dir='ltr'><strong>ﬁnivit,</strong></span> <span class='ocrx_word' id='word_1_789' title='bbox 672 5577 727 5623; x_wconf 90' lang='lat' dir='ltr'><strong>et</strong></span> <span class='ocrx_word' id='word_1_790' title='bbox 768 5569 931 5623; x_wconf 87' lang='lat' dir='ltr'><strong>vitam</strong></span> <span class='ocrx_word' id='word_1_791' title='bbox 961 5584 1014 5623; x_wconf 81' lang='grc' dir='ltr'><strong>ιγ</strong></span> <span class='ocrx_word' id='word_1_792' title='bbox 1043 5567 1160 5622; x_wconf 79' lang='lat' dir='ltr'><strong>Kal.</strong></span> <span class='ocrx_word' id='word_1_793' title='bbox 1186 5565 1349 5631; x_wconf 83' lang='lat' dir='ltr'><strong>Junii,</strong></span> <span class='ocrx_word' id='word_1_794' title='bbox 1402 5567 1747 5641; x_wconf 86' lang='lat' dir='ltr'><strong>sepultusque</strong></span> 
     </span>
    </p>
   </div>
   <div class='ocr_carea' id='block_1_113' title="bbox 182 5660 1746 5734">
    <p class='ocr_par' dir='ltr' id='par_1_113' title="bbox 182 5660 1746 5734">
     <span class='ocr_line' id='line_1_115' title="bbox 182 5660 1746 5734; baseline 0.006 -26"><span class='ocrx_word' id='word_1_795' title='bbox 182 5666 273 5710; x_wconf 76' lang='lat' dir='ltr'><strong>est</strong></span> <span class='ocrx_word' id='word_1_796' title='bbox 304 5660 357 5714; x_wconf 91' lang='lat' dir='ltr'><strong>in</strong></span> <span class='ocrx_word' id='word_1_797' title='bbox 383 5661 491 5730; x_wconf 80' lang='lat' dir='ltr'><strong>jam</strong></span> <span class='ocrx_word' id='word_1_798' title='bbox 523 5664 667 5718; x_wconf 90' lang='lat' dir='ltr'><strong>dicta</strong></span> <span class='ocrx_word' id='word_1_799' title='bbox 711 5662 928 5719; x_wconf 89' lang='lat' dir='ltr'><strong>basilica</strong></span> <span class='ocrx_word' id='word_1_800' title='bbox 971 5661 1028 5718; x_wconf 93' lang='lat' dir='ltr'><strong>S.</strong></span> <span class='ocrx_word' id='word_1_801' title='bbox 1080 5662 1303 5734; x_wconf 81' lang='lat' dir='ltr'><strong>Agnetis</strong></span> <span class='ocrx_word' id='word_1_802' title='bbox 1329 5662 1582 5733; x_wconf 73' lang='lat' dir='ltr'><strong>Martyris</strong></span> <span class='ocrx_word' id='word_1_803' title='bbox 1622 5671 1746 5718; x_wconf 89' lang='lat' dir='ltr'><strong>ante</strong></span> 
     </span>
    </p>
   </div>
   <div class='ocr_carea' id='block_1_114' title="bbox 198 5748 1765 5839">
    <p class='ocr_par' dir='ltr' id='par_1_114' title="bbox 198 5748 1765 5839">
     <span class='ocr_line' id='line_1_116' title="bbox 198 5748 1765 5839; baseline 0.009 -40"><span class='ocrx_word' id='word_1_804' title='bbox 198 5749 362 5807; x_wconf 82' lang='lat' dir='ltr'><strong>altare</strong></span> <span class='ocrx_word' id='word_1_805' title='bbox 384 5755 479 5809; x_wconf 90' lang='lat' dir='ltr'><strong>sub</strong></span> <span class='ocrx_word' id='word_1_806' title='bbox 505 5748 881 5827; x_wconf 74' lang='lat' dir='ltr'><strong>porphyretico</strong></span> <span class='ocrx_word' id='word_1_807' title='bbox 907 5754 1230 5832; x_wconf 23' lang='lat' dir='ltr'><strong>lapide.‘Alii</strong></span> <span class='ocrx_word' id='word_1_808' title='bbox 1256 5754 1405 5826; x_wconf 85' lang='lat' dir='ltr'><strong>ajunt</strong></span> <span class='ocrx_word' id='word_1_809' title='bbox 1425 5765 1548 5827; x_wconf 85' lang='lat' dir='ltr'><strong>post</strong></span> <span class='ocrx_word' id='word_1_810' title='bbox 1576 5756 1765 5839; x_wconf 0' lang='lat' dir='ltr'><strong>altare,</strong></span> 
     </span>
    </p>
   </div>
   <div class='ocr_carea' id='block_1_115' title="bbox 1846 4992 3408 5062">
    <p class='ocr_par' dir='ltr' id='par_1_115' title="bbox 1846 4992 3408 5062">
     <span class='ocr_line' id='line_1_117' title="bbox 1846 4992 3408 5062; baseline 0.001 -15"><span class='ocrx_word' id='word_1_811' title='bbox 1846 4992 2163 5048; x_wconf 85' lang='lat' dir='ltr'><strong>dicebantur</strong></span> <span class='ocrx_word' id='word_1_812' title='bbox 2223 4992 2945 5062; x_wconf 79' lang='lat' dir='ltr'><strong>Byzantiniimperatores,</strong></span> <span class='ocrx_word' id='word_1_813' title='bbox 2976 4992 3123 5049; x_wconf 66' lang='lat' dir='ltr'><strong>&#39;eum</strong></span> <span class='ocrx_word' id='word_1_814' title='bbox 3182 4995 3408 5050; x_wconf 88' lang='lat' dir='ltr'><strong>solemni</strong></span> 
     </span>
    </p>
   </div>
   <div class='ocr_carea' id='block_1_116' title="bbox 1846 5060 3412 5133">
    <p class='ocr_par' dir='ltr' id='par_1_116' title="bbox 1846 5060 3412 5133">
     <span class='ocr_line' id='line_1_118' title="bbox 1846 5060 3412 5133; baseline 0 -17"><span class='ocrx_word' id='word_1_815' title='bbox 1846 5077 2040 5133; x_wconf 88' lang='lat' dir='ltr'><strong>pompa</strong></span> <span class='ocrx_word' id='word_1_816' title='bbox 2075 5060 2311 5117; x_wconf 76' lang='lat' dir='ltr'><strong>adhibita</strong></span> <span class='ocrx_word' id='word_1_817' title='bbox 2350 5065 2421 5133; x_wconf 85' lang='lat' dir='ltr'><strong>ad</strong></span> <span class='ocrx_word' id='word_1_818' title='bbox 2455 5061 2646 5130; x_wconf 88' lang='lat' dir='ltr'><strong>palatia</strong></span> <span class='ocrx_word' id='word_1_819' title='bbox 2680 5060 3138 5133; x_wconf 74' lang='lat' dir='ltr'><strong>constantinopoli</strong></span> <span class='ocrx_word' id='word_1_820' title='bbox 3166 5065 3412 5133; x_wconf 81' lang='lat' dir='ltr'><strong>proxima</strong></span> 
     </span>
    </p>
   </div>
   <div class='ocr_carea' id='block_1_117' title="bbox 1846 5131 3412 5203">
    <p class='ocr_par' dir='ltr' id='par_1_117' title="bbox 1846 5131 3412 5203">
     <span class='ocr_line' id='line_1_119' title="bbox 1846 5131 3412 5203; baseline -0.001 -17"><span class='ocrx_word' id='word_1_821' title='bbox 1846 5131 2227 5203; x_wconf 86' lang='lat' dir='ltr'><strong>procedebant,</strong></span> <span class='ocrx_word' id='word_1_822' title='bbox 2250 5133 2330 5186; x_wconf 88' lang='lat' dir='ltr'><strong>vel</strong></span> <span class='ocrx_word' id='word_1_823' title='bbox 2359 5131 2949 5203; x_wconf 89' lang='lat' dir='ltr'><strong>ibidem_morabantur,</strong></span> <span class='ocrx_word' id='word_1_824' title='bbox 2973 5131 3076 5203; x_wconf 89' lang='lat' dir='ltr'><strong>qua</strong></span> <span class='ocrx_word' id='word_1_825' title='bbox 3105 5131 3179 5187; x_wconf 81' lang='lat' dir='ltr'><strong>de</strong></span> <span class='ocrx_word' id='word_1_826' title='bbox 3199 5149 3258 5186; x_wconf 88' lang='lat' dir='ltr'><strong>re</strong></span> <span class='ocrx_word' id='word_1_827' title='bbox 3286 5147 3412 5187; x_wconf 77' lang='lat' dir='ltr'><strong>eru-</strong></span> 
     </span>
    </p>
   </div>
   <div class='ocr_carea' id='block_1_118' title="bbox 1847 5201 3410 5272">
    <p class='ocr_par' dir='ltr' id='par_1_118' title="bbox 1847 5201 3410 5272">
     <span class='ocr_line' id='line_1_120' title="bbox 1847 5201 3410 5272; baseline -0.001 -17"><span class='ocrx_word' id='word_1_828' title='bbox 1847 5201 2111 5257; x_wconf 88' lang='lat' dir='ltr'><strong>ditissime</strong></span> <span class='ocrx_word' id='word_1_829' title='bbox 2137 5202 2439 5272; x_wconf 85' lang='lat' dir='ltr'><strong>Ducangius</strong></span> <span class='ocrx_word' id='word_1_830' title='bbox 2466 5203 2518 5255; x_wconf 90' lang='lat' dir='ltr'><strong>in</strong></span> <span class='ocrx_word' id='word_1_831' title='bbox 2537 5201 3192 5272; x_wconf 74' lang='lat' dir='ltr'><strong>Cppstantinupolisacra,</strong></span> <span class='ocrx_word' id='word_1_832' title='bbox 3215 5203 3305 5257; x_wconf 94' lang='lat' dir='ltr'><strong>lib.</strong></span> <span class='ocrx_word' id='word_1_833' title='bbox 3330 5217 3410 5265; x_wconf 82' lang='lat' dir='ltr'><strong>IV,</strong></span> 
     </span>
    </p>
   </div>
   <div class='ocr_carea' id='block_1_119' title="bbox 1848 5269 3410 5337">
    <p class='ocr_par' dir='ltr' id='par_1_119' title="bbox 1848 5269 3410 5337">
     <span class='ocr_line' id='line_1_121' title="bbox 1848 5269 3410 5337; baseline 0.001 -11"><span class='ocrx_word' id='word_1_834' title='bbox 1848 5280 1980 5326; x_wconf 88' lang='lat' dir='ltr'><strong>sect.</strong></span> <span class='ocrx_word' id='word_1_835' title='bbox 2015 5273 2101 5337; x_wconf 82' lang='lat' dir='ltr'><strong>ll,</strong></span> <span class='ocrx_word' id='word_1_836' title='bbox 2130 5287 2276 5326; x_wconf 90' lang='lat' dir='ltr'><strong>num.</strong></span> <span class='ocrx_word' id='word_1_837' title='bbox 2309 5269 2365 5337; x_wconf 74' lang='lat'><strong>‘2,</strong></span> <span class='ocrx_word' id='word_1_838' title='bbox 2399 5280 2453 5326; x_wconf 90' lang='lat' dir='ltr'><strong>et</strong></span> <span class='ocrx_word' id='word_1_839' title='bbox 2479 5272 2533 5325; x_wconf 91' lang='lat' dir='ltr'><strong>in</strong></span> <span class='ocrx_word' id='word_1_840' title='bbox 2561 5269 2832 5327; x_wconf 81' lang='lat' dir='ltr'><strong>Clussario</strong></span> <span class='ocrx_word' id='word_1_841' title='bbox 2859 5269 3179 5329; x_wconf 64' lang='lat' dir='ltr'><strong>Graecitatis.</strong></span> <span class='ocrx_word' id='word_1_842' title='bbox 3216 5273 3296 5327; x_wconf 82' lang='lat' dir='ltr'><strong>Ex</strong></span> <span class='ocrx_word' id='word_1_843' title='bbox 3324 5272 3410 5328; x_wconf 87' lang='lat' dir='ltr'><strong>his</strong></span> 
     </span>
    </p>
   </div>
   <div class='ocr_carea' id='block_1_120' title="bbox 1850 5342 3414 5424">
    <p class='ocr_par' dir='ltr' id='par_1_120' title="bbox 1850 5342 3414 5424">
     <span class='ocr_line' id='line_1_122' title="bbox 1850 5342 3414 5424; baseline 0.001 -30"><span class='ocrx_word' id='word_1_844' title='bbox 1850 5351 2052 5407; x_wconf 84' lang='lat' dir='ltr'><strong>tamen,</strong></span> <span class='ocrx_word' id='word_1_845' title='bbox 2080 5357 2201 5424; x_wconf 58' lang='lat' dir='ltr'><strong>qua;</strong></span> <span class='ocrx_word' id='word_1_846' title='bbox 2228 5342 2281 5394; x_wconf 90' lang='lat' dir='ltr'><strong>in</strong></span> <span class='ocrx_word' id='word_1_847' title='bbox 2310 5356 2441 5422; x_wconf 40' lang='lat' dir='ltr'><strong>eam.</strong></span> <span class='ocrx_word' id='word_1_848' title='bbox 2460 5358 2571 5396; x_wconf 90' lang='lat' dir='ltr'><strong>rem</strong></span> <span class='ocrx_word' id='word_1_849' title='bbox 2596 5343 2862 5424; x_wconf 74' lang='lat' dir='ltr'><strong>congessit</strong></span> <span class='ocrx_word' id='word_1_850' title='bbox 2882 5342 3126 5424; x_wconf 78' lang='lat' dir='ltr'><strong>laudatus</strong></span> <span class='ocrx_word' id='word_1_851' title='bbox 3145 5343 3377 5424; x_wconf 74' lang='lat' dir='ltr'><strong>scriptor</strong></span> <span class='ocrx_word' id='word_1_852' title='bbox 3392 5382 3414 5408; x_wconf 88' lang='lat'><strong>,</strong></span> 
     </span>
    </p>
   </div>
   <div class='ocr_carea' id='block_1_121' title="bbox 1847 5412 3411 5481">
    <p class='ocr_par' dir='ltr' id='par_1_121' title="bbox 1847 5412 3411 5481">
     <span class='ocr_line' id='line_1_123' title="bbox 1847 5412 3411 5481; baseline 0.002 -17"><span class='ocrx_word' id='word_1_853' title='bbox 1847 5423 2069 5481; x_wconf 80' lang='lat' dir='ltr'><strong>apparet</strong></span> <span class='ocrx_word' id='word_1_854' title='bbox 2090 5412 2277 5466; x_wconf 87' lang='lat' dir='ltr'><strong>eodem</strong></span> <span class='ocrx_word' id='word_1_855' title='bbox 2301 5412 2514 5467; x_wconf 88' lang='lat' dir='ltr'><strong>nomine</strong></span> <span class='ocrx_word' id='word_1_856' title='bbox 2530 5412 2778 5467; x_wconf 82' lang='lat' dir='ltr'><strong>vocatum</strong></span> <span class='ocrx_word' id='word_1_857' title='bbox 2801 5412 2959 5466; x_wconf 89' lang='lat' dir='ltr'><strong>ritum</strong></span> <span class='ocrx_word' id='word_1_858' title='bbox 2982 5412 3411 5469; x_wconf 79' lang='lat' dir='ltr'><strong>ecclesiasticum</strong></span> 
     </span>
    </p>
   </div>
   <div class='ocr_carea' id='block_1_122' title="bbox 1845 5481 3411 5553">
    <p class='ocr_par' dir='ltr' id='par_1_122' title="bbox 1845 5481 3411 5553">
     <span class='ocr_line' id='line_1_124' title="bbox 1845 5481 3411 5553; baseline 0 -16"><span class='ocrx_word' id='word_1_859' title='bbox 1845 5481 2186 5553; x_wconf 73' lang='lat' dir='ltr'><strong>procedendi,</strong></span> <span class='ocrx_word' id='word_1_860' title='bbox 2215 5495 2322 5550; x_wconf 91' lang='lat' dir='ltr'><strong>quo</strong></span> <span class='ocrx_word' id='word_1_861' title='bbox 2352 5482 2591 5553; x_wconf 86' lang='lat' dir='ltr'><strong>episcopi</strong></span> <span class='ocrx_word' id='word_1_862' title='bbox 2625 5497 2745 5537; x_wconf 91' lang='lat' dir='ltr'><strong>cum</strong></span> <span class='ocrx_word' id='word_1_863' title='bbox 2776 5481 2922 5553; x_wconf 82' lang='lat' dir='ltr'><strong>clero</strong></span> <span class='ocrx_word' id='word_1_864' title='bbox 2945 5491 2999 5537; x_wconf 89' lang='lat' dir='ltr'><strong>et</strong></span> <span class='ocrx_word' id='word_1_865' title='bbox 3024 5484 3220 5553; x_wconf 90' lang='lat' dir='ltr'><strong>populo</strong></span> <span class='ocrx_word' id='word_1_866' title='bbox 3245 5483 3411 5538; x_wconf 84' lang='lat' dir='ltr'><strong>certis</strong></span> 
     </span>
    </p>
   </div>
   <div class='ocr_carea' id='block_1_123' title="bbox 1847 5551 3407 5622">
    <p class='ocr_par' dir='ltr' id='par_1_123' title="bbox 1847 5551 3407 5622">
     <span class='ocr_line' id='line_1_125' title="bbox 1847 5551 3407 5622; baseline 0.001 -17"><span class='ocrx_word' id='word_1_867' title='bbox 1847 5551 2273 5622; x_wconf 80' lang='lat' dir='ltr'><strong>solemnitatibus</strong></span> <span class='ocrx_word' id='word_1_868' title='bbox 2310 5551 2703 5622; x_wconf 87' lang='lat' dir='ltr'><strong>procedebant,</strong></span> <span class='ocrx_word' id='word_1_869' title='bbox 2748 5552 2890 5621; x_wconf 89' lang='lat' dir='ltr'><strong>quod</strong></span> <span class='ocrx_word' id='word_1_870' title='bbox 2928 5567 2995 5607; x_wconf 77' lang='lat' dir='ltr'><strong>ex</strong></span> <span class='ocrx_word' id='word_1_871' title='bbox 3027 5551 3111 5608; x_wconf 79' lang='lat' dir='ltr'><strong>eo</strong></span> <span class='ocrx_word' id='word_1_872' title='bbox 3146 5555 3407 5617; x_wconf 80' lang='lat' dir='ltr'><strong>fortasse,</strong></span> 
     </span>
    </p>
   </div>
   <div class='ocr_carea' id='block_1_124' title="bbox 1846 5620 3411 5693">
    <p class='ocr_par' dir='ltr' id='par_1_124' title="bbox 1846 5620 3411 5693">
     <span class='ocr_line' id='line_1_126' title="bbox 1846 5620 3411 5693; baseline 0.004 -21"><span class='ocrx_word' id='word_1_873' title='bbox 1846 5620 1971 5693; x_wconf 80' lang='lat' dir='ltr'><strong>quia</strong></span> <span class='ocrx_word' id='word_1_874' title='bbox 2007 5629 2063 5674; x_wconf 88' lang='lat' dir='ltr'><strong>et</strong></span> <span class='ocrx_word' id='word_1_875' title='bbox 2093 5620 2206 5693; x_wconf 86' lang='lat' dir='ltr'><strong>ipse</strong></span> <span class='ocrx_word' id='word_1_876' title='bbox 2233 5620 2526 5693; x_wconf 77' lang='lat' dir='ltr'><strong>imperator</strong></span> <span class='ocrx_word' id='word_1_877' title='bbox 2552 5638 2672 5693; x_wconf 87' lang='lat' dir='ltr'><strong>eum</strong></span> <span class='ocrx_word' id='word_1_878' title='bbox 2697 5620 2908 5693; x_wconf 61' lang='lat' dir='ltr'><strong>poinpa,</strong></span> <span class='ocrx_word' id='word_1_879' title='bbox 2932 5632 2987 5693; x_wconf 88' lang='lat' dir='ltr'><strong>et</strong></span> <span class='ocrx_word' id='word_1_880' title='bbox 3004 5635 3260 5693; x_wconf 82' lang='lat' dir='ltr'><strong>apparatu</strong></span> <span class='ocrx_word' id='word_1_881' title='bbox 3290 5638 3411 5680; x_wconf 82' lang='lat' dir='ltr'><strong>esse</strong></span> 
     </span>
    </p>
   </div>
   <div class='ocr_carea' id='block_1_125' title="bbox 1847 5689 3405 5765">
    <p class='ocr_par' dir='ltr' id='par_1_125' title="bbox 1847 5689 3405 5765">
     <span class='ocr_line' id='line_1_127' title="bbox 1847 5689 3405 5765; baseline 0.004 -23"><span class='ocrx_word' id='word_1_882' title='bbox 1847 5689 2065 5765; x_wconf 65' lang='lat' dir='ltr'><strong>soleret,</strong></span> <span class='ocrx_word' id='word_1_883' title='bbox 2097 5689 2372 5765; x_wconf 60' lang='grc' dir='ltr'><strong>πρόγινσίοερ</strong></span> <span class='ocrx_word' id='word_1_884' title='bbox 2404 5691 2520 5765; x_wconf 80' lang='lat' dir='ltr'><strong>ﬁeri</strong></span> <span class='ocrx_word' id='word_1_885' title='bbox 2550 5689 2747 5765; x_wconf 80' lang='lat' dir='ltr'><strong>dictum</strong></span> <span class='ocrx_word' id='word_1_886' title='bbox 2774 5689 2893 5746; x_wconf 86' lang='lat' dir='ltr'><strong>fuit.</strong></span> <span class='ocrx_word' id='word_1_887' title='bbox 2927 5692 2983 5747; x_wconf 87' lang='lat' dir='ltr'><strong>ld</strong></span> <span class='ocrx_word' id='word_1_888' title='bbox 3009 5689 3214 5750; x_wconf 65' lang='lat' dir='ltr'><strong>astruit</strong></span> <span class='ocrx_word' id='word_1_889' title='bbox 3250 5710 3405 5750; x_wconf 90' lang='lat' dir='ltr'><strong>conc.</strong></span> 
     </span>
    </p>
   </div>
   <div class='ocr_carea' id='block_1_126' title="bbox 1847 5759 3411 5831">
    <p class='ocr_par' dir='ltr' id='par_1_126' title="bbox 1847 5759 3411 5831">
     <span class='ocr_line' id='line_1_128' title="bbox 1847 5759 3411 5831; baseline 0.003 -15"><span class='ocrx_word' id='word_1_890' title='bbox 1847 5759 2254 5831; x_wconf 81' lang='lat' dir='ltr'><strong>Constantiiiop.</strong></span> <span class='ocrx_word' id='word_1_891' title='bbox 2288 5763 2388 5818; x_wconf 89' lang='lat' dir='ltr'><strong>sub</strong></span> <span class='ocrx_word' id='word_1_892' title='bbox 2420 5762 2572 5819; x_wconf 79' lang='lat' dir='ltr'><strong>Mena</strong></span> <span class='ocrx_word' id='word_1_893' title='bbox 2601 5762 2781 5819; x_wconf 85' lang='lat' dir='ltr'><strong>Actor.</strong></span> <span class='ocrx_word' id='word_1_894' title='bbox 2825 5777 2906 5829; x_wconf 83' lang='grc' dir='ltr'><strong>ιιι,</strong></span> <span class='ocrx_word' id='word_1_895' title='bbox 2940 5765 3031 5820; x_wconf 87' lang='lat' dir='ltr'><strong>ubi</strong></span> <span class='ocrx_word' id='word_1_896' title='bbox 3061 5767 3291 5823; x_wconf 88' lang='lat' dir='ltr'><strong>dicitur:</strong></span> <span class='ocrx_word' id='word_1_897' title='bbox 3332 5768 3411 5821; x_wconf 78' lang='grc' dir='ltr'><strong><em>Ἐν</em></strong></span> 
     </span>
    </p>
   </div>
  </div>
