3956 6190
552 363 651 418 5Ξ7

1252 357 1537 413 AGNELLI
1572 356 1858 412 ABBATIS
1896 358 1955 413 S.
1998 356 2233 413 MANE
2274 358 2365 413 AD
2402 353 2875 421 BLACIIEIINAS,
2917 356 3062 413 ETC.

3662 357 3777 414 55

551 481 754 541 συνάξει
777 487 866 537 τῆς
884 473 1147 535 δεσποίνης
1170 476 1309 563 rius?”
1330 483 1419 563 τῇς
1440 475 1579 529 θεοτό
1589 497 1695 536 κου,
1711 478 1795 529 καὶ
1818 476 1967 563 57in;
1989 481 2108 563 lia-

594 556 601 563 .
748 557 763 563 _
817 547 841 563 .
1020 548 1031 560 .
1147 547 1159 561 .
1211 557 1237 563 _
1687 548 1697 562 .

2212 483 2370 527 vocat
2394 474 2508 544 ipse
2531 474 2583 527 in
2601 470 3252 563 .Comme’ntarioprmviol,
3283 470 3514 563 num.L5.
3550 469 3630 563 ⁸Αι
3652 471 3775 563 die;

553 556 688 625 ρίᾳς,
705 557 794 608 τῆς
813 547 1118 625 διᾳκιιμὲνης
1136 547 1188 625 ἐν
1210 546 1823 625 Βλᾳχέρνηςεπροιεξνσξογ
1849 545 1992 625 ὅζτος
2015 545 2111 625 βατ

553 613 781 675 inium}:
814 636 839 686 ί(
875 615 932 668 Iu
961 613 1149 686 synaxi
1191 613 1388 686 regioni
1426 613 1620 686 nostra:
1656 613 1847 669 Matris
1885 614 1976 686 Dei
1997 613 2025 677 ,'
2059 621 2115 668 et

553 697 749 743 sancta:
779 685 976 746 Marim,
993 683 1112 752 'quze
1132 684 1293 750 estin
1317 683 1649 747 Blachernis,
1671 700 1791 737 cum
1817 684 2114 752 habebatur

552 772 833 828 processus
857 751 1165 828 inipcrialis.
1208 772 1225 803 ›
1260 753 1333 828 09
1368 754 1712 828 processibus
1734 763 1911 807 autem
1936 751 2147 828 hujus-'

554 823 718 887 inodi,
752 839 887 893 quos
901 839 979 893 _ex
1005 823 1340 892 imperatoris
1368 823 1668 893 interventu
1702 825 1774 876 ita
1807 823 2115 893 specialiter

553 891 985 960 vocatos—conjici
1014 891 1169 962 posse
1188 893 1422 962 videtur,
1450 892 1591 961 loqui
1619 891 1866 946 existimo
1886 894 2113 946 Anasta-

553 967 688 1019 sium
713 967 763 1018 in
791 961 1085 1032 Agathone,
1110 961 1198 1016 ubi
1228 971 1428 1032 narrat,
1457 962 1689 1017 instante
1709 964 1980 1032 pontifice,
2002 962 2113 1029 epi-

551 1050 715 1103 scopo
734 1034 943 1087 cuidam
967 1033 1376 1103 ah_impcratore
1400 1031 1776 1103 interdictum,
1802 1048 1871 1086 ne
1891 1033 1957 1085 ad
1988 1047 2111 1103 pro-

548 1100 761 1159 missum
779 1106 1004 1156 veniret.
1021 1101 1307 1155 Processus
1324 1100 1622 1169 hujusmodi
1641 1119 1760 1156 cum
1780 1100 2130 1170 imperatoris-

555 1176 881 1235 interventu,
909 1178 961 1224 ct
993 1186 1205 1240 pompa,
1248 1170 1625 1238 Exupcrautii,
1653 1181 1707 1224 et
1743 1186 2113 1225 successorum

552 1244 753 1311 aliquot
784 1251 1019 1309 tempore
1058 1240 1335 1311 Ravennte
1370 1240 1609 1311 habitos,
1658 1241 1845 1311 suadet
1877 1240 2112 1295 Valenti-

552 1307 697 1366 niani
724 1307 914 1364 ibidem
942 1326 1109 1371 mora,
1137 1318 1192 1362 et
1219 1307 1539 1375 conjecturie
1567 1310 1736 1364 locum
1766 1310 1987 1373 faciunt,
2010 1326 2119 1362 mo-

551 1399 640 1435 res
665 1390 717 1434 et
738 1382 873 1435 ritus
911 1379 1476 1447 Constantinopolitani
1508 1380 1561 1431 in
1590 1380 1770 1434 multis
1791 1382 1858 1433 ab
1879 1379 2115 1433 Ecclesia

551 1452 860 1505 Ravennate
881 1448 1132 1502 affectati.
1163 1448 1254 1501 Sic
1278 1447 1527 1502 Ecclesia}
1544 1451 1732 1503 eadem
1762 1450 2116 1518 appellatione

552 1532 773 1581 vocata),
807 1536 908 1588 qua
935 1518 1305 1588 cekabcrrimae
1322 1518 1802 1586 Constantinopoli,
1833 1528 1889 1572 ut
1918 1527 2116 1574 sanctae

553 1591 731 1644 Maria:
754 1586 1177 1661 in'Blachcrnis,
1223 1586 1375 1655 cujus
1401 1588 1577 1656 operis
1606 1589 1838 1658 scriptor
1862 1587 2117 1661 Agnellus

552 1663 719 1713 abbas
746 1659 865 1711 fuit.

621 1730 681 1782 ll.
718 1727 773 1782 la
805 1728 889 1781 his
912 1735 1092 1797 autem
1124 1728 1463 1797 processibus
1493 1726 1858 1783 celebritatem
1900 1735 1955 1782 et
1983 1726 2117 1781 laeti-

552 1801 679 1853 tiam
704 1799 756 1851 in
782 1796 956 1888 natale
978 1796 1272 1888 martyrum
1295 1799 1551 1888 interit-am
1575 1798 1750 1867 potius
1770 1797 2114 1888 crediderim,
2144 1830 2191 1888 Β

546 1884 709 1939 quam
741 1867 1148 1939 paenitentiam,
1168 1882 1261 1939 seu
1296 1868 1676 1937 expiationem,
1711 1883 1831 1939 quae
1860 1876 2114 1939 caeterum

536 1937 601 1991 in
645 1937 876 2007 litaniis,
916 1937 1347 2007 processionibus
1374 1946 1429 1991 et
1470 1937 1834 2006 rogationibus
1861 1937 2119 2007 primario

547 2006 989 2077 intendebantur;
1011 2021 1075 2061 ac
1094 2008 1160 2060 de
1181 2006 1482 2077 huiusmodi
1504 2008 1846 2077 processibus
1862 2006 2121 2077 frequen:-

548 2078 622 2131 tia
652 2075 829 2147 populi
866 2075 1167 2147 celebratis
1190 2076 1336 2147 loqui
1372 2075 1605 2131 arbitror
1635 2075 2015 2147 Hieronymum
2051 2075 2121 2131 ad

548 2145 898 2202 Eustochium
920 2146 1082 2216 epist.
1106 2145 1197 2209 ΞΩ,
1221 2145 1364 2203 illam
1391 2162 1419 2199 a
1439 2147 1783 2216 processibus
1806 2145 2115 2202 removens:

556 2236 573 2267 ι
610 2215 986 2285 Martyrestibi
1013 2224 1325 2285 quaerantur
1360 2216 1412 2270 in
1440 2215 1686 2271 cubiculo
1708 2224 1819 2279 tuo,
1842 2231 2120 2284 nunquam

540 2301 711 2341 causa
742 2284 915 2340 deerit
940 2284 1278 2356 procedendi,
1303 2286 1347 2339 si
1375 2300 1609 2356 semper,
1646 2286 1868 2355 quando
1896 2299 2125 2356 necesse

540 2364 650 2426 est,
674 2367 1025 2426 progressum
1053 2355 1150 2426 sis.
1182 2374 1200 2406 ι
1231 2355 1374 2426 [dein
1396 2354 1586 2426 suadet
1605 2354 1760 2426 epist.
1788 2356 1955 2420 12,υά
1978 2354 2123 2409 Gau-

549 2425 809 2496 dentium,
840 2434 895 2477 et
923 2425 1083 2494 epist.
1112 2425 1167 2488 7,
1200 2425 1267 2477 ad
1297 2424 1518 2496 Lzetam.
1552 2424 1945 2496 Ad’processus
1970 2438 2123 2479 revo-

544 2492 992 2573 candaincenseo
1017 2508 1284 2576 pompam,
1312 2510 1418 2564 qua
1450 2492 1671 2576 festivis'
1686 2495 1874 2576 diebus
1894 2508 1997 2576 per
2025 2508 2123 2547 an-

554 2579 684 2616 num
711 2562 1033 2630 episcopus,
1052 2578 1143 2618 seu
1169 2562 1440 2618 Romanus
1471 2563 1708 2632 pontifex
1740 2564 1806 2618 ad
1838 2562 2123 2618 missarum

551 2632 808 2703 mysteria
822 2633 1162 2703 procedebat,
1177 2634 1244 2687 de
1258 2635 1451 2703 quibus
1469 2633 1522 2688 in
1539 2632 1827 2703 Ordinibus
1843 2632 2119 2698 Romanis,

542 2701 640 2771 qui
656 2701 780 2773 dum
802 2701 1098 2771 agebantur
1119 2717 1150 2755 a
1170 2701 1421 2772 pontifice
1446 2702 1770 2773 procedente
1798 2703 2120 2773 dirimeban-

544 2770 646 2842 tur
669 2770 817 2842 lites,
851 2782 905 2824 et
933 2786 1138 2842 causai,
1172 2770 1243 2825 ἰιι
1287 2770 1507 2842 apparet
1543 2788 1609 2826 ex
1651 2772 1851 2827 Ordine
1887 2772 2062 2842 primo
2088 2787 2119 2827 a

543 2840 859 2913 .Mabillonio
878 2841 1024 2894 edito
1053 2855 1200 2894 num.
1233 2842 1288 2905 2,
1321 2840 1411 2896 ubi
1440 2842 1777 2913 Mabillonius
1813 2840 1926 2913 ipse
1953 2842 2121 2913 adno-

540 2914 657 2981 tat,
696 2929 714 2960 ι
751 2907 843 2963 Sic
863 2924 1040 2981 causa:
1062 2925 1444 2980 nonnunquam
1473 2912 1525 2966 in
1550 2912 1666 2981 ipso
1689 2907 1946 2981 processu
1971 2910 2121 2967 ﬁnie-

545 2979 778 3052 bantur,
804 2979 964 3052 _unde
1009 2979 1309 3052 processus
1340 2979 1659 3052 vocabulum
1692 2979 1885 3052 lingua
1930 2989 2118 3036 nostra

551 3046 756 3121 Gallica
780 3049 911 3121 (imo
938 3058 992 3103 et
1011 3046 1219 3121 Italica)
1250 3066 1349 3121 pro
1380 3052 1471 3105 tite
1500 3051 1737 3116 fluxisse,
1774 3046 1990 3121 quidam
2014 3052 2115 3106 viri

550 3119 695 3191 docti
732 3119 1035 3191 Opinantnr.
1072 3138 1092 3191 ρ
1124 3118 1292 3174 Porro
1335 3121 1730 3175 distinctionem
1767 3118 2115 3191 processuum

546 3172 784 3261 histilia:
812 3196 866 3261 a
889 3172 1420 3261 εθιειπίμηίέθεοιίεε.
1446 3172 2117 3261 ⁷ἣεὶύίὶὸιῖᾷὲη¹ἐὼ⁷ἰιῖἷᾷὖί
2144 3172 2188 3234 c

544 3258 865 3329 expiationis
889 3266 945 3312 et
967 3259 1296 3329 paenitentia:
1333 3274 1494 3314 causa
1524 3260 1722 3314 fiebant
1743 3299 1758 3324 ,
1786 3269 2010 3329 apparet
2042 3258 2117 3315 ex

547 3328 663 3397 ipso
694 3328 834 3391 ritu;
870 3328 1066 3382 etenim
1096 3328 1149 3381 in
1180 3331 1263 3383 his
1288 3330 1512 3384 collecta
1543 3329 1595 3383 in
1623 3344 1728 3383 una
1764 3328 2004 3385 Ecclesia
2029 3331 2121 3384 ha-

548 3396 797 3461 bebatur,
829 3398 989 3468 statio
1029 3399 1081 3451 in
1098 3398 1280 3468 altera
1301 3440 1313 3461 ,
1350 3401 1401 3453 in
1432 3398 1538 3453 illis
1571 3414 1700 3453 vero
1728 3402 2121 3468 procedebatur

547 3468 750 3539 absque
791 3467 1050 3539 collectis.
1096 3467 1226 3523 Vide
1260 3469 1490 3524 indicem
1540 3467 1845 3523 Stationum
1890 3470 1959 3524 ab
2002 3470 2119 3539 ipso

548 3535 852 3591 Mabillonio
884 3537 1104 3598 editum,
1137 3549 1266 3593 tom.
1294 3539 1336 3593 Il
1359 3539 1524 3593 Musei
1552 3538 1741 3601 Italici,
1762 3541 1854 3594 ubi
1882 3535 2119 3595 collectae

547 3606 871 3679 adnotantur
898 3607 1121 3679 singulis
1149 3610 1338 3663 diebus
1365 3623 1461 3678 per
1490 3609 1984 3679 Quadragesimam,
2010 3611 2112 3664 mi-

548 3676 699 3747 nime
729 3684 908 3747 autem
952 3676 1003 3747 in
1045 3678 1181 3731 aliis.
1214 3678 1343 3733 Novi
1368 3676 1678 3747 oppositum
1711 3676 2112 3747 quodammodo

548 3745 793 3817 docuisse
821 3746 1183 3817 Mabillonium
1212 3745 1582 3817 ipsum{éujus
1604 3745 1922 3803 auctoritate
1942 3751 2115 3803 deter-

549 3814 704 3879 ritus,
721 3816 833 3871 fere
852 3816 919 3870 ab
939 3817 1113 3872 allatis
1131 3814 1429 3873 scribendis
1451 3814 1799 3874 recesseram.
1818 3819 2108 3886 Stationes,

549 3900 683 3953 quas
718 3886 936 3940 collecta
982 3888 1320 3956 praecedebat
1358 3888 1656 3953 solemnes,
1702 3889 1835 3943 alias
1875 3890 2115 3958 privatas

2215 560 2331 597 rum
2358 540 2779 598 ct'occasionnm
2820 542 3090 596 distinctio
3132 542 3327 610 quibus
3373 540 3591 604 ﬁebant,
3629 541 3782 597 aliud

2214 614 2441 667 suadere
2466 614 2695 666 videtur.
2722 612 2857 665 IIinc
2886 620 2937 666 et
2968 615 3125 665 modo
3152 611 3325 663 oratio
3354 610 3441 664 illa
3475 626 3596 679 qua:
3620 612 3783 666 colle—

2212 692 2298 737 cta
2325 682 2612 752 improprie
2641 681 3218 752 vocaturrexpjationis
3248 696 3409 735 causa
3442 695 3657 752 semper
3687 683 3782 735 ad-

2207 749 2453 822 jungitdr
2481 749 2813 822 orationibus
2841 751 2964 822 diei.
2991 750 3258 805 Praeterea
3292 760 3550 822 utrasque
3584 749 3782 822 solem-

2216 818 2524 887 nes'fuisse,
2552 822 2642 874 vix
2679 820 2912 876 dubitari
2948 836 3105 889 posse
3148 834 3272 874 reor
3304 836 3370 875 ex
3408 818 3669 874 Ordinum
3702 820 3781 875 Ie-

2214 893 2413 957 ctionc,
2455 892 2507 945 in
2557 890 2753 959 quibus
2796 890 3117 943 describitur
3146 905 3336 959 pompa
3372 889 3629 944 solemnis
3656 905 3788 959 pm-

2214 962 2460 1015 cedendi.
2492 960 2582 1014 Sic
2608 960 2660 1013 in
2687 958 2886 1013 Ordine
2911 961 3107 1029 primo,
3131 958 3285 1013 num.
3309 959 3359 1020 2,
3392 968 3447 1014 et
3475 959 3625 1013 alibi.

2283 1031 2367 1084 Ill.
2410 1030 2537 1096 Qua:
2571 1045 2701 1084 vero
2744 1030 2950 1083 donarii
2997 1030 3205 1099 Species
3244 1030 3433 1085 civitas
3472 1029 3789 1099 Argentea?

2214 1098 2459 1153 Profecto
2487 1100 2589 1168 nisi
2622 1099 2871 1154 mendum
2902 1098 3247 1167 descriptoris
3271 1100 3402 1153 vitio
3429 1100 3589 1154 cubet
3618 1098 3789 1168 (quod

2215 1171 2367 1241 valde
2382 1166 2656 1241 suspicor)
2684 1184 2910 1237 arguere
2938 1166 3093 1233 licet,
3110 1170 3343 1241 civitatis
3358 1166 3789 1241 Argentius—effi-

2215 1240 2353 1309 giem
2378 1240 2429 1292 in
2454 1239 2982 1307 tabula‘expressam,
2998 1239 3266 1309 argenteis
3285 1239 3531 1293 videlicet
3550 1240 3791 1293 bracteis

2214 1311 2522 1369 obductam,
2554 1325 2671 1378 qua:
2698 1310 2749 1362 in
2776 1310 3185 1363 solemnioribus
3223 1310 3581 1378 processibus,
3609 1318 3668 1363 ct
3694 1324 3794 1378 po-

2216 1380 2481 1432 tissimum
2506 1378 2557 1431 in
2586 1380 2672 1432 die
2704 1378 2862 1431 natali
2887 1385 3085 1431 sancta:
3106 1378 3324 1449 Agnetis
3349 1388 3573 1433 ornatus
3610 1379 3790 1449 gratia

2214 1456 2571 1518 imponeretur
2588 1464 2754 1519 ;rnam
2777 1459 3029 1502 αξιοι-ψη
3059 1448 3110 1501 in
3132 1449 3469 1518 processibus
3491 1448 3794 1519 quaz’defe-

2217 1522 2508 1581 rebantur,
2557 1518 2625 1571 ad
2673 1518 2851 1572 misse
2901 1519 3194 1574 ἀκολουθίαν
3240 1520 3600 1585 pertinebant.
3658 1519 3795 1574 Illud

2215 1588 2427 1659 demum
2459 1588 2657 1659 evincit
2682 1588 2773 1659 hic
2793 1588 2859 1659 dc
2880 1588 3112 1659 Argenta
3137 1588 3330 1657 oppido
3353 1589 3573 1643 minime
3598 1588 3795 1659 Agnel-

2216 1658 2324 1711 lum
2342 1658 2524 1729 loqui,
2552 1658 2693 1726 quod
2727 1658 2915 1729 civitas
2943 1658 3029 1710 illa
3054 1668 3357 1722 vocaretur,
3389 1658 3795 1729 qumiepiscopo

2218 1728 2502 1799 gaudebat,
2536 1736 2731 1782 czetera
2764 1728 2880 1799 loca
2911 1737 3087 1799 castra
3125 1728 3460 1799 dicebantur.
3510 1727 3648 1784 Vide
3681 1727 3799 1797 ejus

2221 1796 2295 1850 rei
2321 1806 2634 1867 argumenta
2654 1797 2791 1867 apud
2821 1796 3153 1867 Dueangium
3173 1797 3337 1853 verbo
3360 1797 3632 1863 Castrum,
3661 1796 3719 1853 et
3743 1801 3796 1855 in

2219 1866 2510 1937 appendice
2540 1866 2699 1936 primi
2737 1867 2900 1930 tonui,
2925 1866 3093 1937 verbo
3119 1866 3331 1922 Civitas.
3361 1867 3416 1922 Id
3458 1870 3626 1923 etiam
3661 1868 3795 1923 Ciri-

2219 1936 2339 1990 tatis
2385 1936 2654 2006 Argentea:
2690 1936 3096 1991 aedificationem
3118 1979 3133 2001 ,
3178 1938 3292 1992 sive
3335 1939 3796 1994 constructionem

2217 2007 2381 2061 tribui
2404 2005 2583 2077 potius
2605 2005 2841 2077 Gemello
2872 2021 3033 2077 quam
3062 2008 3451 2077 Exuperantio,
3490 2010 3699 2075 efﬁcit,
3738 2019 3796 2063 ut

2218 2077 2415 2148 mirum
2444 2076 2515 2131 sit
2550 2076 2684 2148 b_c|lc
2710 2078 2844 2131 adeo
2872 2076 2998 2148 hinc
3025 2076 3273 2148 Argenta:
3305 2078 3486 2148 oppidi
3516 2079 3682 2135 initia
3710 2080 3793 2134 in-

2220 2146 2453 2211 tellecta,
2480 2157 2536 2200 et
2568 2146 2929 2217 Exuperantio
2960 2146 3236 2217 attributa.
3342 2146 3357 2148 _
3379 2146 3392 2148 “
3666 2200 3675 2211 ,

2292 2217 2379 2272 IV.
2416 2216 2584 2270 Verba
2608 2216 2697 2270 illa
2721 2216 3010 2284 wdiﬁcator
3037 2216 3250 2280 Tricofi,
3292 2217 3381 2271 sed
3411 2235 3515 2272 non
3545 2236 3795 2274 consum-

2221 2296 2427 2352 mator,
2454 2286 2828 2356 videntur_hic
2873 2286 3155 2356 irrepsisse
3198 2288 3437 2351 aliunde,
3483 2304 3613 2343 cum
3664 2290 3795 2345 infra

2220 2357 2405 2439 a-dcm_
2434 2354 2576 2439 illam
2624 2370 2655 2409 a
2703 2354 2867 2411 Petro
2904 2354 3236 2439 gh'rysolpgo
3285 2356 3562 2439 fundatam
3610 2369 3799 2439 narret

2220 2424 2494 2499 Agnellus,
2525 2433 2584 2479 et
2608 2440 2819 2499 _versus
2850 2424 3044 2497 adjecti
3090 2426 3148 2499 id
3176 2424 3358 2499 ipsum
3389 2428 3650 2499 probent.
3692 2430 3796 2485 Hoc

2222 2494 2417 2568 ipsum,
2447 2509 2565 2563 qua:
2608 2494 3250 2568 immediate'pmecedunt
3279 2505 3334 2550 et
3366 2494 3793 2568 subsequuntur,

2222 2565 2325 2635 vir;
2342 2564 2476 2635 alias
2507 2565 2849 2633 separabilia,
2875 2564 3071 2635 legenti
3102 2568 3348 2621 suadent.

2283 2632 2348 2709 Υ.
2368 2633 2497 2701 Qua:
2521 2632 3145 2709 sequunturastruendze
3163 2637 3385 2708 Agnello
3408 2636 3531 2709 fidei
3551 2640 3795 2709 apprime

2223 2702 2466 2770 faciunt;
2506 2702 2712 2758 sincere
2746 2704 2889 2760 enim
2929 2706 3126 2760 fatetur
3164 2702 3240 2763 se'
3262 2722 3383 2762 cum
3419 2706 3501 2762 vel
3526 2702 3606 2763 εί
3632 2702 3794 2765 docu-

2222 2775 2437 2845 mentis,
2463 2774 2548 2826 vel
2587 2788 2655 2828 ex
2694 2774 2964 2839 aedificiis,
3007 2776 3091 2830 vel
3125 2792 3189 2831 ex
3219 2778 3480 2845 majorum
3507 2776 3794 2834 traditione

2220 2844 2589 2920 episcoporum
2638 2853 2789 2915 gesta
2839 2855 3087 2920 actaque
3114 2844 3373 2901 intelleXit
3397 2887 3411 2912 ,
3460 2863 3531 2920 ea
3578 2850 3794 2920 scriptis

2221 2914 2527 2990 mandasse,
2552 2914 2673 2968 cum
2702 2929 2829 2969 vero
2851 2914 3301 2990 omniadeerant,
3326 2930 3394 2971 ne
3429 2918 3634 2990 seriem
3671 2914 3795 2990 p‘ong

2221 2984 2424 3059 tificum
2450 2984 2881 3059 interrumperet,
2921 3000 2984 3039 ea
3012 2986 3212 3059 dirisse
3241 3003 3361 3057 quae
3394 2988 3495 3043 sibi
3530 2984 3793 3059 probabili

2221 3053 2527 3129 conjectura
2552 3070 2683 3129 _vera
2709 3055 3045 3129 videbantur.
3075 3053 3365 3129 Perperain
3399 3053 3561 3129 igitur
3588 3074 3662 3113 ex
3690 3058 3793 3114 elo-

2220 3122 2322 3197 giis
2349 3123 2627 3197 generalia
2654 3132 2860 3197 tantum
2893 3122 3242 3190 tradentibuis,
3279 3122 3662 3197 argumentum
3690 3130 3794 3183 suf-

2220 3194 2405 3266 ficiens
2431 3194 2530 3266 visi
2568 3194 2675 3266 sibi
2700 3206 2823 3266 sunt
2848 3196 3045 3266 habere
3080 3197 3321 3266 plerique
3347 3194 3501 3252 certa
3524 3200 3794 3254 nonnullis

2220 3214 2405 3246 ueiens
2432 3214 2530 3247 VISI
2568 3214 2668 3247 sun
2700 3214 2823 3247 sunt
2848 3214 3045 3249 nubere
3080 3214 3212 3266 plen
3256 3214 3321 3252 ne
3352 3214 3501 3252 certa
3524 3214 3791 3254 nonnullis

2216 3262 2492 3338 episcopis
2521 3264 2847 3338 ascrihcndi.
2901 3265 3097 3338 Verum
3139 3214 3307 3322 multo
3336 3269 3506 3338 magis
3541 3268 3791 3325 refellun—

2219 3330 2306 3404 tur
2334 3330 2543 3404 fabulae
2584 3334 3080 3404 pseudo-dextrinze
3128 3352 3158 3389 a
3209 3338 3381 3393 Fabro
3424 3330 3695 3404 laudata},
3742 3349 3793 3394 et

2218 3402 2480 3479 refellitur
2522 3402 2829 3479 conjectura
2866 3406 2958 3479 _de
3013 3406 3237 3479 epistola
3294 3407 3605 3479 Hieronymi
3677 3402 3789 3465 huic

2217 3471 2581 3551 Exuperautio
2606 3476 2837 3541 scripta;
2866 3475 2981 3551 haec
3002 3471 3142 3530 enim
3165 3478 3343 3551 omnia
3370 3471 3635 3551 Agnellus
3656 3482 3794 3551 igno-

2219 3542 2390 3615 ravit,
2422 3551 2477 3595 et
2504 3543 2818 3611 ignoravere
2863 3544 3204 3615 Ravennates
3249 3542 3475 3615 Aguello
3514 3542 3785 3612 seniores;

2218 3611 2422 3686 _utinam
2453 3622 2653 3686 autem,
2681 3628 2840 3686 quam
2864 3615 2951 3670 hic
2968 3614 3224 3686 Agnellus
3253 3611 3622 3674 in'scribendo
3646 3622 3787 3674 fidem

2210 3680 2495 3760 jactatnet
2540 3683 2593 3736 in
2634 3680 3340 3760 antiquioribus'fnarrandis
3374 3700 3658 3760 utcunque
3689 3706 3787 3743 ser-

2219 3767 2374 3806 vasse
2405 3751 2654 3817 fatemur,
2689 3751 2904 3822 ubique,
2944 3762 2998 3808 et
3027 3759 3080 3809 in
3113 3759 3505 3814 recentioribus
3534 3751 3788 3815 custodis-

2220 3830 2320 3886 set,
2352 3822 2634 3895 minusque
2663 3839 2883 3895 suorum
2911 3834 3385 3882 conterraueorum
3412 3830 3637 3895 fabulis,
3662 3847 3785 3884 sum-

2218 3906 2324 3961 que
2359 3890 2412 3945 in
2451 3890 2746 3979 Ilotnanam
2768 3894 2951 3949 sedem
2975 3897 3239 3951 aversioni
3270 3898 3576 3956 indulsisset
3602 3903 3625 3954 Ξ

1702 4032 3237 4057 tum

1749 4097 1991 4173 VI'I‘A
2050 4097 2128 4172 S.
2182 4097 2616 4175 JOANNIS
2664 4116 2679 4133 ‘

1848 4219 1983 4266 ΤΟΥ
2030 4218 2498 4269 ΑΓΙἚΛΟΠΤΟΥ

1076 4400 1301 4457 CAPUT
1338 4403 1623 4462 PRIMUM.

492 4514 504 4536 -.
557 4486 711 4542 Breve
740 4488 959 4560 Joannis
994 4490 1233 4560 elogium.
1276 4492 1519 4550 Basilica:
1555 4497 1611 4552 S.
1649 4498 1915 4557 Laurentii
1951 4515 1997 4559 et
2031 4522 2118 4559 sa-

708 4559 824 4613 celli
854 4560 914 4615 S.
942 4559 1190 4630 Stephani
1213 4564 1511 4633 a'diﬁcatiu.
1544 4567 1775 4625 Lauricii
1802 4573 1955 4628 Acta.

623 4666 857 4723 Joannes
895 4668 991 4723 XX
1023 4668 1259 4741 [primus
1287 4672 1514 4748 Bacch.]
1554 4678 1748 4734 virtute
1779 4681 1932 4737 valde
1958 4686 2117 4740 v'enc-

554 4758 759 4824 rabilis,
778 4775 1071 4830 pauperum
1096 4764 1349 4829 nutritor,
1370 4767 1621 4834 pudicitia
1648 4783 1887 4838 ornatus,
1912 4785 2117 4831 amator

556 4848 900 4916 castimoniaa,
931 4850 998 4905 ad
1019 4850 1168 4920 cujus
1195 4854 1492 4911 orationem
1518 4861 1757 4930 angelica
1788 4867 2000 4934 agmina
2027 4869 2118 4922 de-

553 4938 897 4993 scendebant.
930 4939 1210 4999 Mediocris
1234 4960 1491 5016 corpore,
1525 4952 1700 5006 tenuis
1737 4952 1904 5021 facie,
1934 4972 2116 5013 mace-

555 5037 702 5083 ratus
736 5028 985 5097 jejuniis.
1033 5048 1321 5104 egenorum
1364 5038 1612 5094 alimonia
1654 5043 1900 5100 tributor.
1946 5047 2118 5118 Ipsius

548 5117 883 5186 temporibus
908 5120 1143 5176 Ecclesia
1167 5121 1227 5175 Β.
1252 5123 1525 5182 Laurentii
1560 5133 1835 5201 martyris,
1873 5117 2117 5204 quaesita

553 5217 635 5261 est
666 5209 716 5263 in
744 5209 1006 5276 Caesarea,
1037 5223 1342 5270 constructa
1372 5218 1442 5272 ab
1467 5218 1716 5276 Lauricio
1748 5223 1949 5291 majore
1971 5228 2120 5281 cubi-

532 5295 657 5348 «culi
683 5294 897 5352 llonorii
926 5299 1281 5368 imperatoris,
1306 5319 1426 5359 cum
1452 5322 1658 5362 summa
1681 5311 1951 5381 diligentia
1974 5330 2120 5370 com-

553 5395 643 5454 pta
680 5401 796 5443 esse
824 5389 1093 5444 cernimus
1140 5393 1287 5446 mirze
1326 5397 1708 5465 magnitudinis
1749 5402 2116 5459 aedificiorum.

555 5476 660 5531 Sed
694 5486 869 5534 tamen
910 5481 975 5536 de
1013 5482 1125 5550 jam
1170 5485 1311 5540 dicta
1348 5487 1588 5543 Ecclesia
1611 5508 1716 5545 non
1745 5493 1951 5559 sileam,
1983 5510 2117 5563 quo-

557 5568 714 5620 modo
754 5571 931 5625 audivi
976 5589 1006 5625 a
1050 5575 1411 5631 narrantibus.
1461 5579 1602 5634 Idem
1643 5580 1908 5639 Honorius
1942 5584 2121 5640 Ctesar

544 5650 708 5721 jussit
741 5658 1134 5718 huic'Lauricio
1164 5674 1219 5720 ut
1243 5666 1295 5721 in
1322 5666 1564 5723 Caesarea
1592 5672 1639 5725 ei
1671 5673 1927 5741 palatium
1957 5676 2123 5730 aediﬁ-

542 5755 729 5798 caret.
760 5748 856 5812 Qui
899 5748 1104 5822 sumpta
1143 5759 1371 5825 pecunia
1416 5760 1468 5815 in
1509 5760 1807 5818 Caesaream
1848 5767 2119 5834 pervenit,

2221 4416 2403 4486 ibique
2422 4414 2536 4485 jam
2562 4416 2761 4472 dictam
2788 4417 3063 4473 basilicam
3101 4419 3244 4475 beati
3284 4425 3540 4496 martyris
3559 4431 3777 4485 aedifica-

2219 4506 2313 4559 vit.
2344 4505 2472 4571 Quae
2496 4522 2616 4561 cum
2643 4508 2891 4562 omnibus
2911 4519 3282 4566 consummata
3309 4512 3519 4583 fuisset,
3545 4534 3778 4577 reversus
3865 4542 3875 4553 ·

2145 4624 2196 4684 D
2221 4595 2288 4649 ad
2318 4611 2472 4650 suum
2516 4597 2821 4663 dominum,
2861 4607 2919 4652 ut
2947 4601 2997 4654 ei
3041 4601 3306 4671 expletam
3338 4606 3515 4663 aulam
3545 4615 3777 4667 commis-

2220 4697 2334 4736 sam
2383 4694 2665 4749 narraret;
2713 4700 2945 4756 moxque
2991 4704 3116 4744 eum
3166 4694 3435 4750 turbatum
3480 4698 3700 4767 invenit,
3729 4710 3773 4755 et

2220 4774 2410 4828 sedens
2439 4773 2699 4843 imperiali
2725 4776 2942 4841 habitu,
2973 4778 3048 4833 ita
3084 4782 3440 4839 architectum
3482 4786 3774 4845 Lauricium

2220 4860 2274 4914 in
2304 4862 2379 4914 ira
2408 4861 2738 4933 interrogare
2764 4866 2958 4934 coepit,
2989 4868 3034 4923 si
3078 4879 3186 4924 tota
3229 4874 3422 4943 regalis
3449 4878 3568 4932 aula
3587 4921 3602 4945 ,
3630 4894 3778 4950 qtiam

2219 4952 2269 5005 ei
2298 4950 2833 5022 fabricarejusserat,
2864 4957 3101 5028 perfecta
3141 4962 3194 5017 in
3230 4966 3341 5020 suis
3381 4970 3633 5038 operibus
3660 4970 3779 5025 fuis-

2221 5049 2322 5096 sct.
2344 5042 2606 5098 Invidiosa
2628 5055 2682 5099 et
2708 5046 2885 5116 prisca
2908 5048 3054 5104 fraus
3080 5051 3353 5108 malivolos
3372 5054 3614 5114 homines
3633 5074 3779 5113 aures

2220 5132 2559 5201 imperatoris
2581 5144 2991 5206 temptaverant,
3009 5143 3149 5210 quod
3168 5143 3359 5200 beatus
3379 5146 3657 5204 Lauricius
3676 5165 3775 5203 non

2220 5224 2362 5279 mdes
2389 5225 2713 5296 imperiales,
2751 5231 2844 5285 sed
2875 5233 3155 5289 ecclesiam
3179 5236 3515 5294 tedificasset.
3557 5239 3655 5307 Qui
3694 5256 3773 5295 rc-

2221 5319 2487 5389 spondens
2532 5323 2624 5387 ait,
2670 5339 2915 5395 magnam
2956 5327 3131 5383 aulam
3175 5329 3467 5395 honorifice
3506 5334 3775 5397 struxisse.

2221 5410 2380 5473 atria,
2411 5412 2653 5467 excelsas
2681 5429 2836 5469 arces
2859 5426 2913 5471 et
2950 5417 3143 5472 cubilia
3176 5421 3478 5489 promiscua
3518 5425 3582 5479 ad
3617 5424 3779 5494 ipsius

2223 5497 2415 5553 domus
2442 5499 2611 5555 latera
2644 5502 2955 5560 sufl‘ulsisse.
2982 5505 3321 5577 Imperatoris
3340 5512 3427 5566 ira
3453 5514 3664 5583 quievit,
3692 5513 3777 5582 qui

2225 5589 2351 5643 dum
2373 5604 2439 5643 ex
2460 5589 2749 5663 longinquo
2772 5596 2960 5651 itinere
2992 5595 3260 5655 Honorius
3278 5600 3549 5671 Augustus
3576 5602 3643 5657 ad
3670 5600 3782 5657 Cae—

2226 5693 2436 5732 saream
2483 5683 2847 5750 pervenisset,
2894 5686 3184 5756 vidensque
3237 5689 3483 5747 sublimia
3527 5689 3777 5753 ardificia,

2229 5767 2430 5837 placuit
2455 5769 2612 5826 valde
2649 5772 2772 5840 sibi,
2798 5774 2888 5845 qui
2923 5790 3044 5831 cum
3083 5776 3226 5834 intus
3264 5777 3452 5836 fuisset
3496 5783 3775 5852 ingressus,
