  <div class='ocr_page' id='page_1' title='image "/cluster/home/n/w/nwhite01/storage/ocr_20150623/106/hvd.32044054759717/270.png"; bbox 0 0 3956 6190; ppageno 0'>
   <div class='ocr_carea' id='block_1_1' title="bbox 205 363 320 419">
    <p class='ocr_par' dir='ltr' id='par_1_1' title="bbox 205 363 320 419">
     <span class='ocr_line' id='line_1_1' title="bbox 205 363 320 419; baseline -0.017 0"><span class='ocrx_word' id='word_1_1' title='bbox 205 363 320 419; x_wconf 77' lang='lat'><strong>5&#39;29</strong></span> 
     </span>
    </p>
   </div>
   <div class='ocr_carea' id='block_1_2' title="bbox 1276 332 2395 421">
    <p class='ocr_par' dir='ltr' id='par_1_2' title="bbox 1276 332 2395 421">
     <span class='ocr_line' id='line_1_2' title="bbox 1276 332 2395 421; baseline -0.003 -1"><span class='ocrx_word' id='word_1_2' title='bbox 1276 364 1473 421; x_wconf 70' lang='lat' dir='ltr'><strong>unus</strong></span> <span class='ocrx_word' id='word_1_3' title='bbox 1511 363 1992 420; x_wconf 61' lang='lat' dir='ltr'><strong>commotus.</strong></span> <span class='ocrx_word' id='word_1_4' title='bbox 2024 332 2103 407; x_wconf 61' lang='grc'><strong>’.-</strong></span> <span class='ocrx_word' id='word_1_5' title='bbox 2137 364 2318 419; x_wconf 67' lang='lat' dir='ltr'><strong>rans</strong></span> <span class='ocrx_word' id='word_1_6' title='bbox 2345 365 2395 420; x_wconf 86' lang='grc' dir='ltr'>ι.</span> 
     </span>
    </p>
   </div>
   <div class='ocr_carea' id='block_1_3' title="bbox 3346 360 3495 418">
    <p class='ocr_par' dir='ltr' id='par_1_3' title="bbox 3346 360 3495 418">
     <span class='ocr_line' id='line_1_3' title="bbox 3346 360 3495 418; baseline 0 -23"><span class='ocrx_word' id='word_1_7' title='bbox 3346 360 3495 418; x_wconf 58' lang='lat'><strong>530‘.</strong></span> 
     </span>
    </p>
   </div>
   <div class='ocr_carea' id='block_1_4' title="bbox 205 473 3454 546">
    <p class='ocr_par' dir='ltr' id='par_1_4' title="bbox 205 473 3454 546">
     <span class='ocr_line' id='line_1_4' title="bbox 205 473 3454 546; baseline -0 -17"><span class='ocrx_word' id='word_1_8' title='bbox 205 474 387 529; x_wconf 85' lang='lat' dir='ltr'><strong>veloci</strong></span> <span class='ocrx_word' id='word_1_9' title='bbox 412 489 575 529; x_wconf 88' lang='lat' dir='ltr'><strong>cursu</strong></span> <span class='ocrx_word' id='word_1_10' title='bbox 604 474 884 530; x_wconf 83' lang='lat' dir='ltr'><strong>Lauricius</strong></span> <span class='ocrx_word' id='word_1_11' title='bbox 922 475 1128 545; x_wconf 77' lang='lat' dir='ltr'><strong>fugiens</strong></span> <span class='ocrx_word' id='word_1_12' title='bbox 1154 484 1275 545; x_wconf 86' lang='lat' dir='ltr'><strong>post</strong></span> <span class='ocrx_word' id='word_1_13' title='bbox 1317 485 1558 531; x_wconf 89' lang='lat' dir='ltr'><strong>sanctam</strong></span> <span class='ocrx_word' id='word_1_14' title='bbox 1594 491 1779 540; x_wconf 88' lang='lat' dir='ltr'><strong>aram,</strong></span> <span class='ocrx_word' id='word_1_15' title='bbox 1809 478 1857 537; x_wconf 86' lang='grc' dir='ltr'>Λ</span> <span class='ocrx_word' id='word_1_16' title='bbox 1887 476 2074 530; x_wconf 85' lang='lat' dir='ltr'><strong>tuisset</strong></span> <span class='ocrx_word' id='word_1_17' title='bbox 2100 477 2260 530; x_wconf 83' lang='lat' dir='ltr'><strong>homo</strong></span> <span class='ocrx_word' id='word_1_18' title='bbox 2286 490 2385 544; x_wconf 87' lang='lat' dir='ltr'><strong>per</strong></span> <span class='ocrx_word' id='word_1_19' title='bbox 2423 476 2590 546; x_wconf 87' lang='lat' dir='ltr'><strong>ipsam</strong></span> <span class='ocrx_word' id='word_1_20' title='bbox 2626 476 2923 531; x_wconf 81' lang='lat' dir='ltr'><strong>Ecclesiam</strong></span> <span class='ocrx_word' id='word_1_21' title='bbox 2961 474 3205 545; x_wconf 84' lang='lat' dir='ltr'><strong>gradere.</strong></span> <span class='ocrx_word' id='word_1_22' title='bbox 3252 473 3454 542; x_wconf 82' lang='lat' dir='ltr'><strong>Etiam,</strong></span> 
     </span>
    </p>
   </div>
   <div class='ocr_carea' id='block_1_5' title="bbox 208 566 1786 637">
    <p class='ocr_par' dir='ltr' id='par_1_5' title="bbox 208 566 1786 637">
     <span class='ocr_line' id='line_1_5' title="bbox 208 566 1786 637; baseline 0.001 -17"><span class='ocrx_word' id='word_1_23' title='bbox 208 575 271 620; x_wconf 86' lang='lat' dir='ltr'><strong>ut</strong></span> <span class='ocrx_word' id='word_1_24' title='bbox 301 566 537 621; x_wconf 84' lang='lat' dir='ltr'><strong>evadere</strong></span> <span class='ocrx_word' id='word_1_25' title='bbox 566 567 846 635; x_wconf 87' lang='lat' dir='ltr'><strong>potuisset.</strong></span> <span class='ocrx_word' id='word_1_26' title='bbox 890 566 1056 631; x_wconf 85' lang='lat' dir='ltr'><strong>Quem</strong></span> <span class='ocrx_word' id='word_1_27' title='bbox 1094 583 1217 621; x_wconf 87' lang='lat' dir='ltr'><strong>eum</strong></span> <span class='ocrx_word' id='word_1_28' title='bbox 1240 567 1489 637; x_wconf 77' lang='lat' dir='ltr'><strong>iussisset</strong></span> <span class='ocrx_word' id='word_1_29' title='bbox 1517 566 1786 622; x_wconf 77' lang='lat' dir='ltr'><strong>Honorius</strong></span> 
     </span>
    </p>
   </div>
   <div class='ocr_carea' id='block_1_6' title="bbox 209 655 1788 727">
    <p class='ocr_par' dir='ltr' id='par_1_6' title="bbox 209 655 1788 727">
     <span class='ocr_line' id='line_1_6' title="bbox 209 655 1788 727; baseline 0.002 -17"><span class='ocrx_word' id='word_1_30' title='bbox 209 655 689 724; x_wconf 85' lang='lat' dir='ltr'><strong>comprehendere,</strong></span> <span class='ocrx_word' id='word_1_31' title='bbox 736 656 929 711; x_wconf 86' lang='lat' dir='ltr'><strong>cecidit</strong></span> <span class='ocrx_word' id='word_1_32' title='bbox 972 657 1025 711; x_wconf 90' lang='lat' dir='ltr'><strong>in</strong></span> <span class='ocrx_word' id='word_1_33' title='bbox 1066 657 1261 711; x_wconf 79' lang='lat' dir='ltr'><strong>faciem</strong></span> <span class='ocrx_word' id='word_1_34' title='bbox 1300 673 1452 711; x_wconf 89' lang='lat' dir='ltr'><strong>suam</strong></span> <span class='ocrx_word' id='word_1_35' title='bbox 1499 672 1701 727; x_wconf 87' lang='lat' dir='ltr'><strong>pronus</strong></span> <span class='ocrx_word' id='word_1_36' title='bbox 1735 658 1788 713; x_wconf 86' lang='lat' dir='ltr'><strong>in</strong></span> 
     </span>
    </p>
   </div>
   <div class='ocr_carea' id='block_1_7' title="bbox 214 745 1789 818">
    <p class='ocr_par' dir='ltr' id='par_1_7' title="bbox 214 745 1789 818">
     <span class='ocr_line' id='line_1_7' title="bbox 214 745 1789 818; baseline 0.001 -18"><span class='ocrx_word' id='word_1_37' title='bbox 214 756 441 808; x_wconf 83' lang='lat' dir='ltr'><strong>terram,</strong></span> <span class='ocrx_word' id='word_1_38' title='bbox 470 755 530 800; x_wconf 86' lang='lat' dir='ltr'><strong>et</strong></span> <span class='ocrx_word' id='word_1_39' title='bbox 556 745 732 800; x_wconf 81' lang='lat' dir='ltr'><strong>factus</strong></span> <span class='ocrx_word' id='word_1_40' title='bbox 758 746 810 800; x_wconf 91' lang='lat' dir='ltr'><strong>in</strong></span> <span class='ocrx_word' id='word_1_41' title='bbox 836 748 1054 802; x_wconf 89' lang='lat' dir='ltr'><strong>estasim</strong></span> <span class='ocrx_word' id='word_1_42' title='bbox 1075 788 1091 814; x_wconf 93' lang='lat'><strong>,</strong></span> <span class='ocrx_word' id='word_1_43' title='bbox 1133 748 1518 817; x_wconf 75' lang='lat' dir='ltr'><strong>pretiosissima</strong></span> <span class='ocrx_word' id='word_1_44' title='bbox 1546 765 1753 818; x_wconf 86' lang='lat' dir='ltr'><strong>gemma</strong></span> <span class='ocrx_word' id='word_1_45' title='bbox 1773 788 1789 814; x_wconf 89' lang='lat'><strong>,</strong></span> 
     </span>
    </p>
   </div>
   <div class='ocr_carea' id='block_1_8' title="bbox 213 835 1791 906">
    <p class='ocr_par' dir='ltr' id='par_1_8' title="bbox 213 835 1791 906">
     <span class='ocr_line' id='line_1_8' title="bbox 213 835 1791 906; baseline 0.004 -18"><span class='ocrx_word' id='word_1_46' title='bbox 213 851 382 904; x_wconf 89' lang='lat' dir='ltr'><strong>quam</strong></span> <span class='ocrx_word' id='word_1_47' title='bbox 409 835 467 889; x_wconf 85' lang='lat' dir='ltr'><strong>in</strong></span> <span class='ocrx_word' id='word_1_48' title='bbox 496 850 693 890; x_wconf 83' lang='lat' dir='ltr'><strong>corona</strong></span> <span class='ocrx_word' id='word_1_49' title='bbox 725 837 917 906; x_wconf 85' lang='lat' dir='ltr'><strong>rapitis</strong></span> <span class='ocrx_word' id='word_1_50' title='bbox 942 837 1193 903; x_wconf 88' lang='lat' dir='ltr'><strong>habebat,</strong></span> <span class='ocrx_word' id='word_1_51' title='bbox 1217 838 1381 893; x_wconf 83' lang='lat' dir='ltr'><strong>inﬁxa</strong></span> <span class='ocrx_word' id='word_1_52' title='bbox 1404 848 1490 894; x_wconf 91' lang='lat' dir='ltr'><strong>est</strong></span> <span class='ocrx_word' id='word_1_53' title='bbox 1515 840 1568 893; x_wconf 90' lang='lat' dir='ltr'><strong>in</strong></span> <span class='ocrx_word' id='word_1_54' title='bbox 1599 854 1706 894; x_wconf 89' lang='lat' dir='ltr'><strong>uno</strong></span> <span class='ocrx_word' id='word_1_55' title='bbox 1724 856 1791 895; x_wconf 82' lang='lat' dir='ltr'><strong>ex</strong></span> 
     </span>
    </p>
   </div>
   <div class='ocr_carea' id='block_1_9' title="bbox 215 918 1792 1001">
    <p class='ocr_par' dir='ltr' id='par_1_9' title="bbox 215 918 1792 1001">
     <span class='ocr_line' id='line_1_9' title="bbox 215 918 1792 1001; baseline 0.004 -21"><span class='ocrx_word' id='word_1_56' title='bbox 215 918 515 996; x_wconf 62' lang='lat' dir='ltr'><strong>lapidibus:</strong></span> <span class='ocrx_word' id='word_1_57' title='bbox 538 942 800 996; x_wconf 89' lang='lat' dir='ltr'><strong>suumque</strong></span> <span class='ocrx_word' id='word_1_58' title='bbox 821 936 980 997; x_wconf 91' lang='lat' dir='ltr'><strong>caput</strong></span> <span class='ocrx_word' id='word_1_59' title='bbox 1001 944 1209 984; x_wconf 86' lang='lat' dir='ltr'><strong>sursum</strong></span> <span class='ocrx_word' id='word_1_60' title='bbox 1240 930 1452 1000; x_wconf 78' lang='lat' dir='ltr'><strong>erigens</strong></span> <span class='ocrx_word' id='word_1_61' title='bbox 1472 940 1594 1001; x_wconf 89' lang='lat' dir='ltr'><strong>post</strong></span> <span class='ocrx_word' id='word_1_62' title='bbox 1622 932 1792 986; x_wconf 88' lang='lat' dir='ltr'><strong>nebu-</strong></span> 
     </span>
    </p>
   </div>
   <div class='ocr_carea' id='block_1_10' title="bbox 219 1018 1792 1091">
    <p class='ocr_par' dir='ltr' id='par_1_10' title="bbox 219 1018 1792 1091">
     <span class='ocr_line' id='line_1_10' title="bbox 219 1018 1792 1091; baseline 0.003 -19"><span class='ocrx_word' id='word_1_63' title='bbox 219 1018 343 1072; x_wconf 83' lang='lat' dir='ltr'><strong>latis</strong></span> <span class='ocrx_word' id='word_1_64' title='bbox 385 1019 584 1081; x_wconf 92' lang='lat' dir='ltr'><strong>oculis,</strong></span> <span class='ocrx_word' id='word_1_65' title='bbox 619 1018 900 1088; x_wconf 86' lang='lat' dir='ltr'><strong>visumque</strong></span> <span class='ocrx_word' id='word_1_66' title='bbox 941 1029 1250 1088; x_wconf 86' lang='lat' dir='ltr'><strong>receptum,</strong></span> <span class='ocrx_word' id='word_1_67' title='bbox 1288 1021 1424 1075; x_wconf 90' lang='lat' dir='ltr'><strong>vidit</strong></span> <span class='ocrx_word' id='word_1_68' title='bbox 1464 1030 1585 1091; x_wconf 86' lang='lat' dir='ltr'><strong>post</strong></span> <span class='ocrx_word' id='word_1_69' title='bbox 1617 1021 1792 1090; x_wconf 88' lang='lat' dir='ltr'><strong>ipsum</strong></span> 
     </span>
    </p>
   </div>
   <div class='ocr_carea' id='block_1_11' title="bbox 221 1110 1798 1183">
    <p class='ocr_par' dir='ltr' id='par_1_11' title="bbox 221 1110 1798 1183">
     <span class='ocr_line' id='line_1_11' title="bbox 221 1110 1798 1183; baseline 0.003 -19"><span class='ocrx_word' id='word_1_70' title='bbox 221 1111 405 1165; x_wconf 78' lang='lat' dir='ltr'><strong>Altare</strong></span> <span class='ocrx_word' id='word_1_71' title='bbox 430 1110 578 1164; x_wconf 89' lang='lat' dir='ltr'><strong>beati</strong></span> <span class='ocrx_word' id='word_1_72' title='bbox 603 1111 897 1177; x_wconf 72' lang='lat' dir='ltr'><strong>Laurentii,</strong></span> <span class='ocrx_word' id='word_1_73' title='bbox 925 1111 1066 1180; x_wconf 89' lang='lat' dir='ltr'><strong>quod</strong></span> <span class='ocrx_word' id='word_1_74' title='bbox 1087 1111 1427 1183; x_wconf 78' lang='lat' dir='ltr'><strong>beatissimus</strong></span> <span class='ocrx_word' id='word_1_75' title='bbox 1452 1127 1585 1183; x_wconf 88' lang='lat' dir='ltr'><strong>papa</strong></span> <span class='ocrx_word' id='word_1_76' title='bbox 1611 1128 1798 1169; x_wconf 85' lang='lat' dir='ltr'><strong>conse-</strong></span> 
     </span>
    </p>
   </div>
   <div class='ocr_carea' id='block_1_12' title="bbox 223 1200 1793 1271">
    <p class='ocr_par' dir='ltr' id='par_1_12' title="bbox 223 1200 1793 1271">
     <span class='ocr_line' id='line_1_12' title="bbox 223 1200 1793 1271; baseline 0.002 -17"><span class='ocrx_word' id='word_1_77' title='bbox 223 1210 497 1255; x_wconf 77' lang='lat' dir='ltr'><strong>craverat’</strong></span> <span class='ocrx_word' id='word_1_78' title='bbox 514 1200 808 1268; x_wconf 70' lang='lat' dir='ltr'><strong>Iohannes,</strong></span> <span class='ocrx_word' id='word_1_79' title='bbox 847 1209 1080 1256; x_wconf 83' lang='lat' dir='ltr'><strong>stantem</strong></span> <span class='ocrx_word' id='word_1_80' title='bbox 1108 1201 1419 1271; x_wconf 71' lang='lat' dir='ltr'><strong>pratdietnm</strong></span> <span class='ocrx_word' id='word_1_81' title='bbox 1464 1202 1793 1269; x_wconf 86' lang='lat' dir='ltr'><strong>Lauricium,</strong></span> 
     </span>
    </p>
   </div>
   <div class='ocr_carea' id='block_1_13' title="bbox 220 1277 1796 1363">
    <p class='ocr_par' dir='ltr' id='par_1_13' title="bbox 220 1277 1796 1363">
     <span class='ocr_line' id='line_1_13' title="bbox 220 1277 1796 1363; baseline 0.003 -18"><span class='ocrx_word' id='word_1_82' title='bbox 220 1301 273 1346; x_wconf 79' lang='lat' dir='ltr'><strong>et</strong></span> <span class='ocrx_word' id='word_1_83' title='bbox 306 1292 518 1347; x_wconf 81' lang='lat' dir='ltr'><strong>athleta</strong></span> <span class='ocrx_word' id='word_1_84' title='bbox 541 1291 742 1348; x_wconf 88' lang='lat' dir='ltr'><strong>Christi</strong></span> <span class='ocrx_word' id='word_1_85' title='bbox 768 1292 1091 1347; x_wconf 83' lang='lat' dir='ltr'><strong>Laurentius</strong></span> <span class='ocrx_word' id='word_1_86' title='bbox 1123 1308 1338 1347; x_wconf 90' lang='lat' dir='ltr'><strong>manum</strong></span> <span class='ocrx_word' id='word_1_87' title='bbox 1368 1277 1530 1363; x_wconf 85' lang='lat' dir='ltr'><strong>super</strong></span> <span class='ocrx_word' id='word_1_88' title='bbox 1565 1294 1796 1350; x_wconf 84' lang='lat' dir='ltr'><strong>Laurieii</strong></span> 
     </span>
    </p>
   </div>
   <div class='ocr_carea' id='block_1_14' title="bbox 218 1384 1799 1454">
    <p class='ocr_par' dir='ltr' id='par_1_14' title="bbox 218 1384 1799 1454">
     <span class='ocr_line' id='line_1_14' title="bbox 218 1384 1799 1454; baseline 0.003 -16"><span class='ocrx_word' id='word_1_89' title='bbox 218 1385 357 1438; x_wconf 86' lang='lat' dir='ltr'><strong>colla</strong></span> <span class='ocrx_word' id='word_1_90' title='bbox 388 1394 686 1439; x_wconf 89' lang='lat' dir='ltr'><strong>tenentem.</strong></span> <span class='ocrx_word' id='word_1_91' title='bbox 710 1384 861 1439; x_wconf 84' lang='lat' dir='ltr'><strong>Tunc</strong></span> <span class='ocrx_word' id='word_1_92' title='bbox 883 1385 1174 1454; x_wconf 82' lang='lat' dir='ltr'><strong>imperator</strong></span> <span class='ocrx_word' id='word_1_93' title='bbox 1194 1384 1498 1440; x_wconf 88' lang='lat' dir='ltr'><strong>Lauricium</strong></span> <span class='ocrx_word' id='word_1_94' title='bbox 1516 1384 1799 1454; x_wconf 72' lang='lat' dir='ltr'><strong>iustiorem</strong></span> 
     </span>
    </p>
   </div>
   <div class='ocr_carea' id='block_1_15' title="bbox 222 1475 1799 1547">
    <p class='ocr_par' dir='ltr' id='par_1_15' title="bbox 222 1475 1799 1547">
     <span class='ocr_line' id='line_1_15' title="bbox 222 1475 1799 1547; baseline 0.002 -18"><span class='ocrx_word' id='word_1_95' title='bbox 222 1475 601 1543; x_wconf 76' lang='lat' dir='ltr'><strong>se-judicavit,</strong></span> <span class='ocrx_word' id='word_1_96' title='bbox 628 1485 684 1530; x_wconf 90' lang='lat' dir='ltr'><strong>et</strong></span> <span class='ocrx_word' id='word_1_97' title='bbox 714 1476 899 1531; x_wconf 90' lang='lat' dir='ltr'><strong>relicta</strong></span> <span class='ocrx_word' id='word_1_98' title='bbox 928 1476 1222 1541; x_wconf 86' lang='lat' dir='ltr'><strong>iracundia,</strong></span> <span class='ocrx_word' id='word_1_99' title='bbox 1252 1478 1316 1532; x_wconf 85' lang='lat' dir='ltr'><strong>ac</strong></span> <span class='ocrx_word' id='word_1_100' title='bbox 1345 1476 1389 1532; x_wconf 91' lang='lat' dir='ltr'><strong>si</strong></span> <span class='ocrx_word' id='word_1_101' title='bbox 1418 1488 1647 1547; x_wconf 80' lang='lat' dir='ltr'><strong>patrem,</strong></span> <span class='ocrx_word' id='word_1_102' title='bbox 1676 1493 1799 1532; x_wconf 91' lang='lat' dir='ltr'><strong>eum</strong></span> 
     </span>
    </p>
   </div>
   <div class='ocr_carea' id='block_1_16' title="bbox 225 1566 1803 1639">
    <p class='ocr_par' dir='ltr' id='par_1_16' title="bbox 225 1566 1803 1639">
     <span class='ocr_line' id='line_1_16' title="bbox 225 1566 1803 1639; baseline 0.004 -21"><span class='ocrx_word' id='word_1_103' title='bbox 225 1580 496 1621; x_wconf 83' lang='lat' dir='ltr'><strong>venerare</strong></span> <span class='ocrx_word' id='word_1_104' title='bbox 524 1568 710 1636; x_wconf 56' lang='lat' dir='ltr'><strong>erepit,</strong></span> <span class='ocrx_word' id='word_1_105' title='bbox 737 1576 792 1621; x_wconf 90' lang='lat' dir='ltr'><strong>et</strong></span> <span class='ocrx_word' id='word_1_106' title='bbox 818 1566 1108 1622; x_wconf 87' lang='lat' dir='ltr'><strong>secundum</strong></span> <span class='ocrx_word' id='word_1_107' title='bbox 1134 1568 1338 1623; x_wconf 88' lang='lat' dir='ltr'><strong>inseret</strong></span> <span class='ocrx_word' id='word_1_108' title='bbox 1364 1583 1553 1624; x_wconf 88' lang='lat' dir='ltr'><strong>omnes</strong></span> <span class='ocrx_word' id='word_1_109' title='bbox 1574 1569 1627 1623; x_wconf 91' lang='lat' dir='ltr'><strong>in</strong></span> <span class='ocrx_word' id='word_1_110' title='bbox 1656 1569 1803 1639; x_wconf 85' lang='lat' dir='ltr'><strong>pala—</strong></span> 
     </span>
    </p>
   </div>
   <div class='ocr_carea' id='block_1_17' title="bbox 1889 566 3455 638">
    <p class='ocr_par' dir='ltr' id='par_1_17' title="bbox 1889 566 3455 638">
     <span class='ocr_line' id='line_1_17' title="bbox 1889 566 3455 638; baseline 0.002 -18"><span class='ocrx_word' id='word_1_111' title='bbox 1889 567 2039 621; x_wconf 87' lang='lat' dir='ltr'><strong>aiunt</strong></span> <span class='ocrx_word' id='word_1_112' title='bbox 2081 567 2295 635; x_wconf 88' lang='lat' dir='ltr'><strong>quidam</strong></span> <span class='ocrx_word' id='word_1_113' title='bbox 2315 608 2329 630; x_wconf 94' lang='lat'><strong>,</strong></span> <span class='ocrx_word' id='word_1_114' title='bbox 2371 567 2705 622; x_wconf 71' lang='lat' dir='ltr'><strong>extrinsreus</strong></span> <span class='ocrx_word' id='word_1_115' title='bbox 2734 566 3004 638; x_wconf 84' lang='lat' dir='ltr'><strong>fulgebat,</strong></span> <span class='ocrx_word' id='word_1_116' title='bbox 3039 577 3095 622; x_wconf 84' lang='lat' dir='ltr'><strong>et</strong></span> <span class='ocrx_word' id='word_1_117' title='bbox 3124 575 3347 638; x_wconf 86' lang='lat' dir='ltr'><strong>apparet</strong></span> <span class='ocrx_word' id='word_1_118' title='bbox 3379 567 3455 623; x_wconf 64' lang='lat' dir='ltr'><strong>si»</strong></span> 
     </span>
    </p>
   </div>
   <div class='ocr_carea' id='block_1_18' title="bbox 1890 656 3455 729">
    <p class='ocr_par' dir='ltr' id='par_1_18' title="bbox 1890 656 3455 729">
     <span class='ocr_line' id='line_1_18' title="bbox 1890 656 3455 729; baseline 0.003 -20"><span class='ocrx_word' id='word_1_119' title='bbox 1890 672 2052 727; x_wconf 83' lang='lat' dir='ltr'><strong>gnum</strong></span> <span class='ocrx_word' id='word_1_120' title='bbox 2094 656 2316 726; x_wconf 88' lang='lat' dir='ltr'><strong>lapidis,</strong></span> <span class='ocrx_word' id='word_1_121' title='bbox 2357 658 2447 712; x_wconf 83' lang='lat' dir='ltr'><strong>ubi</strong></span> <span class='ocrx_word' id='word_1_122' title='bbox 2490 657 2654 712; x_wconf 86' lang='lat' dir='ltr'><strong>inﬁxa</strong></span> <span class='ocrx_word' id='word_1_123' title='bbox 2694 656 2793 711; x_wconf 84' lang='lat' dir='ltr'><strong>fuit</strong></span> <span class='ocrx_word' id='word_1_124' title='bbox 2836 673 3005 727; x_wconf 83' lang='lat' dir='ltr'><strong>usque</strong></span> <span class='ocrx_word' id='word_1_125' title='bbox 3042 660 3097 713; x_wconf 89' lang='lat' dir='ltr'><strong>in</strong></span> <span class='ocrx_word' id='word_1_126' title='bbox 3134 667 3455 729; x_wconf 73' lang='lat' dir='ltr'><strong>przescntetn</strong></span> 
     </span>
    </p>
   </div>
   <div class='ocr_carea' id='block_1_19' title="bbox 1890 745 2051 801">
    <p class='ocr_par' dir='ltr' id='par_1_19' title="bbox 1890 745 2051 801">
     <span class='ocr_line' id='line_1_19' title="bbox 1890 745 2051 801; baseline -0.012 -1"><span class='ocrx_word' id='word_1_127' title='bbox 1890 745 2051 801; x_wconf 85' lang='lat' dir='ltr'><strong>diem.</strong></span> 
     </span>
    </p>
   </div>
   <div class='ocr_carea' id='block_1_20' title="bbox 2505 841 2820 898">
    <p class='ocr_par' dir='ltr' id='par_1_20' title="bbox 2505 841 2820 898">
     <span class='ocr_line' id='line_1_20' title="bbox 2505 841 2820 898; baseline -0.003 -2"><span class='ocrx_word' id='word_1_128' title='bbox 2505 841 2732 898; x_wconf 82' lang='lat' dir='ltr'><strong>CAPUT</strong></span> <span class='ocrx_word' id='word_1_129' title='bbox 2756 842 2820 897; x_wconf 94' lang='grc'><strong>11.</strong></span> 
     </span>
    </p>
   </div>
   <div class='ocr_carea' id='block_1_21' title="bbox 2038 931 3314 1004">
    <p class='ocr_par' dir='ltr' id='par_1_21' title="bbox 2038 931 3314 1004">
     <span class='ocr_line' id='line_1_21' title="bbox 2038 931 3314 1004; baseline 0.002 -19"><span class='ocrx_word' id='word_1_130' title='bbox 2038 932 2301 987; x_wconf 70' lang='lat' dir='ltr'><strong>Adventus</strong></span> <span class='ocrx_word' id='word_1_131' title='bbox 2338 931 2532 986; x_wconf 72' lang='lat' dir='ltr'><strong>Attilw.</strong></span> <span class='ocrx_word' id='word_1_132' title='bbox 2569 932 2814 1004; x_wconf 66' lang='lat' dir='ltr'><strong>Joannis</strong></span> <span class='ocrx_word' id='word_1_133' title='bbox 2841 950 3104 987; x_wconf 81' lang='lat' dir='ltr'><strong>occursus.</strong></span> <span class='ocrx_word' id='word_1_134' title='bbox 3154 933 3314 987; x_wconf 81' lang='lat' dir='ltr'><strong>Attila</strong></span> 
     </span>
    </p>
   </div>
   <div class='ocr_carea' id='block_1_22' title="bbox 2523 1003 2969 1075">
    <p class='ocr_par' dir='ltr' id='par_1_22' title="bbox 2523 1003 2969 1075">
     <span class='ocr_line' id='line_1_22' title="bbox 2523 1003 2969 1075; baseline 0.004 -20"><span class='ocrx_word' id='word_1_135' title='bbox 2523 1003 2765 1073; x_wconf 83' lang='lat' dir='ltr'><strong>placatur</strong></span> <span class='ocrx_word' id='word_1_136' title='bbox 2782 1003 2810 1043; x_wconf 71' lang='grc' dir='ltr'><em>δ</em></span> <span class='ocrx_word' id='word_1_137' title='bbox 2821 1045 2834 1057; x_wconf 93' lang='grc'><strong>.</strong></span> <span class='ocrx_word' id='word_1_138' title='bbox 2966 1072 2969 1075; x_wconf 14' lang='grc' dir='ltr'>Ἴ</span> 
     </span>
    </p>
   </div>
   <div class='ocr_carea' id='block_1_23' title="bbox 1967 1114 3464 1191">
    <p class='ocr_par' dir='ltr' id='par_1_23' title="bbox 1967 1114 3464 1191">
     <span class='ocr_line' id='line_1_23' title="bbox 1967 1114 3464 1191; baseline -0.002 -21"><span class='ocrx_word' id='word_1_139' title='bbox 1967 1114 2044 1191; x_wconf 74' lang='lat' dir='ltr'><strong>Ep</strong></span> <span class='ocrx_word' id='word_1_140' title='bbox 2109 1130 2346 1184; x_wconf 89' lang='lat' dir='ltr'><strong>namque</strong></span> <span class='ocrx_word' id='word_1_141' title='bbox 2398 1124 2661 1185; x_wconf 86' lang='lat' dir='ltr'><strong>tempore,</strong></span> <span class='ocrx_word' id='word_1_142' title='bbox 2717 1131 2842 1170; x_wconf 89' lang='lat' dir='ltr'><strong>cum</strong></span> <span class='ocrx_word' id='word_1_143' title='bbox 2896 1115 3249 1185; x_wconf 79' lang='lat' dir='ltr'><strong>episcopalem</strong></span> <span class='ocrx_word' id='word_1_144' title='bbox 3279 1114 3464 1170; x_wconf 78' lang='lat' dir='ltr'><strong>cathe-</strong></span> 
     </span>
    </p>
   </div>
   <div class='ocr_carea' id='block_1_24' title="bbox 1897 1205 3467 1275">
    <p class='ocr_par' dir='ltr' id='par_1_24' title="bbox 1897 1205 3467 1275">
     <span class='ocr_line' id='line_1_24' title="bbox 1897 1205 3467 1275; baseline -0.001 -13"><span class='ocrx_word' id='word_1_145' title='bbox 1897 1206 2051 1262; x_wconf 89' lang='lat' dir='ltr'><strong>dram</strong></span> <span class='ocrx_word' id='word_1_146' title='bbox 2083 1206 2412 1261; x_wconf 80' lang='lat' dir='ltr'><strong>Ravennatis</strong></span> <span class='ocrx_word' id='word_1_147' title='bbox 2441 1206 2698 1261; x_wconf 78' lang='lat' dir='ltr'><strong>Ecclesiae</strong></span> <span class='ocrx_word' id='word_1_148' title='bbox 2727 1208 2921 1262; x_wconf 87' lang='lat' dir='ltr'><strong>beatus</strong></span> <span class='ocrx_word' id='word_1_149' title='bbox 2963 1205 3075 1275; x_wconf 90' lang='lat' dir='ltr'><strong>jam</strong></span> <span class='ocrx_word' id='word_1_150' title='bbox 3109 1207 3284 1261; x_wconf 89' lang='lat' dir='ltr'><strong>dictus</strong></span> <span class='ocrx_word' id='word_1_151' title='bbox 3325 1206 3467 1261; x_wconf 90' lang='lat' dir='ltr'><strong>obti-</strong></span> 
     </span>
    </p>
   </div>
   <div class='ocr_carea' id='block_1_25' title="bbox 1898 1296 3467 1368">
    <p class='ocr_par' dir='ltr' id='par_1_25' title="bbox 1898 1296 3467 1368">
     <span class='ocr_line' id='line_1_25' title="bbox 1898 1296 3467 1368; baseline -0.001 -16"><span class='ocrx_word' id='word_1_152' title='bbox 1898 1305 2054 1352; x_wconf 86' lang='lat' dir='ltr'><strong>neret</strong></span> <span class='ocrx_word' id='word_1_153' title='bbox 2073 1297 2328 1361; x_wconf 83' lang='lat' dir='ltr'><strong>Joannes,</strong></span> <span class='ocrx_word' id='word_1_154' title='bbox 2382 1297 2609 1368; x_wconf 81' lang='lat' dir='ltr'><strong>contigit</strong></span> <span class='ocrx_word' id='word_1_155' title='bbox 2633 1306 2691 1351; x_wconf 90' lang='lat' dir='ltr'><strong>ut</strong></span> <span class='ocrx_word' id='word_1_156' title='bbox 2723 1297 2886 1351; x_wconf 82' lang='lat' dir='ltr'><strong>Attila</strong></span> <span class='ocrx_word' id='word_1_157' title='bbox 2919 1314 3027 1352; x_wconf 81' lang='lat' dir='ltr'><strong>rex.</strong></span> <span class='ocrx_word' id='word_1_158' title='bbox 3065 1297 3381 1351; x_wconf 87' lang='lat' dir='ltr'><strong>llunnorum</strong></span> <span class='ocrx_word' id='word_1_159' title='bbox 3406 1296 3467 1350; x_wconf 85' lang='lat' dir='ltr'><strong>ﬁ-</strong></span> 
     </span>
    </p>
   </div>
   <div class='ocr_carea' id='block_1_26' title="bbox 1898 1385 3464 1456">
    <p class='ocr_par' dir='ltr' id='par_1_26' title="bbox 1898 1385 3464 1456">
     <span class='ocr_line' id='line_1_26' title="bbox 1898 1385 3464 1456; baseline 0 -17"><span class='ocrx_word' id='word_1_160' title='bbox 1898 1401 1997 1441; x_wconf 86' lang='lat' dir='ltr'><strong>nes</strong></span> <span class='ocrx_word' id='word_1_161' title='bbox 2025 1385 2279 1441; x_wconf 88' lang='lat' dir='ltr'><strong>Italorum</strong></span> <span class='ocrx_word' id='word_1_162' title='bbox 2306 1394 2566 1452; x_wconf 86' lang='lat' dir='ltr'><strong>vastaret,</strong></span> <span class='ocrx_word' id='word_1_163' title='bbox 2597 1394 2758 1456; x_wconf 88' lang='lat' dir='ltr'><strong>atque</strong></span> <span class='ocrx_word' id='word_1_164' title='bbox 2780 1387 2893 1441; x_wconf 85' lang='lat' dir='ltr'><strong>suis</strong></span> <span class='ocrx_word' id='word_1_165' title='bbox 2920 1386 3266 1441; x_wconf 86' lang='lat' dir='ltr'><strong>mucronibus</strong></span> <span class='ocrx_word' id='word_1_166' title='bbox 3292 1400 3464 1456; x_wconf 80' lang='lat' dir='ltr'><strong>popu-</strong></span> 
     </span>
    </p>
   </div>
   <div class='ocr_carea' id='block_1_27' title="bbox 1899 1474 3468 1546">
    <p class='ocr_par' dir='ltr' id='par_1_27' title="bbox 1899 1474 3468 1546">
     <span class='ocr_line' id='line_1_27' title="bbox 1899 1474 3468 1546; baseline -0.001 -16"><span class='ocrx_word' id='word_1_167' title='bbox 1899 1475 2074 1531; x_wconf 77' lang='lat' dir='ltr'><strong>lorum</strong></span> <span class='ocrx_word' id='word_1_168' title='bbox 2095 1491 2321 1546; x_wconf 89' lang='lat' dir='ltr'><strong>corpora</strong></span> <span class='ocrx_word' id='word_1_169' title='bbox 2347 1474 2635 1546; x_wconf 84' lang='lat' dir='ltr'><strong>jugularct.</strong></span> <span class='ocrx_word' id='word_1_170' title='bbox 2662 1476 2794 1531; x_wconf 87' lang='lat' dir='ltr'><strong>Cum</strong></span> <span class='ocrx_word' id='word_1_171' title='bbox 2823 1477 2891 1532; x_wconf 90' lang='lat' dir='ltr'><strong>ad</strong></span> <span class='ocrx_word' id='word_1_172' title='bbox 2921 1491 3071 1531; x_wconf 88' lang='lat' dir='ltr'><strong>oram</strong></span> <span class='ocrx_word' id='word_1_173' title='bbox 3096 1476 3468 1530; x_wconf 80' lang='lat' dir='ltr'><strong>Ravennatum</strong></span> 
     </span>
    </p>
   </div>
   <div class='ocr_carea' id='block_1_28' title="bbox 1900 1565 3471 1639">
    <p class='ocr_par' dir='ltr' id='par_1_28' title="bbox 1900 1565 3471 1639">
     <span class='ocr_line' id='line_1_28' title="bbox 1900 1565 3471 1639; baseline -0.001 -18"><span class='ocrx_word' id='word_1_174' title='bbox 1900 1574 2262 1639; x_wconf 84' lang='lat' dir='ltr'><strong>properasset,</strong></span> <span class='ocrx_word' id='word_1_175' title='bbox 2298 1575 2359 1620; x_wconf 89' lang='lat' dir='ltr'><strong>ut</strong></span> <span class='ocrx_word' id='word_1_176' title='bbox 2412 1580 2529 1621; x_wconf 85' lang='lat' dir='ltr'><strong>eam</strong></span> <span class='ocrx_word' id='word_1_177' title='bbox 2563 1581 2828 1631; x_wconf 81' lang='lat' dir='ltr'><strong>eversam,</strong></span> <span class='ocrx_word' id='word_1_178' title='bbox 2862 1575 2920 1621; x_wconf 91' lang='lat' dir='ltr'><strong>et</strong></span> <span class='ocrx_word' id='word_1_179' title='bbox 2964 1565 3088 1636; x_wconf 81' lang='lat' dir='ltr'><strong>ejus</strong></span> <span class='ocrx_word' id='word_1_180' title='bbox 3135 1566 3471 1622; x_wconf 88' lang='lat' dir='ltr'><strong>habitatores</strong></span> 
     </span>
    </p>
   </div>
   <div class='ocr_carea' id='block_1_29' title="bbox 223 1656 3473 1731">
    <p class='ocr_par' dir='ltr' id='par_1_29' title="bbox 223 1656 3473 1731">
     <span class='ocr_line' id='line_1_29' title="bbox 223 1656 3473 1731; baseline 0 -21"><span class='ocrx_word' id='word_1_181' title='bbox 223 1657 298 1710; x_wconf 86' lang='lat' dir='ltr'><strong>tio</strong></span> <span class='ocrx_word' id='word_1_182' title='bbox 325 1657 542 1711; x_wconf 87' lang='lat' dir='ltr'><strong>habuit.</strong></span> <span class='ocrx_word' id='word_1_183' title='bbox 570 1657 715 1712; x_wconf 80' lang='lat' dir='ltr'><strong>Vixit</strong></span> <span class='ocrx_word' id='word_1_184' title='bbox 741 1666 918 1711; x_wconf 88' lang='lat' dir='ltr'><strong>autem</strong></span> <span class='ocrx_word' id='word_1_185' title='bbox 945 1656 1000 1709; x_wconf 90' lang='lat' dir='ltr'><strong>in</strong></span> <span class='ocrx_word' id='word_1_186' title='bbox 1028 1657 1211 1710; x_wconf 90' lang='lat' dir='ltr'><strong>mundi</strong></span> <span class='ocrx_word' id='word_1_187' title='bbox 1243 1657 1410 1725; x_wconf 83' lang='lat' dir='ltr'><strong>ipsius</strong></span> <span class='ocrx_word' id='word_1_188' title='bbox 1436 1657 1657 1731; x_wconf 89' lang='lat' dir='ltr'><strong>[istius]</strong></span> <span class='ocrx_word' id='word_1_189' title='bbox 1684 1658 1803 1713; x_wconf 84' lang='lat' dir='ltr'><strong>luce</strong></span> <span class='ocrx_word' id='word_1_190' title='bbox 1902 1660 2027 1715; x_wconf 88' lang='lat' dir='ltr'><strong>telis</strong></span> <span class='ocrx_word' id='word_1_191' title='bbox 2061 1658 2444 1723; x_wconf 86' lang='lat' dir='ltr'><strong>interemisset,</strong></span> <span class='ocrx_word' id='word_1_192' title='bbox 2470 1667 2631 1727; x_wconf 88' lang='lat' dir='ltr'><strong>atque</strong></span> <span class='ocrx_word' id='word_1_193' title='bbox 2684 1659 2826 1714; x_wconf 91' lang='lat' dir='ltr'><strong>illius</strong></span> <span class='ocrx_word' id='word_1_194' title='bbox 2854 1659 3058 1723; x_wconf 85' lang='lat' dir='ltr'><strong>hostes,</strong></span> <span class='ocrx_word' id='word_1_195' title='bbox 3105 1667 3167 1712; x_wconf 92' lang='lat' dir='ltr'><strong>ut</strong></span> <span class='ocrx_word' id='word_1_196' title='bbox 3188 1658 3473 1712; x_wconf 82' lang='lat' dir='ltr'><strong>multitudo</strong></span> 
     </span>
    </p>
   </div>
   <div class='ocr_carea' id='block_1_30' title="bbox 224 1747 3475 1819">
    <p class='ocr_par' dir='ltr' id='par_1_30' title="bbox 224 1747 3475 1819">
     <span class='ocr_line' id='line_1_30' title="bbox 224 1747 3475 1819; baseline -0 -17"><span class='ocrx_word' id='word_1_197' title='bbox 224 1764 400 1805; x_wconf 86' lang='lat' dir='ltr'><strong>annos</strong></span> <span class='ocrx_word' id='word_1_198' title='bbox 429 1764 578 1803; x_wconf 66' lang='lat' dir='ltr'><strong>xc&quot;.</strong></span> <span class='ocrx_word' id='word_1_199' title='bbox 602 1747 772 1818; x_wconf 86' lang='lat' dir='ltr'><strong>Ipsius</strong></span> <span class='ocrx_word' id='word_1_200' title='bbox 798 1747 1139 1817; x_wconf 86' lang='lat' dir='ltr'><strong>imperatoris</strong></span> <span class='ocrx_word' id='word_1_201' title='bbox 1168 1749 1497 1818; x_wconf 86' lang='lat' dir='ltr'><strong>temporibus</strong></span> <span class='ocrx_word' id='word_1_202' title='bbox 1515 1749 1803 1805; x_wconf 82' lang='lat' dir='ltr'><strong>defunctus</strong></span> <span class='ocrx_word' id='word_1_203' title='bbox 1904 1751 2235 1807; x_wconf 88' lang='lat' dir='ltr'><strong>locustarum</strong></span> <span class='ocrx_word' id='word_1_204' title='bbox 2288 1765 2387 1819; x_wconf 89' lang='lat' dir='ltr'><strong>per</strong></span> <span class='ocrx_word' id='word_1_205' title='bbox 2433 1749 2714 1805; x_wconf 87' lang='lat' dir='ltr'><strong>sablonosa</strong></span> <span class='ocrx_word' id='word_1_206' title='bbox 2768 1749 2884 1805; x_wconf 87' lang='lat' dir='ltr'><strong>loca</strong></span> <span class='ocrx_word' id='word_1_207' title='bbox 2938 1748 3057 1803; x_wconf 87' lang='lat' dir='ltr'><strong>fusa</strong></span> <span class='ocrx_word' id='word_1_208' title='bbox 3080 1747 3343 1817; x_wconf 76' lang='lat' dir='ltr'><strong>iacerent,</strong></span> <span class='ocrx_word' id='word_1_209' title='bbox 3380 1747 3475 1801; x_wconf 89' lang='lat' dir='ltr'><strong>die</strong></span> 
     </span>
    </p>
   </div>
   <div class='ocr_carea' id='block_1_31' title="bbox 219 1824 3470 1914">
    <p class='ocr_par' dir='ltr' id='par_1_31' title="bbox 219 1824 3470 1914">
     <span class='ocr_line' id='line_1_31' title="bbox 219 1824 3470 1914; baseline -0.001 -21"><span class='ocrx_word' id='word_1_210' title='bbox 219 1841 391 1894; x_wconf 83' lang='lat' dir='ltr'><strong>est-in</strong></span> <span class='ocrx_word' id='word_1_211' title='bbox 420 1824 702 1897; x_wconf 79' lang='lat' dir='ltr'><strong>senectute</strong></span> <span class='ocrx_word' id='word_1_212' title='bbox 727 1843 886 1897; x_wconf 91' lang='lat' dir='ltr'><strong>bona.</strong></span> <span class='ocrx_word' id='word_1_213' title='bbox 912 1843 1250 1914; x_wconf 81' lang='lat' dir='ltr'><strong>Sequebatur</strong></span> <span class='ocrx_word' id='word_1_214' title='bbox 1271 1863 1365 1903; x_wconf 78' lang='lat' dir='ltr'><strong>rex</strong></span> <span class='ocrx_word' id='word_1_215' title='bbox 1402 1864 1523 1903; x_wconf 92' lang='lat' dir='ltr'><strong>eum</strong></span> <span class='ocrx_word' id='word_1_216' title='bbox 1547 1848 1806 1903; x_wconf 88' lang='lat' dir='ltr'><strong>militibus</strong></span> <span class='ocrx_word' id='word_1_217' title='bbox 1833 1824 1879 1883; x_wconf 77' lang='grc' dir='ltr'><strong>Β</strong></span> <span class='ocrx_word' id='word_1_218' title='bbox 1907 1860 2034 1909; x_wconf 83' lang='grc' dir='ltr'>ιιιιο,</span> <span class='ocrx_word' id='word_1_219' title='bbox 2061 1852 2116 1898; x_wconf 92' lang='lat' dir='ltr'><strong>et</strong></span> <span class='ocrx_word' id='word_1_220' title='bbox 2137 1842 2308 1898; x_wconf 87' lang='lat' dir='ltr'><strong>altero</strong></span> <span class='ocrx_word' id='word_1_221' title='bbox 2338 1843 2646 1897; x_wconf 79' lang='lat' dir='ltr'><strong>Ravennam</strong></span> <span class='ocrx_word' id='word_1_222' title='bbox 2676 1848 3101 1912; x_wconf 84' lang='lat' dir='ltr'><strong>prepcraverunt</strong></span> <span class='ocrx_word' id='word_1_223' title='bbox 3136 1854 3260 1895; x_wconf 92' lang='lat' dir='ltr'><strong>cum</strong></span> <span class='ocrx_word' id='word_1_224' title='bbox 3286 1840 3470 1893; x_wconf 82' lang='lat' dir='ltr'><strong>thora-</strong></span> 
     </span>
    </p>
   </div>
   <div class='ocr_carea' id='block_1_32' title="bbox 222 1929 3473 2007">
    <p class='ocr_par' dir='ltr' id='par_1_32' title="bbox 222 1929 3473 2007">
     <span class='ocr_line' id='line_1_32' title="bbox 222 1929 3473 2007; baseline 0.004 -23"><span class='ocrx_word' id='word_1_225' title='bbox 222 1931 542 2001; x_wconf 81' lang='lat' dir='ltr'><strong>lugcntibus</strong></span> <span class='ocrx_word' id='word_1_226' title='bbox 568 1932 845 2001; x_wconf 77' lang='lat' dir='ltr'><strong>feretrum,</strong></span> <span class='ocrx_word' id='word_1_227' title='bbox 877 1936 1220 2007; x_wconf 87' lang='lat' dir='ltr'><strong>sepultusque</strong></span> <span class='ocrx_word' id='word_1_228' title='bbox 1257 1946 1340 1994; x_wconf 88' lang='lat' dir='ltr'><strong>est</strong></span> <span class='ocrx_word' id='word_1_229' title='bbox 1378 1939 1430 1994; x_wconf 90' lang='lat' dir='ltr'><strong>in</strong></span> <span class='ocrx_word' id='word_1_230' title='bbox 1477 1940 1807 1996; x_wconf 89' lang='lat' dir='ltr'><strong>monasterio</strong></span> <span class='ocrx_word' id='word_1_231' title='bbox 1904 1933 2063 1990; x_wconf 75' lang='lat' dir='ltr'><strong>Cibus</strong></span> <span class='ocrx_word' id='word_1_232' title='bbox 2084 1941 2140 1989; x_wconf 74' lang='grc' dir='ltr'><strong>εὶ</strong></span> <span class='ocrx_word' id='word_1_233' title='bbox 2168 1933 2386 2004; x_wconf 66' lang='grc' dir='ltr'><strong>οὶῖυθίεσ</strong></span> <span class='ocrx_word' id='word_1_234' title='bbox 2419 1933 2538 2002; x_wconf 68' lang='grc' dir='ltr'>Ιιιεθ</span> <span class='ocrx_word' id='word_1_235' title='bbox 2567 1947 2697 1988; x_wconf 63' lang='grc' dir='ltr'><strong>’θ’θΡο</strong></span> <span class='ocrx_word' id='word_1_236' title='bbox 2725 1946 2818 1986; x_wconf 63' lang='lat' dir='ltr'><strong>rex</strong></span> <span class='ocrx_word' id='word_1_237' title='bbox 2850 1931 3015 1987; x_wconf 65' lang='lat' dir='ltr'><strong>lorica</strong></span> <span class='ocrx_word' id='word_1_238' title='bbox 3036 1931 3278 1996; x_wconf 71' lang='grc' dir='ltr'><strong>ίηάιιῑυεν</strong></span> <span class='ocrx_word' id='word_1_239' title='bbox 3302 1929 3473 1984; x_wconf 71' lang='grc' dir='ltr'><strong>θιοίτ-</strong></span> 
     </span>
    </p>
   </div>
   <div class='ocr_carea' id='block_1_33' title="bbox 220 2022 1806 2099">
    <p class='ocr_par' dir='ltr' id='par_1_33' title="bbox 220 2022 1806 2099">
     <span class='ocr_line' id='line_1_33' title="bbox 220 2022 1806 2099; baseline 0.005 -22"><span class='ocrx_word' id='word_1_240' title='bbox 220 2033 549 2077; x_wconf 76' lang='lat' dir='ltr'><strong>sanctorum</strong></span> <span class='ocrx_word' id='word_1_241' title='bbox 578 2022 824 2078; x_wconf 83' lang='lat' dir='ltr'><strong>Gervasii</strong></span> <span class='ocrx_word' id='word_1_242' title='bbox 849 2033 905 2079; x_wconf 91' lang='lat' dir='ltr'><strong>et</strong></span> <span class='ocrx_word' id='word_1_243' title='bbox 928 2025 1180 2093; x_wconf 85' lang='lat' dir='ltr'><strong>Pretasii,</strong></span> <span class='ocrx_word' id='word_1_244' title='bbox 1199 2027 1353 2097; x_wconf 82' lang='lat' dir='ltr'><strong>juxta</strong></span> <span class='ocrx_word' id='word_1_245' title='bbox 1379 2029 1689 2099; x_wconf 69' lang='lat' dir='ltr'><strong>praedictam</strong></span> <span class='ocrx_word' id='word_1_246' title='bbox 1713 2044 1806 2085; x_wconf 91' lang='lat' dir='ltr'><strong>ec-</strong></span> 
     </span>
    </p>
   </div>
   <div class='ocr_carea' id='block_1_34' title="bbox 222 2112 1809 2183">
    <p class='ocr_par' dir='ltr' id='par_1_34' title="bbox 222 2112 1809 2183">
     <span class='ocr_line' id='line_1_34' title="bbox 222 2112 1809 2183; baseline 0.005 -17"><span class='ocrx_word' id='word_1_247' title='bbox 222 2112 456 2167; x_wconf 86' lang='lat' dir='ltr'><strong>clesiam</strong></span> <span class='ocrx_word' id='word_1_248' title='bbox 485 2113 806 2169; x_wconf 86' lang='lat' dir='ltr'><strong>mirabiliter</strong></span> <span class='ocrx_word' id='word_1_249' title='bbox 834 2115 1141 2170; x_wconf 78' lang='lat' dir='ltr'><strong>decoratum</strong></span> <span class='ocrx_word' id='word_1_250' title='bbox 1179 2118 1386 2172; x_wconf 89' lang='lat' dir='ltr'><strong>musiva</strong></span> <span class='ocrx_word' id='word_1_251' title='bbox 1419 2133 1613 2183; x_wconf 89' lang='lat' dir='ltr'><strong>aurea,</strong></span> <span class='ocrx_word' id='word_1_252' title='bbox 1638 2127 1698 2174; x_wconf 91' lang='lat' dir='ltr'><strong>et</strong></span> <span class='ocrx_word' id='word_1_253' title='bbox 1728 2119 1809 2173; x_wconf 91' lang='lat' dir='ltr'><strong>di-</strong></span> 
     </span>
    </p>
   </div>
   <div class='ocr_carea' id='block_1_35' title="bbox 222 2205 1811 2281">
    <p class='ocr_par' dir='ltr' id='par_1_35' title="bbox 222 2205 1811 2281">
     <span class='ocr_line' id='line_1_35' title="bbox 222 2205 1811 2281; baseline 0.006 -24"><span class='ocrx_word' id='word_1_254' title='bbox 222 2219 521 2260; x_wconf 83' lang='lat' dir='ltr'><strong>versorum</strong></span> <span class='ocrx_word' id='word_1_255' title='bbox 555 2205 787 2276; x_wconf 84' lang='lat' dir='ltr'><strong>lapidum</strong></span> <span class='ocrx_word' id='word_1_256' title='bbox 815 2222 1029 2278; x_wconf 85' lang='lat' dir='ltr'><strong>genera,</strong></span> <span class='ocrx_word' id='word_1_257' title='bbox 1062 2209 1374 2279; x_wconf 82' lang='lat' dir='ltr'><strong>singulaque</strong></span> <span class='ocrx_word' id='word_1_258' title='bbox 1392 2210 1605 2265; x_wconf 89' lang='lat' dir='ltr'><strong>metalla</strong></span> <span class='ocrx_word' id='word_1_259' title='bbox 1634 2210 1811 2281; x_wconf 88' lang='lat' dir='ltr'><strong>parie-</strong></span> 
     </span>
    </p>
   </div>
   <div class='ocr_carea' id='block_1_36' title="bbox 214 2295 1808 2371">
    <p class='ocr_par' dir='ltr' id='par_1_36' title="bbox 214 2295 1808 2371">
     <span class='ocr_line' id='line_1_36' title="bbox 214 2295 1808 2371; baseline 0.005 -23"><span class='ocrx_word' id='word_1_260' title='bbox 214 2295 381 2349; x_wconf 72' lang='lat' dir='ltr'><strong>tibus</strong></span> <span class='ocrx_word' id='word_1_261' title='bbox 422 2295 629 2365; x_wconf 76' lang='lat' dir='ltr'><strong>iuncta.</strong></span> <span class='ocrx_word' id='word_1_262' title='bbox 672 2296 813 2351; x_wconf 82' lang='lat' dir='ltr'><strong>Area</strong></span> <span class='ocrx_word' id='word_1_263' title='bbox 856 2313 984 2354; x_wconf 91' lang='lat' dir='ltr'><strong>vero</strong></span> <span class='ocrx_word' id='word_1_264' title='bbox 1029 2299 1148 2365; x_wconf 87' lang='lat' dir='ltr'><strong>illa,</strong></span> <span class='ocrx_word' id='word_1_265' title='bbox 1181 2300 1271 2354; x_wconf 90' lang='lat' dir='ltr'><strong>ubi</strong></span> <span class='ocrx_word' id='word_1_266' title='bbox 1304 2302 1808 2371; x_wconf 65' lang='lat' dir='ltr'><strong>praestantissimum</strong></span> 
     </span>
    </p>
   </div>
   <div class='ocr_carea' id='block_1_37' title="bbox 220 2388 1809 2462">
    <p class='ocr_par' dir='ltr' id='par_1_37' title="bbox 220 2388 1809 2462">
     <span class='ocr_line' id='line_1_37' title="bbox 220 2388 1809 2462; baseline 0.004 -22"><span class='ocrx_word' id='word_1_267' title='bbox 220 2402 436 2457; x_wconf 69' lang='lat' dir='ltr'><strong>corpus</strong></span> <span class='ocrx_word' id='word_1_268' title='bbox 462 2388 769 2456; x_wconf 85' lang='lat' dir='ltr'><strong>requiescit,</strong></span> <span class='ocrx_word' id='word_1_269' title='bbox 798 2397 944 2443; x_wconf 87' lang='lat' dir='ltr'><strong>tanta</strong></span> <span class='ocrx_word' id='word_1_270' title='bbox 972 2390 1275 2460; x_wconf 88' lang='lat' dir='ltr'><strong>perlucida,</strong></span> <span class='ocrx_word' id='word_1_271' title='bbox 1319 2399 1380 2447; x_wconf 89' lang='lat' dir='ltr'><strong>ut</strong></span> <span class='ocrx_word' id='word_1_272' title='bbox 1416 2391 1631 2462; x_wconf 89' lang='lat' dir='ltr'><strong>quidam</strong></span> <span class='ocrx_word' id='word_1_273' title='bbox 1658 2408 1809 2447; x_wconf 81' lang='lat' dir='ltr'><strong>asse-</strong></span> 
     </span>
    </p>
   </div>
   <div class='ocr_carea' id='block_1_38' title="bbox 228 2478 1812 2553">
    <p class='ocr_par' dir='ltr' id='par_1_38' title="bbox 228 2478 1812 2553">
     <span class='ocr_line' id='line_1_38' title="bbox 228 2478 1812 2553; baseline 0.004 -21"><span class='ocrx_word' id='word_1_274' title='bbox 228 2488 384 2542; x_wconf 85' lang='lat' dir='ltr'><strong>runt,</strong></span> <span class='ocrx_word' id='word_1_275' title='bbox 416 2478 540 2542; x_wconf 86' lang='lat' dir='ltr'><strong>l&#39;uit,</strong></span> <span class='ocrx_word' id='word_1_276' title='bbox 561 2488 620 2533; x_wconf 92' lang='lat' dir='ltr'><strong>ut</strong></span> <span class='ocrx_word' id='word_1_277' title='bbox 649 2494 679 2533; x_wconf 92' lang='lat' dir='ltr'><strong>a</strong></span> <span class='ocrx_word' id='word_1_278' title='bbox 705 2483 1155 2550; x_wconf 64' lang='lat' dir='ltr'><strong>praetereuntibus</strong></span> <span class='ocrx_word' id='word_1_279' title='bbox 1179 2481 1317 2537; x_wconf 86' lang='lat' dir='ltr'><strong>infra</strong></span> <span class='ocrx_word' id='word_1_280' title='bbox 1340 2484 1486 2553; x_wconf 90' lang='lat' dir='ltr'><strong>pium</strong></span> <span class='ocrx_word' id='word_1_281' title='bbox 1512 2498 1707 2553; x_wconf 89' lang='lat' dir='ltr'><strong>corpus</strong></span> <span class='ocrx_word' id='word_1_282' title='bbox 1730 2485 1812 2539; x_wconf 83' lang='lat' dir='ltr'><strong>vi-</strong></span> 
     </span>
    </p>
   </div>
   <div class='ocr_carea' id='block_1_39' title="bbox 222 2570 1812 2647">
    <p class='ocr_par' dir='ltr' id='par_1_39' title="bbox 222 2570 1812 2647">
     <span class='ocr_line' id='line_1_39' title="bbox 222 2570 1812 2647; baseline 0.003 -21"><span class='ocrx_word' id='word_1_283' title='bbox 222 2570 481 2637; x_wconf 81' lang='lat' dir='ltr'><strong>deretur,</strong></span> <span class='ocrx_word' id='word_1_284' title='bbox 511 2580 565 2625; x_wconf 91' lang='lat' dir='ltr'><strong>et</strong></span> <span class='ocrx_word' id='word_1_285' title='bbox 584 2587 683 2626; x_wconf 90' lang='lat' dir='ltr'><strong>cur</strong></span> <span class='ocrx_word' id='word_1_286' title='bbox 710 2587 814 2626; x_wconf 88' lang='lat' dir='ltr'><strong>non</strong></span> <span class='ocrx_word' id='word_1_287' title='bbox 845 2573 1002 2628; x_wconf 86' lang='lat' dir='ltr'><strong>hodie</strong></span> <span class='ocrx_word' id='word_1_288' title='bbox 1030 2583 1278 2645; x_wconf 84' lang='lat' dir='ltr'><strong>apparet,</strong></span> <span class='ocrx_word' id='word_1_289' title='bbox 1298 2583 1358 2630; x_wconf 92' lang='lat' dir='ltr'><strong>ut</strong></span> <span class='ocrx_word' id='word_1_290' title='bbox 1382 2576 1561 2645; x_wconf 78' lang='lat' dir='ltr'><strong>prisco</strong></span> <span class='ocrx_word' id='word_1_291' title='bbox 1588 2592 1812 2647; x_wconf 85' lang='lat' dir='ltr'><strong>appare-</strong></span> 
     </span>
    </p>
   </div>
   <div class='ocr_carea' id='block_1_40' title="bbox 230 2663 1809 2735">
    <p class='ocr_par' dir='ltr' id='par_1_40' title="bbox 230 2663 1809 2735">
     <span class='ocr_line' id='line_1_40' title="bbox 230 2663 1809 2735; baseline 0.003 -19"><span class='ocrx_word' id='word_1_292' title='bbox 230 2663 319 2716; x_wconf 85' lang='lat' dir='ltr'><strong>bat</strong></span> <span class='ocrx_word' id='word_1_293' title='bbox 350 2671 625 2730; x_wconf 61' lang='lat' dir='ltr'><strong>tempore,</strong></span> <span class='ocrx_word' id='word_1_294' title='bbox 653 2673 712 2718; x_wconf 85' lang='lat' dir='ltr'><strong>ut</strong></span> <span class='ocrx_word' id='word_1_295' title='bbox 740 2680 912 2735; x_wconf 87' lang='lat' dir='ltr'><strong>nuper</strong></span> <span class='ocrx_word' id='word_1_296' title='bbox 942 2666 1142 2730; x_wconf 87' lang='lat' dir='ltr'><strong>dicam,</strong></span> <span class='ocrx_word' id='word_1_297' title='bbox 1167 2666 1350 2721; x_wconf 85' lang='lat' dir='ltr'><strong>didici.</strong></span> <span class='ocrx_word' id='word_1_298' title='bbox 1387 2666 1578 2723; x_wconf 85' lang='lat' dir='ltr'><strong>Nescio</strong></span> <span class='ocrx_word' id='word_1_299' title='bbox 1615 2683 1809 2722; x_wconf 90' lang='lat' dir='ltr'><strong>nomen</strong></span> 
     </span>
    </p>
   </div>
   <div class='ocr_carea' id='block_1_41' title="bbox 224 2753 1813 2825">
    <p class='ocr_par' dir='ltr' id='par_1_41' title="bbox 224 2753 1813 2825">
     <span class='ocr_line' id='line_1_41' title="bbox 224 2753 1813 2825; baseline 0.003 -18"><span class='ocrx_word' id='word_1_300' title='bbox 224 2754 356 2824; x_wconf 83' lang='lat' dir='ltr'><strong>quis</strong></span> <span class='ocrx_word' id='word_1_301' title='bbox 388 2753 499 2818; x_wconf 87' lang='lat' dir='ltr'><strong>ille,</strong></span> <span class='ocrx_word' id='word_1_302' title='bbox 528 2755 818 2825; x_wconf 86' lang='lat' dir='ltr'><strong>imperator</strong></span> <span class='ocrx_word' id='word_1_303' title='bbox 842 2755 1009 2810; x_wconf 88' lang='lat' dir='ltr'><strong>voluit</strong></span> <span class='ocrx_word' id='word_1_304' title='bbox 1035 2757 1101 2811; x_wconf 88' lang='lat' dir='ltr'><strong>ad</strong></span> <span class='ocrx_word' id='word_1_305' title='bbox 1132 2772 1281 2810; x_wconf 90' lang='lat' dir='ltr'><strong>suam</strong></span> <span class='ocrx_word' id='word_1_306' title='bbox 1319 2756 1630 2815; x_wconf 74' lang='lat' dir='ltr'><strong>abstrahere</strong></span> <span class='ocrx_word' id='word_1_307' title='bbox 1664 2757 1813 2813; x_wconf 82' lang='lat' dir='ltr'><strong>utili-</strong></span> 
     </span>
    </p>
   </div>
   <div class='ocr_carea' id='block_1_42' title="bbox 230 2844 1814 2917">
    <p class='ocr_par' dir='ltr' id='par_1_42' title="bbox 230 2844 1814 2917">
     <span class='ocr_line' id='line_1_42' title="bbox 230 2844 1814 2917; baseline 0.005 -18"><span class='ocrx_word' id='word_1_308' title='bbox 230 2854 430 2900; x_wconf 80' lang='lat' dir='ltr'><strong>tatem.</strong></span> <span class='ocrx_word' id='word_1_309' title='bbox 480 2844 646 2900; x_wconf 84' lang='lat' dir='ltr'><strong>Nocte</strong></span> <span class='ocrx_word' id='word_1_310' title='bbox 682 2847 914 2917; x_wconf 88' lang='lat' dir='ltr'><strong>quadam</strong></span> <span class='ocrx_word' id='word_1_311' title='bbox 960 2848 1132 2902; x_wconf 90' lang='lat' dir='ltr'><strong>astitit</strong></span> <span class='ocrx_word' id='word_1_312' title='bbox 1171 2849 1361 2903; x_wconf 89' lang='lat' dir='ltr'><strong>beatus</strong></span> <span class='ocrx_word' id='word_1_313' title='bbox 1405 2848 1686 2906; x_wconf 85' lang='lat' dir='ltr'><strong>Lauricius</strong></span> <span class='ocrx_word' id='word_1_314' title='bbox 1719 2866 1814 2906; x_wconf 83' lang='lat' dir='ltr'><strong>cu-</strong></span> 
     </span>
    </p>
   </div>
   <div class='ocr_carea' id='block_1_43' title="bbox 224 2935 1815 3009">
    <p class='ocr_par' dir='ltr' id='par_1_43' title="bbox 224 2935 1815 3009">
     <span class='ocr_line' id='line_1_43' title="bbox 224 2935 1815 3009; baseline 0.005 -20"><span class='ocrx_word' id='word_1_315' title='bbox 224 2935 380 2990; x_wconf 76' lang='lat' dir='ltr'><strong>stodi</strong></span> <span class='ocrx_word' id='word_1_316' title='bbox 406 2936 668 3002; x_wconf 66' lang='lat' dir='ltr'><strong>ecclesiae,</strong></span> <span class='ocrx_word' id='word_1_317' title='bbox 696 2945 750 2992; x_wconf 89' lang='lat' dir='ltr'><strong>et</strong></span> <span class='ocrx_word' id='word_1_318' title='bbox 772 2936 911 2991; x_wconf 80' lang='lat' dir='ltr'><strong>dixit</strong></span> <span class='ocrx_word' id='word_1_319' title='bbox 935 2956 948 2990; x_wconf 93' lang='lat'>:</span> <span class='ocrx_word' id='word_1_320' title='bbox 989 2936 1134 2993; x_wconf 63' lang='lat' dir='ltr'><strong>Aﬂ’er</strong></span> <span class='ocrx_word' id='word_1_321' title='bbox 1169 2939 1405 2993; x_wconf 89' lang='lat' dir='ltr'><strong>cinerem</strong></span> <span class='ocrx_word' id='word_1_322' title='bbox 1428 2947 1483 2994; x_wconf 90' lang='lat' dir='ltr'><strong>et</strong></span> <span class='ocrx_word' id='word_1_323' title='bbox 1512 2955 1725 3009; x_wconf 90' lang='lat' dir='ltr'><strong>aquam,</strong></span> <span class='ocrx_word' id='word_1_324' title='bbox 1757 2950 1815 2997; x_wconf 84' lang='lat' dir='ltr'><strong>et</strong></span> 
     </span>
    </p>
   </div>
   <div class='ocr_carea' id='block_1_44' title="bbox 230 3025 1806 3102">
    <p class='ocr_par' dir='ltr' id='par_1_44' title="bbox 230 3025 1806 3102">
     <span class='ocr_line' id='line_1_44' title="bbox 230 3025 1806 3102; baseline 0.004 -23"><span class='ocrx_word' id='word_1_325' title='bbox 230 3025 365 3080; x_wconf 81' lang='lat' dir='ltr'><strong>hinc</strong></span> <span class='ocrx_word' id='word_1_326' title='bbox 389 3025 696 3095; x_wconf 87' lang='lat' dir='ltr'><strong>sepulcrum</strong></span> <span class='ocrx_word' id='word_1_327' title='bbox 721 3042 918 3092; x_wconf 85' lang='lat' dir='ltr'><strong>meum,</strong></span> <span class='ocrx_word' id='word_1_328' title='bbox 935 3035 992 3082; x_wconf 92' lang='lat' dir='ltr'><strong>et</strong></span> <span class='ocrx_word' id='word_1_329' title='bbox 1008 3029 1347 3097; x_wconf 89' lang='lat' dir='ltr'><strong>postmodum</strong></span> <span class='ocrx_word' id='word_1_330' title='bbox 1369 3029 1652 3102; x_wconf 80' lang='lat' dir='ltr'><strong>diligenter</strong></span> <span class='ocrx_word' id='word_1_331' title='bbox 1668 3029 1806 3086; x_wconf 88' lang='lat' dir='ltr'><strong>lava.</strong></span> 
     </span>
    </p>
   </div>
   <div class='ocr_carea' id='block_1_45' title="bbox 229 3116 1813 3186">
    <p class='ocr_par' dir='ltr' id='par_1_45' title="bbox 229 3116 1813 3186">
     <span class='ocr_line' id='line_1_45' title="bbox 229 3116 1813 3186; baseline 0.004 -15"><span class='ocrx_word' id='word_1_332' title='bbox 229 3118 350 3185; x_wconf 82' lang='lat' dir='ltr'><strong>Quo</strong></span> <span class='ocrx_word' id='word_1_333' title='bbox 388 3116 533 3171; x_wconf 86' lang='lat' dir='ltr'><strong>facto</strong></span> <span class='ocrx_word' id='word_1_334' title='bbox 552 3118 755 3172; x_wconf 88' lang='lat' dir='ltr'><strong>candor</strong></span> <span class='ocrx_word' id='word_1_335' title='bbox 774 3118 1011 3173; x_wconf 86' lang='lat' dir='ltr'><strong>evanuit.</strong></span> <span class='ocrx_word' id='word_1_336' title='bbox 1042 3118 1159 3173; x_wconf 80' lang='lat' dir='ltr'><strong>Alia</strong></span> <span class='ocrx_word' id='word_1_337' title='bbox 1186 3134 1314 3175; x_wconf 85' lang='lat' dir='ltr'><strong>vero</strong></span> <span class='ocrx_word' id='word_1_338' title='bbox 1340 3119 1448 3186; x_wconf 90' lang='lat' dir='ltr'><strong>die,</strong></span> <span class='ocrx_word' id='word_1_339' title='bbox 1476 3135 1597 3176; x_wconf 89' lang='lat' dir='ltr'><strong>cum</strong></span> <span class='ocrx_word' id='word_1_340' title='bbox 1626 3121 1813 3178; x_wconf 79' lang='lat' dir='ltr'><strong>venis-</strong></span> 
     </span>
    </p>
   </div>
   <div class='ocr_carea' id='block_1_46' title="bbox 1896 2020 3475 2093">
    <p class='ocr_par' dir='ltr' id='par_1_46' title="bbox 1896 2020 3475 2093">
     <span class='ocr_line' id='line_1_46' title="bbox 1896 2020 3475 2093; baseline -0.004 -13"><span class='ocrx_word' id='word_1_341' title='bbox 1896 2023 2198 2082; x_wconf 84' lang='lat' dir='ltr'><strong>cumfultus</strong></span> <span class='ocrx_word' id='word_1_342' title='bbox 2234 2038 2387 2078; x_wconf 88' lang='lat' dir='ltr'><strong>arma</strong></span> <span class='ocrx_word' id='word_1_343' title='bbox 2434 2021 2646 2087; x_wconf 84' lang='lat' dir='ltr'><strong>bellica,</strong></span> <span class='ocrx_word' id='word_1_344' title='bbox 2699 2030 2993 2093; x_wconf 87' lang='lat' dir='ltr'><strong>pectusque</strong></span> <span class='ocrx_word' id='word_1_345' title='bbox 3044 2036 3201 2076; x_wconf 84' lang='lat' dir='ltr'><strong>suum</strong></span> <span class='ocrx_word' id='word_1_346' title='bbox 3241 2020 3475 2075; x_wconf 87' lang='lat' dir='ltr'><strong>umbone</strong></span> 
     </span>
    </p>
   </div>
   <div class='ocr_carea' id='block_1_47' title="bbox 1904 2110 3473 2188">
    <p class='ocr_par' dir='ltr' id='par_1_47' title="bbox 1904 2110 3473 2188">
     <span class='ocr_line' id='line_1_47' title="bbox 1904 2110 3473 2188; baseline -0.008 -15"><span class='ocrx_word' id='word_1_347' title='bbox 1904 2117 2143 2188; x_wconf 80' lang='lat' dir='ltr'><strong>tegebat,</strong></span> <span class='ocrx_word' id='word_1_348' title='bbox 2200 2117 2458 2172; x_wconf 88' lang='lat' dir='ltr'><strong>cristatus</strong></span> <span class='ocrx_word' id='word_1_349' title='bbox 2489 2114 2665 2183; x_wconf 87' lang='lat' dir='ltr'><strong>capite</strong></span> <span class='ocrx_word' id='word_1_350' title='bbox 2712 2129 2836 2169; x_wconf 90' lang='lat' dir='ltr'><strong>cum</strong></span> <span class='ocrx_word' id='word_1_351' title='bbox 2887 2113 3127 2167; x_wconf 85' lang='lat' dir='ltr'><strong>exercitu</strong></span> <span class='ocrx_word' id='word_1_352' title='bbox 3177 2110 3473 2182; x_wconf 86' lang='lat' dir='ltr'><strong>gradiebat.</strong></span> 
     </span>
    </p>
   </div>
   <div class='ocr_carea' id='block_1_48' title="bbox 1902 2202 3476 2275">
    <p class='ocr_par' dir='ltr' id='par_1_48' title="bbox 1902 2202 3476 2275">
     <span class='ocr_line' id='line_1_48' title="bbox 1902 2202 3476 2275; baseline -0.003 -15"><span class='ocrx_word' id='word_1_353' title='bbox 1902 2206 2076 2274; x_wconf 77' lang='lat' dir='ltr'><strong>Quem</strong></span> <span class='ocrx_word' id='word_1_354' title='bbox 2095 2205 2168 2261; x_wconf 86' lang='lat' dir='ltr'><strong>ut</strong></span> <span class='ocrx_word' id='word_1_355' title='bbox 2194 2206 2567 2262; x_wconf 88' lang='lat' dir='ltr'><strong>sanctissimus</strong></span> <span class='ocrx_word' id='word_1_356' title='bbox 2616 2204 2810 2275; x_wconf 57' lang='lat' dir='ltr'><strong>praesul</strong></span> <span class='ocrx_word' id='word_1_357' title='bbox 2839 2204 3011 2259; x_wconf 88' lang='lat' dir='ltr'><strong>sensit</strong></span> <span class='ocrx_word' id='word_1_358' title='bbox 3036 2202 3291 2269; x_wconf 89' lang='lat' dir='ltr'><strong>Joannes,</strong></span> <span class='ocrx_word' id='word_1_359' title='bbox 3326 2210 3476 2258; x_wconf 88' lang='lat' dir='ltr'><strong>totus</strong></span> 
     </span>
    </p>
   </div>
   <div class='ocr_carea' id='block_1_49' title="bbox 1904 2293 3475 2368">
    <p class='ocr_par' dir='ltr' id='par_1_49' title="bbox 1904 2293 3475 2368">
     <span class='ocr_line' id='line_1_49' title="bbox 1904 2293 3475 2368; baseline -0.004 -15"><span class='ocrx_word' id='word_1_360' title='bbox 1904 2312 1968 2353; x_wconf 87' lang='lat' dir='ltr'><strong>se</strong></span> <span class='ocrx_word' id='word_1_361' title='bbox 1998 2314 2121 2353; x_wconf 88' lang='lat' dir='ltr'><strong>cum</strong></span> <span class='ocrx_word' id='word_1_362' title='bbox 2160 2297 2368 2368; x_wconf 87' lang='lat' dir='ltr'><strong>magnis</strong></span> <span class='ocrx_word' id='word_1_363' title='bbox 2417 2296 2691 2360; x_wconf 88' lang='lat' dir='ltr'><strong>lamentis,</strong></span> <span class='ocrx_word' id='word_1_364' title='bbox 2739 2303 2794 2350; x_wconf 90' lang='lat' dir='ltr'><strong>et</strong></span> <span class='ocrx_word' id='word_1_365' title='bbox 2826 2295 3144 2365; x_wconf 79' lang='lat' dir='ltr'><strong>largissimis</strong></span> <span class='ocrx_word' id='word_1_366' title='bbox 3176 2293 3389 2350; x_wconf 83' lang='lat' dir='ltr'><strong>ﬂetibus</strong></span> <span class='ocrx_word' id='word_1_367' title='bbox 3418 2293 3475 2347; x_wconf 86' lang='lat' dir='ltr'><strong>in</strong></span> 
     </span>
    </p>
   </div>
   <div class='ocr_carea' id='block_1_50' title="bbox 1903 2382 3473 2456">
    <p class='ocr_par' dir='ltr' id='par_1_50' title="bbox 1903 2382 3473 2456">
     <span class='ocr_line' id='line_1_50' title="bbox 1903 2382 3473 2456; baseline -0.005 -12"><span class='ocrx_word' id='word_1_368' title='bbox 1903 2389 2210 2444; x_wconf 85' lang='lat' dir='ltr'><strong>orationem</strong></span> <span class='ocrx_word' id='word_1_369' title='bbox 2267 2385 2622 2456; x_wconf 89' lang='lat' dir='ltr'><strong>omnipotenti</strong></span> <span class='ocrx_word' id='word_1_370' title='bbox 2672 2385 2900 2440; x_wconf 89' lang='lat' dir='ltr'><strong>Domino</strong></span> <span class='ocrx_word' id='word_1_371' title='bbox 2944 2397 3146 2455; x_wconf 86' lang='lat' dir='ltr'><strong>pronus</strong></span> <span class='ocrx_word' id='word_1_372' title='bbox 3192 2384 3247 2437; x_wconf 89' lang='lat' dir='ltr'><strong>in</strong></span> <span class='ocrx_word' id='word_1_373' title='bbox 3280 2382 3473 2438; x_wconf 83' lang='lat' dir='ltr'><strong>faciem</strong></span> 
     </span>
    </p>
   </div>
   <div class='ocr_carea' id='block_1_51' title="bbox 1906 2476 3481 2550">
    <p class='ocr_par' dir='ltr' id='par_1_51' title="bbox 1906 2476 3481 2550">
     <span class='ocr_line' id='line_1_51' title="bbox 1906 2476 3481 2550; baseline -0.005 -14"><span class='ocrx_word' id='word_1_374' title='bbox 1906 2481 2127 2545; x_wconf 81' lang='lat' dir='ltr'><strong>stravit,</strong></span> <span class='ocrx_word' id='word_1_375' title='bbox 2150 2479 2449 2550; x_wconf 83' lang='lat' dir='ltr'><strong>petivitque</strong></span> <span class='ocrx_word' id='word_1_376' title='bbox 2490 2484 2718 2531; x_wconf 89' lang='lat' dir='ltr'><strong>mortem</strong></span> <span class='ocrx_word' id='word_1_377' title='bbox 2750 2476 2943 2530; x_wconf 78' lang='lat' dir='ltr'><strong>animae</strong></span> <span class='ocrx_word' id='word_1_378' title='bbox 2976 2491 3108 2541; x_wconf 84' lang='lat' dir='ltr'><strong>suae,</strong></span> <span class='ocrx_word' id='word_1_379' title='bbox 3136 2483 3198 2529; x_wconf 89' lang='lat' dir='ltr'><strong>ut</strong></span> <span class='ocrx_word' id='word_1_380' title='bbox 3222 2491 3327 2530; x_wconf 90' lang='lat' dir='ltr'><strong>non</strong></span> <span class='ocrx_word' id='word_1_381' title='bbox 3351 2487 3481 2529; x_wconf 88' lang='lat' dir='ltr'><strong>suos</strong></span> 
     </span>
    </p>
   </div>
   <div class='ocr_carea' id='block_1_52' title="bbox 1909 2565 3477 2636">
    <p class='ocr_par' dir='ltr' id='par_1_52' title="bbox 1909 2565 3477 2636">
     <span class='ocr_line' id='line_1_52' title="bbox 1909 2565 3477 2636; baseline -0.004 -11"><span class='ocrx_word' id='word_1_382' title='bbox 1909 2569 2051 2625; x_wconf 86' lang='lat' dir='ltr'><strong>ﬁlios</strong></span> <span class='ocrx_word' id='word_1_383' title='bbox 2083 2570 2169 2624; x_wconf 85' lang='lat' dir='ltr'><strong>vel</strong></span> <span class='ocrx_word' id='word_1_384' title='bbox 2191 2568 2349 2634; x_wconf 90' lang='lat' dir='ltr'><strong>ﬁlias,</strong></span> <span class='ocrx_word' id='word_1_385' title='bbox 2382 2568 2828 2636; x_wconf 79' lang='lat' dir='ltr'><strong>Ravennatesque</strong></span> <span class='ocrx_word' id='word_1_386' title='bbox 2846 2567 2995 2622; x_wconf 87' lang='lat' dir='ltr'><strong>cives</strong></span> <span class='ocrx_word' id='word_1_387' title='bbox 3018 2566 3073 2620; x_wconf 88' lang='lat' dir='ltr'><strong>in</strong></span> <span class='ocrx_word' id='word_1_388' title='bbox 3096 2565 3477 2620; x_wconf 74' lang='lat' dir='ltr'><strong>exterminium</strong></span> 
     </span>
    </p>
   </div>
   <div class='ocr_carea' id='block_1_53' title="bbox 1908 2655 3475 2741">
    <p class='ocr_par' dir='ltr' id='par_1_53' title="bbox 1908 2655 3475 2741">
     <span class='ocr_line' id='line_1_53' title="bbox 1908 2655 3475 2741; baseline -0.004 -26"><span class='ocrx_word' id='word_1_389' title='bbox 1908 2668 2000 2715; x_wconf 87' lang='lat' dir='ltr'><strong>aut</strong></span> <span class='ocrx_word' id='word_1_390' title='bbox 2028 2661 2084 2714; x_wconf 90' lang='lat' dir='ltr'><strong>in</strong></span> <span class='ocrx_word' id='word_1_391' title='bbox 2114 2659 2633 2741; x_wconf 81' lang='lat' dir='ltr'><strong>consummationem</strong></span> <span class='ocrx_word' id='word_1_392' title='bbox 2661 2656 2870 2712; x_wconf 85' lang='lat' dir='ltr'><strong>videret</strong></span> <span class='ocrx_word' id='word_1_393' title='bbox 2890 2656 3050 2711; x_wconf 87' lang='lat' dir='ltr'><strong>evelli</strong></span> <span class='ocrx_word' id='word_1_394' title='bbox 3090 2656 3175 2711; x_wconf 85' lang='lat' dir='ltr'><strong>vel</strong></span> <span class='ocrx_word' id='word_1_395' title='bbox 3203 2655 3475 2726; x_wconf 88' lang='lat' dir='ltr'><strong>dissipari,</strong></span> 
     </span>
    </p>
   </div>
   <div class='ocr_carea' id='block_1_54' title="bbox 1904 2746 3479 2816">
    <p class='ocr_par' dir='ltr' id='par_1_54' title="bbox 1904 2746 3479 2816">
     <span class='ocr_line' id='line_1_54' title="bbox 1904 2746 3479 2816; baseline -0.003 -10"><span class='ocrx_word' id='word_1_396' title='bbox 1904 2761 1965 2807; x_wconf 89' lang='lat' dir='ltr'><strong>et</strong></span> <span class='ocrx_word' id='word_1_397' title='bbox 1995 2765 2096 2806; x_wconf 90' lang='lat' dir='ltr'><strong>nec</strong></span> <span class='ocrx_word' id='word_1_398' title='bbox 2123 2766 2218 2805; x_wconf 88' lang='lat' dir='ltr'><strong>sua</strong></span> <span class='ocrx_word' id='word_1_399' title='bbox 2249 2749 2486 2805; x_wconf 87' lang='lat' dir='ltr'><strong>Ecclesia</strong></span> <span class='ocrx_word' id='word_1_400' title='bbox 2525 2749 2886 2813; x_wconf 83' lang='lat' dir='ltr'><strong>contaminata</strong></span> <span class='ocrx_word' id='word_1_401' title='bbox 2919 2756 3064 2803; x_wconf 89' lang='lat' dir='ltr'><strong>esset</strong></span> <span class='ocrx_word' id='word_1_402' title='bbox 3093 2748 3162 2803; x_wconf 83' lang='lat' dir='ltr'><strong>ab</strong></span> <span class='ocrx_word' id='word_1_403' title='bbox 3193 2746 3390 2816; x_wconf 89' lang='lat' dir='ltr'><strong>iniquis</strong></span> <span class='ocrx_word' id='word_1_404' title='bbox 3421 2753 3479 2801; x_wconf 91' lang='lat' dir='ltr'><strong>et</strong></span> 
     </span>
    </p>
   </div>
   <div class='ocr_carea' id='block_1_55' title="bbox 1910 2837 3485 2904">
    <p class='ocr_par' dir='ltr' id='par_1_55' title="bbox 1910 2837 3485 2904">
     <span class='ocr_line' id='line_1_55' title="bbox 1910 2837 3485 2904; baseline -0.003 -8"><span class='ocrx_word' id='word_1_405' title='bbox 1910 2841 2297 2896; x_wconf 88' lang='lat' dir='ltr'><strong>crudelissimis</strong></span> <span class='ocrx_word' id='word_1_406' title='bbox 2327 2840 2659 2904; x_wconf 85' lang='lat' dir='ltr'><strong>hominibus,</strong></span> <span class='ocrx_word' id='word_1_407' title='bbox 2701 2846 2760 2893; x_wconf 88' lang='lat' dir='ltr'><strong>et</strong></span> <span class='ocrx_word' id='word_1_408' title='bbox 2809 2852 2919 2893; x_wconf 88' lang='lat' dir='ltr'><strong>non</strong></span> <span class='ocrx_word' id='word_1_409' title='bbox 2971 2838 3180 2893; x_wconf 86' lang='lat' dir='ltr'><strong>videret</strong></span> <span class='ocrx_word' id='word_1_410' title='bbox 3208 2837 3485 2892; x_wconf 80' lang='lat' dir='ltr'><strong>excidium</strong></span> 
     </span>
    </p>
   </div>
   <div class='ocr_carea' id='block_1_56' title="bbox 1907 2929 3478 3001">
    <p class='ocr_par' dir='ltr' id='par_1_56' title="bbox 1907 2929 3478 3001">
     <span class='ocr_line' id='line_1_56' title="bbox 1907 2929 3478 3001; baseline -0.005 -11"><span class='ocrx_word' id='word_1_411' title='bbox 1907 2935 2146 2990; x_wconf 87' lang='lat' dir='ltr'><strong>civitatis</strong></span> <span class='ocrx_word' id='word_1_412' title='bbox 2169 2934 2220 2987; x_wconf 88' lang='lat' dir='ltr'><strong>in</strong></span> <span class='ocrx_word' id='word_1_413' title='bbox 2250 2933 2607 3001; x_wconf 79' lang='lat' dir='ltr'><strong>direptionem</strong></span> <span class='ocrx_word' id='word_1_414' title='bbox 2637 2931 3032 3001; x_wconf 67' lang='lat' dir='ltr'><strong>praedantium;</strong></span> <span class='ocrx_word' id='word_1_415' title='bbox 3067 2938 3129 2984; x_wconf 91' lang='lat' dir='ltr'><strong>ut</strong></span> <span class='ocrx_word' id='word_1_416' title='bbox 3172 2930 3383 2985; x_wconf 90' lang='lat' dir='ltr'><strong>animas</strong></span> <span class='ocrx_word' id='word_1_417' title='bbox 3412 2929 3478 2983; x_wconf 86' lang='lat' dir='ltr'><strong>it-</strong></span> 
     </span>
    </p>
   </div>
   <div class='ocr_carea' id='block_1_57' title="bbox 1906 3018 3480 3094">
    <p class='ocr_par' dir='ltr' id='par_1_57' title="bbox 1906 3018 3480 3094">
     <span class='ocr_line' id='line_1_57' title="bbox 1906 3018 3480 3094; baseline -0.004 -15"><span class='ocrx_word' id='word_1_418' title='bbox 1906 3025 1993 3079; x_wconf 79' lang='lat' dir='ltr'><strong>‘las</strong></span> <span class='ocrx_word' id='word_1_419' title='bbox 2012 3039 2150 3094; x_wconf 87' lang='lat' dir='ltr'><strong>quas</strong></span> <span class='ocrx_word' id='word_1_420' title='bbox 2170 3023 2284 3093; x_wconf 83' lang='lat' dir='ltr'><strong>ipse</strong></span> <span class='ocrx_word' id='word_1_421' title='bbox 2305 3037 2337 3077; x_wconf 93' lang='lat' dir='ltr'><strong>e</strong></span> <span class='ocrx_word' id='word_1_422' title='bbox 2362 3021 2735 3093; x_wconf 84' lang='lat' dir='ltr'><strong>superstitiosa</strong></span> <span class='ocrx_word' id='word_1_423' title='bbox 2766 3020 3066 3091; x_wconf 89' lang='lat' dir='ltr'><strong>gentilitate</strong></span> <span class='ocrx_word' id='word_1_424' title='bbox 3112 3018 3211 3074; x_wconf 87' lang='lat' dir='ltr'><strong>soli</strong></span> <span class='ocrx_word' id='word_1_425' title='bbox 3239 3019 3350 3073; x_wconf 88' lang='lat' dir='ltr'><strong>Deo</strong></span> <span class='ocrx_word' id='word_1_426' title='bbox 3379 3018 3480 3072; x_wconf 83' lang='lat' dir='ltr'><strong>ad-</strong></span> 
     </span>
    </p>
   </div>
   <div class='ocr_carea' id='block_1_58' title="bbox 1911 3109 3481 3189">
    <p class='ocr_par' dir='ltr' id='par_1_58' title="bbox 1911 3109 3481 3189">
     <span class='ocr_line' id='line_1_58' title="bbox 1911 3109 3481 3189; baseline -0.004 -17"><span class='ocrx_word' id='word_1_427' title='bbox 1911 3117 2194 3189; x_wconf 84' lang='lat' dir='ltr'><strong>quisierat,</strong></span> <span class='ocrx_word' id='word_1_428' title='bbox 2248 3128 2578 3186; x_wconf 85' lang='lat' dir='ltr'><strong>paganorum</strong></span> <span class='ocrx_word' id='word_1_429' title='bbox 2628 3128 2734 3167; x_wconf 84' lang='lat' dir='ltr'><strong>non</strong></span> <span class='ocrx_word' id='word_1_430' title='bbox 2787 3112 3086 3183; x_wconf 71' lang='lat' dir='ltr'><strong>subiugatis</strong></span> <span class='ocrx_word' id='word_1_431' title='bbox 3118 3109 3481 3183; x_wconf 57' lang='lat' dir='ltr'><strong>[subjugatasl</strong></span> 
     </span>
    </p>
   </div>
   <div class='ocr_carea' id='block_1_59' title="bbox 226 3183 3475 3278">
    <p class='ocr_par' dir='ltr' id='par_1_59' title="bbox 226 3183 3475 3278">
     <span class='ocr_line' id='line_1_59' title="bbox 226 3183 3475 3278; baseline -0.002 -14"><span class='ocrx_word' id='word_1_432' title='bbox 226 3183 357 3264; x_wconf 76' lang='lat' dir='ltr'><strong>seut</strong></span> <span class='ocrx_word' id='word_1_433' title='bbox 386 3208 717 3263; x_wconf 66' lang='lat' dir='ltr'><strong>cazmentarii</strong></span> <span class='ocrx_word' id='word_1_434' title='bbox 757 3210 824 3262; x_wconf 89' lang='lat' dir='ltr'><strong>ad</strong></span> <span class='ocrx_word' id='word_1_435' title='bbox 850 3208 1158 3273; x_wconf 87' lang='lat' dir='ltr'><strong>tollendum,</strong></span> <span class='ocrx_word' id='word_1_436' title='bbox 1189 3183 1442 3264; x_wconf 78' lang='lat' dir='ltr'><strong>viderunt</strong></span> <span class='ocrx_word' id='word_1_437' title='bbox 1466 3209 1808 3278; x_wconf 87' lang='lat' dir='ltr'><strong>deteriorem,</strong></span> <span class='ocrx_word' id='word_1_438' title='bbox 1834 3183 1883 3246; x_wconf 62' lang='grc' dir='ltr'>α</span> <span class='ocrx_word' id='word_1_439' title='bbox 1913 3183 2161 3264; x_wconf 81' lang='lat' dir='ltr'><strong>manibus</strong></span> <span class='ocrx_word' id='word_1_440' title='bbox 2186 3183 2408 3269; x_wconf 77' lang='lat' dir='ltr'><strong>videret,</strong></span> <span class='ocrx_word' id='word_1_441' title='bbox 2433 3214 2492 3260; x_wconf 90' lang='lat' dir='ltr'><strong>et</strong></span> <span class='ocrx_word' id='word_1_442' title='bbox 2516 3204 2792 3259; x_wconf 85' lang='lat' dir='ltr'><strong>neiterum</strong></span> <span class='ocrx_word' id='word_1_443' title='bbox 2809 3202 2876 3257; x_wconf 87' lang='lat' dir='ltr'><strong>ad</strong></span> <span class='ocrx_word' id='word_1_444' title='bbox 2896 3218 3137 3259; x_wconf 88' lang='lat' dir='ltr'><strong>errorem</strong></span> <span class='ocrx_word' id='word_1_445' title='bbox 3152 3203 3475 3276; x_wconf 82' lang='lat' dir='ltr'><strong>gentilitatis</strong></span> 
     </span>
    </p>
   </div>
   <div class='ocr_carea' id='block_1_60' title="bbox 227 3297 1809 3370">
    <p class='ocr_par' dir='ltr' id='par_1_60' title="bbox 227 3297 1809 3370">
     <span class='ocr_line' id='line_1_60' title="bbox 227 3297 1809 3370; baseline 0.002 -17"><span class='ocrx_word' id='word_1_446' title='bbox 227 3299 639 3354; x_wconf 76' lang='lat' dir='ltr'><strong>meiavel&#39;unt</strong></span> <span class='ocrx_word' id='word_1_447' title='bbox 670 3299 983 3368; x_wconf 64' lang='lat' dir='ltr'><strong>prmposito,</strong></span> <span class='ocrx_word' id='word_1_448' title='bbox 1025 3299 1118 3368; x_wconf 89' lang='lat' dir='ltr'><strong>qui</strong></span> <span class='ocrx_word' id='word_1_449' title='bbox 1156 3312 1319 3369; x_wconf 85' lang='lat' dir='ltr'><strong>super</strong></span> <span class='ocrx_word' id='word_1_450' title='bbox 1348 3297 1625 3370; x_wconf 79' lang='lat' dir='ltr'><strong>vectigalia</strong></span> <span class='ocrx_word' id='word_1_451' title='bbox 1660 3310 1809 3367; x_wconf 85' lang='lat' dir='ltr'><strong>erat,</strong></span> 
     </span>
    </p>
   </div>
   <div class='ocr_carea' id='block_1_61' title="bbox 226 3388 1806 3461">
    <p class='ocr_par' dir='ltr' id='par_1_61' title="bbox 226 3388 1806 3461">
     <span class='ocr_line' id='line_1_61' title="bbox 226 3388 1806 3461; baseline -0.001 -15"><span class='ocrx_word' id='word_1_452' title='bbox 226 3389 435 3446; x_wconf 83' lang='lat' dir='ltr'><strong>deinde</strong></span> <span class='ocrx_word' id='word_1_453' title='bbox 485 3388 798 3445; x_wconf 83' lang='lat' dir='ltr'><strong>nunciantcs</strong></span> <span class='ocrx_word' id='word_1_454' title='bbox 850 3390 904 3443; x_wconf 92' lang='lat' dir='ltr'><strong>in</strong></span> <span class='ocrx_word' id='word_1_455' title='bbox 957 3390 1094 3444; x_wconf 85' lang='lat' dir='ltr'><strong>atria</strong></span> <span class='ocrx_word' id='word_1_456' title='bbox 1146 3389 1412 3461; x_wconf 78' lang='lat' dir='ltr'><strong>principis</strong></span> <span class='ocrx_word' id='word_1_457' title='bbox 1470 3389 1806 3445; x_wconf 87' lang='lat' dir='ltr'><strong>dimiserunt.</strong></span> 
     </span>
    </p>
   </div>
   <div class='ocr_carea' id='block_1_62' title="bbox 227 3479 1809 3551">
    <p class='ocr_par' dir='ltr' id='par_1_62' title="bbox 227 3479 1809 3551">
     <span class='ocr_line' id='line_1_62' title="bbox 227 3479 1809 3551; baseline 0.001 -14"><span class='ocrx_word' id='word_1_458' title='bbox 227 3481 425 3551; x_wconf 80' lang='lat' dir='ltr'><strong>Usque</strong></span> <span class='ocrx_word' id='word_1_459' title='bbox 447 3481 657 3545; x_wconf 89' lang='lat' dir='ltr'><strong>adhuc,</strong></span> <span class='ocrx_word' id='word_1_460' title='bbox 688 3488 743 3536; x_wconf 84' lang='lat' dir='ltr'><strong>et</strong></span> <span class='ocrx_word' id='word_1_461' title='bbox 769 3482 937 3551; x_wconf 84' lang='lat' dir='ltr'><strong>ipsam</strong></span> <span class='ocrx_word' id='word_1_462' title='bbox 978 3497 1159 3537; x_wconf 88' lang='lat' dir='ltr'><strong>arcam</strong></span> <span class='ocrx_word' id='word_1_463' title='bbox 1190 3479 1296 3537; x_wconf 84' lang='lat' dir='ltr'><strong>non</strong></span> <span class='ocrx_word' id='word_1_464' title='bbox 1328 3489 1472 3537; x_wconf 90' lang='lat' dir='ltr'><strong>terra</strong></span> <span class='ocrx_word' id='word_1_465' title='bbox 1514 3491 1809 3549; x_wconf 84' lang='lat' dir='ltr'><strong>sustentat,</strong></span> 
     </span>
    </p>
   </div>
   <div class='ocr_carea' id='block_1_63' title="bbox 216 3570 1812 3649">
    <p class='ocr_par' dir='ltr' id='par_1_63' title="bbox 216 3570 1812 3649">
     <span class='ocr_line' id='line_1_63' title="bbox 216 3570 1812 3649; baseline 0.003 -25"><span class='ocrx_word' id='word_1_466' title='bbox 216 3586 418 3649; x_wconf 68' lang='lat' dir='ltr'><strong>neque</strong></span> <span class='ocrx_word' id='word_1_467' title='bbox 441 3570 601 3640; x_wconf 86' lang='lat' dir='ltr'><strong>lapis,</strong></span> <span class='ocrx_word' id='word_1_468' title='bbox 626 3580 680 3625; x_wconf 89' lang='lat' dir='ltr'><strong>et</strong></span> <span class='ocrx_word' id='word_1_469' title='bbox 698 3580 985 3640; x_wconf 87' lang='lat' dir='ltr'><strong>antequam</strong></span> <span class='ocrx_word' id='word_1_470' title='bbox 1023 3571 1077 3626; x_wconf 90' lang='lat' dir='ltr'><strong>in</strong></span> <span class='ocrx_word' id='word_1_471' title='bbox 1119 3572 1423 3627; x_wconf 89' lang='lat' dir='ltr'><strong>cubiculum</strong></span> <span class='ocrx_word' id='word_1_472' title='bbox 1463 3587 1603 3628; x_wconf 61' lang='lat' dir='ltr'><strong>arcte</strong></span> <span class='ocrx_word' id='word_1_473' title='bbox 1627 3574 1812 3647; x_wconf 83' lang='lat' dir='ltr'><strong>ingre-</strong></span> 
     </span>
    </p>
   </div>
   <div class='ocr_carea' id='block_1_64' title="bbox 220 3662 1812 3735">
    <p class='ocr_par' dir='ltr' id='par_1_64' title="bbox 220 3662 1812 3735">
     <span class='ocr_line' id='line_1_64' title="bbox 220 3662 1812 3735; baseline 0.002 -18"><span class='ocrx_word' id='word_1_474' title='bbox 220 3662 429 3728; x_wconf 77' lang='lat' dir='ltr'><strong>diaris,</strong></span> <span class='ocrx_word' id='word_1_475' title='bbox 460 3678 623 3716; x_wconf 84' lang='lat' dir='ltr'><strong>manu</strong></span> <span class='ocrx_word' id='word_1_476' title='bbox 668 3662 888 3718; x_wconf 87' lang='lat' dir='ltr'><strong>dextera</strong></span> <span class='ocrx_word' id='word_1_477' title='bbox 925 3664 1198 3734; x_wconf 80' lang='lat' dir='ltr'><strong>aspexeris</strong></span> <span class='ocrx_word' id='word_1_478' title='bbox 1232 3662 1387 3733; x_wconf 80' lang='lat' dir='ltr'><strong>juxta</strong></span> <span class='ocrx_word' id='word_1_479' title='bbox 1429 3665 1570 3733; x_wconf 90' lang='lat' dir='ltr'><strong>quod</strong></span> <span class='ocrx_word' id='word_1_480' title='bbox 1613 3664 1812 3735; x_wconf 73' lang='lat' dir='ltr'><strong>efﬁgies</strong></span> 
     </span>
    </p>
   </div>
   <div class='ocr_carea' id='block_1_65' title="bbox 220 3753 1814 3824">
    <p class='ocr_par' dir='ltr' id='par_1_65' title="bbox 220 3753 1814 3824">
     <span class='ocr_line' id='line_1_65' title="bbox 220 3753 1814 3824; baseline 0.002 -15"><span class='ocrx_word' id='word_1_481' title='bbox 220 3755 406 3809; x_wconf 78' lang='lat' dir='ltr'><strong>trium</strong></span> <span class='ocrx_word' id='word_1_482' title='bbox 436 3768 724 3824; x_wconf 87' lang='lat' dir='ltr'><strong>puerorum</strong></span> <span class='ocrx_word' id='word_1_483' title='bbox 752 3753 959 3809; x_wconf 88' lang='lat' dir='ltr'><strong>musivo</strong></span> <span class='ocrx_word' id='word_1_484' title='bbox 988 3754 1209 3824; x_wconf 73' lang='lat' dir='ltr'><strong>depictas</strong></span> <span class='ocrx_word' id='word_1_485' title='bbox 1229 3763 1371 3809; x_wconf 86' lang='lat' dir='ltr'><strong>sunt.</strong></span> <span class='ocrx_word' id='word_1_486' title='bbox 1388 3755 1463 3810; x_wconf 87' lang='lat' dir='ltr'><strong>ibi</strong></span> <span class='ocrx_word' id='word_1_487' title='bbox 1481 3755 1689 3812; x_wconf 89' lang='lat' dir='ltr'><strong>litteras</strong></span> <span class='ocrx_word' id='word_1_488' title='bbox 1717 3772 1814 3812; x_wconf 87' lang='lat' dir='ltr'><strong>au-</strong></span> 
     </span>
    </p>
   </div>
   <div class='ocr_carea' id='block_1_66' title="bbox 226 3841 1815 3917">
    <p class='ocr_par' dir='ltr' id='par_1_66' title="bbox 226 3841 1815 3917">
     <span class='ocr_line' id='line_1_66' title="bbox 226 3841 1815 3917; baseline -0.001 -18"><span class='ocrx_word' id='word_1_489' title='bbox 226 3860 361 3899; x_wconf 84' lang='lat' dir='ltr'><strong>reas</strong></span> <span class='ocrx_word' id='word_1_490' title='bbox 385 3843 625 3897; x_wconf 83' lang='lat' dir='ltr'><strong>invenies</strong></span> <span class='ocrx_word' id='word_1_491' title='bbox 644 3842 979 3898; x_wconf 81' lang='lat' dir='ltr'><strong>continentes</strong></span> <span class='ocrx_word' id='word_1_492' title='bbox 1000 3842 1106 3897; x_wconf 89' lang='lat' dir='ltr'><strong>ita:</strong></span> <span class='ocrx_word' id='word_1_493' title='bbox 1134 3841 1372 3913; x_wconf 81' lang='lat' dir='ltr'><strong>Stefano,</strong></span> <span class='ocrx_word' id='word_1_494' title='bbox 1396 3843 1641 3899; x_wconf 81' lang='lat' dir='ltr'><strong>Protasio</strong></span> <span class='ocrx_word' id='word_1_495' title='bbox 1666 3843 1815 3917; x_wconf 81' lang='lat' dir='ltr'><strong>[Ger-</strong></span> 
     </span>
    </p>
   </div>
   <div class='ocr_carea' id='block_1_67' title="bbox 222 3931 1811 4006">
    <p class='ocr_par' dir='ltr' id='par_1_67' title="bbox 222 3931 1811 4006">
     <span class='ocr_line' id='line_1_67' title="bbox 222 3931 1811 4006; baseline -0.001 -16"><span class='ocrx_word' id='word_1_496' title='bbox 222 3933 430 4006; x_wconf 72' lang='lat' dir='ltr'><strong>casio],</strong></span> <span class='ocrx_word' id='word_1_497' title='bbox 462 3933 526 3987; x_wconf 82' lang='grc' dir='ltr'><strong>Β.</strong></span> <span class='ocrx_word' id='word_1_498' title='bbox 561 3931 842 4002; x_wconf 79' lang='lat' dir='ltr'><strong>Martyrio,</strong></span> <span class='ocrx_word' id='word_1_499' title='bbox 861 3942 908 3986; x_wconf 79' lang='lat' dir='ltr'><strong>et</strong></span> <span class='ocrx_word' id='word_1_500' title='bbox 931 3932 1030 3986; x_wconf 85' lang='lat' dir='ltr'><strong>sibi</strong></span> <span class='ocrx_word' id='word_1_501' title='bbox 1049 3934 1301 3986; x_wconf 76' lang='lat' dir='ltr'><strong>memoria</strong></span> <span class='ocrx_word' id='word_1_502' title='bbox 1320 3944 1513 3987; x_wconf 71' lang='lat' dir='ltr'><strong>a&#39;terna</strong></span> <span class='ocrx_word' id='word_1_503' title='bbox 1535 3933 1811 3989; x_wconf 78' lang='lat' dir='ltr'><strong>Lauricius</strong></span> 
     </span>
    </p>
   </div>
   <div class='ocr_carea' id='block_1_68' title="bbox 216 4020 1812 4094">
    <p class='ocr_par' dir='ltr' id='par_1_68' title="bbox 216 4020 1812 4094">
     <span class='ocr_line' id='line_1_68' title="bbox 216 4020 1812 4094; baseline 0.001 -16"><span class='ocrx_word' id='word_1_504' title='bbox 216 4024 399 4094; x_wconf 64' lang='lat' dir='ltr'><strong>hujus</strong></span> <span class='ocrx_word' id='word_1_505' title='bbox 424 4022 682 4077; x_wconf 77' lang='lat' dir='ltr'><strong>dedicavit</strong></span> <span class='ocrx_word' id='word_1_506' title='bbox 708 4024 804 4076; x_wconf 79' lang='lat' dir='ltr'><strong>sub</strong></span> <span class='ocrx_word' id='word_1_507' title='bbox 828 4021 915 4076; x_wconf 81' lang='lat' dir='ltr'><strong>die</strong></span> <span class='ocrx_word' id='word_1_508' title='bbox 952 4036 1011 4075; x_wconf 91' lang='grc' dir='ltr'><strong>ιιι</strong></span> <span class='ocrx_word' id='word_1_509' title='bbox 1037 4020 1166 4076; x_wconf 84' lang='lat' dir='ltr'><strong>Kal.</strong></span> <span class='ocrx_word' id='word_1_510' title='bbox 1209 4021 1478 4088; x_wconf 78' lang='lat' dir='ltr'><strong>Octobris,</strong></span> <span class='ocrx_word' id='word_1_511' title='bbox 1526 4022 1812 4079; x_wconf 81' lang='lat' dir='ltr'><strong>Theodosio</strong></span> 
     </span>
    </p>
   </div>
   <div class='ocr_carea' id='block_1_69' title="bbox 222 4112 1814 4183">
    <p class='ocr_par' dir='ltr' id='par_1_69' title="bbox 222 4112 1814 4183">
     <span class='ocr_line' id='line_1_69' title="bbox 222 4112 1814 4183; baseline -0.003 -13"><span class='ocrx_word' id='word_1_512' title='bbox 222 4131 319 4180; x_wconf 80' lang='lat' dir='ltr'><strong>xv,</strong></span> <span class='ocrx_word' id='word_1_513' title='bbox 354 4127 407 4168; x_wconf 79' lang='lat' dir='ltr'><strong>et</strong></span> <span class='ocrx_word' id='word_1_514' title='bbox 435 4112 654 4167; x_wconf 81' lang='lat' dir='ltr'><strong>Placido</strong></span> <span class='ocrx_word' id='word_1_515' title='bbox 691 4112 1052 4167; x_wconf 73' lang='lat' dir='ltr'><strong>Valentiniano</strong></span> <span class='ocrx_word' id='word_1_516' title='bbox 1090 4125 1116 4154; x_wconf 76' lang='grc' dir='ltr'><strong>ι</strong></span> <span class='ocrx_word' id='word_1_517' title='bbox 1144 4150 1160 4167; x_wconf 90' lang='grc'><strong>.</strong></span> <span class='ocrx_word' id='word_1_518' title='bbox 1182 4152 1196 4166; x_wconf 90' lang='grc'><strong>.</strong></span> <span class='ocrx_word' id='word_1_519' title='bbox 1214 4150 1228 4166; x_wconf 93' lang='grc'><strong>.</strong></span> <span class='ocrx_word' id='word_1_520' title='bbox 1249 4152 1263 4165; x_wconf 91' lang='grc'>.</span> <span class='ocrx_word' id='word_1_521' title='bbox 1282 4112 1386 4166; x_wconf 75' lang='grc' dir='ltr'>,ιΕι</span> <span class='ocrx_word' id='word_1_522' title='bbox 1408 4112 1460 4166; x_wconf 84' lang='lat' dir='ltr'><strong>in</strong></span> <span class='ocrx_word' id='word_1_523' title='bbox 1488 4127 1616 4168; x_wconf 89' lang='lat' dir='ltr'><strong>arcu</strong></span> <span class='ocrx_word' id='word_1_524' title='bbox 1645 4113 1814 4183; x_wconf 84' lang='lat' dir='ltr'><strong>majo-</strong></span> 
     </span>
    </p>
   </div>
   <div class='ocr_carea' id='block_1_70' title="bbox 222 4203 1808 4275">
    <p class='ocr_par' dir='ltr' id='par_1_70' title="bbox 222 4203 1808 4275">
     <span class='ocr_line' id='line_1_70' title="bbox 222 4203 1808 4275; baseline 0 -15"><span class='ocrx_word' id='word_1_525' title='bbox 222 4208 306 4262; x_wconf 87' lang='lat' dir='ltr'><strong>ris</strong></span> <span class='ocrx_word' id='word_1_526' title='bbox 355 4205 587 4259; x_wconf 72' lang='lat' dir='ltr'><strong>tribuna:</strong></span> <span class='ocrx_word' id='word_1_527' title='bbox 625 4205 679 4257; x_wconf 91' lang='lat' dir='ltr'><strong>in</strong></span> <span class='ocrx_word' id='word_1_528' title='bbox 718 4213 976 4273; x_wconf 87' lang='lat' dir='ltr'><strong>quantum</strong></span> <span class='ocrx_word' id='word_1_529' title='bbox 1020 4203 1282 4258; x_wconf 88' lang='lat' dir='ltr'><strong>valuimus</strong></span> <span class='ocrx_word' id='word_1_530' title='bbox 1321 4203 1496 4273; x_wconf 81' lang='lat' dir='ltr'><strong>legere</strong></span> <span class='ocrx_word' id='word_1_531' title='bbox 1531 4219 1597 4258; x_wconf 82' lang='lat' dir='ltr'><strong>ex</strong></span> <span class='ocrx_word' id='word_1_532' title='bbox 1631 4214 1808 4275; x_wconf 87' lang='lat' dir='ltr'><strong>parte,</strong></span> 
     </span>
    </p>
   </div>
   <div class='ocr_carea' id='block_1_71' title="bbox 222 4294 1815 4363">
    <p class='ocr_par' dir='ltr' id='par_1_71' title="bbox 222 4294 1815 4363">
     <span class='ocr_line' id='line_1_71' title="bbox 222 4294 1815 4363; baseline -0.001 -10"><span class='ocrx_word' id='word_1_533' title='bbox 222 4297 547 4354; x_wconf 82' lang='lat' dir='ltr'><strong>invenimus</strong></span> <span class='ocrx_word' id='word_1_534' title='bbox 574 4295 906 4351; x_wconf 82' lang='lat' dir='ltr'><strong>continentia</strong></span> <span class='ocrx_word' id='word_1_535' title='bbox 955 4295 1068 4359; x_wconf 88' lang='lat' dir='ltr'><strong>ita;</strong></span> <span class='ocrx_word' id='word_1_536' title='bbox 1113 4294 1255 4362; x_wconf 90' lang='lat' dir='ltr'><strong>quod</strong></span> <span class='ocrx_word' id='word_1_537' title='bbox 1292 4294 1344 4347; x_wconf 90' lang='lat' dir='ltr'><strong>in</strong></span> <span class='ocrx_word' id='word_1_538' title='bbox 1374 4302 1606 4363; x_wconf 86' lang='lat' dir='ltr'><strong>quatuor</strong></span> <span class='ocrx_word' id='word_1_539' title='bbox 1651 4297 1815 4352; x_wconf 89' lang='lat' dir='ltr'><strong>annis</strong></span> 
     </span>
    </p>
   </div>
   <div class='ocr_carea' id='block_1_72' title="bbox 214 4384 1815 4449">
    <p class='ocr_par' dir='ltr' id='par_1_72' title="bbox 214 4384 1815 4449">
     <span class='ocr_line' id='line_1_72' title="bbox 214 4384 1815 4449; baseline 0.001 -9"><span class='ocrx_word' id='word_1_540' title='bbox 214 4395 283 4441; x_wconf 82' lang='lat' dir='ltr'><strong>et</strong></span> <span class='ocrx_word' id='word_1_541' title='bbox 327 4400 433 4440; x_wconf 75' lang='lat' dir='ltr'><strong>sex</strong></span> <span class='ocrx_word' id='word_1_542' title='bbox 468 4384 741 4439; x_wconf 89' lang='lat' dir='ltr'><strong>mensibus</strong></span> <span class='ocrx_word' id='word_1_543' title='bbox 775 4384 1181 4438; x_wconf 81' lang='lat' dir='ltr'><strong>aediﬁcationem</strong></span> <span class='ocrx_word' id='word_1_544' title='bbox 1225 4393 1718 4449; x_wconf 86' lang='lat' dir='ltr'><strong>consummassent,</strong></span> <span class='ocrx_word' id='word_1_545' title='bbox 1759 4394 1815 4441; x_wconf 91' lang='lat' dir='ltr'><strong>et</strong></span> 
     </span>
    </p>
   </div>
   <div class='ocr_carea' id='block_1_73' title="bbox 216 4474 1812 4545">
    <p class='ocr_par' dir='ltr' id='par_1_73' title="bbox 216 4474 1812 4545">
     <span class='ocr_line' id='line_1_73' title="bbox 216 4474 1812 4545; baseline -0.001 -13"><span class='ocrx_word' id='word_1_546' title='bbox 216 4480 398 4533; x_wconf 70' lang='lat' dir='ltr'><strong>ﬁnita</strong></span> <span class='ocrx_word' id='word_1_547' title='bbox 420 4486 547 4531; x_wconf 86' lang='lat' dir='ltr'><strong>sunt</strong></span> <span class='ocrx_word' id='word_1_548' title='bbox 569 4478 770 4539; x_wconf 87' lang='lat' dir='ltr'><strong>omnia,</strong></span> <span class='ocrx_word' id='word_1_549' title='bbox 807 4484 862 4528; x_wconf 90' lang='lat' dir='ltr'><strong>et</strong></span> <span class='ocrx_word' id='word_1_550' title='bbox 889 4476 940 4528; x_wconf 89' lang='lat' dir='ltr'><strong>in</strong></span> <span class='ocrx_word' id='word_1_551' title='bbox 969 4475 1211 4544; x_wconf 84' lang='lat' dir='ltr'><strong>ingressu</strong></span> <span class='ocrx_word' id='word_1_552' title='bbox 1244 4474 1485 4529; x_wconf 82' lang='lat' dir='ltr'><strong>ecclesiae</strong></span> <span class='ocrx_word' id='word_1_553' title='bbox 1513 4476 1812 4545; x_wconf 80' lang='lat' dir='ltr'><strong>reperimus</strong></span> 
     </span>
    </p>
   </div>
   <div class='ocr_carea' id='block_1_74' title="bbox 218 4569 1810 4642">
    <p class='ocr_par' dir='ltr' id='par_1_74' title="bbox 218 4569 1810 4642">
     <span class='ocr_line' id='line_1_74' title="bbox 218 4569 1810 4642; baseline -0.003 -13"><span class='ocrx_word' id='word_1_554' title='bbox 218 4575 526 4642; x_wconf 78' lang='lat' dir='ltr'><strong>scriptum,</strong></span> <span class='ocrx_word' id='word_1_555' title='bbox 553 4571 695 4640; x_wconf 89' lang='lat' dir='ltr'><strong>quod</strong></span> <span class='ocrx_word' id='word_1_556' title='bbox 729 4569 933 4638; x_wconf 82' lang='lat' dir='ltr'><strong>Opilius</strong></span> <span class='ocrx_word' id='word_1_557' title='bbox 971 4569 1195 4623; x_wconf 90' lang='lat' dir='ltr'><strong>multum</strong></span> <span class='ocrx_word' id='word_1_558' title='bbox 1238 4583 1360 4623; x_wconf 88' lang='lat' dir='ltr'><strong>eam</strong></span> <span class='ocrx_word' id='word_1_559' title='bbox 1392 4570 1603 4624; x_wconf 85' lang='lat' dir='ltr'><strong>ornavit</strong></span> <span class='ocrx_word' id='word_1_560' title='bbox 1635 4570 1687 4624; x_wconf 90' lang='lat' dir='ltr'><strong>in</strong></span> <span class='ocrx_word' id='word_1_561' title='bbox 1719 4586 1810 4624; x_wconf 84' lang='lat' dir='ltr'><strong>ar-</strong></span> 
     </span>
    </p>
   </div>
   <div class='ocr_carea' id='block_1_75' title="bbox 220 4660 1811 4736">
    <p class='ocr_par' dir='ltr' id='par_1_75' title="bbox 220 4660 1811 4736">
     <span class='ocr_line' id='line_1_75' title="bbox 220 4660 1811 4736; baseline -0.004 -16"><span class='ocrx_word' id='word_1_562' title='bbox 220 4672 404 4736; x_wconf 70' lang='lat' dir='ltr'><strong>gento</strong></span> <span class='ocrx_word' id='word_1_563' title='bbox 428 4671 491 4718; x_wconf 88' lang='lat' dir='ltr'><strong>et</strong></span> <span class='ocrx_word' id='word_1_564' title='bbox 516 4678 649 4717; x_wconf 84' lang='lat' dir='ltr'><strong>auro</strong></span> <span class='ocrx_word' id='word_1_565' title='bbox 674 4661 864 4731; x_wconf 83' lang='lat' dir='ltr'><strong>[ipsam</strong></span> <span class='ocrx_word' id='word_1_566' title='bbox 899 4669 1216 4715; x_wconf 80' lang='lat' dir='ltr'><strong>exornasset</strong></span> <span class='ocrx_word' id='word_1_567' title='bbox 1259 4660 1516 4724; x_wconf 89' lang='lat' dir='ltr'><strong>frontem,</strong></span> <span class='ocrx_word' id='word_1_568' title='bbox 1558 4660 1648 4730; x_wconf 88' lang='lat' dir='ltr'><strong>qui</strong></span> <span class='ocrx_word' id='word_1_569' title='bbox 1695 4661 1811 4730; x_wconf 86' lang='lat' dir='ltr'><strong>ipse</strong></span> 
     </span>
    </p>
   </div>
   <div class='ocr_carea' id='block_1_76' title="bbox 224 4750 1811 4825">
    <p class='ocr_par' dir='ltr' id='par_1_76' title="bbox 224 4750 1811 4825">
     <span class='ocr_line' id='line_1_76' title="bbox 224 4750 1811 4825; baseline -0.003 -15"><span class='ocrx_word' id='word_1_570' title='bbox 224 4752 495 4825; x_wconf 73' lang='lat' dir='ltr'><strong>Opilius].</strong></span> <span class='ocrx_word' id='word_1_571' title='bbox 526 4751 593 4805; x_wconf 83' lang='lat' dir='ltr'><strong>Et</strong></span> <span class='ocrx_word' id='word_1_572' title='bbox 616 4751 659 4804; x_wconf 91' lang='lat' dir='ltr'><strong>si</strong></span> <span class='ocrx_word' id='word_1_573' title='bbox 688 4750 994 4821; x_wconf 87' lang='lat' dir='ltr'><strong>diligentius</strong></span> <span class='ocrx_word' id='word_1_574' title='bbox 1033 4750 1272 4819; x_wconf 88' lang='lat' dir='ltr'><strong>inquiras</strong></span> <span class='ocrx_word' id='word_1_575' title='bbox 1292 4790 1306 4814; x_wconf 93' lang='lat'><strong>,</strong></span> <span class='ocrx_word' id='word_1_576' title='bbox 1346 4750 1544 4805; x_wconf 89' lang='lat' dir='ltr'><strong>multus</strong></span> <span class='ocrx_word' id='word_1_577' title='bbox 1587 4760 1811 4805; x_wconf 89' lang='lat' dir='ltr'><strong>ornatus</strong></span> 
     </span>
    </p>
   </div>
   <div class='ocr_carea' id='block_1_77' title="bbox 226 4839 1811 4909">
    <p class='ocr_par' dir='ltr' id='par_1_77' title="bbox 226 4839 1811 4909">
     <span class='ocr_line' id='line_1_77' title="bbox 226 4839 1811 4909; baseline -0.004 -9"><span class='ocrx_word' id='word_1_578' title='bbox 226 4844 515 4900; x_wconf 80' lang='lat' dir='ltr'><strong>faralitius</strong></span> <span class='ocrx_word' id='word_1_579' title='bbox 542 4842 570 4881; x_wconf 70' lang='grc' dir='ltr'><strong>ι)</strong></span> <span class='ocrx_word' id='word_1_580' title='bbox 594 4839 854 4909; x_wconf 79' lang='lat' dir='ltr'><strong>majorum</strong></span> <span class='ocrx_word' id='word_1_581' title='bbox 873 4839 1231 4904; x_wconf 87' lang='lat' dir='ltr'><strong>vasculorum,</strong></span> <span class='ocrx_word' id='word_1_582' title='bbox 1249 4846 1359 4893; x_wconf 88' lang='lat' dir='ltr'><strong>tam</strong></span> <span class='ocrx_word' id='word_1_583' title='bbox 1381 4851 1612 4903; x_wconf 65' lang='lat' dir='ltr'><strong>coronae,</strong></span> <span class='ocrx_word' id='word_1_584' title='bbox 1627 4852 1811 4907; x_wconf 46' lang='lat' dir='ltr'><strong>quam‘</strong></span> 
     </span>
    </p>
   </div>
   <div class='ocr_carea' id='block_1_78' title="bbox 224 4928 1811 5006">
    <p class='ocr_par' dir='ltr' id='par_1_78' title="bbox 224 4928 1811 5006">
     <span class='ocr_line' id='line_1_78' title="bbox 224 4928 1811 5006; baseline -0.006 -16"><span class='ocrx_word' id='word_1_585' title='bbox 224 4950 350 5006; x_wconf 74' lang='lat' dir='ltr'><strong>que</strong></span> <span class='ocrx_word' id='word_1_586' title='bbox 374 4944 434 4989; x_wconf 85' lang='lat' dir='ltr'><strong>et</strong></span> <span class='ocrx_word' id='word_1_587' title='bbox 463 4932 656 4987; x_wconf 86' lang='lat' dir='ltr'><strong>calices</strong></span> <span class='ocrx_word' id='word_1_588' title='bbox 682 4929 990 5000; x_wconf 88' lang='lat' dir='ltr'><strong>appensorii</strong></span> <span class='ocrx_word' id='word_1_589' title='bbox 1019 4939 1068 4994; x_wconf 68' lang='grc' dir='ltr'><strong>σε,</strong></span> <span class='ocrx_word' id='word_1_590' title='bbox 1096 4944 1229 4997; x_wconf 83' lang='lat' dir='ltr'><strong>quos</strong></span> <span class='ocrx_word' id='word_1_591' title='bbox 1251 4929 1303 4982; x_wconf 88' lang='lat' dir='ltr'><strong>in</strong></span> <span class='ocrx_word' id='word_1_592' title='bbox 1332 4928 1660 4983; x_wconf 87' lang='lat' dir='ltr'><strong>ornamentis</strong></span> <span class='ocrx_word' id='word_1_593' title='bbox 1694 4943 1811 4983; x_wconf 91' lang='lat' dir='ltr'><strong>cer-</strong></span> 
     </span>
    </p>
   </div>
   <div class='ocr_carea' id='block_1_79' title="bbox 224 5008 1813 5090">
    <p class='ocr_par' dir='ltr' id='par_1_79' title="bbox 224 5008 1813 5090">
     <span class='ocr_line' id='line_1_79' title="bbox 224 5008 1813 5090; baseline -0.007 -6"><span class='ocrx_word' id='word_1_594' title='bbox 224 5028 429 5085; x_wconf 68' lang='lat' dir='ltr'><strong>nimus</strong></span> <span class='ocrx_word' id='word_1_595' title='bbox 448 5023 654 5081; x_wconf 76' lang='lat' dir='ltr'><strong>habere</strong></span> <span class='ocrx_word' id='word_1_596' title='bbox 680 5008 965 5076; x_wconf 84' lang='lat' dir='ltr'><strong>Ursianam</strong></span> <span class='ocrx_word' id='word_1_597' title='bbox 1005 5020 1283 5075; x_wconf 89' lang='lat' dir='ltr'><strong>ecclesiam</strong></span> <span class='ocrx_word' id='word_1_598' title='bbox 1308 5035 1377 5075; x_wconf 80' lang='lat' dir='ltr'><strong>ex</strong></span> <span class='ocrx_word' id='word_1_599' title='bbox 1409 5020 1523 5088; x_wconf 87' lang='lat' dir='ltr'><strong>ipsa</strong></span> <span class='ocrx_word' id='word_1_600' title='bbox 1561 5020 1813 5090; x_wconf 82' lang='lat' dir='ltr'><strong>martyris</strong></span> 
     </span>
    </p>
   </div>
   <div class='ocr_carea' id='block_1_80' title="bbox 224 5110 1814 5180">
    <p class='ocr_par' dir='ltr' id='par_1_80' title="bbox 224 5110 1814 5180">
     <span class='ocr_line' id='line_1_80' title="bbox 224 5110 1814 5180; baseline -0.008 -4"><span class='ocrx_word' id='word_1_601' title='bbox 224 5120 472 5176; x_wconf 71' lang='lat' dir='ltr'><strong>basilica</strong></span> <span class='ocrx_word' id='word_1_602' title='bbox 494 5116 689 5172; x_wconf 84' lang='lat' dir='ltr'><strong>sublati</strong></span> <span class='ocrx_word' id='word_1_603' title='bbox 725 5114 962 5169; x_wconf 88' lang='lat' dir='ltr'><strong>fuerunt.</strong></span> <span class='ocrx_word' id='word_1_604' title='bbox 992 5112 1061 5165; x_wconf 88' lang='lat' dir='ltr'><strong>Et</strong></span> <span class='ocrx_word' id='word_1_605' title='bbox 1083 5111 1195 5180; x_wconf 89' lang='lat' dir='ltr'><strong>ipse</strong></span> <span class='ocrx_word' id='word_1_606' title='bbox 1220 5111 1460 5180; x_wconf 88' lang='lat' dir='ltr'><strong>sepultus</strong></span> <span class='ocrx_word' id='word_1_607' title='bbox 1493 5120 1577 5167; x_wconf 87' lang='lat' dir='ltr'><strong>est</strong></span> <span class='ocrx_word' id='word_1_608' title='bbox 1608 5110 1814 5180; x_wconf 85' lang='lat' dir='ltr'><strong>Opilius</strong></span> 
     </span>
    </p>
   </div>
   <div class='ocr_carea' id='block_1_81' title="bbox 230 5199 1813 5282">
    <p class='ocr_par' dir='ltr' id='par_1_81' title="bbox 230 5199 1813 5282">
     <span class='ocr_line' id='line_1_81' title="bbox 230 5199 1813 5282; baseline -0.007 -17"><span class='ocrx_word' id='word_1_609' title='bbox 230 5218 402 5282; x_wconf 83' lang='lat' dir='ltr'><strong>parte</strong></span> <span class='ocrx_word' id='word_1_610' title='bbox 456 5207 736 5261; x_wconf 76' lang='lat' dir='ltr'><strong>mulierum</strong></span> <span class='ocrx_word' id='word_1_611' title='bbox 781 5204 926 5258; x_wconf 88' lang='lat' dir='ltr'><strong>circa</strong></span> <span class='ocrx_word' id='word_1_612' title='bbox 970 5200 1200 5255; x_wconf 88' lang='lat' dir='ltr'><strong>mediam</strong></span> <span class='ocrx_word' id='word_1_613' title='bbox 1248 5200 1537 5255; x_wconf 86' lang='lat' dir='ltr'><strong>subditam.</strong></span> <span class='ocrx_word' id='word_1_614' title='bbox 1591 5199 1813 5254; x_wconf 88' lang='lat' dir='ltr'><strong>Gemma</strong></span> 
     </span>
    </p>
   </div>
   <div class='ocr_carea' id='block_1_82' title="bbox 234 5290 1814 5365">
    <p class='ocr_par' dir='ltr' id='par_1_82' title="bbox 234 5290 1814 5365">
     <span class='ocr_line' id='line_1_82' title="bbox 234 5290 1814 5365; baseline -0.009 -9"><span class='ocrx_word' id='word_1_615' title='bbox 234 5317 383 5357; x_wconf 81' lang='lat' dir='ltr'><strong>vero</strong></span> <span class='ocrx_word' id='word_1_616' title='bbox 423 5299 511 5353; x_wconf 89' lang='lat' dir='ltr'><strong>illa</strong></span> <span class='ocrx_word' id='word_1_617' title='bbox 532 5338 550 5363; x_wconf 90' lang='lat'><strong>,</strong></span> <span class='ocrx_word' id='word_1_618' title='bbox 578 5297 718 5351; x_wconf 87' lang='lat' dir='ltr'><strong>unde</strong></span> <span class='ocrx_word' id='word_1_619' title='bbox 748 5293 997 5365; x_wconf 85' lang='lat' dir='ltr'><strong>superius</strong></span> <span class='ocrx_word' id='word_1_620' title='bbox 1041 5290 1481 5352; x_wconf 86' lang='lat' dir='ltr'><strong>memoravimus,</strong></span> <span class='ocrx_word' id='word_1_621' title='bbox 1524 5297 1632 5343; x_wconf 89' lang='lat' dir='ltr'><strong>tam</strong></span> <span class='ocrx_word' id='word_1_622' title='bbox 1664 5305 1814 5359; x_wconf 78' lang='lat' dir='ltr'><strong>pra:-</strong></span> 
     </span>
    </p>
   </div>
   <div class='ocr_carea' id='block_1_83' title="bbox 232 5380 1818 5460">
    <p class='ocr_par' dir='ltr' id='par_1_83' title="bbox 232 5380 1818 5460">
     <span class='ocr_line' id='line_1_83' title="bbox 232 5380 1818 5460; baseline -0.008 -13"><span class='ocrx_word' id='word_1_623' title='bbox 232 5390 483 5447; x_wconf 80' lang='lat' dir='ltr'><strong>stantior</strong></span> <span class='ocrx_word' id='word_1_624' title='bbox 504 5387 731 5460; x_wconf 85' lang='lat' dir='ltr'><strong>gemmis</strong></span> <span class='ocrx_word' id='word_1_625' title='bbox 769 5384 897 5447; x_wconf 89' lang='lat' dir='ltr'><strong>fuit,</strong></span> <span class='ocrx_word' id='word_1_626' title='bbox 938 5390 1003 5436; x_wconf 88' lang='lat' dir='ltr'><strong>nt-</strong></span> <span class='ocrx_word' id='word_1_627' title='bbox 1041 5381 1108 5436; x_wconf 91' lang='lat' dir='ltr'><strong>ad</strong></span> <span class='ocrx_word' id='word_1_628' title='bbox 1149 5380 1291 5435; x_wconf 86' lang='lat' dir='ltr'><strong>illius</strong></span> <span class='ocrx_word' id='word_1_629' title='bbox 1323 5380 1499 5434; x_wconf 86' lang='lat' dir='ltr'><strong>lumen</strong></span> <span class='ocrx_word' id='word_1_630' title='bbox 1530 5387 1692 5435; x_wconf 88' lang='lat' dir='ltr'><strong>noctu</strong></span> <span class='ocrx_word' id='word_1_631' title='bbox 1721 5394 1818 5449; x_wconf 91' lang='lat' dir='ltr'><strong>po-</strong></span> 
     </span>
    </p>
   </div>
   <div class='ocr_carea' id='block_1_84' title="bbox 316 5491 1816 5564">
    <p class='ocr_par' dir='ltr' id='par_1_84' title="bbox 316 5491 1816 5564">
     <span class='ocr_line' id='line_1_84' title="bbox 316 5491 1816 5564; baseline -0.009 -6"><span class='ocrx_word' id='word_1_632' title='bbox 316 5498 496 5558; x_wconf 55' lang='lat' dir='ltr'><strong>il’iot.</strong></span> <span class='ocrx_word' id='word_1_633' title='bbox 518 5516 715 5564; x_wconf 82' lang='lat' dir='ltr'><strong>marg.,</strong></span> <span class='ocrx_word' id='word_1_634' title='bbox 733 5494 833 5552; x_wconf 80' lang='lat' dir='ltr'><strong>Hic</strong></span> <span class='ocrx_word' id='word_1_635' title='bbox 860 5494 1176 5551; x_wconf 81' lang='lat' dir='ltr'><strong>Theodosius</strong></span> <span class='ocrx_word' id='word_1_636' title='bbox 1202 5492 1300 5561; x_wconf 77' lang='lat' dir='ltr'><strong>fuit</strong></span> <span class='ocrx_word' id='word_1_637' title='bbox 1319 5491 1816 5564; x_wconf 74' lang='lat' dir='ltr'><strong>ﬁlius_Arcad_iiﬁlii</strong></span> 
     </span>
    </p>
   </div>
   <div class='ocr_carea' id='block_1_85' title="bbox 240 5516 1817 5643">
    <p class='ocr_par' dir='ltr' id='par_1_85' title="bbox 240 5516 1817 5643">
     <span class='ocr_line' id='line_1_85' title="bbox 316 5516 1816 5564; baseline -0.003 -15"><span class='ocrx_word' id='word_1_638' title='bbox 316 5516 359 5549; x_wconf 65' lang='grc' dir='ltr'>α</span> <span class='ocrx_word' id='word_1_639' title='bbox 374 5516 496 5558; x_wconf 68' lang='grc' dir='ltr'><strong>Μ.</strong></span> <span class='ocrx_word' id='word_1_640' title='bbox 518 5517 605 5556; x_wconf 87' lang='lat' dir='ltr'><strong>ma</strong></span> <span class='ocrx_word' id='word_1_641' title='bbox 677 5539 715 5564; x_wconf 79' lang='lat'><strong>.,</strong></span> <span class='ocrx_word' id='word_1_642' title='bbox 733 5516 833 5552; x_wconf 83' lang='lat' dir='ltr'><strong>mc</strong></span> <span class='ocrx_word' id='word_1_643' title='bbox 865 5516 887 5551; x_wconf 84' lang='grc' dir='ltr'><strong>ι</strong></span> <span class='ocrx_word' id='word_1_644' title='bbox 904 5516 1176 5551; x_wconf 75' lang='grc' dir='ltr'><strong>ηεοαοδιιιδ</strong></span> <span class='ocrx_word' id='word_1_645' title='bbox 1202 5516 1300 5561; x_wconf 72' lang='lat' dir='ltr'><strong>[nu</strong></span> <span class='ocrx_word' id='word_1_646' title='bbox 1319 5516 1461 5560; x_wconf 64' lang='lat' dir='ltr'><strong>[unus</strong></span> <span class='ocrx_word' id='word_1_647' title='bbox 1485 5516 1695 5545; x_wconf 68' lang='lat' dir='ltr'><strong>arcum!</strong></span> <span class='ocrx_word' id='word_1_648' title='bbox 1717 5516 1816 5560; x_wconf 74' lang='lat' dir='ltr'><strong>[un</strong></span> 
     </span>
     <span class='ocr_line' id='line_1_86' title="bbox 240 5516 1817 5643; baseline -0.004 -19"><span class='ocrx_word' id='word_1_649' title='bbox 240 5516 725 5643; x_wconf 61' lang='lat' dir='ltr'><strong>TW!</strong></span> <span class='ocrx_word' id='word_1_650' title='bbox 756 5563 1268 5643; x_wconf 62' lang='grc' dir='ltr'><strong>γρεεηιιιξὶαηιιδ</strong></span> <span class='ocrx_word' id='word_1_651' title='bbox 1286 5577 1442 5643; x_wconf 62' lang='lat' dir='ltr'><strong>gener</strong></span> <span class='ocrx_word' id='word_1_652' title='bbox 1464 5561 1622 5642; x_wconf 70' lang='lat' dir='ltr'><strong>hujus</strong></span> <span class='ocrx_word' id='word_1_653' title='bbox 1654 5560 1817 5642; x_wconf 76' lang='lat' dir='ltr'><strong>&#39;1&#39;th-</strong></span> 
     </span>
    </p>
   </div>
   <div class='ocr_carea' id='block_1_86' title="bbox 244 5632 1812 5710">
    <p class='ocr_par' dir='ltr' id='par_1_86' title="bbox 244 5632 1812 5710">
     <span class='ocr_line' id='line_1_87' title="bbox 244 5632 1812 5710; baseline -0.012 -10"><span class='ocrx_word' id='word_1_654' title='bbox 244 5644 404 5701; x_wconf 64' lang='grc' dir='ltr'><strong>ιιι-εὔ</strong></span> <span class='ocrx_word' id='word_1_655' title='bbox 432 5641 492 5696; x_wconf 86' lang='grc'><strong>11</strong></span> <span class='ocrx_word' id='word_1_656' title='bbox 500 5682 516 5707; x_wconf 85' lang='grc'><strong>.</strong></span> <span class='ocrx_word' id='word_1_657' title='bbox 545 5650 594 5696; x_wconf 81' lang='lat' dir='ltr'><strong>ct</strong></span> <span class='ocrx_word' id='word_1_658' title='bbox 619 5639 764 5710; x_wconf 69' lang='lat' dir='ltr'><strong>ﬁlius</strong></span> <span class='ocrx_word' id='word_1_659' title='bbox 784 5635 1037 5690; x_wconf 62' lang='lat' dir='ltr'><strong>Placidia:</strong></span> <span class='ocrx_word' id='word_1_660' title='bbox 1064 5645 1112 5689; x_wconf 82' lang='lat' dir='ltr'><strong>et</strong></span> <span class='ocrx_word' id='word_1_661' title='bbox 1140 5632 1452 5695; x_wconf 77' lang='lat' dir='ltr'><strong>Constantii,</strong></span> <span class='ocrx_word' id='word_1_662' title='bbox 1494 5632 1583 5702; x_wconf 87' lang='lat' dir='ltr'><strong>qui</strong></span> <span class='ocrx_word' id='word_1_663' title='bbox 1612 5632 1812 5701; x_wconf 68' lang='lat' dir='ltr'><strong>requie-</strong></span> 
     </span>
    </p>
   </div>
   <div class='ocr_carea' id='block_1_87' title="bbox 252 5708 929 5771">
    <p class='ocr_par' dir='ltr' id='par_1_87' title="bbox 252 5708 929 5771">
     <span class='ocr_line' id='line_1_88' title="bbox 252 5708 929 5771; baseline -0.013 -2"><span class='ocrx_word' id='word_1_664' title='bbox 252 5725 410 5771; x_wconf 71' lang='lat' dir='ltr'><strong>scunt</strong></span> <span class='ocrx_word' id='word_1_665' title='bbox 442 5708 929 5765; x_wconf 50' lang='lat' dir='ltr'><strong>RaucnuwsBaccu.</strong></span> 
     </span>
    </p>
   </div>
   <div class='ocr_carea' id='block_1_88' title="bbox 331 5769 1811 5840">
    <p class='ocr_par' dir='ltr' id='par_1_88' title="bbox 331 5769 1811 5840">
     <span class='ocr_line' id='line_1_89' title="bbox 331 5769 1811 5840; baseline -0.008 -4"><span class='ocrx_word' id='word_1_666' title='bbox 331 5783 367 5824; x_wconf 74' lang='grc' dir='ltr'><strong>ι»</strong></span> <span class='ocrx_word' id='word_1_667' title='bbox 395 5780 698 5837; x_wconf 65' lang='lat' dir='ltr'><strong>farotitius.</strong></span> <span class='ocrx_word' id='word_1_668' title='bbox 729 5777 1028 5840; x_wconf 71' lang='lat' dir='ltr'><strong>Lugendum</strong></span> <span class='ocrx_word' id='word_1_669' title='bbox 1055 5788 1174 5830; x_wconf 87' lang='lat' dir='ltr'><strong>reor</strong></span> <span class='ocrx_word' id='word_1_670' title='bbox 1203 5769 1483 5839; x_wconf 76' lang='lat' dir='ltr'><strong>foratitius,</strong></span> <span class='ocrx_word' id='word_1_671' title='bbox 1527 5770 1578 5825; x_wconf 88' lang='lat' dir='ltr'><strong>id</strong></span> <span class='ocrx_word' id='word_1_672' title='bbox 1607 5779 1686 5826; x_wconf 81' lang='lat' dir='ltr'><strong>est</strong></span> <span class='ocrx_word' id='word_1_673' title='bbox 1716 5787 1811 5826; x_wconf 86' lang='lat' dir='ltr'><strong>cx-</strong></span> 
     </span>
    </p>
   </div>
   <div class='ocr_carea' id='block_1_89' title="bbox 1911 3293 3469 3363">
    <p class='ocr_par' dir='ltr' id='par_1_89' title="bbox 1911 3293 3469 3363">
     <span class='ocr_line' id='line_1_90' title="bbox 1911 3293 3469 3363; baseline -0.003 -9"><span class='ocrx_word' id='word_1_674' title='bbox 1911 3299 2169 3363; x_wconf 86' lang='lat' dir='ltr'><strong>redirent,</strong></span> <span class='ocrx_word' id='word_1_675' title='bbox 2201 3304 2255 3352; x_wconf 88' lang='lat' dir='ltr'><strong>et</strong></span> <span class='ocrx_word' id='word_1_676' title='bbox 2289 3313 2358 3351; x_wconf 88' lang='lat' dir='ltr'><strong>ne</strong></span> <span class='ocrx_word' id='word_1_677' title='bbox 2378 3296 2586 3351; x_wconf 87' lang='lat' dir='ltr'><strong>animas</strong></span> <span class='ocrx_word' id='word_1_678' title='bbox 2634 3294 2752 3349; x_wconf 86' lang='lat' dir='ltr'><strong>illas</strong></span> <span class='ocrx_word' id='word_1_679' title='bbox 2804 3293 3181 3350; x_wconf 84' lang='lat' dir='ltr'><strong>fallacissimus</strong></span> <span class='ocrx_word' id='word_1_680' title='bbox 3226 3294 3469 3349; x_wconf 85' lang='lat' dir='ltr'><strong>diabolus</strong></span> 
     </span>
    </p>
   </div>
   <div class='ocr_carea' id='block_1_90' title="bbox 1908 3384 3474 3457">
    <p class='ocr_par' dir='ltr' id='par_1_90' title="bbox 1908 3384 3474 3457">
     <span class='ocr_line' id='line_1_91' title="bbox 1908 3384 3474 3457; baseline -0.004 -13"><span class='ocrx_word' id='word_1_681' title='bbox 1908 3389 2023 3445; x_wconf 84' lang='lat' dir='ltr'><strong>suis</strong></span> <span class='ocrx_word' id='word_1_682' title='bbox 2063 3387 2359 3443; x_wconf 88' lang='lat' dir='ltr'><strong>ditionibus</strong></span> <span class='ocrx_word' id='word_1_683' title='bbox 2397 3386 2760 3455; x_wconf 76' lang='lat' dir='ltr'><strong>manciparat.</strong></span> <span class='ocrx_word' id='word_1_684' title='bbox 2815 3385 2983 3457; x_wconf 85' lang='lat' dir='ltr'><strong>Igitur</strong></span> <span class='ocrx_word' id='word_1_685' title='bbox 3008 3386 3135 3440; x_wconf 91' lang='lat' dir='ltr'><strong>dum</strong></span> <span class='ocrx_word' id='word_1_686' title='bbox 3172 3395 3390 3441; x_wconf 89' lang='lat' dir='ltr'><strong>sanctus</strong></span> <span class='ocrx_word' id='word_1_687' title='bbox 3421 3384 3474 3438; x_wconf 92' lang='lat' dir='ltr'><strong>in</strong></span> 
     </span>
    </p>
   </div>
   <div class='ocr_carea' id='block_1_91' title="bbox 1910 3475 3476 3554">
    <p class='ocr_par' dir='ltr' id='par_1_91' title="bbox 1910 3475 3476 3554">
     <span class='ocr_line' id='line_1_92' title="bbox 1910 3475 3476 3554; baseline -0.004 -19"><span class='ocrx_word' id='word_1_688' title='bbox 1910 3478 2041 3554; x_wconf 86' lang='lat' dir='ltr'><strong>[vir]</strong></span> <span class='ocrx_word' id='word_1_689' title='bbox 2069 3487 2180 3535; x_wconf 87' lang='lat' dir='ltr'><strong>tota</strong></span> <span class='ocrx_word' id='word_1_690' title='bbox 2211 3483 2371 3533; x_wconf 81' lang='lat' dir='ltr'><strong>noete</strong></span> <span class='ocrx_word' id='word_1_691' title='bbox 2390 3476 2718 3547; x_wconf 84' lang='lat' dir='ltr'><strong>pervigilans</strong></span> <span class='ocrx_word' id='word_1_692' title='bbox 2751 3476 2986 3540; x_wconf 86' lang='lat' dir='ltr'><strong>sisteret,</strong></span> <span class='ocrx_word' id='word_1_693' title='bbox 3016 3485 3073 3531; x_wconf 88' lang='lat' dir='ltr'><strong>et</strong></span> <span class='ocrx_word' id='word_1_694' title='bbox 3101 3491 3198 3545; x_wconf 86' lang='lat' dir='ltr'><strong>pro</strong></span> <span class='ocrx_word' id='word_1_695' title='bbox 3223 3476 3334 3531; x_wconf 87' lang='lat' dir='ltr'><strong>suis</strong></span> <span class='ocrx_word' id='word_1_696' title='bbox 3356 3475 3476 3530; x_wconf 80' lang='lat' dir='ltr'><strong>ovi-</strong></span> 
     </span>
    </p>
   </div>
   <div class='ocr_carea' id='block_1_92' title="bbox 1909 3565 3477 3634">
    <p class='ocr_par' dir='ltr' id='par_1_92' title="bbox 1909 3565 3477 3634">
     <span class='ocr_line' id='line_1_93' title="bbox 1909 3565 3477 3634; baseline -0.004 -8"><span class='ocrx_word' id='word_1_697' title='bbox 1909 3571 2012 3626; x_wconf 88' lang='lat' dir='ltr'><strong>bus</strong></span> <span class='ocrx_word' id='word_1_698' title='bbox 2066 3567 2456 3624; x_wconf 84' lang='lat' dir='ltr'><strong>incessabiliter</strong></span> <span class='ocrx_word' id='word_1_699' title='bbox 2495 3565 2784 3620; x_wconf 90' lang='lat' dir='ltr'><strong>Dominum</strong></span> <span class='ocrx_word' id='word_1_700' title='bbox 2842 3565 3227 3634; x_wconf 86' lang='lat' dir='ltr'><strong>deprecaretur</strong></span> <span class='ocrx_word' id='word_1_701' title='bbox 3275 3566 3397 3620; x_wconf 88' lang='lat' dir='ltr'><strong>ﬁxis</strong></span> <span class='ocrx_word' id='word_1_702' title='bbox 3424 3565 3477 3619; x_wconf 91' lang='lat' dir='ltr'><strong>in</strong></span> 
     </span>
    </p>
   </div>
   <div class='ocr_carea' id='block_1_93' title="bbox 1906 3656 3478 3730">
    <p class='ocr_par' dir='ltr' id='par_1_93' title="bbox 1906 3656 3478 3730">
     <span class='ocr_line' id='line_1_94' title="bbox 1906 3656 3478 3730; baseline -0.005 -13"><span class='ocrx_word' id='word_1_703' title='bbox 1906 3670 2058 3717; x_wconf 82' lang='lat' dir='ltr'><strong>terra</strong></span> <span class='ocrx_word' id='word_1_704' title='bbox 2085 3659 2333 3730; x_wconf 85' lang='lat' dir='ltr'><strong>genibus,</strong></span> <span class='ocrx_word' id='word_1_705' title='bbox 2362 3665 2629 3727; x_wconf 87' lang='lat' dir='ltr'><strong>tunsoque</strong></span> <span class='ocrx_word' id='word_1_706' title='bbox 2658 3664 2875 3727; x_wconf 88' lang='lat' dir='ltr'><strong>pectore</strong></span> <span class='ocrx_word' id='word_1_707' title='bbox 2914 3656 3176 3726; x_wconf 87' lang='lat' dir='ltr'><strong>colaphis,</strong></span> <span class='ocrx_word' id='word_1_708' title='bbox 3221 3656 3478 3725; x_wconf 86' lang='lat' dir='ltr'><strong>expansis</strong></span> 
     </span>
    </p>
   </div>
   <div class='ocr_carea' id='block_1_94' title="bbox 1912 3748 3481 3818">
    <p class='ocr_par' dir='ltr' id='par_1_94' title="bbox 1912 3748 3481 3818">
     <span class='ocr_line' id='line_1_95' title="bbox 1912 3748 3481 3818; baseline -0.003 -12"><span class='ocrx_word' id='word_1_709' title='bbox 1912 3751 2157 3807; x_wconf 88' lang='lat' dir='ltr'><strong>manibus</strong></span> <span class='ocrx_word' id='word_1_710' title='bbox 2181 3749 2350 3806; x_wconf 81' lang='lat' dir='ltr'><strong>Deum</strong></span> <span class='ocrx_word' id='word_1_711' title='bbox 2373 3748 2567 3804; x_wconf 87' lang='lat' dir='ltr'><strong>talibus</strong></span> <span class='ocrx_word' id='word_1_712' title='bbox 2589 3748 2812 3803; x_wconf 83' lang='lat' dir='ltr'><strong>vocibus</strong></span> <span class='ocrx_word' id='word_1_713' title='bbox 2834 3748 3223 3818; x_wconf 88' lang='lat' dir='ltr'><strong>deprecabatur</strong></span> <span class='ocrx_word' id='word_1_714' title='bbox 3248 3766 3262 3801; x_wconf 74' lang='grc' dir='ltr'><strong><em>τ</em></strong></span> <span class='ocrx_word' id='word_1_715' title='bbox 3302 3767 3320 3798; x_wconf 77' lang='grc' dir='ltr'><strong>ι</strong></span> <span class='ocrx_word' id='word_1_716' title='bbox 3352 3748 3481 3803; x_wconf 86' lang='lat' dir='ltr'><strong>Om-</strong></span> 
     </span>
    </p>
   </div>
   <div class='ocr_carea' id='block_1_95' title="bbox 1911 3841 3473 3916">
    <p class='ocr_par' dir='ltr' id='par_1_95' title="bbox 1911 3841 3473 3916">
     <span class='ocr_line' id='line_1_96' title="bbox 1911 3841 3473 3916; baseline -0.005 -15"><span class='ocrx_word' id='word_1_717' title='bbox 1911 3846 2161 3916; x_wconf 89' lang='lat' dir='ltr'><strong>nipotens</strong></span> <span class='ocrx_word' id='word_1_718' title='bbox 2183 3844 2348 3910; x_wconf 85' lang='lat' dir='ltr'><strong>Deus,</strong></span> <span class='ocrx_word' id='word_1_719' title='bbox 2401 3841 2554 3911; x_wconf 74' lang='lat' dir='ltr'><strong>cuius</strong></span> <span class='ocrx_word' id='word_1_720' title='bbox 2583 3842 2850 3897; x_wconf 88' lang='lat' dir='ltr'><strong>mirabilia</strong></span> <span class='ocrx_word' id='word_1_721' title='bbox 2905 3841 3282 3897; x_wconf 87' lang='lat' dir='ltr'><strong>inenarrabilia</strong></span> <span class='ocrx_word' id='word_1_722' title='bbox 3330 3849 3473 3902; x_wconf 87' lang='lat' dir='ltr'><strong>sunt,</strong></span> 
     </span>
    </p>
   </div>
   <div class='ocr_carea' id='block_1_96' title="bbox 1912 3937 3467 4006">
    <p class='ocr_par' dir='ltr' id='par_1_96' title="bbox 1912 3937 3467 4006">
     <span class='ocr_line' id='line_1_97' title="bbox 1912 3937 3467 4006; baseline -0.005 -12"><span class='ocrx_word' id='word_1_723' title='bbox 1912 3940 2106 3994; x_wconf 87' lang='lat' dir='ltr'><strong>exaudi</strong></span> <span class='ocrx_word' id='word_1_724' title='bbox 2135 3952 2223 3994; x_wconf 86' lang='lat' dir='ltr'><strong>me</strong></span> <span class='ocrx_word' id='word_1_725' title='bbox 2253 3952 2467 3993; x_wconf 87' lang='lat' dir='ltr'><strong>servum</strong></span> <span class='ocrx_word' id='word_1_726' title='bbox 2499 3946 2651 3992; x_wconf 88' lang='lat' dir='ltr'><strong>tuum</strong></span> <span class='ocrx_word' id='word_1_727' title='bbox 2683 3937 2961 4002; x_wconf 83' lang='lat' dir='ltr'><strong>humilem,</strong></span> <span class='ocrx_word' id='word_1_728' title='bbox 3010 3945 3065 3992; x_wconf 86' lang='lat' dir='ltr'><strong>et</strong></span> <span class='ocrx_word' id='word_1_729' title='bbox 3086 3944 3424 4006; x_wconf 88' lang='lat' dir='ltr'><strong>peccatorem</strong></span> <span class='ocrx_word' id='word_1_730' title='bbox 3453 3951 3467 3999; x_wconf 93' lang='lat'><strong>;</strong></span> 
     </span>
    </p>
   </div>
   <div class='ocr_carea' id='block_1_97' title="bbox 1913 4018 3472 4099">
    <p class='ocr_par' dir='ltr' id='par_1_97' title="bbox 1913 4018 3472 4099">
     <span class='ocr_line' id='line_1_98' title="bbox 1913 4018 3472 4099; baseline -0.003 -15"><span class='ocrx_word' id='word_1_731' title='bbox 1913 4018 2128 4099; x_wconf 85' lang='lat' dir='ltr'><strong>suscipe</strong></span> <span class='ocrx_word' id='word_1_732' title='bbox 2173 4028 2473 4083; x_wconf 88' lang='lat' dir='ltr'><strong>orationem</strong></span> <span class='ocrx_word' id='word_1_733' title='bbox 2525 4042 2721 4089; x_wconf 88' lang='lat' dir='ltr'><strong>meam,</strong></span> <span class='ocrx_word' id='word_1_734' title='bbox 2769 4027 3009 4096; x_wconf 89' lang='lat' dir='ltr'><strong>piissime</strong></span> <span class='ocrx_word' id='word_1_735' title='bbox 3062 4026 3257 4088; x_wconf 82' lang='lat' dir='ltr'><strong>Pater;</strong></span> <span class='ocrx_word' id='word_1_736' title='bbox 3285 4040 3472 4095; x_wconf 83' lang='lat' dir='ltr'><strong>perve-</strong></span> 
     </span>
    </p>
   </div>
   <div class='ocr_carea' id='block_1_98' title="bbox 1913 4115 3477 4187">
    <p class='ocr_par' dir='ltr' id='par_1_98' title="bbox 1913 4115 3477 4187">
     <span class='ocr_line' id='line_1_99' title="bbox 1913 4115 3477 4187; baseline -0.004 -14"><span class='ocrx_word' id='word_1_737' title='bbox 1913 4118 2065 4173; x_wconf 88' lang='lat' dir='ltr'><strong>niant</strong></span> <span class='ocrx_word' id='word_1_738' title='bbox 2102 4118 2348 4187; x_wconf 79' lang='lat' dir='ltr'><strong>lacrymae</strong></span> <span class='ocrx_word' id='word_1_739' title='bbox 2381 4131 2513 4172; x_wconf 71' lang='lat' dir='ltr'><strong>mea:</strong></span> <span class='ocrx_word' id='word_1_740' title='bbox 2541 4125 2667 4170; x_wconf 87' lang='lat' dir='ltr'><strong>ante</strong></span> <span class='ocrx_word' id='word_1_741' title='bbox 2695 4125 3041 4185; x_wconf 88' lang='lat' dir='ltr'><strong>conspectum</strong></span> <span class='ocrx_word' id='word_1_742' title='bbox 3098 4115 3477 4170; x_wconf 68' lang='lat' dir='ltr'><strong>misericordiae</strong></span> 
     </span>
    </p>
   </div>
   <div class='ocr_carea' id='block_1_99' title="bbox 1915 4192 3479 4278">
    <p class='ocr_par' dir='ltr' id='par_1_99' title="bbox 1915 4192 3479 4278">
     <span class='ocr_line' id='line_1_100' title="bbox 1915 4192 3479 4278; baseline -0.003 -14"><span class='ocrx_word' id='word_1_743' title='bbox 1915 4218 2040 4265; x_wconf 71' lang='lat' dir='ltr'><strong>tum.</strong></span> <span class='ocrx_word' id='word_1_744' title='bbox 2071 4209 2273 4264; x_wconf 85' lang='lat' dir='ltr'><strong>Adesto</strong></span> <span class='ocrx_word' id='word_1_745' title='bbox 2295 4207 2427 4262; x_wconf 88' lang='lat' dir='ltr'><strong>mihi</strong></span> <span class='ocrx_word' id='word_1_746' title='bbox 2451 4205 2593 4262; x_wconf 89' lang='lat' dir='ltr'><strong>Deus</strong></span> <span class='ocrx_word' id='word_1_747' title='bbox 2642 4192 2869 4278; x_wconf 86' lang='lat' dir='ltr'><strong>[mens],</strong></span> <span class='ocrx_word' id='word_1_748' title='bbox 2906 4207 2997 4275; x_wconf 91' lang='lat' dir='ltr'><strong>qui</strong></span> <span class='ocrx_word' id='word_1_749' title='bbox 3023 4222 3088 4261; x_wconf 88' lang='lat' dir='ltr'><strong>ex</strong></span> <span class='ocrx_word' id='word_1_750' title='bbox 3113 4205 3281 4260; x_wconf 82' lang='lat' dir='ltr'><strong>nihilo</strong></span> <span class='ocrx_word' id='word_1_751' title='bbox 3304 4204 3479 4260; x_wconf 83' lang='lat' dir='ltr'><strong>fecisti</strong></span> 
     </span>
    </p>
   </div>
   <div class='ocr_carea' id='block_1_100' title="bbox 1915 4300 3477 4371">
    <p class='ocr_par' dir='ltr' id='par_1_100' title="bbox 1915 4300 3477 4371">
     <span class='ocr_line' id='line_1_101' title="bbox 1915 4300 3477 4371; baseline -0.003 -15"><span class='ocrx_word' id='word_1_752' title='bbox 1915 4301 2135 4366; x_wconf 71' lang='lat' dir='ltr'><strong>coelum,</strong></span> <span class='ocrx_word' id='word_1_753' title='bbox 2178 4302 2451 4371; x_wconf 86' lang='lat' dir='ltr'><strong>verboque</strong></span> <span class='ocrx_word' id='word_1_754' title='bbox 2495 4300 2732 4355; x_wconf 86' lang='lat' dir='ltr'><strong>solidasti</strong></span> <span class='ocrx_word' id='word_1_755' title='bbox 2765 4309 2988 4365; x_wconf 82' lang='lat' dir='ltr'><strong>terram,</strong></span> <span class='ocrx_word' id='word_1_756' title='bbox 3045 4301 3135 4369; x_wconf 85' lang='lat' dir='ltr'><strong>qui</strong></span> <span class='ocrx_word' id='word_1_757' title='bbox 3167 4315 3329 4369; x_wconf 81' lang='lat' dir='ltr'><strong>super</strong></span> <span class='ocrx_word' id='word_1_758' title='bbox 3359 4314 3477 4352; x_wconf 90' lang='lat' dir='ltr'><strong>mo-</strong></span> 
     </span>
    </p>
   </div>
   <div class='ocr_carea' id='block_1_101' title="bbox 1916 4390 3480 4461">
    <p class='ocr_par' dir='ltr' id='par_1_101' title="bbox 1916 4390 3480 4461">
     <span class='ocr_line' id='line_1_102' title="bbox 1916 4390 3480 4461; baseline -0.003 -14"><span class='ocrx_word' id='word_1_759' title='bbox 1916 4392 2019 4448; x_wconf 89' lang='lat' dir='ltr'><strong>lem</strong></span> <span class='ocrx_word' id='word_1_760' title='bbox 2050 4393 2284 4448; x_wconf 89' lang='lat' dir='ltr'><strong>statuisti</strong></span> <span class='ocrx_word' id='word_1_761' title='bbox 2315 4393 2594 4448; x_wconf 89' lang='lat' dir='ltr'><strong>cacumina</strong></span> <span class='ocrx_word' id='word_1_762' title='bbox 2618 4393 2900 4455; x_wconf 89' lang='lat' dir='ltr'><strong>montium,</strong></span> <span class='ocrx_word' id='word_1_763' title='bbox 2925 4392 3015 4461; x_wconf 90' lang='lat' dir='ltr'><strong>qui</strong></span> <span class='ocrx_word' id='word_1_764' title='bbox 3040 4390 3279 4446; x_wconf 85' lang='lat' dir='ltr'><strong>formasti</strong></span> <span class='ocrx_word' id='word_1_765' title='bbox 3308 4390 3480 4445; x_wconf 82' lang='lat' dir='ltr'><strong>homi-</strong></span> 
     </span>
    </p>
   </div>
   <div class='ocr_carea' id='block_1_102' title="bbox 1915 4479 3472 4553">
    <p class='ocr_par' dir='ltr' id='par_1_102' title="bbox 1915 4479 3472 4553">
     <span class='ocr_line' id='line_1_103' title="bbox 1915 4479 3472 4553; baseline -0.003 -16"><span class='ocrx_word' id='word_1_766' title='bbox 1915 4495 2037 4537; x_wconf 86' lang='lat' dir='ltr'><strong>nem</strong></span> <span class='ocrx_word' id='word_1_767' title='bbox 2068 4497 2134 4535; x_wconf 88' lang='lat' dir='ltr'><strong>ex</strong></span> <span class='ocrx_word' id='word_1_768' title='bbox 2156 4482 2358 4552; x_wconf 85' lang='lat' dir='ltr'><strong>liquido</strong></span> <span class='ocrx_word' id='word_1_769' title='bbox 2380 4482 2668 4545; x_wconf 87' lang='lat' dir='ltr'><strong>elemento,</strong></span> <span class='ocrx_word' id='word_1_770' title='bbox 2718 4481 2770 4534; x_wconf 91' lang='lat' dir='ltr'><strong>in</strong></span> <span class='ocrx_word' id='word_1_771' title='bbox 2794 4480 2948 4551; x_wconf 84' lang='lat' dir='ltr'><strong>cujus</strong></span> <span class='ocrx_word' id='word_1_772' title='bbox 2999 4479 3206 4553; x_wconf 76' lang='lat' dir='ltr'><strong>factura</strong></span> <span class='ocrx_word' id='word_1_773' title='bbox 3236 4480 3472 4533; x_wconf 87' lang='lat' dir='ltr'><strong>delecta-</strong></span> 
     </span>
    </p>
   </div>
   <div class='ocr_carea' id='block_1_103' title="bbox 1918 4567 3472 4639">
    <p class='ocr_par' dir='ltr' id='par_1_103' title="bbox 1918 4567 3472 4639">
     <span class='ocr_line' id='line_1_104' title="bbox 1918 4567 3472 4639; baseline -0.003 -14"><span class='ocrx_word' id='word_1_774' title='bbox 1918 4582 2002 4626; x_wconf 87' lang='lat' dir='ltr'><strong>tus</strong></span> <span class='ocrx_word' id='word_1_775' title='bbox 2026 4586 2106 4635; x_wconf 91' lang='lat' dir='ltr'><strong>es,</strong></span> <span class='ocrx_word' id='word_1_776' title='bbox 2159 4580 2212 4624; x_wconf 89' lang='lat' dir='ltr'><strong>et</strong></span> <span class='ocrx_word' id='word_1_777' title='bbox 2242 4570 2540 4639; x_wconf 63' lang='lat' dir='ltr'><strong>praecepisti</strong></span> <span class='ocrx_word' id='word_1_778' title='bbox 2569 4570 2620 4623; x_wconf 85' lang='lat' dir='ltr'><strong>ei</strong></span> <span class='ocrx_word' id='word_1_779' title='bbox 2674 4578 2727 4624; x_wconf 89' lang='lat' dir='ltr'><strong>te</strong></span> <span class='ocrx_word' id='word_1_780' title='bbox 2761 4568 2932 4624; x_wconf 89' lang='lat' dir='ltr'><strong>solum</strong></span> <span class='ocrx_word' id='word_1_781' title='bbox 2964 4567 3171 4623; x_wconf 90' lang='lat' dir='ltr'><strong>timere.</strong></span> <span class='ocrx_word' id='word_1_782' title='bbox 3225 4568 3337 4623; x_wconf 87' lang='lat' dir='ltr'><strong>Sub</strong></span> <span class='ocrx_word' id='word_1_783' title='bbox 3360 4577 3472 4632; x_wconf 91' lang='lat' dir='ltr'><strong>tuo,</strong></span> 
     </span>
    </p>
   </div>
   <div class='ocr_carea' id='block_1_104' title="bbox 1917 4659 3477 4739">
    <p class='ocr_par' dir='ltr' id='par_1_104' title="bbox 1917 4659 3477 4739">
     <span class='ocr_line' id='line_1_105' title="bbox 1917 4659 3477 4739; baseline -0.003 -23"><span class='ocrx_word' id='word_1_784' title='bbox 1917 4662 2160 4725; x_wconf 89' lang='lat' dir='ltr'><strong>Domine,</strong></span> <span class='ocrx_word' id='word_1_785' title='bbox 2192 4661 2418 4739; x_wconf 80' lang='lat' dir='ltr'><strong>imperio</strong></span> <span class='ocrx_word' id='word_1_786' title='bbox 2470 4661 2653 4714; x_wconf 89' lang='lat' dir='ltr'><strong>omnia</strong></span> <span class='ocrx_word' id='word_1_787' title='bbox 2682 4659 3123 4722; x_wconf 78' lang='lat' dir='ltr'><strong>contremiscunt,</strong></span> <span class='ocrx_word' id='word_1_788' title='bbox 3157 4667 3281 4712; x_wconf 87' lang='lat' dir='ltr'><strong>ante</strong></span> <span class='ocrx_word' id='word_1_789' title='bbox 3329 4667 3477 4712; x_wconf 91' lang='lat' dir='ltr'><strong>tuum</strong></span> 
     </span>
    </p>
   </div>
   <div class='ocr_carea' id='block_1_105' title="bbox 1914 4750 3477 4823">
    <p class='ocr_par' dir='ltr' id='par_1_105' title="bbox 1914 4750 3477 4823">
     <span class='ocr_line' id='line_1_106' title="bbox 1914 4750 3477 4823; baseline -0.003 -15"><span class='ocrx_word' id='word_1_790' title='bbox 1914 4762 2259 4822; x_wconf 88' lang='lat' dir='ltr'><strong>conspectum</strong></span> <span class='ocrx_word' id='word_1_791' title='bbox 2318 4751 2524 4823; x_wconf 80' lang='lat' dir='ltr'><strong>fugient</strong></span> <span class='ocrx_word' id='word_1_792' title='bbox 2582 4750 2835 4823; x_wconf 81' lang='lat' dir='ltr'><strong>[fugiunt]</strong></span> <span class='ocrx_word' id='word_1_793' title='bbox 2867 4750 3021 4813; x_wconf 73' lang='lat' dir='ltr'><strong>cmli,‘</strong></span> <span class='ocrx_word' id='word_1_794' title='bbox 3063 4757 3293 4804; x_wconf 86' lang='lat' dir='ltr'><strong>tremeat</strong></span> <span class='ocrx_word' id='word_1_795' title='bbox 3334 4758 3477 4805; x_wconf 88' lang='lat' dir='ltr'><strong>terra</strong></span> 
     </span>
    </p>
   </div>
   <div class='ocr_carea' id='block_1_106' title="bbox 1919 4839 3476 4915">
    <p class='ocr_par' dir='ltr' id='par_1_106' title="bbox 1919 4839 3476 4915">
     <span class='ocr_line' id='line_1_107' title="bbox 1919 4839 3476 4915; baseline -0.003 -18"><span class='ocrx_word' id='word_1_796' title='bbox 1919 4842 2155 4915; x_wconf 65' lang='lat' dir='ltr'><strong>[terrm],</strong></span> <span class='ocrx_word' id='word_1_797' title='bbox 2209 4840 2954 4907; x_wconf 62' lang='lat' dir='ltr'><strong>montescommovebuntur,</strong></span> <span class='ocrx_word' id='word_1_798' title='bbox 2993 4839 3191 4895; x_wconf 82' lang='lat' dir='ltr'><strong>fluenta</strong></span> <span class='ocrx_word' id='word_1_799' title='bbox 3212 4854 3476 4908; x_wconf 84' lang='lat' dir='ltr'><strong>quassan-</strong></span> 
     </span>
    </p>
   </div>
   <div class='ocr_carea' id='block_1_107' title="bbox 1918 4928 3471 5002">
    <p class='ocr_par' dir='ltr' id='par_1_107' title="bbox 1918 4928 3471 5002">
     <span class='ocr_line' id='line_1_108' title="bbox 1918 4928 3471 5002; baseline -0.003 -16"><span class='ocrx_word' id='word_1_800' title='bbox 1918 4942 2024 4995; x_wconf 90' lang='lat' dir='ltr'><strong>tur,</strong></span> <span class='ocrx_word' id='word_1_801' title='bbox 2057 4940 2291 4986; x_wconf 87' lang='lat' dir='ltr'><strong>tremont</strong></span> <span class='ocrx_word' id='word_1_802' title='bbox 2328 4929 2522 5002; x_wconf 86' lang='lat' dir='ltr'><strong>angeli,</strong></span> <span class='ocrx_word' id='word_1_803' title='bbox 2556 4937 2794 4984; x_wconf 87' lang='lat' dir='ltr'><strong>metuent</strong></span> <span class='ocrx_word' id='word_1_804' title='bbox 2824 4928 3117 5000; x_wconf 81' lang='lat' dir='ltr'><strong>[metuunt]</strong></span> <span class='ocrx_word' id='word_1_805' title='bbox 3140 4929 3471 4998; x_wconf 85' lang='lat' dir='ltr'><strong>archangeli,</strong></span> 
     </span>
    </p>
   </div>
   <div class='ocr_carea' id='block_1_108' title="bbox 1917 5019 3480 5092">
    <p class='ocr_par' dir='ltr' id='par_1_108' title="bbox 1917 5019 3480 5092">
     <span class='ocr_line' id='line_1_109' title="bbox 1917 5019 3480 5092; baseline -0.004 -15"><span class='ocrx_word' id='word_1_806' title='bbox 1917 5021 2188 5092; x_wconf 85' lang='lat' dir='ltr'><strong>trepidant</strong></span> <span class='ocrx_word' id='word_1_807' title='bbox 2236 5021 2646 5084; x_wconf 85' lang='lat' dir='ltr'><strong>dominationes,</strong></span> <span class='ocrx_word' id='word_1_808' title='bbox 2706 5019 3056 5089; x_wconf 87' lang='lat' dir='ltr'><strong>principatus,</strong></span> <span class='ocrx_word' id='word_1_809' title='bbox 3103 5028 3156 5075; x_wconf 87' lang='lat' dir='ltr'><strong>et</strong></span> <span class='ocrx_word' id='word_1_810' title='bbox 3182 5027 3480 5089; x_wconf 85' lang='lat' dir='ltr'><strong>potestates</strong></span> 
     </span>
    </p>
   </div>
   <div class='ocr_carea' id='block_1_109' title="bbox 1916 5110 3475 5185">
    <p class='ocr_par' dir='ltr' id='par_1_109' title="bbox 1916 5110 3475 5185">
     <span class='ocr_line' id='line_1_110' title="bbox 1916 5110 3475 5185; baseline -0.004 -16"><span class='ocrx_word' id='word_1_811' title='bbox 1916 5124 2143 5169; x_wconf 86' lang='lat' dir='ltr'><strong>currunt</strong></span> <span class='ocrx_word' id='word_1_812' title='bbox 2174 5111 2499 5185; x_wconf 89' lang='lat' dir='ltr'><strong>[corruunt],</strong></span> <span class='ocrx_word' id='word_1_813' title='bbox 2534 5110 2702 5165; x_wconf 81' lang='lat' dir='ltr'><strong>nubes</strong></span> <span class='ocrx_word' id='word_1_814' title='bbox 2748 5117 2805 5165; x_wconf 86' lang='lat' dir='ltr'><strong>et</strong></span> <span class='ocrx_word' id='word_1_815' title='bbox 2848 5125 2943 5164; x_wconf 85' lang='lat' dir='ltr'><strong>ara</strong></span> <span class='ocrx_word' id='word_1_816' title='bbox 2968 5111 3366 5181; x_wconf 84' lang='lat' dir='ltr'><strong>disperguntur,</strong></span> <span class='ocrx_word' id='word_1_817' title='bbox 3397 5110 3475 5164; x_wconf 89' lang='lat' dir='ltr'><strong>sol</strong></span> 
     </span>
    </p>
   </div>
   <div class='ocr_carea' id='block_1_110' title="bbox 1914 5197 3468 5267">
    <p class='ocr_par' dir='ltr' id='par_1_110' title="bbox 1914 5197 3468 5267">
     <span class='ocr_line' id='line_1_111' title="bbox 1914 5197 3468 5267; baseline -0.005 -10"><span class='ocrx_word' id='word_1_818' title='bbox 1914 5202 2172 5257; x_wconf 84' lang='lat' dir='ltr'><strong>obscurat</strong></span> <span class='ocrx_word' id='word_1_819' title='bbox 2198 5201 2395 5262; x_wconf 89' lang='lat' dir='ltr'><strong>radios.</strong></span> <span class='ocrx_word' id='word_1_820' title='bbox 2427 5200 2553 5254; x_wconf 90' lang='lat' dir='ltr'><strong>luna</strong></span> <span class='ocrx_word' id='word_1_821' title='bbox 2583 5198 2998 5262; x_wconf 86' lang='lat' dir='ltr'><strong>obtenebrescit,</strong></span> <span class='ocrx_word' id='word_1_822' title='bbox 3050 5198 3280 5267; x_wconf 86' lang='lat' dir='ltr'><strong>caligine</strong></span> <span class='ocrx_word' id='word_1_823' title='bbox 3309 5197 3468 5250; x_wconf 81' lang='lat' dir='ltr'><strong>cluri—</strong></span> 
     </span>
    </p>
   </div>
   <div class='ocr_carea' id='block_1_111' title="bbox 1919 5290 3476 5354">
    <p class='ocr_par' dir='ltr' id='par_1_111' title="bbox 1919 5290 3476 5354">
     <span class='ocr_line' id='line_1_112' title="bbox 1919 5290 3476 5354; baseline -0.004 -5"><span class='ocrx_word' id='word_1_824' title='bbox 1919 5302 2083 5349; x_wconf 81' lang='lat' dir='ltr'><strong>tatem</strong></span> <span class='ocrx_word' id='word_1_825' title='bbox 2131 5302 2402 5348; x_wconf 88' lang='lat' dir='ltr'><strong>astrorum</strong></span> <span class='ocrx_word' id='word_1_826' title='bbox 2453 5292 2731 5347; x_wconf 78' lang='lat' dir='ltr'><strong>minuitur.</strong></span> <span class='ocrx_word' id='word_1_827' title='bbox 2789 5292 3044 5347; x_wconf 74' lang='lat' dir='ltr'><strong>Miserere</strong></span> <span class='ocrx_word' id='word_1_828' title='bbox 3100 5291 3255 5345; x_wconf 88' lang='lat' dir='ltr'><strong>nobis</strong></span> <span class='ocrx_word' id='word_1_829' title='bbox 3289 5330 3304 5354; x_wconf 94' lang='lat'><strong>,</strong></span> <span class='ocrx_word' id='word_1_830' title='bbox 3360 5290 3476 5343; x_wconf 84' lang='lat' dir='ltr'><strong>for-</strong></span> 
     </span>
    </p>
   </div>
   <div class='ocr_carea' id='block_1_112' title="bbox 1918 5380 3478 5454">
    <p class='ocr_par' dir='ltr' id='par_1_112' title="bbox 1918 5380 3478 5454">
     <span class='ocr_line' id='line_1_113' title="bbox 1918 5380 3478 5454; baseline -0.003 -13"><span class='ocrx_word' id='word_1_831' title='bbox 1918 5396 2097 5443; x_wconf 88' lang='lat' dir='ltr'><strong>mator</strong></span> <span class='ocrx_word' id='word_1_832' title='bbox 2126 5384 2344 5440; x_wconf 80' lang='lat' dir='ltr'><strong>immani</strong></span> <span class='ocrx_word' id='word_1_833' title='bbox 2392 5383 2626 5454; x_wconf 85' lang='lat' dir='ltr'><strong>generis,</strong></span> <span class='ocrx_word' id='word_1_834' title='bbox 2659 5383 2827 5438; x_wconf 90' lang='lat' dir='ltr'><strong>libera</strong></span> <span class='ocrx_word' id='word_1_835' title='bbox 2860 5399 2958 5439; x_wconf 90' lang='lat' dir='ltr'><strong>nos</strong></span> <span class='ocrx_word' id='word_1_836' title='bbox 2989 5383 3042 5437; x_wconf 91' lang='lat' dir='ltr'><strong>in</strong></span> <span class='ocrx_word' id='word_1_837' title='bbox 3076 5396 3236 5436; x_wconf 87' lang='lat' dir='ltr'><strong>manu</strong></span> <span class='ocrx_word' id='word_1_838' title='bbox 3268 5380 3391 5436; x_wconf 82' lang='lat' dir='ltr'><strong>forti</strong></span> <span class='ocrx_word' id='word_1_839' title='bbox 3420 5390 3478 5437; x_wconf 88' lang='lat' dir='ltr'><strong>et</strong></span> 
     </span>
    </p>
   </div>
   <div class='ocr_carea' id='block_1_113' title="bbox 1918 5492 3471 5565">
    <p class='ocr_par' dir='ltr' id='par_1_113' title="bbox 1918 5492 3471 5565">
     <span class='ocr_line' id='line_1_114' title="bbox 1918 5492 3471 5565; baseline -0.004 -12"><span class='ocrx_word' id='word_1_840' title='bbox 1918 5508 2137 5554; x_wconf 88' lang='lat' dir='ltr'><strong>traneus</strong></span> <span class='ocrx_word' id='word_1_841' title='bbox 2160 5497 2228 5550; x_wconf 89' lang='lat' dir='ltr'><strong>ab</strong></span> <span class='ocrx_word' id='word_1_842' title='bbox 2251 5496 2363 5565; x_wconf 89' lang='lat' dir='ltr'><strong>ipsa</strong></span> <span class='ocrx_word' id='word_1_843' title='bbox 2390 5493 2616 5549; x_wconf 87' lang='lat' dir='ltr'><strong>ecclesia</strong></span> <span class='ocrx_word' id='word_1_844' title='bbox 2638 5492 2888 5565; x_wconf 78' lang='lat' dir='ltr'><strong>Ursiana,</strong></span> <span class='ocrx_word' id='word_1_845' title='bbox 2908 5509 3014 5563; x_wconf 89' lang='lat' dir='ltr'><strong>quo</strong></span> <span class='ocrx_word' id='word_1_846' title='bbox 3039 5493 3349 5562; x_wconf 88' lang='lat' dir='ltr'><strong>deportatus</strong></span> <span class='ocrx_word' id='word_1_847' title='bbox 3369 5502 3471 5547; x_wconf 82' lang='lat' dir='ltr'><strong>est.</strong></span> 
     </span>
    </p>
   </div>
   <div class='ocr_carea' id='block_1_114' title="bbox 1987 5564 3209 5634">
    <p class='ocr_par' dir='ltr' id='par_1_114' title="bbox 1987 5564 3209 5634">
     <span class='ocr_line' id='line_1_115' title="bbox 1987 5564 3209 5634; baseline -0.002 -14"><span class='ocrx_word' id='word_1_848' title='bbox 1987 5580 2011 5607; x_wconf 71' lang='grc' dir='ltr'><strong>ε</strong></span> <span class='ocrx_word' id='word_1_849' title='bbox 2045 5566 2246 5621; x_wconf 81' lang='lat' dir='ltr'><strong>Calices</strong></span> <span class='ocrx_word' id='word_1_850' title='bbox 2270 5564 2566 5634; x_wconf 73' lang='lat' dir='ltr'><strong>appensorii</strong></span> <span class='ocrx_word' id='word_1_851' title='bbox 2590 5565 2729 5617; x_wconf 89' lang='lat' dir='ltr'><strong>idem</strong></span> <span class='ocrx_word' id='word_1_852' title='bbox 2746 5564 2901 5617; x_wconf 79' lang='lat' dir='ltr'><strong>fuere</strong></span> <span class='ocrx_word' id='word_1_853' title='bbox 2931 5581 2995 5618; x_wconf 91' lang='lat' dir='ltr'><strong>ac</strong></span> <span class='ocrx_word' id='word_1_854' title='bbox 3019 5564 3209 5617; x_wconf 79' lang='lat' dir='ltr'><strong>amati.</strong></span> 
     </span>
    </p>
   </div>
   <div class='ocr_carea' id='block_1_115' title="bbox 1985 5634 3473 5704">
    <p class='ocr_par' dir='ltr' id='par_1_115' title="bbox 1985 5634 3473 5704">
     <span class='ocr_line' id='line_1_116' title="bbox 1985 5634 3473 5704; baseline -0.001 -14"><span class='ocrx_word' id='word_1_855' title='bbox 1985 5638 2012 5677; x_wconf 78' lang='grc' dir='ltr'>ιι</span> <span class='ocrx_word' id='word_1_856' title='bbox 2052 5637 2178 5692; x_wconf 68' lang='lat' dir='ltr'><strong>llaec</strong></span> <span class='ocrx_word' id='word_1_857' title='bbox 2205 5636 2273 5691; x_wconf 81' lang='lat' dir='ltr'><strong>ad</strong></span> <span class='ocrx_word' id='word_1_858' title='bbox 2301 5634 2561 5692; x_wconf 76' lang='lat' dir='ltr'><strong>Joanttcm</strong></span> <span class='ocrx_word' id='word_1_859' title='bbox 2590 5634 2905 5704; x_wconf 79' lang='lat' dir='ltr'><strong>Chrysologi</strong></span> <span class='ocrx_word' id='word_1_860' title='bbox 2936 5650 3297 5695; x_wconf 79' lang='lat' dir='ltr'><strong>successorem</strong></span> <span class='ocrx_word' id='word_1_861' title='bbox 3348 5649 3473 5704; x_wconf 82' lang='lat' dir='ltr'><strong>spe-</strong></span> 
     </span>
    </p>
   </div>
   <div class='ocr_carea' id='block_1_116' title="bbox 1915 5718 2081 5763">
    <p class='ocr_par' dir='ltr' id='par_1_116' title="bbox 1915 5718 2081 5763">
     <span class='ocr_line' id='line_1_117' title="bbox 1915 5718 2081 5763; baseline 0 -2"><span class='ocrx_word' id='word_1_862' title='bbox 1915 5718 2081 5763; x_wconf 86' lang='lat' dir='ltr'><strong>ctant.</strong></span> 
     </span>
    </p>
   </div>
  </div>
