3956 6190
492 370 590 424 5'5!
1191 360 1484 418 AGNELLI
1517 356 1804 413 ABBATIS
1844 354 1902 410 S.
1941 353 2180 409 ΜΑΒΙᾹΞΣ
2217 353 2308 407 AD
2345 348 2820 416 BLACHERNAS,
2856 349 3007 406 ETC.
3609 343 3715 398 53?.

488 476 714 536 brachio
739 473 991 537 excelso;
1021 471 1167 526 salva
1199 485 1298 525 nos
1319 484 1414 539 per
1436 477 1578 524 tuam
1606 475 1846 521 sanctam
1871 463 2053 518 victri-
2082 463 2131 522 Α
2155 460 2300 514 dium
2319 457 2474 526 jubet
2514 457 2799 513 demoliri?
2825 457 2996 512 Dicite
3031 455 3184 520 mihi,
3220 469 3254 509 ο
3281 468 3376 508 vos
3403 467 3592 507 omnes
3623 456 3712 522 qui

492 585 609 624 cem
643 567 938 620 dexteram.
972 563 1049 615 Tu
1081 575 1160 624 cs,
1196 561 1356 622 Deus,
1405 558 1456 611 in
1505 556 1642 611 cmlo
1674 571 1886 610 sursum
1918 553 2050 608 etin
2150 553 2290 606 hanc
2310 564 2528 605 causam
2557 548 2750 611 nostis,
2781 556 2834 602 et
2859 545 3166 614 diligentius
3214 543 3426 597 curiose
3456 542 3671 595 audiam
3697 559 3712 603 ;

493 671 638 714 terra
692 657 961 717 deorsum,
1017 652 1108 722 qui
1159 650 1494 704 Pharaonem
1539 663 1660 700 cum
1721 643 1968 698 curribus
1999 649 2055 695 et
2153 643 2419 714 quomodo
2474 641 2648 710 potuit
2680 639 2768 694 hic
2817 655 2954 693 unus
2986 639 3146 692 homo
3197 645 3373 690 tantos
3427 633 3564 687 ﬁlios
3590 647 3720 702 pro-

491 747 818 804 exercitibus
842 744 953 799 suis
979 744 1031 796 in
1083 739 1408 810 profundum
1439 737 1609 807 pelagi
1643 733 1968 796 demersisti,
2003 740 2057 785 et
2154 734 2380 789 creare?
2416 752 2434 784 ι
2470 732 2536 786 Et
2578 731 2962 801 respondentes
3015 731 3080 782 de
3121 727 3428 782 astantibus
3456 724 3569 792 regi
3596 740 3723 778 cum

490 839 780 896 Israelitica
831 844 1006 890 castra
1047 831 1368 904 protexisti;
1404 830 1494 899 qui
1531 828 1786 882 Amalech
1816 824 2055 880 evertisti
2154 822 2322 876 nimio
2349 830 2493 875 metu
2517 829 2573 875 et
2600 819 2965 880 veneratione,
3005 817 3197 870 timore
3223 813 3394 868 territi
3421 813 3722 867 dixerunt:

491 943 548 988 et
593 932 935 987 Amorrhteos
987 899 1325 990 contrivisti;
1383 925 1474 993 qui
1501 931 1678 977 castra
1712 920 2056 991 Assyriorum
2162 931 2179 963 ε
2216 911 2332 965 Νοη
2356 919 2441 965 est
2478 909 2549 963 ita
2577 917 2637 962 ut
2664 917 2850 962 noster
2886 907 3181 961 arbitratur
3215 899 3500 967 dominus;
3540 911 3725 956 tamen

491 1041 590 1095 per
643 1022 892 1093 angelum
949 1029 1096 1073 tuum
1140 1025 1382 1072 sanctum
1435 1022 1649 1068 centum
1705 1008 2057 1081 quadraginta
2158 1003 2202 1057 si
2230 1001 2392 1055 vultis
2420 999 2606 1054 audire
2633 999 2898 1069 quomodo
2935 997 3017 1050 sui
3060 995 3152 1050 ﬁlii
3200 1003 3343 1059 sunt,
3367 993 3514 1047 veris
3541 1007 3728 1046 asser-

492 1081 744 1184 quinque
781 1111 944 1165 millia
996 1105 1352 1177 prostravisti.
1390 1102 1659 1173 Supplico,
1716 1101 2058 1184 omnipotens
2159 1091 2391 1146 tionibus
2440 1099 2496 1144 et
2523 1089 2842 1145 certissimis
2871 1087 3097 1157 eloquiis
3136 1084 3561 1140 manifestemus.
3605 1081 3728 1137 Non

492 1171 659 1270 Deus:
681 1213 742 1258 ut
777 1202 978 1256 tribuas
996 1171 1174 1252 nobis
1218 1171 1540 1262 adjutorium
1589 1193 1655 1246 de
1678 1190 1882 1246 sanctis
1905 1171 2057 1244 cielis
2159 1197 2224 1236 ex
2255 1191 2519 1250 conceptu
2547 1180 2745 1245 carnis,
2773 1187 2867 1232 aut
2894 1193 2959 1232 ex
3003 1177 3299 1246 pollutione
3333 1175 3596 1239 libidinis,
3626 1175 3726 1230 sed

499 1296 624 1360 tuis,
643 1266 772 1362 quia
803 1301 856 1345 tu
888 1297 1134 1345 conteres
1159 1286 1318 1340 bella.
1348 1284 1608 1338 Dominus
1652 1298 1844 1336 nomen
1868 1287 1954 1334 est
1983 1279 2059 1332 illi
2161 1273 2467 1344 spirituales
2491 1273 2586 1326 ﬁlii
2614 1280 2756 1336 sunt,
2802 1285 2940 1341 quos
2963 1270 3076 1340 ipse
3106 1267 3460 1336 omnipotenti
3496 1266 3610 1319 Deo
3639 1266 3734 1320 ad-

495 1356 621 1457 per'
648 1356 932 1438 Dominum
991 1388 1233 1436 nostrum
1297 1376 1480 1432 Jesum
1535 1374 1806 1429 Christum
1866 1372 2056 1426 Filium
2159 1365 2403 1434 quisivit,
2434 1372 2488 1417 et
2513 1378 2579 1416 ex
2608 1376 2940 1432 paganorum
2969 1359 3111 1414 cultu
3147 1357 3433 1428 pertraxit.
3473 1357 3579 1410 Pro
3599 1356 3738 1438 ipsis

499 1447 671 1540 tuum,
703 1475 794 1544 qui
823 1483 997 1528 tecum
1053 1469 1209 1533 vivit,
1265 1478 1319 1520 et
1345 1474 1533 1536 regnat
1578 1465 1718 1519 Deus
1771 1464 1824 1517 in
1855 1464 2061 1517 unitate
2162 1454 2434 1509 desiderat
2490 1453 2649 1518 mori,
2680 1467 2778 1520 pro
2809 1451 2940 1521 ipsis
2990 1465 3048 1504 se
3079 1448 3405 1504 sacriﬁcium
3456 1447 3638 1511 oﬁ‘ert,
3674 1455 3738 1499 ut

499 1565 732 1634 Spiritus
808 1562 999 1625 sancti,
1075 1575 1171 1630 per
1236 1558 1415 1612 omnia
1486 1555 1678 1610 smcula
1720 1555 2058 1608 saeculorum.
2163 1555 2454 1615 antequam
2510 1544 2593 1598 vel
2640 1559 2781 1597 unus
2830 1558 2896 1597 ex
2949 1541 3062 1596 suis
3101 1541 3291 1595 ovibus
3343 1540 3614 1593 extinctus
3639 1538 3735 1600 sit.

495 1659 688 1710 Amen,
730 1675 747 1706 ι
794 1653 923 1707 Post
959 1666 1109 1715 vero,
1143 1658 1511 1704 consummata
1539 1648 1802 1711 oratione,
1831 1646 2066 1701 surrexit
2164 1643 2321 1689 antea
2365 1649 2424 1688 se
2450 1633 2598 1703 cupit
2655 1641 2744 1687 tuo
2786 1631 3034 1686 vibrante
3063 1629 3288 1684 brachio
3341 1628 3520 1697 gladio
3567 1627 3739 1698 jugu-

498 1747 566 1800 de
589 1746 705 1800 loco
731 1743 985 1814 lacrytnis
1017 1758 1140 1796 rore
1163 1741 1318 1811 pleno
1369 1738 1622 1811 [plenus].
1652 1737 1769 1792 Alia
1810 1753 1939 1792 vero
1977 1737 2064 1791 die
2091 1802 2135 1814 _
2165 1728 2308 1781 lari?
2357 1747 2375 1778 ι
2432 1725 2668 1780 Audiens
2697 1725 2879 1814 itaque
2928 1738 3023 1776 rex
3071 1720 3372 1814 huiusmodi
3428 1721 3593 1774 verba
3640 1734 3744 1790 per

498 1829 656 1891 valde
697 1802 928 1890 diluculo
978 1802 1242 1904 processit
1293 1802 1638 1887 beatissimus
1678 1830 1829 1899 quasi
1882 1830 1947 1884 ad
1971 1844 2060 1884 so-
2090 1802 2138 1860 Β
2168 1833 2328 1871 “nam
2359 1815 2568 1870 εϐῖιίοθῐ
2613 1815 2802 1868 horam
2833 1813 2886 1867 in
2919 1813 3266 1881 semetipsum
3300 1811 3653 1875 οοηῑτθηιυῖῐν
3686 1818 3744 1865 ει

497 1925 732 1994 lempnia
769 1924 1076 1987 missarum,
1108 1922 1429 1991 indutusque
1459 1922 1788 1975 schemmata
1823 1919 2059 1989 angelica

2182 1906 2334 1961 ‘acies
2363 1904 2478 1974 ejus
2507 1906 2787 1958 immutata
2817 1912 2920 1969 est,
2958 1903 3137 1957 vultus
3188 1901 3355 1972 ipsius
3384 1910 3503 1956 erat
3533 1901 3744 1972 pallore

503 1991 624 2085 (Ιά-
651 2024 746 2079 est,
787 2023 1111 2077 ornamenta,
1153 2013 1375 2080 Bacch.)
1428 2026 1550 2065 cum
1580 2009 1967 2072 sacerdotibus,
2011 2017 2066 2062 et
2165 1997 2439 2066 Ρτὶεάίιιιδ,
2491 2009 2692 2065 corque
2740 1993 2856 2063 eius
2894 1994 3127 2048 maxima
3187 2000 3478 2062 tempestas
3511 1991 3747 2064 [tempe-

502 2103 736 2168 clericis,
756 2110 810 2156 et
835 2118 956 2156 cum
981 2101 1296 2155 tburribulis
1321 2106 1444 2153 ante
1462 2099 1578 2154 illos
1597 2101 1812 2153 incensa
1837 2097 2065 2153 oll‘eren—
2167 2087 2326 2160 state]
2379 2087 2742 2158 quatiebatur,
2796 2095 2851 2139 et
2883 2085 3238 2155 cogitationes
3287 2085 3519 2138 invicem
3576 2085 3749 2138 varia:

499 2204 602 2257 tes,
634 2209 755 2248 cum
810 2193 1009 2263 ingenti
1039 2192 1238 2247 lumine
1269 2191 1529 2254 canendo,
1561 2199 1615 2243 ct
1655 2189 1764 2243 Deo
1792 2189 2066 2258 psallendo
2167 2180 2546 2236 succedebant.
2607 2177 2757 2232 Mens
2806 2176 2947 2231 illius
3003 2177 3256 2246 vagalzat,
3289 2175 3510 2230 consilia
3541 2174 3663 2243 ejus
3692 2177 3747 2230 in

500 2284 672 2349 simul.
693 2283 759 2338 ad
789 2284 1102 2355 praadictum
1131 2297 1311 2353 regem
1363 2282 1580 2335 Attilam
1618 2289 2062 2350 properaverunt.
2168 2271 2379 2325 diversa
2403 2277 2556 2338 rapta
2585 2277 2731 2333 sum.
2761 2275 2870 2322 ιοιο
2897 2265 3173 2336 obstupuit
3222 2281 3469 2336 corpore,
3504 2267 3558 2320 in
3593 2275 3749 2322 esta-

501 2375 673 2430 Tanta
705 2377 902 2431 etenim
939 2375 1115 2429 divina
1147 2375 1320 2444 pietas
1344 2373 1555 2436 institit,
1585 2382 1642 2427 ut
1673 2389 1766 2427 cor
1795 2372 1934 2440 regis
1960 2387 2064 2426 non
2168 2363 2270 2417 Sim
2312 2361 2490 2416 factus
2518 2370 2620 2424 est.
2655 2369 2709 2416 et
2739 2360 2881 2430 quod
2913 2375 3094 2414 coram
3119 2359 3209 2414 illo
3239 2367 3445 2414 astaret
3469 2359 3592 2414 talis
3615 2375 3750 2414 san-

500 2466 671 2521 solum
701 2466 897 2521 ferocis
945 2466 1210 2520 lenocinia
1244 2466 1575 2528 viderentur,
1608 2465 1720 2518 sive
1747 2477 2065 2518 corruscan-
2169 2451 2441 2505 CliSSimﬂS
2475 2451 2559 2504 Vir
2585 2451 2676 2518 qui
2701 2450 2996 2521 angelicam
3025 2448 3217 2504 faciem
3243 2450 3609 2519 contemplare
3635 2466 3753 2505 me-

505 2558 581 2611 tia
636 2556 956 2611 vestimenta
1008 2555 1322 2609 viderentur
1377 2569 1500 2608 esse
1556 2553 1815 2623 deposita,
1880 2567 2066 2606 verum
2171 2541 2297 2607 ruit,
2331 2558 2490 2612 quem
2523 2542 2763 2612 quotidie
2811 2543 2880 2596 ad
2910 2541 3151 2597 caelestia
3186 2543 3397 2596 colebat
3424 2542 3752 2614 [extolleba-

508 2649 671 2702 etiam
705 2663 803 2716 pro
832 2645 1174 2701 sanctissimo
1198 2645 1313 2700 viro
1334 2660 1429 2699 rex
1457 2659 1578 2699 cum
1610 2645 1720 2699 suis
1743 2643 2069 2699 exercitibus
2170 2634 2280 2706 lllI']
2315 2641 2514 2698 meme.
2544 2633 2630 2687 ουί
2683 2633 3045 2687 sanctissume
3088 2633 3156 2687 ad
3189 2634 3382 2703 sydera
3418 2633 3753 2688 resonabant

498 2739 757 2793 adversus
781 2737 966 2801 alium,
1007 2737 1050 2791 si
1078 2751 1299 2790 necesse
1322 2734 1529 2800 fuisset,
1555 2734 1834 2788 dimicaret
1861 2749 2066 2801 regem,
2170 2725 2376 2789 laudes,
2406 2726 2497 2794 qui
2524 2725 2727 2780 sanctis
2747 2726 3029 2795 prophetis
3054 2725 3382 2780 assimilatus
3411 2735 3516 2790 est,
3545 2734 3600 2779 et
3622 2741 3750 2780 san-

401 2879 407 2890 ,
498 2837 555 2882 et
580 2843 716 2897 quos
751 2842 923 2896 nuper
943 2834 1162 2880 venerat
1211 2825 1455 2896 perdere,
1509 2825 1847 2894 postmodum
1887 2823 2070 2878 defcn—
2172 2825 2380 2870 ctorum
2426 2814 2791 2885 apostolorum
2843 2815 3082 2870 imitatus
3124 2824 3206 2870 est
3236 2816 3524 2884 praeconia,
3579 2815 3749 2869 etiam

499 2934 663 2978 saret.
689 2921 857 2990 Igitur
884 2921 1103 2976 sedente
1128 2935 1254 2990 rege
1278 2921 1332 2973 in
1360 2919 1529 2990 regali
1559 2918 1714 2982 solio,
1747 2917 2068 2971 vestimenta
2171 2907 2456 2961 Dominum
2491 2907 2722 2960 imilavit
2749 2905 3039 2968 Christum,
3073 2907 3164 2977 qui
3189 2922 3246 2961 se
3287 2923 3386 2976 pro
3423 2907 3542 2960 Suis
3571 2907 3749 2961 tradi-

500 3031 634 3070 auro
689 3014 911 3078 textilis,
939 3027 1177 3083 purpura
1225 3011 1462 3075 indutus,
1490 3010 1678 3064 videns
1707 3023 1828 3062 cum
1859 3007 2069 3078 alonge
2173 2995 2252 3050 dit
2281 2994 2490 3049 ovibus.
2527 2993 2632 3050 Sed
2653 2994 2901 3049 Christus
2948 2995 3088 3049 Deus
3133 2994 3226 3049 Dei
3257 2994 3426 3050 Filius
3462 3010 3562 3065 pro
3592 2996 3750 3050 nobis

499 3107 806 3161 venientem
833 3105 899 3158 ad
930 3120 987 3158 se
1012 3118 1133 3157 cum
1179 3101 1291 3156 suis
1314 3100 1626 3170 psallentem
1676 3097 2062 3160 sacerdotibus,
2102 3159 2138 3170 _
2173 3086 2385 3140 miseris
2407 3086 2460 3138 ίῐι
2493 3084 2663 3138 ﬁxum
2695 3086 2874 3140 ειύοίε
2894 3101 2959 3139 ex
2991 3100 3217 3154 corpore
3243 3087 3476 3140 animam
3522 3087 3746 3156 ρτοᾱὶἰι,

502 3197 571 3250 ad
595 3210 719 3250 suos
735 3195 811 3248 ait
841 3212 853 3247 :
891 3212 909 3243 t
949 3193 1099 3248 Unde
1124 3201 1248 3246 sunt
1276 3159 1376 3244 viri
1405 3190 1491 3244 isti
1519 3187 1888 3244 candidissimi
1920 3186 2061 3256 psal-
2095 3159 2140 3221 C
2172 3182 2225 3228 οι
2249 3173 2314 3228 de
2337 3172 2490 3226 fauce
2520 3174 2781 3228 Draconis
2812 3174 3085 3229 hominem
3115 3189 3273 3243 quem
3301 3189 3363 3228 ex
3393 3174 3521 3228 Ῑίῐῐιο
3545 3173 3749 3228 (Ῐυάιιηι

502 3284 698 3347 lentes,
752 3282 837 3335 vel
885 3282 1026 3334 unde
1071 3290 1352 3342 venerunt,
1394 3287 1487 3331 aut
1534 3277 1664 3347 quid
1710 3261 1932 3330 volunt?
1959 3276 2070 3345 Ego
2173 3263 2506 3329 condiderat,
2559 3264 2780 3320 iterum'
2811 3267 3102 3336 reparavit,
3136 3275 3192 3320 et
3219 3267 3561 3336 postmodum
3585 3267 3751 3321 rediit

501 3377 647 3432 enim
678 3375 812 3430 tales
833 3373 1080 3429 homines
1108 3387 1379 3440 nunquam
1409 3371 1543 3424 meis
1569 3369 1776 3423 visibus
1800 3368 1926 3429 vidi,
1948 3367 2072 3421 nive
2172 3361 2239 3416 ad
2269 3359 2449 3413 sedem
2478 3373 2784 3428 supernam.
2814 3357 2911 3413 His
2965 3359 3147 3428 itaque
3186 3358 3355 3429 gestis
3380 3374 3572 3414 sensus
3603 3359 3751 3429 regis

501 3466 860 3527 candidiores,
882 3479 992 3532 prae
1023 3461 1272 3516 omnibus
1295 3460 1611 3529 pulcriores,
1637 3467 1691 3512 et
1717 3458 1870 3512 valde
1891 3441 2066 3512 electi.
2173 3449 2239 3502 ad
2269 3463 2390 3502 eum
2446 3460 2694 3502 reversus
2724 3455 2823 3511 est.
2855 3455 2911 3501 et
2961 3447 3055 3517 qui
3098 3463 3270 3518 nuper
3323 3457 3504 3503 mente
3554 3458 3748 3518 captus

502 3556 571 3611 Et
599 3557 722 3620 iste,
752 3555 841 3623 qui
870 3553 1099 3622 przevius
1121 3566 1305 3605 eorum
1328 3558 1430 3614 est,
1465 3549 1618 3619 quasi
1641 3548 1860 3619 angelus
1882 3547 2018 3602 Dei?
2047 3568 2064 3600 ι
2171 3559 2291 3599 esse
2321 3544 2390 3598 ab
2417 3543 2727 3599 hominibus
2782 3543 3089 3608 videbatur,
3133 3543 3306 3598 sancti
3349 3543 3452 3598 viri
3483 3544 3748 3600 interces-

503 3647 568 3702 Hi
595 3646 686 3717 qui
727 3646 949 3700 aderant
997 3643 1382 3712 respondentes
1433 3640 1686 3708 dixerunt
1716 3639 1826 3709 regi
1862 3657 1873 3691 :
1912 3658 1930 3690 ‹
1965 3637 2073 3692 Do-
2172 3637 2413 3691 sionibus
2435 3636 2501 3691 ad
2527 3635 2802 3705 propriam
2837 3633 3036 3707 [suam]
3067 3635 3309 3690 redditus
3329 3643 3413 3689 est
3445 3634 3749 3706 intelligen.

499 3739 650 3794 mine
697 3737 1075 3798 invictissime,
1135 3749 1229 3788 rex
1274 3733 1651 3802 triumphalor,
1703 3730 1878 3783 virum
1906 3730 2070 3783 istum
2172 3726 2324 3780 tiam.
2357 3726 2696 3781 Exclamavit
2721 3734 2904 3780 autem
2956 3725 3177 3780 dicens:
3219 3744 3238 3776 ‹
3285 3724 3328 3780 Ο
3359 3725 3532 3779 bonus
3562 3724 3747 3789 Pater,

499 3845 659 3899 quem
686 3829 738 3882 in
787 3827 963 3882 medio
1015 3824 1364 3881 candidorum
1403 3830 1635 3876 stantem
1663 3829 1719 3875 et
1769 3821 2070 3889 plorantem
2171 3817 2263 3886 qui
2298 3832 2396 3886 pro
2427 3817 2540 3871 suis
2570 3817 2694 3871 ﬁliis
2731 3831 2790 3871 se
2826 3816 3020 3870 obtulit
3069 3817 3267 3870 morti!
3304 3815 3348 3872 Ο
3375 3816 3751 3873 inenarrabilis

499 3919 702 3984 cernis,
727 3917 1029 3988 supplicare
1057 3923 1202 3970 tuum
1231 3923 1504 3983 potentem
1532 3912 1920 3976 brachium,ut
1945 3925 2070 3980 par-
2172 3907 2566 3964 mansuetudo!
2632 3906 2676 3962 Ο
2729 3906 2888 3962 beata
2943 3905 3228 3960 tolerantia
3285 3905 3750 3977 [amplissimaque

501 4025 616 4073 cas,
647 4008 817 4073 venit,
853 4005 1280 4060 misericordiam
1314 4002 1470 4072 petit,
1509 4002 1764 4072 pietatem
1797 4009 1942 4054 tuam
1971 4016 2068 4069 po-
2172 3999 2433 4069 sapientia
2457 4001 2470 4053 !
2498 3999 2538 4072 j.
2570 3999 2676 4054 Iste
2727 4015 2785 4054 se
2814 4014 2912 4069 pro
2936 3999 3186 4054 onmibus
3237 3997 3475 4061 tradidit,
3503 4005 3559 4051 et
3582 3997 3747 4052 talem

505 4098 690 4153 stulat.
724 4115 743 4148 ι
773 4095 887 4150 Rex
915 4103 1094 4150 autem
1125 4094 1192 4148 ad
1217 4094 1372 4147 illos:
1405 4112 1422 4144 ‹
1461 4092 1541 4148 0b
1571 4107 1730 4161 quam
1754 4093 2010 4146 causam?
2046 4111 2064 4142 ι
2171 4093 2382 4147 Domini
2413 4093 2496 4147 sui
2527 4092 2841 4146 ﬁdelitatem
2875 4091 3241 4160 incorruptam
3276 4089 3498 4159 bajulat,
3537 4097 3598 4143 ut
3626 4105 3744 4144 mo-

501 4189 869 4256 Dixerunlque
917 4204 984 4239 :t
1019 4184 1097 4239 Ne
1135 4184 1376 4240 ﬂoridam
1423 4183 1733 4238 Ravennam
1781 4183 1836 4237 in
1889 4192 2071 4238 extcr-
2173 4184 2346 4239 riatur
2404 4183 2492 4238 ille
2537 4191 2824 4253 antequam
2881 4181 3186 4236 commissis
3236 4181 3426 4234 ovibus
3477 4179 3746 4249 quispiam

503 4281 672 4336 minio
714 4280 913 4343 tradas,
946 4286 1006 4332 ut
1044 4277 1111 4330 ad
1142 4276 1325 4330 laetitia
1377 4274 1661 4348 [laetitiam]
1703 4275 1848 4329 cives
1881 4275 2072 4330 civita-
2171 4268 2382 4348 vinctus
2405 4273 2684 4328 educatur.
2715 4271 2896 4328 Bonus
2924 4280 3107 4342 pastor
3130 4269 3502 4325 sanctissimus
3532 4271 3638 4331 vir,
3661 4269 3740 4325 di-

503 4375 575 4428 tis
624 4373 894 4427 restituas.
935 4389 953 4420 »
997 4368 1194 4422 lterum
1263 4383 1355 4421 rex
1409 4368 1746 4434 interrogans
1799 4365 1913 4418 ait:
1947 4384 1964 4415 ι
2008 4365 2074 4418 Et
2172 4381 2331 4436 gnus,
2356 4365 2464 4418 Deo
2495 4378 2592 4417 suo
2615 4361 2719 4417 ﬁde
2744 4361 3020 4431 probatus.
3065 4379 3082 4411 ι
3115 4360 3181 4413 Et
3203 4361 3279 4413 ait
3299 4376 3394 4414 rex
3416 4361 3577 4414 beato
3599 4374 3747 4428 papa:

502 4467 645 4520 unde
675 4474 761 4519 est
807 4462 938 4516 ille?
975 4481 992 4512 ι
1022 4460 1090 4513 Et
1129 4456 1419 4514 dixerunt:
1458 4477 1476 4509 ι
1514 4457 1686 4511 Etiam
1742 4457 1910 4526 ipsius
1960 4457 2073 4526 epi-
2099 4505 2149 4526 ῃ
2175 4453 2365 4508 Joanni
2397 4471 2407 4506 :
2441 4471 2459 4502 ‹
2517 4451 2658 4516 Tibi,
2690 4451 2868 4515 Pater,
2915 4451 3093 4505 omnia
3131 4464 3385 4504 concessa
3425 4457 3573 4503 sunt.
3612 4449 3749 4504 Ecce

505 4505 645 4520 ωη...
675 4505 761 4519 νυ.
807 4505 930 4516 ...μ
975 4505 989 4512 -
1022 4505 1089 4513 ..-
1131 4505 1379 4514 νων-π--
1406 4505 1419 4510 -
1463 4505 1475 4509 -
1514 4505 1686 4511 -ηηη
1742 4505 1908 4526 την-
1965 4505 2045 4526 Ὗ-
2400 4505 2405 4506 γ
2530 4505 2536 4506 ,
2647 4505 2658 4516 ,
2800 4505 2811 4506 ,
2856 4505 2867 4515 ,

505 4554 705 4626 scopati
736 4553 916 4608 sedem
964 4551 1081 4620 ipse
1113 4550 1290 4620 regit“:
1332 4569 1350 4600 )
1395 4557 1451 4602 et
1496 4548 1569 4601 ait
1612 4560 1747 4601 rex:
1787 4566 1804 4598 t
1842 4547 2072 4602 lnterro-
2098 4505 2150 4563 D
2178 4559 2284 4598 non
2326 4541 2513 4596 levabo
2551 4541 2758 4596 lancem
2789 4556 2962 4595 meam
2996 4557 3157 4610 super
3201 4541 3411 4610 plebem
3443 4549 3611 4604 tuam,
3650 4555 3748 4595 nec

505 4660 628 4723 gate
656 4666 800 4716 eum,
851 4649 978 4719 quid
1032 4646 1134 4703 sibi
1184 4645 1316 4711 vult,
1349 4655 1442 4699 aut
1489 4643 1647 4713 quale
1701 4643 1953 4698 solatium
1997 4645 2071 4699 iui
2179 4632 2478 4686 vibrantem
2506 4630 2765 4684 frameam
2792 4631 3020 4694 mittam,
3062 4646 3161 4686 nec
3191 4631 3354 4685 lituus
3385 4631 3590 4686 militia:
3614 4647 3746 4687 mea

506 4720 797 4814 impendet,
829 4742 910 4797 vel
935 4757 1033 4812 pro
1065 4755 1169 4810 qua
1215 4754 1377 4794 causa
1407 4737 1495 4792 ille
1524 4736 1724 4791 nostris
1772 4737 2074 4806 aspectibus
2180 4723 2396 4780 $0Mhit
2450 4722 2587 4775 "nm
2636 4720 2857 4775 auribus
2903 4723 3117 4777 "CSlFiS-
3178 4722 3354 4777 Unum
3401 4729 3483 4776 εει
3516 4731 3739 4786 lalluit“.

505 4810 734 4899 stravit;
767 4854 784 4886 ι
816 4843 872 4889 et
901 4810 1285 4902 respondentes
1320 4829 1433 4901 regi
1454 4829 1704 4884 dixerunt
1735 4847 1747 4882 :
1785 4848 1803 4880 ‹
1832 4828 2067 4883 Audien-

2181 4815 2321 4886 quod
2368 4814 2546 4868 facere
2600 4812 2753 4866 vobis
2775 4819 3006 4880 oportet.
3039 4811 3195 4866 Cives
3227 4819 3406 4866 autem
3452 4810 3645 4884 [enim]
3673 4813 3743 4866 tui

505 4939 588 4980 tes
613 4940 800 4980 omnes
836 4900 1089 4978 virtutem
1119 4936 1264 4977 luam
1288 4900 1558 4990 magnam,
1587 4927 1642 4973 et
1669 4934 1886 4973 manum
1927 4927 2072 4973 tuam
2179 4905 2333 4960 valde
2362 4900 2626 4972 ingeniosi
2655 4909 2710 4954 et
2744 4900 3081 4955 solertissimi
3107 4910 3251 4967 ειιιιι,
3279 4916 3348 4955 ne
3379 4901 3561 4956 dicant
3683 4903 3748 4956 de

467 5001 759 5080 validam,
815 5025 870 5069 et
910 5023 1056 5067 tuum
1105 5028 1224 5067 esse
1273 4989 1702 5080 potentissimum
1766 5009 2070 5073 brachium,
2180 5010 2285 5060 me.
2332 4993 2456 5063 (ιιιὶε
2506 4991 2808 5061 θκρυίίῐηυε
2862 5006 2984 5046 eum
3022 4989 3206 5047 fl"aude
3229 4993 3747 5072 ἀθοοριιιδεροειεε-

506 5106 907 5179 phalangasque
936 5115 1056 5158 tuas
1099 5105 1388 5166 robustas;
1431 5102 1554 5156 ideo
1598 5100 1687 5154 hic
1713 5099 1800 5154 vir
1829 5091 1977 5154 venit
2005 5099 2073 5153 ad
2179 5116 2340 5172 quam
2369 5109 2478 5154 tam
2527 5096 2663 5164 mihi
2692 5111 2963 5166 quamque
2991 5096 3126 5151 meis
3171 5093 3499 5150 exercitibus
3540 5095 3746 5165 vitupe-

509 5211 583 5264 te,
614 5208 669 5254 et
703 5213 800 5268 pro
825 5197 937 5251 suis
959 5195 1080 5248 ﬁliis
1102 5194 1248 5263 cupit
1293 5193 1528 5247 animam
1567 5205 1716 5244 suam
1777 5189 1936 5244 morti
1967 5196 2075 5242 tra-
2179 5194 2321 5248 rium
2368 5191 2702 5246 adhazreScat
2725 5185 3073 5259 [adcrescat].
3128 5185 3297 5240 Tuam
3325 5184 3485 5258 [Tua]
3516 5186 3747 5255 denique

508 5293 654 5355 dere,
679 5305 747 5346 ne
768 5305 877 5344 sua:
902 5286 1302 5343 subversionem
1353 5285 1533 5339 videat
1557 5282 1810 5345 civitatis,
1839 5283 1964 5352 quia
1990 5280 2072 5334 fa-
2180 5284 2522 5342 sanctitatem
2566 5277 2870 5351 [sanctitas]
2898 5276 3124 5333 mollivit
3153 5291 3249 5331 cor
3273 5275 3472 5330 meum.
3498 5276 3580 5330 ’lte
3603 5275 3742 5330 cele-

508 5399 595 5439 ιη³
632 5381 1032 5448 ῑυ².νίειοι’ἱοδ²ι
1063 5379 1116 5433 in
1147 5391 1362 5432 omnem
1400 5383 1600 5431 terram
1644 5375 1836 5438 οτενίῐ,
1873 5382 1928 5427 el
1954 5387 2073 5426 111³-
2182 5377 2334 5440 riter,
2359 5381 2414 5427 et
2434 5377 2616 5442 portas
2636 5377 2846 5423 vestras
2869 5368 2921 5422 in
2953 5376 3154 5422 terram
3177 5375 3366 5433 strate,
3401 5375 3455 5421 et
3483 5365 3744 5435 quadrato

511 5475 656 5528 xime
685 5472 953 5542 divulgata
983 5478 1083 5525 est.
1123 5489 1140 5519 ι
1184 5467 1435 5536 Dixitque
1460 5468 1526 5520 ad
1556 5465 1675 5520 illos
1699 5479 1830 5520 rex:
1883 5483 1900 5514 ι
1936 5461 2076 5530 Quid
2183 5466 2324 5522 muri
2367 5461 2632 5518 foramine
2680 5466 2936 5522 reserate,
2963 5467 3016 5513 et
3058 5465 3330 5513 transeam
3371 5473 3469 5528 per
3514 5457 3744 5512 mediam

511 5563 691 5618 dicitis
717 5563 1011 5617 inauditam
1034 5559 1191 5615 rem?
1222 5558 1430 5612 Vestris
1482 5557 1822 5611 sermonibus
1869 5553 2078 5623 asperis
2184 5555 2476 5612 civitatem.
2506 5551 2774 5618 Equorum
2795 5562 3034 5602 meorum
3061 5547 3272 5618 ungulae
3297 5548 3758 5616 coneulcentpor-

513 5671 676 5710 aures
728 5670 876 5710 meas
909 5653 1172 5707 tentastis.
1214 5650 1402 5704 Nonne
1442 5649 1712 5703 mundana
1749 5647 1833 5702 lex
1868 5646 2080 5701 censuit
2186 5655 2270 5700 tas
2291 5650 2523 5706 vestras,
2546 5638 2679 5694 nihil
2709 5653 2964 5693 uocemus
2994 5638 3246 5708 cuipiam,
3301 5653 3402 5693 nec
3431 5638 3565 5693 ullas
3587 5636 3744 5692 moli-

515 5756 578 5804 ut
600 5747 906 5818 quicunque
953 5745 1092 5816 regis
1127 5759 1284 5799 aures
1319 5741 1527 5798 inutilia
1573 5743 1932 5808 nunciaverit,
1970 5741 2078 5812 gla—
2186 5748 2306 5790 mus
2343 5730 2584 5797 insidias,
2639 5741 2813 5799 neque
2842 5725 3003 5786 aliam
3053 5727 3306 5801 injuriam
3351 5727 3590 5800 patietis.
3617 5725 3740 5784 Ideo
