3910 6182
225 316 307 374 553
1230 310 1428 367 LIBER
1465 305 1949 365 PONTIFICAUS.
1990 336 2057 346 —
2095 304 2273 361 PARS
2306 306 2349 361 l.

3300 311 3419 369 535

223 435 315 487 haec
359 424 531 490 facile,
555 439 622 479 nc
647 422 740 479 alii
790 422 858 479 de
886 422 992 478 alia
1041 423 1234 494 oppida
1266 424 1447 479 dlcant
1478 440 1492 476 :
1527 422 1738 477 Raven¢
1766 429 1815 485 Α
1844 419 2002 475 hodie
2041 419 2342 489 explicabo.
2385 418 2517 475 Cum
2552 421 2706 477 istius
2741 423 3090 493 temporibus,
3123 432 3417 497 postquam

223 537 322 577 nam
366 508 630 579 demolire,
682 529 858 584 neque
917 514 1206 584 subjugare
1249 514 1460 583 potuit;
1494 512 1585 566 ubi
1615 508 1737 582 [ibi]

222 612 442 668 contritus
462 617 544 663 est
566 609 681 678 ipse
718 622 840 661 cum
890 606 1130 661 exercitu
1156 621 1273 672 suo,
1306 614 1453 675 terga
1485 604 1649 669 dedit,
1682 602 1738 657 in

222 703 364 771 fugam
411 713 595 753 versus
646 705 749 760 est,
781 702 836 749 et
860 696 993 749 fiant
1014 695 1221 750 viribus
1252 696 1387 750 meis
1414 691 1738 749 verecundia

221 790 364 860 pejora
415 803 572 858 quam
627 787 682 840 in
732 785 943 840 caeteris
994 785 1209 855 regibus
1253 785 1739 855 praedecessorihus

221 880 337 943 meis,
368 879 454 948 qui
484 876 773 949 longinquo
819 884 1062 946 tempore
1106 873 1458 944 praefuerunt.
1492 874 1649 930 Nunc
1679 875 1734 930 in

223 970 427 1027 extremis
459 977 543 1024 est
570 968 705 1033 dies,
737 975 793 1021 et
832 981 937 1021 nox
967 965 1115 1021 sidus
1143 966 1470 1036 perducente
1500 966 1588 1020 hic
1614 981 1737 1035 per-

222 1062 419 1125 noctabo,
445 1074 669 1129 vespere
692 1073 819 1113 vero
847 1057 1023 1127 prima
1068 1056 1158 1111 lux
1195 1057 1301 1111 diei
1328 1057 1638 1127 insurgente
1667 1072 1733 1111 ex

223 1153 368 1207 vestris
420 1135 618 1205 finibus
689 1150 1023 1220 proficiscar.
1085 1167 1104 1200 ι
1154 1148 1307 1203 Tunc
1361 1148 1734 1204 sanctissimus

217 1240 399 1295 Joannes
426 1239 497 1293 ad
527 1254 681 1293 suam
711 1239 894 1292 urbem
926 1253 1049 1293 cum
1080 1237 1243 1292 nimia
1273 1230 1548 1293 celeritate
1569 1253 1629 1293 se
1650 1252 1735 1293 re-

218 1334 334 1402 cepit,
359 1339 410 1386 et
438 1346 682 1386 excussa:
731 1332 797 1386 de
820 1330 1133 1385 cardinibus
1184 1338 1353 1400 porta:
1392 1331 1627 1386 civitatis
1674 1330 1730 1386 in

214 1433 319 1476 tem
343 1420 594 1491 proiecta:
628 1427 774 1485 sunt,
803 1427 859 1474 et
904 1418 1171 1489 patefacta
1197 1420 1372 1475 hostia
1419 1421 1724 1491 superlimi-

214 1516 323 1569 aaria
368 1513 513 1567 nuda
560 1520 989 1584 permanserunt,
1024 1515 1311 1583 hostesque
1342 1514 1486 1569 illius
1515 1530 1615 1585 per
1646 1523 1729 1569 to-

213 1612 287 1657 tam
329 1613 541 1659 noctem
613 1603 994 1658 Ravenneuses
1041 1604 1244 1674 plateas
1301 1590 1724 1669 circumeuntes,

211 1709 356 1748 unan
400 1694 581 1748 altera
603 1703 756 1764 parte
803 1694 995 1749 civitas
1044 1695 1414 1749 transmeavit.
1455 1694 1573 1748 Alia
1595 1710 1726 1749 vero

1841 524 1974 578 pons
2002 507 2338 579 Apollenaris
2364 508 2634 566 Ravenna:
2690 524 3066 570 concrematus
3113 526 3196 572 est
3250 528 3413 577 nocte

1839 599 1896 653 in
1944 599 2150 654 Pascha
2201 608 2396 668 quarto
2440 599 2621 657 Nonas
2667 602 2886 672 Aprilis,
2944 605 3102 674 juxta
3155 607 3419 665 Str-ovilia

1838 687 2119 755 Peucodis,
2173 705 2278 744 non
2333 689 2488 761 longe
2533 691 2601 744 ab
2653 692 2786 747 urbe
2844 692 3100 749 Ravenna
3154 697 3414 766 applicuit

1839 777 2206 834 Theudericus
2230 779 2564 836 fuissetcum
2595 783 2838 839 hostibus
2874 786 2987 840 suis
3014 787 3067 840 in
3097 802 3292 858 campo
3313 789 3417 858 qui

1835 879 2060 926 vocatur
2100 869 2382 936 Candiani,
2417 879 2700 942 postquam
2755 874 2963 930 duabus
2997 877 3205 933 vicibus
3233 877 3407 933 Odoa-

1835 976 1982 1016 crem
2007 963 2299 1033 superavit,
2334 963 2422 1032 qui
2476 963 2566 1018 illo
2596 972 2838 1034 tempore
2866 981 3090 1034 regnum
3132 968 3407 1025 Ravenna:

1834 1052 2128 1108 obtinebat.
2160 1053 2312 1109 Tunc
2360 1054 2493 1109 exiit
2533 1053 2776 1110 Odoacer
2817 1056 2883 1111 ad
2908 1058 3226 1127 praedictum
3251 1076 3403 1116 cam-

1833 1159 1958 1214 pum
1989 1160 2112 1199 cum
2138 1145 2379 1200 exercitu
2431 1160 2551 1211 suo,
2583 1154 2639 1201 et
2662 1156 2946 1216 superatus
2995 1157 3081 1203 est
3133 1151 3313 1216 tertio,
3349 1161 3409 1206 et

1832 1244 1959 1289 ante
1986 1233 2175 1289 faciem
2230 1235 2547 1290 Theudorici
2587 1245 2738 1306 terga
2762 1236 2929 1301 dedit,
2961 1247 3016 1292 et
3039 1236 3178 1292 infra
3208 1240 3401 1294 civita-

1830 1334 1938 1382 tem
1970 1341 2029 1382 se
2074 1326 2286 1391 clausit,
2321 1334 2376 1382 et
2399 1327 2530 1381 abiit
2574 1329 2642 1383 ad
2668 1328 2993 1393 Ariminum,
3042 1339 3098 1384 et
3125 1331 3272 1385 venit
3304 1347 3404 1387 ex-

1829 1416 1953 1472 inde
1981 1431 2104 1471 cum
2154 1417 2515 1473 Dromonibus
2562 1419 2616 1472 in
2657 1428 2815 1488 portu
2849 1419 3035 1485 Lione,
3089 1421 3179 1476 ubi
3215 1430 3423 1493 postca.

1826 1506 2083 1578 palatium
2140 1509 2410 1563 modicum
2456 1508 2723 1565 mdificare
2769 1510 2933 1581 jussit
2976 1511 3031 1565 in
3078 1513 3251 1568 insula
3293 1530 3402 1569 non

1829 1598 1987 1670 longe
2015 1613 2046 1653 a
2076 1597 2257 1654 littore
2300 1600 2489 1665 maris,
2543 1601 2634 1656 ubi
2660 1616 2804 1657 nunc
2850 1605 3234 1660 monasterium
3265 1604 3404 1661 Sam

1826 1696 1928 1743 ctae
1949 1688 2132 1744 Maria:
2173 1704 2294 1745 esse
2322 1690 2537 1745 videtur
2565 1690 2705 1746 infra
2751 1692 2999 1748 balneum
3024 1710 3132 1749 non
3156 1694 3311 1766 longe
3332 1698 3423 1752 ab

207 1784 267 1838 die
289 1784 426 1838 valde
459 1784 696 1839 diluculo
724 1785 803 1840 sol
828 1800 948 1840 cum
981 1785 1144 1839 rutilo
1196 1786 1519 1855 procedente
1557 1784 1723 1840 Attila
1752 1775 1799 1833 Β
1827 1780 2084 1835 Ravenna
2136 1780 2388 1837 milliaria
2433 1796 2509 1835 Vl.
2543 1781 2628 1836 Et.
2642 1797 2786 1836 nunc
2817 1783 2871 1837 in
2900 1784 3100 1839 nostris
3145 1788 3402 1855 tempori-

207 1890 271 1926 γει
296 1873 599 1928 Ravennam
627 1874 899 1945 ingressus
936 1883 1040 1940 est,
1065 1882 1119 1928 et
1148 1878 1340 1930 sedens
1364 1875 1416 1928 in
1444 1864 1724 1931 velocissi-

205 1980 310 2017 mum
336 1964 537 2018 animal
590 1965 934 2035 cornipedem
986 1966 1256 2037 pradictaa
1284 1966 1518 2021 civitatis
1546 1967 1721 2022 hostia

202 2055 392 2120 calcans,
422 2065 612 2111 vectes
640 2072 762 2111 cum
791 2056 1030 2112 clavibus
1051 2064 1107 2111 et
1131 2057 1301 2111 serris
1344 2066 1469 2111 ante
1491 2073 1614 2112 eum
1644 2058 1725 2111 al-

202 2143 288 2199 latae
312 2156 446 2211 sunt,
488 2155 545 2201 et
575 2145 709 2200 nihil
745 2146 937 2202 exinde
982 2145 1182 2216 aliquid
1230 2147 1509 2217 subripere
1536 2148 1722 2202 voluit.

199 2235 317 2291 Cives
360 2253 493 2291 vero
550 2237 908 2293 formidabant
950 2256 1141 2311 magno
1172 2240 1366 2295 timore
1393 2240 1647 2310 perculsi,
1672 2248 1729 2295 et

199 2327 418 2396 extemplo
448 2327 668 2383 illorum
711 2331 887 2384 omnia
916 2330 1194 2387 ferocitate
1250 2346 1534 2402 corporum
1569 2347 1727 2387 revo-

197 2416 277 2471 luta
323 2428 466 2483 sunt,
504 2420 795 2477 imbecilles
845 2421 996 2488 facti,
1028 2431 1317 2480 trementes
1348 2434 1726 2496 gementesque

197 2524 287 2561 cum
312 2511 520 2583 magnis
567 2512 815 2580 suspiriis
837 2512 1110 2568 cmlestem
1151 2512 1435 2569 Dominum
1471 2516 1726 2571 invocan-

195 2608 267 2652 tes.
291 2597 445 2669 Igitur
474 2615 727 2670 egressus
755 2612 907 2657 extra
948 2603 1217 2658 civitatem
1249 2604 1457 2675 magnis
1484 2603 1729 2660 laudibus

196 2699 287 2746 ante
311 2691 456 2747 illum
506 2694 789 2763 prmibant,
815 2704 1140 2766 ornatasque
1168 2699 1376 2752 cunctis
1404 2698 1613 2768 plateis,
1641 2699 1727 2754 di-

193 2782 423 2853 versisque
471 2782 698 2839 ﬂoribus
752 2786 943 2841 civitas
990 2787 1259 2853 decorata,
1303 2788 1363 2842 fit
1389 2790 1727 2859 postmodum

193 2872 347 2942 ingens
393 2876 656 2931 alacritas
687 2889 735 2942 ι,
767 2884 820 2930 et
874 2876 1128 2946 majores,
1162 2892 1263 2932 nec
1304 2894 1409 2933 non
1441 2880 1639 2949 pusilli,
1672 2888 1727 2934 et

189 2960 449 3017 mediocres
481 2962 746 3016 immensa
774 2962 977 3027 laetitia,
1002 2963 1126 3032 quia
1161 2963 1302 3033 quod
1341 2980 1436 3018 rex
1462 2965 1574 3019 suis
1599 2980 1726 3020 ocu-

191 3046 239 3101 lis
278 3066 478 3121 magnm
527 3051 737 3106 civitati
790 3053 1110 3122 cumspexit,
1158 3054 1225 3109 de
1253 3053 1390 3110 coelo
1421 3054 1561 3109 illius
1583 3053 1722 3108 furia

1827 1871 1929 1926 bus
1951 1871 2266 1941 praedictum
2287 1870 2543 1942 palatium
2572 1888 2758 1928 servos
2791 1889 2941 1929 meos
2961 1874 3220 1930 demolire
3236 1875 3397 1945 jussi,

1826 1970 1883 2017 et
1905 1962 2214 2019 Ravennam
2237 1963 2465 2033 perduxi
2492 1964 2547 2017 in
2570 1962 2796 2020 aediﬁcio
2831 1965 3022 2020 domus
3048 1980 3204 2031 meae,
3231 1982 3417 2036 quain.

1827 2069 1857 2107 a
1882 2052 2246 2109 fundamentis
2274 2052 2536 2108 aedificavi
2577 2053 2699 2124 jure
2727 2064 3001 2120 materno,
3031 2070 3148 2125 qua:
3172 2065 3396 2112 vocatur

1826 2144 2019 2200 domus
2038 2143 2422 2215 presbyteralis
2446 2145 2499 2199 in
2517 2145 2734 2215 regione
2757 2161 2877 2216 quae
2900 2144 3098 2201 dicitur
3129 2144 3199 2200 ad
3226 2145 3393 2218 Nym—

1826 2234 2029 2303 phaaos,
2071 2231 2227 2303 juxta
2274 2232 2562 2289 ecclesiam
2608 2243 2808 2289 sancta:
2856 2234 3082 2302 Agnetis
3117 2237 3395 2306 martyris,

1826 2331 1881 2378 et
1909 2323 1978 2378 ab
2027 2322 2130 2377 alia
2172 2331 2329 2393 parte
2374 2338 2600 2379 numero
2638 2322 2822 2378 Bando
2847 2325 3019 2393 primo
3053 2339 3158 2379 non
3184 2325 3339 2396 longe
3363 2342 3393 2379 a

1827 2413 2074 2470 Milliario
2140 2430 2325 2471 aureo.
2399 2414 2607 2470 Tandiu
2681 2415 3059 2489 [Tamdiuque]
3126 2418 3421 2472 exercitus.

1828 2505 2148 2561 Tlieuderici
2205 2504 2349 2560 fame
2383 2504 2586 2578 [famis]
2633 2508 2957 2577 perdomuit,
3013 2509 3268 2578 quamdiu
3294 2525 3390 2564 co—

1826 2598 1927 2663 ria,
1956 2598 2040 2652 vel
2068 2598 2173 2652 alia
2199 2599 2475 2654 immunda
2497 2607 2551 2653 et
2577 2599 2794 2654 horrida
2821 2599 3187 2669 urguebantur
3210 2615 3367 2656 come

1829 2693 1975 2758 dere,
2000 2703 2055 2749 et
2078 2694 2244 2748 multa
2293 2709 2542 2763 corpora,
2577 2710 2697 2763 qua:
2726 2703 2939 2749 servata
2986 2703 3111 2749 sunt
3136 2711 3167 2749 a
3195 2695 3399 2765 gladio,

1826 2781 2001 2839 fames
2048 2785 2292 2854 peremit.
2334 2784 2403 2838 Et
2451 2783 2627 2839 factus
2654 2793 2742 2839 est
2775 2793 3115 2840 terrazmotus
3165 2801 3417 2856 magnus.

1827 2872 1983 2927 valde
2005 2873 2265 2942 gallorum
2290 2882 2452 2928 cantu
2475 2874 2707 2943 septimo
2730 2873 2848 2926 Kal.
2874 2872 3134 2928 Januarii.
3160 2875 3225 2928 Et
3248 2876 3413 2930 dedit.

1827 2961 2072 3023 Odoacer
2102 2962 2436 3018 Theoderico
2464 2961 2631 3017 filium
2660 2962 2901 3017 obsidem
2936 2963 3124 3032 quinto
3155 2963 3307 3028 Kal.,
3339 2974 3418 3019 et.

1826 3062 1949 3123 post
1974 3061 2205 3124 quatuor
2228 3069 2442 3110 menses
2464 3063 2551 3109 est
2592 3055 2813 3110 civitate
2863 3055 3048 3110 Classe
3094 3056 3417 3127 ingressus-

191 3138 411 3212 mitigata,
467 3142 693 3198 illaesam
741 3143 1047 3200 Ravennam
1079 3154 1200 3216 post
1229 3153 1437 3217 tergum
1481 3146 1718 3217 reliquit.
1749 3132 1793 3193 C
1824 3145 1952 3201 Post
1976 3146 2090 3201 haec
2111 3154 2289 3201 autem
2335 3147 2421 3200 vir
2452 3146 2797 3202 beatissimus
2841 3144 3078 3202 Joannes
3116 3149 3385 3218 archiepi-

188 3229 246 3285 Ει
273 3232 351 3287 illo
392 3234 632 3303 denique
654 3234 740 3289 die
762 3250 869 3290 non
900 3233 955 3289 in
992 3244 1136 3291 tanta
1180 3235 1495 3291 crudelitate
1541 3251 1723 3306 perse-

187 3323 372 3387 verant,
410 3333 472 3380 et
493 3325 613 3380 sine
642 3324 779 3380 bello
819 3327 1106 3381 commisso
1137 3328 1203 3381 ad
1234 3327 1507 3398 proprium
1536 3343 1721 3383 rever-

184 3426 254 3465 sus
268 3424 343 3468 est
370 3430 625 3485 regnum,
656 3426 710 3470 et
732 3432 837 3471 non
886 3425 1092 3471 tantum
1138 3418 1342 3473 viribus
1373 3418 1566 3473 fortior
1602 3418 1720 3484 fuit,

183 3501 553 3574 salingcniose
608 3506 904 3575 praeliabat,
961 3509 1100 3562 unde
1128 3508 1195 3562 de
1234 3523 1298 3563 eo
1341 3507 1395 3563 in
1425 3508 1724 3578 proverbiis

180 3590 377 3649 dicitur:
435 3614 457 3646 ι
499 3596 668 3650 Attila
717 3612 832 3681 rex,
886 3598 1199 3667 priusquam
1250 3614 1401 3653 arma
1463 3608 1722 3666 sumeret,

182 3693 273 3739 arte
306 3688 605 3758 pugnabat,
648 3696 703 3743 et
742 3697 861 3760 post
902 3691 1015 3746 haec
1046 3692 1224 3746 omnia
1253 3707 1285 3747 a
1318 3692 1577 3747 vilissima
1607 3709 1726 3746 mu-

181 3770 283 3828 liere
308 3777 489 3831 cultro
517 3776 783 3843 defossus,
822 3787 1062 3834 mortuus
1117 3789 1219 3835 est.
1258 3801 1275 3833 ι
1311 3780 1553 3836 Sufﬁciat
1578 3798 1722 3836 nunc

182 3863 302 3918 vobis
326 3864 494 3921 hodie
521 3864 591 3919 de
614 3865 715 3920 viri
742 3867 913 3922 sancti
941 3867 1094 3924 istius
1120 3870 1227 3924 vita
1252 3871 1454 3927 audire.
1490 3871 1723 3940 Tempus

177 3953 484 4027 enimpmpe
519 3963 627 4022 est,
656 3954 876 4027 jamque
903 3958 983 4014 sol
1009 3958 1244 4029 duplicat
1272 3962 1508 4026 umbras,
1539 3971 1593 4015 et
1623 3962 1722 4016 ob-

174 4047 477 4103 teaebrescit
497 4047 638 4113 dies,
670 4047 851 4103 deficit
899 4050 1049 4104 hora.
1083 4049 1283 4106 Tamen
1313 4054 1403 4121 qui
1431 4067 1515 4107 me
1546 4052 1723 4107 curio-

172 4133 262 4189 sius
303 4137 417 4191 vult
439 4152 664 4209 cogere,
696 4137 839 4193 unde
868 4139 1057 4207 scripsi
1113 4155 1295 4209 supra,
1350 4140 1616 4210 quomodo
1641 4142 1724 4196 vir

174 4225 254 4281 iste
272 4239 497 4284 sanctus
525 4229 739 4285 mortali
786 4245 1009 4299 corpore
1037 4233 1244 4300 positus
1269 4233 1563 4303 angelicam
1614 4234 1723 4303 spi-

174 4318 403 4379 ritualem
420 4323 846 4393 contemplasset
869 4324 1121 4396 efﬁgiem,
1147 4327 1191 4381 si
1212 4335 1334 4398 post
1366 4326 1599 4383 triduum
1622 4329 1723 4384 im-

172 4410 347 4469 becillis
377 4432 496 4470 non
528 4414 704 4479 fuero,
740 4414 919 4470 divino
970 4425 1189 4485 potente
1229 4418 1450 4484 auxilio,
1499 4420 1721 4488 antiqua

1825 3252 2020 3307 scopas
2048 3237 2258 3307 aperuit
2302 3247 2490 3307 portas
2533 3238 2790 3301 civitatis,
2818 3254 2954 3310 quas
2978 3238 3221 3296 Odoacer
3241 3240 3391 3295 clau-

1820 3337 1988 3393 serat,
2014 3336 2069 3384 et
2117 3318 2252 3384 eiiit
2278 3328 2425 3384 foras
2455 3345 2578 3385 cum
2628 3331 2901 3396 crucibus,
2931 3340 3002 3387 et
3052 3331 3425 3395 tburribulis..

1822 3428 1877 3474 et
1904 3420 2106 3475 sanctis
2136 3420 2460 3490 Evangeliis,
2485 3436 2672 3491 pacem
2724 3430 2914 3492 petens
2935 3422 3388 3478 cum'sacerdoti-

1822 3495 1924 3564 bus
1952 3517 2008 3565 et
2041 3510 2281 3576 clericis,
2299 3510 2573 3580 psallendo
2604 3512 2657 3565 in
2687 3521 2884 3566 terram
2920 3521 3245 3583 prostratus.
3279 3514 3386 3569 Ob-

1823 3605 1980 3659 tinuit
2005 3621 2124 3674 quae
2152 3605 2385 3674 petebat.
2420 3605 2616 3659 Invitat
2645 3620 2841 3659 novum
2868 3621 3049 3676 regem
3079 3608 3146 3660 de
3174 3605 3428 3684 Oriente~

1821 3695 2148 3758 venientem,
2185 3705 2241 3749 et
2268 3711 2375 3764 pax
2407 3694 2481 3748 illi
2515 3693 2650 3766 [illa]
2682 3694 2751 3749 ab
2778 3711 2844 3749 eo
2872 3710 3129 3750 concessa
3153 3705 3255 3760 est,
3282 3712 3392 3751 non

1822 3788 1995 3842 solum
2044 3786 2415 3842 Ravennensis
2456 3786 2590 3841 civis
2631 3784 3098 3857 [Ravennensibus
3136 3786 3421 3858 civib‘us],.

1821 3877 1917 3933 sed
1969 3877 2130 3931 etiam
2183 3877 2436 3932 omnibus
2489 3875 2774 3940 Romanis,
2832 3890 2934 3945 pro
2972 3876 3169 3946 quibus
3203 3878 3413 3932 beatus.

1822 3966 2110 4037 postulavit
2137 3963 2390 4020 Joannes.
2422 3965 2492 4019 Et
2514 3965 2682 4020 subiit
2727 3965 3037 4019 Ravennam
3087 3965 3249 4021 tertio
3276 3965 3387 4020 No-

1824 4074 1924 4113 nas
1974 4057 2216 4115 Martias.
2283 4056 2412 4111 Post
2463 4070 2662 4126 paucos
2704 4055 2820 4111 dies
2854 4055 3054 4110 occidit
3092 4054 3389 4112 Odoacrem

1822 4164 1917 4202 rex
1948 4148 2000 4203 in
2046 4146 2245 4217 palatio
2299 4147 2352 4201 in
2376 4146 2554 4201 Lauro
2582 4162 2706 4201 cum
2746 4145 3035 4200 comitibus
3074 4145 3205 4200 suis.
3236 4144 3391 4200 Post-

1822 4256 1983 4311 quam
2008 4240 2232 4310 jubente
2258 4238 2595 4294 Theoderico
2644 4236 2958 4292 interfectus
2998 4246 3084 4292 est
3125 4235 3389 4300 Odoacer,

1822 4330 1970 4387 solus
2007 4338 2063 4385 et
2090 4344 2315 4386 securus
2366 4329 2608 4400 regnavit
2664 4327 3029 4383 Romanorum
3060 4343 3231 4383 more.
3263 4327 3389 4384 0m-

1825 4434 1924 4475 nes
1979 4419 2320 4475 adversarios
2350 4419 2591 4475 devictos
2621 4419 2897 4490 trigesimo
2951 4419 3106 4490 regni
3135 4420 3219 4475 sui
3247 4435 3389 4474 anno
3413 4466 3421 4472 .

174 4504 325 4571 verba,
357 4522 489 4578 quae
519 4506 649 4561 olim
704 4507 839 4561 meis
876 4508 1098 4563 auribus
1151 4510 1524 4575 insonuerunt,
1574 4487 1723 4567 velut
1745 4487 1799 4547 D
1825 4509 2232 4566 Ravennianum
2257 4510 2554 4565 exercitum
2577 4510 2633 4565 in
2675 4487 2915 4565 Siciliam
2947 4487 3116 4575 misit,
3151 4511 3388 4582 dep0pu-

170 4594 354 4652 diversa
378 4598 537 4652 olera
562 4595 790 4650 calathis
830 4597 1002 4667 posita
1042 4599 1290 4655 maximis
1321 4601 1722 4658 characteribus

170 4685 423 4742 literarum
472 4686 617 4756 stvlo
659 4688 918 4754 exaratis,
952 4692 1147 4746 vestris
1195 4690 1366 4746 feram
1414 4692 1719 4762 conspecti-

167 4778 265 4834 bus.

768 4867 994 4928 CAPUT
1019 4873 1102 4928 Ill.

166 4990 390 5047 Odoacer
418 5010 457 5048 α
490 4991 812 5046 Theoderico
844 4989 1154 5060 devincitur,
1183 4990 1273 5060 qui
1310 4989 1556 5060 ﬂaverint}
1581 4991 1720 5058 poti-

221 5072 318 5115 tur.
350 5061 601 5131 Joannes
654 5077 823 5131 regem
856 5059 1049 5131 placat,
1099 5058 1481 5131 propitiamque
1521 5058 1723 5114 Raven-

219 5124 431 5187 wibat’s
476 5132 666 5186 reddit.
700 5124 817 5184 Alia
844 5124 909 5183 de
938 5124 1251 5183 Theoderico
1286 5130 1335 5182 ι’.

219 5240 463 5296 Externa
511 5241 742 5311 denique
786 5239 873 5293 die
921 5239 1132 5295 modica
1180 5238 1427 5294 molestia
1477 5239 1722 5308 corporis

164 5340 466 5388 coarctatus
491 5346 598 5386 non
622 5329 775 5385 vobis
795 5329 974 5384 omnia
997 5329 1139 5384 valui
1157 5329 1398 5398 praedicti
1426 5330 1597 5384 sancti
1617 5328 1722 5383 viri

167 5420 407 5475 miracula
439 5433 705 5483 narrare;
736 5418 830 5474 sed
853 5427 1032 5473 tamen
1080 5418 1260 5473 divina
1288 5417 1580 5492 miserante
1605 5416 1719 5472 cle-

165 5512 345 5566 mentia
370 5510 723 5567 orationibus
748 5510 960 5565 vestris.
991 5550 1005 5563 .
1038 5550 1052 5563 .
1083 5549 1097 5563 .
1126 5548 1141 5563 .
1172 5549 1187 5564 .
1215 5549 1230 5564 .
1262 5550 1277 5574 ,
1304 5523 1423 5579 qua:
1465 5525 1529 5565 ex
1557 5525 1720 5580 gran-

166 5596 311 5657 k'vis
352 5603 503 5657 viris
532 5602 877 5657 narrantibus
924 5600 1126 5665 audivi,
1156 5600 1202 5655 si
1230 5601 1390 5656 verba
1425 5603 1723 5659 meminero

219 5728 243 5756 ι
280 5717 453 5774 [dest
475 5715 703 5783 (milia;
735 5717 815 5774 sic
847 5714 1049 5787 passim
1076 5713 1222 5787 alibi.
1265 5713 1459 5771 Bxccn.

1824 4601 1979 4666 lavit,
2000 4608 2057 4655 et
2086 4600 2197 4655 suis
2236 4600 2531 4658 ditiouibus
2572 4600 2917 4672 mancipavit.
2952 4600 3021 4656 Et
3053 4601 3222 4672 ipsius
3250 4610 3407 4656 teme

1824 4689 2043 4759 poribus
2066 4704 2098 4743 a
2128 4698 2280 4759 parte
2308 4688 2574 4760 aquilonis
2598 4690 2668 4744 ab
2690 4690 2940 4745 omnibus
2969 4690 3145 4744 visum
3169 4697 3253 4745 est
3275 4706 3386 4745 cce-

1824 4778 1934 4835 lum
1958 4780 2170 4835 ardere.
2200 4779 2556 4851 Symmachus
2575 4790 2632 4835 et
2678 4780 2899 4836 Boetius
2934 4780 3170 4850 patricii,
3206 4779 3381 4835 Then-

1826 4867 2269 4938 dericojubente,
2315 4886 2481 4926 carne
2520 4871 2834 4942 propinqui,
2875 4871 3127 4942 civesque
3161 4869 3414 4925 Romani

1825 4976 1948 5016 cum
1978 4961 2258 5016 securibus
2286 4961 2547 5030 capitibus
2573 4961 2835 5029 amputati
2882 4969 3041 5024 sunt;
3075 4966 3131 5014 et
3156 4957 3405 5013 Joannes.

1823 5065 1961 5122 papa
2012 5050 2285 5106 Romanus
2334 5042 2458 5119 post
2507 5050 2834 5118 legationem
2891 5050 2958 5104 de
2998 5048 3220 5104 Oriente
3264 5063 3388 5102 cum

1826 5143 2064 5200 Ecclesio
2112 5143 2364 5212 episcopo
2409 5141 2677 5196 Ravenme
2711 5139 2865 5211 jussu
2904 5142 3048 5210 regis
3076 5141 3409 5197 Ravennam.

1825 5233 2016 5289 ductus
2055 5233 2123 5288 ab
2148 5232 2482 5287 Theuderico
2506 5240 2811 5288 coarctatus
2848 5240 2950 5297 est,
2987 5240 3043 5287 et
3068 5231 3254 5286 tandiu
3296 5231 3389 5285 de-

1826 5334 2006 5382 tentus
2032 5333 2134 5389 est,
2161 5323 2397 5392 quandiu
2445 5331 2711 5389 mortuus,
2734 5331 2792 5378 et
2836 5320 2974 5376 infra
3019 5334 3239 5377 carcere
3290 5337 3388 5391 pu-

1824 5417 1967 5473 blico
1996 5418 2049 5471 in
2082 5431 2207 5470 arca
2262 5430 2563 5471 marmorea
2612 5414 2849 5484 sepultus
2902 5421 3006 5470 est.
3038 5413 3107 5467 Et
3142 5412 3388 5482 supradi-

1826 5511 1897 5567 cti
1929 5508 2142 5581 patricii
2169 5507 2223 5561 in
2251 5506 2354 5561 alia
2382 5523 2507 5562 arca
2546 5508 2783 5577 sepultus
2824 5504 3088 5579 [sepulti],
3119 5520 3241 5575 qua:
3264 5518 3397 5574 pera

1826 5609 2007 5658 manet
2036 5614 2204 5667 usque
2255 5599 2307 5652 in
2337 5607 2658 5668 praesentem
2689 5599 2851 5654 diem.
2906 5598 3393 5654 Thoudericusam

1898 5715 1924 5754 δ
1965 5712 2086 5767 llaec
2115 5708 2315 5779 pariter
2341 5710 2407 5765 ad
2429 5709 2663 5789 alterum
2691 5707 2949 5767 Joannem
2973 5716 3243 5780 spectant.
