3956 6190
462 295 563 354 535

1168 292 1465 348 AGNELLI
1498 288 1789 346 ABBATIS
1825 290 1887 346 S.
1926 288 2165 345 MARIIE
2205 290 2298 346 AD
2336 288 2813 357 BLACHERNAS,
2852 290 3002 347 ETC.

3602 294 3709 353 556

459 420 571 468 tem
622 416 746 481 post
793 407 1012 480 triginta
1054 384 1289 485 quatuor
1348 422 1517 462 annos
1570 408 1719 479 regni
1752 407 1834 461 sui
1862 405 2028 476 ccepit
2055 409 2107 467 Α
2131 416 2234 471 set,
2267 414 2325 460 ut
2363 408 2407 462 si
2437 423 2544 462 non
2578 415 2724 462 tanta
2756 424 2944 477 arma,
2974 416 3034 463 ut
3072 418 3208 478 opus
3235 408 3444 475 fuisset,
3485 411 3711 469 inventa

458 500 711 558 claudere
736 498 992 554 ecclesias
1033 497 1151 561 Dei,
1196 504 1251 550 et
1279 504 1556 551 coarctare
1584 496 1942 555 Christianos.
1972 502 2030 549 et

458 586 639 649 subito
659 589 864 645 ventris
900 582 1102 643 ﬂuxum
1140 588 1425 643 incurrens
1448 595 1696 643 mortuus
1722 595 1826 651 est,
1852 585 2027 655 sepul-

460 694 651 754 tusque
674 691 757 738 eat
781 683 837 736 in
865 681 1194 736 Mausoleum
1223 680 1366 750 quod
1407 680 1520 750 ipse
1572 680 1842 736 aediﬁcare
1863 679 2028 748 jussit

457 781 610 830 extra
639 780 826 844 portas
855 772 1231 836 Artemetoris,
1276 771 1418 840 quod
1441 786 1614 841 usque
1658 770 1818 825 hodie
1860 784 2025 825 voea-

455 881 577 923 mus
598 867 663 922 ad
703 866 921 931 Farum,
946 864 1037 919 ubi
1062 872 1146 920 est
1167 863 1552 918 monasterium
1596 870 1796 918 sanctae
1819 862 2023 928 Mariae,

454 972 574 1030 qnte
605 959 803 1014 dicitur
829 976 842 1010 :
870 957 952 1011 Ad
981 955 1298 1011 memoriam
1346 956 1488 1025 regis
1515 954 1856 1011 Theudorici.
1894 954 2018 1019 Sed,

455 1058 514 1104 ut
538 1048 668 1103 mihi
697 1047 911 1102 videtur
938 1060 1079 1113 esse,
1131 1044 1377 1116 sepulcro
1404 1044 1674 1116 projectus
1698 1052 1803 1111 est,
1828 1052 1884 1100 et
1908 1045 2024 1115 ipsa

452 1155 590 1197 urna
618 1141 707 1196 ubi
726 1139 915 1209 jacuit,
945 1155 1009 1195 ex
1037 1139 1213 1210 lapide
1242 1138 1625 1209 porphyretico
1679 1138 1834 1194 valde
1858 1139 2025 1193 mira-

451 1233 598 1298 bilis,
627 1240 752 1287 ante
783 1231 951 1303 ipsius
973 1230 1285 1286 monasterii
1319 1230 1523 1285 aditum
1567 1230 1744 1300 posita
1776 1238 1877 1284 est.
1914 1229 2022 1285 Sed

452 1324 584 1379 satis
630 1330 852 1395 vagatus
901 1337 1019 1377 sum
1076 1335 1175 1391 per
1207 1321 1440 1387 diversa,
1482 1323 1548 1376 ad
1604 1330 1787 1376 nostra
1835 1338 2020 1377 rever-

451 1424 648 1469 tamur.

1054 1500 1281 1557 CAPUT
1320 1504 1406 1556 IV.

391 1653 407 1667 .
448 1606 1211 1683 Prieilegiuncsupposititiam
1264 1600 1617 1683 Valentiniani
1660 1629 1754 1683 pro
1802 1613 2021 1670 ecclesia

518 1680 826 1762 Ravennati.
892 1679 1289 1733 Valentinianus
1349 1679 1668 1737 Ravennam'
1706 1693 1908 1750 ornat,
1972 1694 2021 1739 et

514 1761 702 1805 manu.

515 1859 678 1916 Multa
723 1861 985 1916 sanctitas
1024 1861 1125 1916 fuit
1164 1863 1218 1915 in
1267 1863 1522 1932 praedicto
1546 1864 1661 1918 viro
1704 1862 1931 1930 Joanne,
1962 1875 2017 1920 et

444 1969 565 2009 cum
590 1954 654 2007 ad
683 1967 842 2008 aures
862 1952 1221 2007 Valentiniani
1247 1954 1594 2024 Imperatoris
1619 1953 1736 2021 ejus
1767 1954 1906 2010 l‘ama
1927 1956 2018 2011 de-

442 2045 699 2109 venisset,
750 2058 845 2115 per
882 2044 1049 2098 multa
1090 2058 1252 2116 opera
1297 2044 1586 2118 [tempora]
1622 2047 1862 2116 cupierat
1892 2063 2015 2102 eum

442 2138 645 2193 videre.
676 2137 783 2195 Sed
812 2139 947 2194 nihil
985 2141 1171 2195 nociva
1209 2148 1354 2204 sunt,
1400 2155 1520 2211 quae
1559 2126 1804 2212 superius
1849 2143 2017 2212 expli-

442 2243 569 2284 care
612 2228 794 2295 debui,
825 2238 886 2283 ut
926 2245 1031 2305 non
1072 2229 1439 2295 obmittamus,
1479 2230 1703 2287 inferius
1743 2241 2012 2289 notemus.

443 2321 802 2387 Quamobrem
853 2320 1264 2376 Valentinianus
1316 2322 1700 2378 serenissimus
1745 2336 1812 2377 ex
1864 2333 2017 2394 patre

439 2411 755 2467 Constantio
775 2412 941 2468 Gallae
974 2413 1226 2468 Placidia:
1252 2412 1396 2479 ﬁlius
1430 2415 1496 2469 ad
1530 2424 1775 2472 sanctum
1799 2416 2017 2486 pontiﬁ-

438 2516 557 2557 cem
582 2506 892 2574 properavit
917 2504 1201 2570 Joannem,
1232 2515 1288 2561 et
1319 2521 1549 2567 excusso
1577 2508 1880 2563 diademate
1922 2525 2015 2563 ca-

436 2594 566 2664 pitis
588 2608 779 2650 vocum
814 2604 956 2650 metu
992 2606 1046 2651 et
1086 2597 1393 2651 reverentia
1433 2596 1706 2661 salutavit,
1752 2607 1914 2669 atque
1943 2600 2009 2654 ab

438 2698 506 2741 eo
529 2685 905 2742 benedictione
931 2693 1183 2757 percepta
1206 2686 1365 2740 hilari
1386 2687 1534 2742 vultu
1567 2689 1814 2744 recessit.
1845 2702 1869 2730 ι
1900 2683 2017 2745 Νοη

436 2785 561 2850 post
598 2777 796 2833 multos
820 2777 934 2833 dies
975 2777 1117 2833 idem
1147 2777 1421 2848 Augustus
1462 2780 1562 2834 sub
1609 2781 2019 2838 consecratione

435 2867 498 2922 B.
535 2866 758 2924 Joannis
783 2868 1043 2923 antistitis
1066 2867 1185 2923 XIV
1219 2868 1466 2925 civitates
1511 2885 1635 2925 cum
1674 2871 1787 2926 suis
1839 2873 2015 2929 eccle-

437 2958 532 3031 siis
555 2960 786 3032 largitus
808 2969 892 3016 est
929 2961 1285 3017 archieratica
1306 2969 1577 3033 potestate
1603 3005 1616 3027 ,
1657 2971 1712 3019 et
1754 2980 1927 3036 usque
1960 2966 2013 3022 in

434 3062 756 3124 praesentem
771 3054 908 3109 diem
924 3054 1328 3123 quatuordeeim
1351 3055 1599 3110 civitates
1610 3071 1729 3111 cum
1744 3057 2011 3129 episropis

437 3142 540 3198 sub
555 3140 824 3198 Ravennae
845 3143 1085 3199 Ecclesia
1104 3146 1339 3199 redacta:
1353 3155 1498 3199 sunt.
1522 3146 1638 3201 Una
1654 3160 1784 3202 vero
1803 3148 2009 3217 episco-

434 3233 577 3305 palis
597 3233 853 3289 cathedra
881 3234 1073 3289 civitas
1094 3235 1370 3289 destructa
1393 3235 1564 3303 deest,
1597 3236 1750 3306 cujus
1772 3239 2009 3295 vocabu-

433 3324 546 3379 lum
576 3324 825 3380 Brintum
856 3325 1072 3389 dicitur,
1104 3340 1211 3380 nou
1239 3325 1396 3397 longe
1427 3340 1456 3380 a
1491 3325 1829 3383 Bononiense
1856 3328 2007 3385 urbe.

435 3416 541 3473 Iste
565 3417 773 3487 primus
810 3416 876 3471 ab
899 3416 1139 3484 Augusto
1168 3416 1384 3487 pallium
1420 3433 1487 3473 ex
1511 3419 1736 3473 candida
1767 3420 1891 3475 lana
1921 3436 2014 3491 ac:

437 3507 600 3578 cepit,
644 3515 705 3561 ut
730 3522 850 3562 mos
877 3514 963 3562 est
1003 3506 1369 3563 Romanorum
1398 3508 1639 3578 pontiﬁci
1666 3525 1827 3581 super
1849 3511 2011 3582 duplo

435 3599 577 3655 idem
604 3598 848 3664 induere,
884 3612 991 3671 quo
1022 3613 1155 3653 usus
1190 3606 1276 3654 est
1311 3598 1427 3669 ipse
1470 3608 1527 3655 et
1557 3615 1898 3657 successores
1929 3603 2013 3658 sui
2066 3638 2073 3647 ο

432 3705 608 3760 usque
644 3689 697 3744 in
722 3698 1041 3760 praesentem
1068 3689 1232 3744 diem.
1273 3687 1485 3745 Celsum
1531 3691 1730 3746 etenim
1776 3692 2013 3748 Valenti-

435 3782 630 3837 nianus
666 3779 757 3836 illo
788 3780 841 3834 in
887 3788 1128 3849 tempore
1172 3779 1483 3835 Ravennam
1535 3783 1751 3838 tenebat
1795 3798 2010 3851 arcem,

434 3875 463 3915 1³
494 3872 833 3945 regalemque
858 3872 1033 3928 aulam
1061 3882 1273 3955 struere
1294 3874 1459 3945 jussit
1483 3875 1535 3929 in
1559 3874 1678 3930 loco
1700 3876 1791 3945 qui
1816 3875 2013 3931 dicitur

435 3965 506 4020 ad
534 3964 783 4021 Laureta.
820 3963 946 4020 Ideo
992 3963 1223 4020 Laureta
1275 3965 1490 4031 dicitur,
1543 3966 1668 4036 quia
1724 3965 2011 4037 aliquando

437 4059 776 4130 triumphalis
801 4060 1025 4115 victoria
1064 4060 1204 4115 facta
1250 4060 1449 4115 ibidem
1497 4059 1618 4115 fuit.
1649 4060 2007 4132 Antiquorum

431 4151 557 4207 talis
581 4161 698 4207 erat
725 4153 882 4218 ritus,
913 4161 975 4208 ut
1003 4153 1327 4223 quicumque
1364 4153 1429 4207 de
1461 4146 1807 4209 inimicis’vel
1833 4154 2003 4209 hosti-

432 4241 535 4296 bus
561 4242 947 4313 triumphabat,
983 4258 1183 4298 corona
1208 4244 1391 4300 laurea
1429 4243 1545 4314 ejus
1570 4247 1733 4316 capiti
1757 4247 2011 4317 cingeba-

435 4344 542 4398 tur,
572 4335 714 4390 unde
753 4334 895 4406 apud
923 4344 1134 4391 veteres
1175 4335 1350 4391 laudis
1388 4337 1824 4393 nominabantur.
1881 4340 2009 4395 Post

430 4437 563 4477 vero
595 4421 803 4478 sublata
830 4423 864 4477 ά
887 4423 1065 4489 litera,
1090 4423 1271 4479 addita
1302 4442 1349 4492 r,
1381 4425 1498 4496 ipsa
1529 4428 1691 4483 arbor
1716 4428 1901 4485 laurus
1925 4429 2009 4484 dis

434 4520 520 4565 cta
540 4519 641 4565 est.
669 4510 735 4564 Et
756 4510 810 4565 in
842 4512 959 4581 ipsa
991 4512 1151 4567 domo
1181 4514 1328 4584 regia
1356 4514 1526 4570 multo
1547 4523 1792 4586 tempore
1813 4515 2007 4571 Valen-

434 4598 672 4655 tinianus
717 4613 1084 4658 commoratus
1123 4611 1227 4671 est,
1282 4611 1349 4671 et,
1388 4604 1516 4661 hinc
1560 4614 1721 4677 atque
1768 4608 1893 4664 inde
1942 4625 2009 4665 ex

432 4699 661 4761 utraque
686 4703 839 4762 parte
866 4693 1056 4763 platea:
1090 4692 1323 4749 civitatis
1350 4710 1558 4767 magnae
1579 4698 1845 4754 mmuibus
1870 4697 2010 4771 [ma-

433 4782 552 4853 gnis
596 4781 888 4856 mmnibus]
930 4783 1227 4851 decoravit,
1285 4794 1340 4841 et
1383 4795 1566 4843 vectes
1611 4786 1816 4844 ferreos
1865 4788 2004 4844 infra

431 4873 641 4928 viscera
668 4875 807 4930 muri
839 4874 1085 4951 claudere
1129 4875 1311 4945 jussit.
1358 4874 1483 4934 Ideo
1517 4887 1668 4934 tanta
1709 4879 1786 4935 illi
1814 4879 2006 4956 [illius]

434 4964 653 5022 solertia
678 4965 777 5021 fuit
806 4975 994 5021 utnon
1022 4966 1197 5023 solum
1233 4982 1331 5039 pro
1359 4977 1555 5025 ornatu
1590 4977 1770 5026 vectes
1801 4970 2007 5027 ferreos

435 5066 776 5129 apparerent,
809 5074 995 5114 verum
1023 5060 1207 5124 etiam,
1238 5060 1282 5115 si
1308 5060 1489 5131 aliquo
1516 5075 1731 5131 quoquo
1764 5069 2007 5133 tempore

434 5168 563 5223 gens
590 5152 766 5222 aliqua
795 5160 983 5208 contra
1008 5153 1152 5207 hanc
1185 5153 1457 5209 civitatem
1492 5153 1754 5209 dimicare
1792 5145 2002 5209 voluis-

503 5312 531 5341 ι
571 5301 694 5357 Haec
712 5302 780 5358 de
804 5302 1087 5372 metropoli
1116 5302 1427 5358 Ravennate
1452 5318 1549 5372 per
1574 5304 2004 5360 Valentinianum

434 5368 731 5445 Augustum
780 5368 1093 5445 constituta,
1139 5382 1203 5445 et
1236 5373 1405 5445 pallio
1443 5368 1592 5439 dato,
1635 5391 1887 5445 agnosce,
1922 5376 2002 5430 Ie-

435 5448 573 5515 ctor,
604 5439 738 5495 falso
766 5442 1099 5515 _ab_Agnello
1136 5439 1482 5515 schismatico
1522 5439 1738 5499 homine
1778 5447 1998 5515 scripta.

438 5506 576 5587 Lege
601 5512 814 5587 quzede
847 5506 953 5587 hac
982 5513 1134 5587 re\in
1181 5513 1495 5587 prmfatione
1538 5516 1852 5587 suntdicta,
1883 5506 2005 5584 qua:

436 5579 684 5652 sultice‘re
716 5580 961 5650 Agnello,
990 5579 1160 5637 et‘his
1185 5579 1280 5651 qui
1308 5582 1532 5652 Agnello
1559 5585 1851 5647 credidere,
1878 5579 2006 5639 eon-

437 5648 674 5704 l'utandis
715 5648 945 5707 conﬁdo.
1003 5653 1195 5708 Bacon.

513 5720 535 5757 δ
580 5719 695 5775 Not.
726 5737 916 5793 marg,
950 5722 1145 5777 Domus
1173 5724 1224 5775 in
1253 5722 1498 5778 Ravenna
1525 5726 1725 5779 nomine
1756 5724 2000 5781 Laurcta.

2084 540 2087 547 .
2126 506 2324 561 essent,
2351 514 2419 553 ex
2443 499 2573 568 ipsis
2596 500 2836 555 vectibus
2857 501 3079 570 sagittas
3101 500 3448 570 laneeasque,
3464 503 3549 558 vel
3567 504 3711 562 alios

2126 587 2370 644 facerent
2418 589 2647 661 gladios,
2685 597 2779 645 aut
2803 606 2903 661 pro
2939 591 3117 662 aliqua
3165 592 3418 658 utilitate,
3466 603 3525 649 ut
3567 596 3713 650 dixi.

2124 697 2266 745 mus,
2292 682 2447 737 istius
2471 683 2686 738 moenia:
2726 682 2930 738 ferrum
2974 684 3357 753 expenderent,
3401 685 3493 754 qui
3540 686 3714 742 etiam

2125 773 2281 828 istius
2314 773 2455 828 muri
2484 773 2718 828 civitatis
2740 774 2964 828 multum
2986 774 3225 829 adauxit.
3257 774 3584 846 Cingebatur
3609 790 3713 831 au-

2125 872 2234 917 tem
2260 873 2442 929 antea,
2477 865 2630 934 quasi
2657 880 2825 919 unum
2866 880 2931 919 ex
2976 864 3210 934 oppidis,
3254 874 3312 919 et
3335 867 3479 934 quod
3508 864 3712 934 priscis

2125 955 2455 1026 temporibus
2496 956 2809 1027 augustiosa
2834 963 2973 1019 erat,
3017 956 3159 1011 idem
3208 955 3481 1027 Augustus
3516 958 3712 1027 ingen-

2125 1052 2234 1099 tem
2259 1043 2406 1110 l‘ecit,
2432 1053 2487 1099 et
2505 1044 2669 1114 jussit
2693 1060 2757 1100 ac
2781 1045 3023 1101 decrevit
3048 1055 3109 1100 ut
3150 1046 3353 1115 absque
3394 1046 3566 1103 Roma
3595 1048 3711 1103 Ra—

2123 1149 2296 1190 venna
2328 1144 2477 1191 esset
2503 1146 2667 1208 caput
2700 1137 2885 1219 Italiae.

2739 1272 2967 1351 CAPUT
3011 1272 3057 1327 v

2124 1390 2362 1446 Ecclesia
2398 1400 2593 1446 sancta:
2638 1390 2821 1445 Crucis
2861 1391 3124 1459 ludiﬁcata
3169 1407 3203 1443 a
3245 1386 3401 1443 Galla
3432 1388 3705 1459 Placidia.

2195 1460 2463 1530 Singleida
2509 1461 2731 1515 alteram
2766 1462 2935 1515 sancti
2964 1457 3249 1515 'Zachariw
3292 1460 3568 1514 construit.
3622 1457 3707 1514 De

2193 1528 2349 1586 Galla
2377 1528 2619 1585 Placidia
2644 1532 2773 1585 alia.

2190 1645 2401 1699 Interea
2436 1618 2567 1699 cum.
2592 1642 2682 1698 illo
2711 1651 2951 1713 tempore
2980 1651 3156 1698 mater
3184 1640 3541 1697 Valentiniani
3577 1635 3707 1694 ’Διι-

2047 1764 2095 1823 B
2122 1745 2275 1808 gusta
2300 1735 2451 1791 Galla
2489 1735 2725 1790 Placidia
2753 1734 3037 1790 ecclesiam
3074 1740 3275 1789 sancta:
3294 1731 3485 1788 Crucis
3511 1728 3711 1823 redeu-

2121 1825 2271 1881 tricis
2298 1832 2496 1881 nostra:
2539 1823 2852 1891 aediﬁcaret,
2897 1832 3058 1894 nepta
3101 1824 3270 1893 ipsius
3313 1823 3530 1878 nomine
3577 1821 3710 1876 Sin-

2116 1917 2288 1988 gleida
2315 1915 2633 1988 [Singledia]
2667 1923 2828 1972 nocte
2865 1916 3098 1987 quadam
3145 1931 3244 1986 per
3268 1914 3445 1970 visum
3488 1928 3709 1969 ammo—

2109 2010 2251 2073 nita,
2279 2009 2365 2065 cui
2398 2009 2602 2065 adstitit
2629 2008 2713 2062 vir
2755 2007 2809 2062 in
2839 2007 3084 2063 candidis
3122 2005 3459 2062 vestimentis
3502 2003 3711 2060 canitie

2116 2100 2309 2170 capitis
2346 2101 2650 2165 decoratus,
2680 2099 3152 2170 pulcherrimaque
3179 2098 3368 2164 barba,
3401 2104 3456 2152 et
3505 2096 3647 2152 dixit
3688 2114 3706 2150 :

2122 2210 2141 2243 ι
2171 2192 2228 2247 In
2256 2192 2348 2248 illo
2375 2192 2512 2248 etin
2559 2192 2652 2246 illo
2702 2191 2820 2247 loco
2861 2207 2970 2246 nou
3023 2190 3179 2263 longe
3236 2189 3304 2245 ab
3344 2190 3447 2245 hac
3495 2198 3709 2245 sanctae

2115 2283 2305 2339 Crucis
2347 2284 2597 2349 ecclesia,
2645 2298 2805 2352 quam
2857 2284 3020 2337 amita
3074 2291 3163 2337 tua
3209 2283 3479 2338 mdiﬁcare
3519 2279 3705 2350 jubet,

2115 2383 2377 2445 quantum
2419 2374 2627 2445 jactum
2662 2373 2873 2443 sagitta:
2900 2381 3006 2438 est,
3050 2381 3301 2428 construe
3344 2373 3476 2427 mihi
3513 2387 3709 2427 mona-

2115 2465 2361 2528 sterium,
2403 2465 2543 2519 sicut
2570 2464 2908 2535 designatum
2950 2464 3218 2519 inveneris
3245 2462 3323 2536 [et
3365 2464 3436 2518 ibi
3478 2463 3567 2518 ubi
3618 2465 3706 2519 in-

2114 2554 2349 2627 veneris]
2375 2555 2427 2610 in
2459 2563 2629 2620 terra,
2651 2555 2829 2610 crucis
2849 2554 3200 2610 similitudine
3221 2553 3702 2627 [similitudinem].

2117 2643 2201 2701 Sit
2224 2645 2296 2700 ibi
2323 2645 2491 2699 altare
2519 2652 2921 2708 consecratum,
2948 2653 3004 2699 et
3037 2644 3253 2715 impone
3284 2659 3463 2699 meum
3490 2644 3708 2700 Zacha—

2115 2738 2209 2793 riaa
2229 2734 2566 2802 vocabulum,
2597 2735 2959 2791 Prmcursoris
2988 2745 3161 2808 pater.
3202 2756 3220 2789 ι
3254 2733 3385 2803 Qum
3411 2744 3533 2791 mox
3562 2737 3710 2806 vigi—

2114 2828 2232 2883 lans
2271 2827 2515 2883 cucurrit
2564 2826 2726 2882 citius
2772 2828 2841 2883 ad
2897 2827 3095 2895 locum,
3147 2828 3240 2884 ubi
3275 2827 3577 2899 designatio
3622 2827 3703 2883 illi

2113 2927 2329 2974 ostensa
2357 2916 2518 2974 fuerit
2549 2916 2794 2991 [fuerat].
2826 2916 3036 2973 Invenit
3073 2918 3229 2989 quasi
3274 2918 3343 2973 ad
3378 2934 3572 2973 manus
3596 2919 3700 2974 ho-

2113 3010 2276 3066 minis
2325 3019 2573 3066 cavatum
2640 3010 3048 3066 fundamentum
3101 3010 3312 3067 fuisset.
3387 3011 3517 3079 Quae
3569 3025 3698 3067 mox

2036 3116 2082 3179 ο
2110 3100 2853 3174 procurrens.[pr:ecurrens]
2886 3102 3071 3158 retulit
3109 3102 3363 3174 Augustae
3403 3119 3528 3159 cum
3570 3118 3702 3176 gau-

2117 3194 2207 3249 dio
2233 3208 2447 3264 magno,
2480 3202 2535 3248 et
2552 3193 2708 3263 petiit
2731 3193 2799 3249 ab
2821 3209 2887 3248 ea
2917 3193 3215 3265 operarios.
3245 3194 3596 3266 Largivitque
3618 3195 3698 3250 illi

2114 3281 2370 3336 tredecim
2391 3280 2772 3348 aediﬁcatores,
2805 3291 2860 3339 et
2892 3284 3075 3340 statim
3113 3285 3279 3356 coepit
3318 3283 3610 3351 mdiﬁcare,
3636 3295 3701 3341 ut

2112 3370 2450 3442 designatum
2494 3372 2721 3439 invenit,
2751 3374 2809 3441 in
2844 3373 3197 3445 bissenosque
3239 3375 3374 3441 dies,
3425 3385 3482 3431 et
3525 3391 3695 3431 unum

2113 3461 2332 3532 insuper
2350 3462 2531 3518 omnia
2574 3464 2904 3528 construxit,
2952 3472 3008 3521 et
3048 3465 3117 3519 ad
3143 3463 3393 3520 effectum
3419 3466 3696 3536 perduxit,

2112 3559 2170 3607 et
2201 3552 2563 3619 consecravit,
2602 3554 2905 3624 ditavitque
2933 3569 3056 3609 eum
3083 3555 3140 3610 iu
3180 3570 3335 3621 auro,
3364 3564 3421 3611 et
3448 3566 3695 3626 argento,

2112 3656 2168 3702 et
2190 3648 2407 3705 coronis
2434 3649 2631 3714 aureis,
2673 3658 2730 3704 et
2759 3649 2985 3720 gemmis
3022 3650 3449 3720 pretiosissimis,
3481 3658 3539 3707 et
3565 3650 3697 3707 cali-

2112 3754 2204 3795 ces
2230 3755 2442 3805 aureos,
2474 3756 2610 3811 quos
2640 3741 2695 3795 in
2724 3740 3015 3796 Nativitate
3051 3740 3265 3797 Domini
3309 3745 3611 3811 procedunt
3643 3755 3691 3805 ε’.

2112 3842 2169 3889 et
2216 3848 2313 3903 per
2351 3848 2489 3903 quos
2554 3834 2872 3904 sanguinem
2918 3834 3128 3889 Domini
3185 3841 3469 3904 portamus
3517 3834 3696 3908 [pota-

2112 3923 2276 3997 mus],
2310 3924 2365 3979 in
2401 3932 2586 3980 sancta
2615 3924 2847 3980 Ursiana
2882 3924 3149 3991 Ecclesia,
3177 3926 3302 3981 inde
3339 3925 3579 3981 fuerunt.
3626 3926 3694 3981 Et

2106 4015 2261 4086 juxta
2286 4015 2537 4071 labellum
2566 4015 2751 4071 calicis
2775 4017 2854 4071 sic
2900 4016 3203 4072 invenimus
3248 4018 3553 4086 scriptum:
3601 4016 3693 4087 0f-

2113 4107 2223 4175 fero
2249 4117 2431 4161 sancto
2456 4105 2733 4161 Zachariae
2760 4103 2916 4161 Galla
2960 4104 3204 4161 Placidia
3248 4106 3507 4178 Augusta.
3539 4108 3692 4177 Ipsa-

2111 4213 2217 4267 que
2243 4196 2517 4269 Singleida
2544 4196 2865 4270 [Siugledia]
2907 4197 3104 4252 ibidem
3143 4198 3453 4268 requiescit.
3500 4196 3691 4269 Sepul-

2111 4303 2264 4343 crum
2283 4288 2401 4359 ejus
2427 4287 2583 4344 nobis
2625 4288 2899 4357 cognitum
2928 4284 3029 4343 est.‘
3071 4286 3226 4343 Galla
3268 4303 3395 4343 vero
3427 4288 3689 4360 .Augusta

2110 4378 2397 4433 aediﬁcavit
2443 4377 2728 4435 ecclesiam
2774 4386 2976 4434 sancta:
3025 4377 3217 4434 Crucis
3283 4380 3690 4450 pretiosissimis

2034 4490 2087 4550 D
2113 4468 2376 4538 lapidibus
2409 4477 2693 4535 structam,
2747 4476 2803 4524 et
2847 4484 3044 4540 gypsea
3087 4469 3305 4525 metalla
3349 4469 3578 4540 sculpta.
3629 4470 3686 4525 In

2118 4561 2446 4616 rotunditate
2472 4576 2631 4633 arcus
2657 4576 2847 4617 versus
2887 4562 3142 4617 metricos
3189 4563 3530 4618 continentes
3572 4563 3683 4617 ita:

2242 4651 2481 4716 Christum
2500 4651 2633 4716 fonte
2652 4652 2783 4716 lavat
2807 4653 3012 4711 paradisi
3040 4654 3085 4701 in
3107 4653 3237 4716 serie
3252 4652 3498 4716 Joannes,
3538 4675 3545 4682 -

2242 4714 2331 4772 Qui
2355 4716 2496 4763 vitam
2519 4714 2686 4762 tribuit
2705 4713 2897 4763 felicem
2923 4720 3188 4777 martyrem
3212 4713 3239 4753 ά
3263 4724 3479 4765 mnstret.

2186 4818 2254 4872 Et
2295 4817 2349 4873 in
2389 4816 2565 4871 fronte
2590 4816 2757 4887 ipsius
2787 4817 2970 4886 templi
3002 4817 3338 4873 introeuntes
3364 4817 3454 4887 pili
3491 4816 3685 4886 januas

2117 4907 2345 4977 desuper
2384 4905 2594 4975 depicta
2639 4913 2871 4976 quatuor
2916 4908 3154 4976 paradisi
3207 4906 3449 4971 ﬁumina,
3495 4923 3683 4962 versus

2107 5005 2414 5054 exametros
2440 5004 2497 5050 et
2522 5004 2911 5067 peutametros,
2950 4997 2995 5053 si
3026 4998 3236 5069 legetis,
3264 4998 3573 5054 invenietis.

2229 5108 2441 5174 Christe,
2468 5108 2629 5174 Patris
2657 5107 2891 5174 Verbum,
2919 5111 3083 5159 cuncti
3108 5109 3551 5174 concordglagnmndi
3576 5145 3595 5174 ,

2292 5172 2381 5229 Qui
2408 5175 2462 5219 ut
2482 5169 2627 5219 ﬁnem
2651 5173 2829 5232 nescis,
2856 5174 2927 5220 sic
2949 5184 3147 5234 quoque
3172 5171 3474 5234 principium.

2107 5313 2276 5386 Juxta
2299 5316 2511 5369 domum
2540 5315 2676 5367 hanc
2699 5324 2773 5369 est
2813 5316 2920 5378 uia,
2946 5316 3052 5370 sive
3095 5317 3256 5386 regio,
3298 5332 3417 5386 qua:
3466 5324 3678 5370 uocatur

2110 5385 2361 5455 Laureta,
2389 5386 2445 5438 in
2469 5401 2571 5455 qua
2600 5402 2784 5455 passus
2810 5396 2884 5440 est
2909 5375 3088 5455 beatus
3129 5375 3466 5455 Eustacltius,
3498 5396 3553 5439 ut
3578 5387 3677 5439 hac

2110 5456 2196 5508 bes
2222 5455 2275 5508 in
2300 5452 2674 5524 Martyrologio
2699 5452 2928 5509 Romano
2956 5471 3028 5509 tv.
3054 5454 3185 5509 Idus
3203 5454 3462 5510 Octobris.
3485 5455 3672 5510 Bucca.

2183 5536 2204 5597 ξ
2245 5524 2311 5597 Et
2350 5524 2436 5578 hic
2461 5524 2803 5597 denariorum
2844 5525 3213 5597 meutiohqna:
3244 5527 3297 5580 in
3337 5526 3676 5596 processibus

2111 5593 2511 5649 deferebantur.
2551 5593 2746 5647 Bacon.

2179 5663 2204 5703 ἀ
2249 5664 2497 5720 Mendum
2526 5664 2705 5719 cubat.
2744 5663 2935 5719 Bucca.
