3956 6190
208 338 295 413 s57

313 454 385 506 τε
405 456 586 504 circum
608 448 785 504 sistunt
805 454 1131 507 dieeotos'ter
1153 457 1377 513 Sani-tus,
1394 463 1447 506 et
1468 457 1626 506 Amen

374 518 557 577 Aligeri
582 524 758 579 testes,
781 530 905 577 quos
934 525 1016 566 tua
1040 519 1213 567 dextra
1239 520 1380 579 regit.

320 577 387 629 Te
408 591 570 632 coram,
586 578 716 626 ﬁuvii
737 585 1044 632 currunbper
1066 580 1240 628 saecula
1263 577 1350 627 lusi

374 639 550 697 Tigris,
571 648 626 689 et
646 637 937 700 Euphrates,
962 637 1142 689 Phison
1167 648 1219 690 et
1244 644 1345 698 ipse
1366 640 1523 690 Geou.

320 700 387 753 Te
404 703 655 758 vincente,
674 704 769 748 tuis
790 702 997 760 pedibus
1020 700 1196 749 calcata
1223 716 1312 762 per
1334 716 1491 752 aevum

378 761 633 813 Germanae
655 764 822 811 mortis
844 763 1041 812 crimina
1062 776 1189 812 saeva
1219 761 1401 813 tacent.

276 865 334 920 Et
357 864 536 919 dicunt
560 864 778 933 quidam
801 866 945 934 quod
981 866 1094 935 ipsa
1123 865 1272 921 Galla
1298 866 1534 922 Placidia
1577 867 1761 937 Augu-

224 966 290 1011 sta
312 970 462 1025 super
504 967 737 1025 quatuor
788 964 934 1011 rotas
988 958 1183 1023 rubeas
1234 972 1588 1023 marmoreas,
1642 974 1761 1029 quae

228 1058 330 1103 sunt
350 1055 469 1101 ante
493 1048 796 1102 nominatas
836 1049 1014 1118 regias
1044 1060 1069 1089 ει
1106 1048 1329 1118 jubebat
1354 1064 1551 1120 ponere
1577 1063 1762 1105 cereos

228 1146 369 1193 statos
401 1153 523 1192 cum
565 1139 835 1193 manualia
883 1141 949 1194 ad
979 1155 1309 1207 mensuram,
1345 1152 1402 1196 et
1436 1140 1679 1210 jactabat
1704 1157 1764 1198 se

230 1238 362 1305 noctu
402 1227 454 1283 in
499 1229 679 1284 medio
707 1230 1014 1299 pavimento
1052 1232 1160 1286 Deo
1208 1230 1430 1286 fundere
1468 1247 1677 1302 preces,
1709 1243 1765 1287 et

232 1321 381 1375 tandiu
404 1322 754 1390 pernoctabat
776 1322 831 1375 in
872 1321 1127 1393 lacrymis
1158 1338 1340 1389 orans,
1385 1323 1619 1392 quandiu
1648 1324 1762 1393 ipsa

231 1411 401 1467 lumina
430 1413 813 1482 perdurabant.
844 1414 912 1468 Et
954 1414 999 1469 si
1042 1414 1203 1470 vultis
1237 1415 1511 1484 inquirere
1543 1415 1764 1470 annulo-

235 1502 348 1573 giam
387 1502 693 1558 Maximiani
750 1503 1161 1575 archiepiscopi,
1212 1502 1533 1560 Chronicam
1583 1504 1760 1575 legite.

235 1595 297 1650 lbi
318 1594 453 1665 plura
478 1596 543 1651 de
579 1596 645 1651 ed
679 1605 733 1651 et
759 1597 824 1654 de
852 1598 1035 1652 multis
1080 1597 1495 1667 imperatoribus
1537 1607 1592 1652 et
1617 1598 1764 1668 regi-

232 1688 622 1745 businvenietis.
651 1690 768 1760 Ipsa
817 1706 1029 1760 quoque
1076 1688 1338 1762 Augusta,
1389 1700 1678 1761 postquam
1732 1704 1764 1744 a

233 1784 429 1876 quodam
454 1784 727 1855 Atbulpho
750 1784 933 1840 relicta
969 1794 1073 1850 est,
1125 1786 1195 1842 ab
1246 1786 1483 1875 Honorio
1532 1788 1767 1857 impera-
1794 1817 1841 1876 Β

233 1885 329 1930 tore
353 1875 653 1931 Constantio
677 1877 857 1932 comiti
887 1878 942 1933 in
986 1872 1388 1933 matrimonium
1419 1880 1541 1934 data
1569 1888 1674 1943 est,
1710 1885 1792 1961 et.

229 1974 400 2035 postse
430 1967 579 2038 quasi
605 1982 970 2024 successorem
1007 1970 1302 2041 Imperator
1339 1969 1574 2041 reliquit.
1616 1970 1767 2027 Uno-

227 2075 318 2129 que
340 2073 468 2112 anno
490 2057 839 2116 Constantius
866 2068 988 2130 post
1012 2070 1242 2116 mortem
1270 2060 1492 2137 Honorii
1522 2062 1767 2133 gentibus

228 2151 496 2221 imperavit,
527 2152 719 2206 morbo
744 2158 1022 2221 correptus
1045 2151 1240 2205 vitales
1276 2166 1436 2206 auras
1469 2151 1669 2206 amisit.
1702 2151 1770 2206 Et

228 2240 417 2311 reliquit
457 2241 625 2296 ﬁlium
665 2240 933 2295 modicum
977 2239 1162 2304 Gallae,
1194 2239 1625 2295 Valentinianum
1672 2255 1770 2294 no-

226 2331 351 2385 mine
372 2331 418 2385 b.
456 2330 589 2386 Cum
615 2330 701 2386 bis
744 2338 927 2385 ternos
969 2346 1139 2385 annos
1178 2338 1233 2384 et
1269 2337 1500 2399 quatuor
1526 2337 1766 2399 tempora

223 2422 335 2476 anni
363 2421 761 2478 Valentinianus
788 2429 952 2484 esset,
998 2420 1122 2476 divo
1167 2419 1405 2476 Honorio
1444 2429 1641 2491 patruo
1668 2437 1768 2477 suo

223 2510 271 2565 in
295 2512 569 2582 imperium
609 2513 896 2576 successit,
926 2511 1019 2581 qui
1062 2512 1282 2578 triginta
1322 2519 1377 2566 et
1406 2527 1569 2565 unum
1615 2511 1769 2566 anuis

223 2600 270 2656 iu
308 2603 523 2674 imperio
552 2603 752 2657 durans
795 2600 980 2658 Romae
1033 2602 1242 2657 occisus
1289 2609 1376 2657 est
1418 2602 1471 2657 in
1512 2601 1632 2658 loco
1674 2600 1771 2672 qui

224 2701 425 2747 vocatur
448 2691 514 2747 ad
537 2691 794 2746 Laurum.

806 2782 1031 2839 CAPUT
1078 2781 1166 2839 VI.

221 2871 374 2929 Gellia
410 2874 667 2928 Placidia:
705 2874 894 2944 obitas.
931 2873 1168 2944 Aquileia
1213 2882 1366 2944 capta
1419 2874 1483 2928 ab
1537 2873 1767 2928 Hunnis.

283 2944 506 2999 Basilica
545 2944 714 2998 sancti
749 2942 1345 3014 Joannis'Evangelistie
1382 2944 1698 3014 ardiﬁcatur.

282 3028 432 3089 Galla
464 3050 597 3088 vero
649 3049 755 3087 non
817 3031 952 3086 vidit
1012 3045 1200 3087 necem
1264 3030 1378 3096 ﬁlii,
1437 3032 1561 3101 quia
1610 3039 1770 3087 antea

223 3123 389 3180 Romae
411 3125 547 3180 obiit
570 3140 607 3178 v
644 3123 762 3177 Kal.
808 3123 1135 3178 Decembris.
1184 3116 1447 3193 Apparuit
1490 3131 1614 3193 post
1658 3123 1772 3179 haec

222 3213 358 3268 stella
386 3215 436 3269 in
464 3214 603 3269 caelo
643 3215 839 3268 ardens
863 3228 963 3282 per
989 3212 1104 3268 dies
1151 3211 1393 3285 triginta,
1424 3220 1480 3267 et
1518 3220 1676 3283 capta
1718 3221 1774 3269 et

225 3303 379 3359 fracta
417 3313 503 3360 est
536 3304 781 3374 Aquileia
819 3303 887 3359 ab
921 3303 1148 3358 Hunnis.
1189 3302 1339 3359 Arsit
1364 3302 1619 3359 Ravenna
1661 3302 1772 3359 Idi-

223 3394 314 3451 bus
337 3396 529 3462 Martii,
575 3405 632 3450 et
660 3395 841 3449 multa;
870 3409 1000 3464 opes
1046 3393 1114 3449 ab
1166 3394 1288 3465 igne
1324 3404 1576 3450 cremata
1624 3403 1767 3451 sunt.

225 3484 425 3557 Sepulta
451 3497 536 3543 est
563 3487 716 3543 Galla
752 3486 987 3541 Placidia
1020 3486 1074 3540 in
1102 3486 1431 3541 monasterio
1459 3486 1631 3541 sancti
1660 3485 1771 3540 Na-

227 3582 363 3645 zarii,
394 3591 454 3637 ut
494 3582 644 3636 aiunt
670 3580 842 3647 multi,
890 3588 1015 3635 ante
1043 3580 1292 3635 altarium
1335 3579 1475 3636 infra
1504 3580 1772 3637 cancellos

225 3673 306 3740 qui
331 3672 542 3728 fuerunt
568 3672 714 3737 aerei,
755 3679 810 3727 et
832 3671 921 3741 qui
954 3686 1097 3726 nunc
1135 3671 1325 3742 lapidei
1362 3686 1481 3727 esse
1501 3673 1770 3738 videntur,

227 3761 597 3831 aediﬁcavitque
646 3762 928 3817 ecclesiam
983 3761 1154 3817 sancti
1211 3760 1432 3816 Joannis
1491 3761 1773 3832 Evangeli-

228 3860 329 3907 staz.
356 3853 486 3908 Cum
534 3862 677 3909 esset
730 3854 1040 3924 angustiosa
1100 3869 1197 3924 per
1248 3853 1555 3909 discrimina
1605 3854 1772 3909 maris

226 3945 480 4012 gradiens,
525 3953 643 3999 orta
667 3944 918 4015 procella,
948 3944 1129 3998 carina
1159 3954 1447 4014 quassante
1493 3943 1771 4016 [quassata

226 4032 427 4107 Bacch.]
449 4052 479 4089 a
506 4035 776 4099 ﬂuctibus,
796 4043 993 4102 putans
1014 4036 1181 4104 mergi
1208 4035 1264 4089 in
1290 4036 1631 4105 profundum,
1656 4037 1766 4091 Deo

226 4134 393 4178 votum
411 4124 558 4179 vovit
595 4124 660 4179 de
684 4124 909 4195 apostoli
936 4124 1182 4179 ecclesia.
1224 4123 1475 4178 Liberata
1513 4132 1597 4178 est
1622 4140 1653 4178 a
1683 4125 1765 4179 fu-

228 4216 297 4268 ria
328 4217 511 4270 maris.
548 4215 613 4269 Et
658 4215 797 4269 infra
826 4215 1094 4269 tribunam
1138 4215 1306 4284 ipsius
1347 4214 1585 4269 ecclesia:
1613 4231 1773 4285 super

228 4307 388 4375 capita
456 4308 840 4376 imperatorum
890 4315 945 4361 et
1005 4315 1352 4376 augustarum
1412 4306 1604 4377 legitur
1649 4307 1768 4362 ita:

230 4395 476 4466 Conﬁrma
502 4399 617 4462 hoc,
662 4398 826 4463 Deus,
872 4399 1009 4468 quod
1053 4408 1293 4468 operatus
1328 4415 1381 4452 es
1426 4399 1481 4451 in
1531 4398 1772 4453 nobis:a

232 4487 400 4558 templo
443 4499 531 4541 tuo
581 4487 911 4541 Hierusalem
955 4488 1045 4542 tibi
1083 4487 1297 4557 oferent
1344 4505 1486 4558 reges
1530 4505 1765 4543 munera.
1795 4516 1848 4576 Β

231 4572 290 4628 Et
318 4575 544 4646 desuper
571 4576 980 4655 aliumversum
1016 4577 1291 4631 invenient
1336 4578 1416 4630 sic
1458 4577 1723 4648 legentem
1753 4596 1767 4632 :

231 4662 408 4720 Sancto
451 4684 514 4720 ac
558 4666 851 4720 beatissimo
900 4666 1131 4736 apostolo
1180 4666 1377 4721 Joanni
1427 4666 1773 4737 Evangelistte

229 4753 371 4810 Galla
401 4756 641 4810 Placidia
664 4757 899 4826 Augusta
922 4773 1036 4809 cum
1063 4756 1173 4825 ﬁlio
1197 4772 1292 4809 suo
1326 4754 1545 4809 Placido
1579 4754 1771 4809 Valen—

225 4853 415 4906 tiniano
440 4851 690 4922 Augusto,
739 4861 785 4903 et
830 4850 944 4918 ﬁlia
991 4867 1088 4904 sua
1136 4850 1290 4904 Justa
1336 4846 1498 4902 Grata
1536 4849 1774 4903 Honorio

224 4946 473 5016 Augusta,
498 4945 815 4999 liberationis
841 4943 1124 5015 periculum
1166 4944 1328 4997 maris
1353 4954 1528 4997 votum
1567 4941 1771 4996 solven-

226 5049 313 5093 tes.
340 5039 642 5107 Iterumque
680 5037 962 5092 mdiﬁcavit
985 5036 1267 5091 ecclesiam
1308 5037 1475 5090 sancti
1516 5034 1772 5104 Stephani

227 5126 276 5180 in
303 5124 562 5180 Arimino.
593 5124 729 5191 Quid
763 5124 984 5180 adhuc?
1027 5123 1210 5179 Melius
1248 5132 1331 5178 est
1371 5123 1503 5177 mihi
1546 5123 1774 5179 tacendo

227 5217 516 5287 praeterire,
567 5233 725 5288 quam
770 5232 869 5287 per
913 5216 1031 5270 avia
1082 5224 1136 5270 et
1182 5215 1401 5286 antiqua
1450 5214 1770 5269 discurrere.

230 5305 522 5362 Redeamus
563 5307 631 5361 ad
671 5306 981 5377 praedictum
1033 5303 1283 5371 stadium,
1340 5313 1395 5359 et
1459 5304 1526 5358 de
1576 5302 1777 5359 nostris
1824 5309 1829 5315 ’

226 5395 561 5469 pontiﬁcibus
586 5398 701 5453 sine
744 5412 896 5453 mora
936 5396 1247 5466 loquamur;
1278 5396 1469 5467 dignus
1506 5403 1590 5451 est
1631 5395 1775 5450 enim

295 5545 343 5605 si,
369 5531 772 5605 Regiairogae,
790 5534 855 5605 de
880 5532 1071 5605 quibus
1109 5530 1311 5602 passim
1342 5530 1679 5593 Anastasius,
1720 5538 1777 5590 et

231 5601 847 5659 Ordines'ecclesiastici.
885 5601 1077 5658 Baccu.

298 5674 323 5713 δ
351 5672 471 5727 Not.
512 5688 707 5743 marg,
747 5671 1134 5743 Valentinianus
1176 5686 1442 5743 successor
1480 5670 1774 5743 Constantii

236 5743 290 5797 in
310 5743 519 5815 unperio
538 5759 559 5809 ;
579 5739 712 5798 et'ut
742 5743 824 5797 hic
847 5752 1077 5813 apparet,
1111 5742 1204 5796 iste
1242 5739 1633 5796 Valentinianus
1671 5739 1771 5810 fuit

1245 338 1447 397 LIBER
1483 340 1727 399 PONTIF
1730 343 1967 401 ICALIS.
2006 375 2077 386 —-
2112 344 2294 404 PARS
2317 348 2368 405 I.

3319 353 3426 411 5'58

1773 461 1825 522 Α
1844 459 1958 529 jam
1985 475 2116 517 suus
2142 478 2425 520 successor
2453 464 2740 521 introduci.
2784 465 2890 522 Sed
2935 475 3026 523 tua
3068 468 3234 535 facta,
3278 486 3313 525 o
3356 470 3418 524 Β.

1855 548 2012 604 Petre
2059 550 2404 624 Cbrysologe,
2456 555 2577 624 quis
2618 555 2844 612 suﬁiciat
2891 561 3149 614 narrare?
3193 560 3413 617 Etiamsi

1854 657 1958 697 vox
1986 658 2105 698 mea
2127 646 2428 699 excreverit
2456 646 2819 710 adamantina,
2870 657 2922 702 et
2967 665 3169 706 aereum
3209 659 3423 721 pectus,

1855 744 1912 791 et
1938 745 2151 792 centeni
2181 738 2287 793 mei
2335 754 2525 794 versus
2559 740 2624 794 ’in
2670 740 2874 810 ligariis
2923 742 3142 810 fuerint,
3194 745 3275 800 sic
3320 760 3427 801 nec

1856 826 2093 880 omnium
2118 825 2258 883 facta
2284 837 2587 884 vestrorum
2612 845 2832 885 narrare
2859 846 3097 900 possum.

2456 936 2683 995 CAPUT
2722 939 2833 993 VII.

1861 1028 2089 1084 Sanctus
2112 1028 2355 1102 Ioannes
2386 1030 2522 1102 inter
2567 1029 2850 1102 missarum
2880 1031 3147 1102 solemnia
3189 1031 3432 1102 angelum

2106 1099 2259 1171 videt.
2292 1099 2541 1169 Ejusdem
2577 1100 2744 1154 obitus
2785 1110 2833 1154 et
2864 1101 3186 1171 sepulcrum.

1929 1207 2098 1279 Igitur
2135 1205 2479 1264 beatissimus
2507 1224 2666 1279 papa,
2706 1210 2797 1280 qui
2829 1194 3099 1265 Ravennae
3126 1212 3321 1280 praesul
3346 1227 3445 1266 su-

1862 1302 2043 1370 perius
2069 1302 2377 1357 nominatus
2414 1300 2649 1357 Joannes
2671 1303 2725 1357 in
2752 1302 2978 1358 basilica
3005 1304 3180 1359 beatae
3206 1304 3435 1375 Agathm

1863 1391 2147 1445 missarum
2183 1390 2477 1460 solempnia
2527 1405 2750 1456 canens,
2796 1408 2917 1447 cum
2969 1394 3159 1447 omnia
3197 1394 3439 1463 expleret

1856 1490 2008 1559 juxta
2053 1482 2221 1536 ritum
2261 1490 2571 1537 sanctorum
2616 1482 2951 1552 pontiﬁcum,
2998 1492 3119 1552 post
3152 1484 3437 1540 lectionem

1866 1572 2161 1643 Evangelii,
2208 1581 2328 1642 post
2370 1573 2834 1649 protestationem,
2883 1573 3257 1628 catechumeni
3297 1575 3441 1629 vide-

1866 1674 1992 1720 runt
2025 1665 2289 1740 mirabilia
2312 1665 2505 1735 quibus
2528 1664 2714 1736 datum
2740 1652 2840 1719 luit
2867 1666 3071 1720 videre.
3093 1665 3227 1721 Cum
3254 1675 3438 1722 autem

1865 1756 2208 1811 beatissimus
2241 1756 2501 1826 inciperet
2554 1755 2815 1811 canonica
2848 1757 3013 1810 verba
3069 1771 3192 1810 eum
3242 1757 3435 1826 suppli.

1870 1848 2172 1904 cationibus
2195 1849 2305 1904 Deo
2333 1848 2480 1910 dare,
2509 1856 2565 1902 et
2593 1863 2755 1917 super
2789 1837 3021 1902 hostiam
3063 1848 3275 1917 signum
3317 1863 3446 1901 cru-

1868 1940 1947 1995 cis
1974 1940 2298 2009 imprimere,
2333 1938 2510 1993 subito
2536 1938 2757 2008 angelus
2792 1939 2859 1993 de
2886 1937 3025 1993 caelo
3051 1939 3217 2003 venit,
3250 1947 3304 1992 et
3333 1945 3445 1993 ste-

1866 2032 1932 2087 tit
1951 2046 2018 2086 ex
2043 2030 2212 2086 altera
2239 2038 2393 2101 parte
2419 2031 2606 2086 altaris
2633 2031 2686 2085 in
2732 2041 3022 2092 conspectu
3057 2031 3225 2101 ipsius
3254 2032 3437 2101 ponti-

1867 2123 2005 2189 ﬁcis,
2028 2131 2083 2177 et
2105 2129 2225 2192 post
2256 2123 2524 2193 expletam
2548 2123 3056 2188 sanctiﬁcationem,
3085 2139 3207 2178 cum
3244 2138 3441 2193 corpus

1866 2213 2077 2269 Domini
2115 2215 2468 2285 percepisset,
2508 2215 2677 2270 voluit
2726 2215 2984 2270 diaconus
3034 2215 3326 2286 adimplere
3366 2216 3447 2270 le-

1866 2302 1990 2357 vita:
2024 2302 2403 2358 ministerium.
2438 2302 2554 2357 Non
2600 2303 2808 2359 viderat
2848 2302 2992 2374 quod
3046 2314 3168 2359 erat
3217 2303 3455 2359 calicem

1865 2395 2162 2464 porrigere.
2191 2394 2380 2449 Subito
2413 2403 2625 2449 amotus
2647 2395 2715 2449 ab
2744 2394 2933 2464 angelo
2955 2401 3059 2458 est,
3093 2404 3149 2450 et
3182 2403 3431 2449 sanctum

1869 2486 2092 2542 calicem
2143 2486 2363 2557 angelus
2410 2485 2648 2556 pontiﬁci
2701 2487 2963 2556 porrexit.
3015 2487 3167 2542 Tune
3205 2487 3445 2543 universi

1868 2578 2175 2634 sacerdotes
2197 2594 2318 2632 cum
2347 2577 2542 2657 popqu
2566 2584 2847 2648 cmperuut
2878 2578 3088 2642 timere,
3120 2586 3174 2633 et
3196 2580 3445 2645 horrere,

1867 2669 2113 2724 videntes
2145 2676 2392 2724 sanctum
2422 2668 2645 2724 calicem
2674 2684 2705 2722 a
2730 2669 3018 2739 semetipso
3043 2669 3354 2724 inclinatum
3377 2671 3446 2723 ab

1868 2776 1964 2816 ore
1981 2760 2272 2831 pontiﬁcis,
2304 2769 2358 2815 et
2384 2761 2577 2816 iterum
2600 2761 2652 2815 in
2684 2775 2808 2816 aere
2827 2775 2885 2816 se
2912 2776 3072 2832 super
3091 2770 3337 2816 sanctum
3366 2761 3440 2814 al-

1872 2860 1987 2907 tare
2013 2852 2203 2921 recipi.
2230 2851 2460 2907 Intentio
2480 2867 2672 2920 magna
2693 2853 2847 2907 valde
2870 2852 2924 2906 in
2953 2853 3148 2923 populo
3173 2853 3435 2908 adcrevit.

1868 2942 1974 2997 Alii
2004 2943 2278 3008 dicebant,
2304 2958 2413 2997 non
2443 2943 2604 2998 levita
2643 2942 2874 3017 dignus;
2926 2945 3017 2999 alii
3068 2944 3445 3011 adﬁrmabant,

1870 3049 1999 3099 non,
2036 3034 2129 3090 sed
2152 3034 2396 3091 visitatio
2430 3034 2690 3091 caelestis.
2718 3035 2793 3099 Et
2813 3044 2922 3091 tam
2953 3036 3254 3092 diutissime
3284 3053 3451 3108 ange-

1873 3123 1956 3180 lus
1989 3122 2148 3193 juxta
2178 3134 2425 3181 sanctum
2469 3127 2646 3181 virum
2690 3127 2860 3193 stetit,
2910 3142 3187 3197 quousque
3232 3127 3445 3196 expleta

1875 3218 2104 3276 fuissent
2155 3220 2451 3291 solempnia
2506 3221 2816 3277 missarum.
2871 3219 2986 3276 Non
3041 3228 3164 3291 post
3216 3221 3447 3275 multum

1875 3310 2152 3379 temporis,
2168 3310 2442 3366 benedixit
2460 3309 2803 3383 [benedictis]
2828 3310 2952 3365 ﬁliis
2971 3310 3104 3375 suis,
3128 3309 3439 3365 Ravennen-

1873 3413 1961 3454 ses
1989 3399 2155 3465 cives,
2186 3415 2309 3455 cum
2347 3400 2652 3467 alacritate,
2685 3401 2838 3471 quasi
2880 3402 2948 3455 ad
2987 3400 3151 3469 dapes
3192 3400 3448 3456 invitatus

1875 3486 2180 3561 [invitans],
2228 3491 2396 3546 alacri
2425 3491 2573 3546 vultu
2623 3491 2738 3546 dies
2770 3500 2903 3544 ‘cum
2928 3489 3037 3544 vita
3087 3488 3261 3544 ﬁnivit
3306 3489 3444 3544 Non.

1872 3578 2013 3636 Junii
2058 3592 2106 3636 ε.
2151 3581 2404 3653 Sepultus
2434 3591 2519 3637 est
2563 3583 2617 3638 in
2660 3582 2912 3653 praedicta
2965 3590 3152 3636 sancta
3192 3581 3449 3651 martyris

1870 3669 2092 3725 basilica
2128 3680 2251 3740 post
2288 3672 2481 3737 altare,
2510 3672 2566 3726 in
2605 3687 2712 3742 quo
2743 3671 2859 3726 loco
2895 3670 2983 3725 ubi
3026 3670 3273 3741 angelum
3302 3676 3450 3724 stan-

1873 3768 1981 3815 tem
2018 3761 2170 3825 vidit,
2200 3759 2536 3833 efﬁgiemque
2578 3760 2692 3830 ejus
2740 3775 2902 3830 super
2946 3760 3130 3814 sedilia
3174 3760 3444 3829 depictam

1871 3852 2111 3921 quotidie
2137 3853 2529 3923 conspicimus;
2567 3859 2891 3921 apparetque
2937 3849 3100 3905 fuisse
3149 3851 3294 3905 tenui
3336 3847 3446 3905 lor-

1872 3958 1982 4009 ma,
2022 3954 2076 3999 et
2112 3944 2250 4014 nigri
2278 3944 2481 4014 capilli,
2528 3958 2729 4013 paucos
2780 3958 2975 4007 canos;
3026 3942 3121 3997 sed
3160 3942 3449 3999 sanctitate

1872 4043 2083 4090 aetatem
2105 4036 2398 4105 superavit,
2430 4036 2554 4105 quia
2585 4034 2820 4089 cmlestis
2861 4036 3119 4091 Dominus
3148 4036 3269 4106 plus
3296 4051 3452 4091 men-

1872 4133 1956 4181 tes
1985 4140 2146 4194 quam
2185 4132 2370 4180 aetates
2395 4124 2723 4194 comprobat.
2756 4123 2811 4178 In
2841 4125 3086 4179 sensibus
3126 4125 3257 4179 ﬁdes
3296 4116 3438 4194 geri-

1871 4223 1986 4280 tur,
2009 4230 2114 4269 non
2162 4214 2214 4268 in
2241 4214 2415 4269 annis.
2465 4213 2531 4268 Et
2573 4213 2641 4267 ad
2680 4211 2795 4280 ejus
2847 4211 3071 4283 eﬁigiem
3101 4211 3241 4267 infra
3269 4215 3444 4269 orbita

1871 4303 2015 4358 intus
2048 4303 2102 4357 in
2127 4304 2351 4359 ecclesia
2386 4303 2614 4358 Ursiana
2665 4315 2760 4371 per
2803 4316 3014 4355 omnem
3064 4310 3302 4367 noctem,
3352 4318 3445 4358 us-

1870 4408 2082 4464 quequo
2119 4393 2310 4449 sufﬁxa
2337 4393 2565 4449 ecclesia
2600 4406 2855 4448 renovata
2896 4403 2998 4460 est,
3048 4394 3183 4449 clari
3224 4394 3444 4449 luminis

1872 4484 2094 4539 candela
2130 4484 2385 4554 fulgebat.
2420 4484 2527 4555 Ego
2571 4484 2736 4549 enim,
2775 4476 2990 4549 fratres,
3021 4484 3159 4540 sicut
3193 4485 3442 4556 promisi,

1872 4577 1927 4631 in
1956 4586 2216 4646 quantum
2251 4575 2415 4642 valui,
2445 4577 2655 4630 favente
2691 4576 2819 4642 Deo,
2860 4576 3017 4633 istius
3046 4578 3225 4631 Vitam
3268 4578 3438 4632 ﬁuivi.

1872 4666 2026 4724 Modo
2048 4676 2291 4723 sanctum
2319 4667 2536 4723 Petrum
2561 4668 2947 4742 Cbrysologum
2976 4670 3141 4741 ipsius
3169 4686 3423 4727 successo

1871 4773 1985 4842 rem
2006 4758 2376 4814 intromittam.
2886 4812 2891 4815 κ
3030 4782 3034 4787 ·

2462 4847 2690 4904 CAPUT
2718 4847 2849 4904 vm.
2886 4812 2891 4815 “

1945 4942 2184 4997 Auctoris
2217 4942 2286 4995 ad
2327 4938 2495 4994 Vitam
2520 4940 2687 4994 sancti
2728 4938 2954 4994 Ioannis
2990 4941 3369 4997 meditationes.

1943 5039 2144 5095 Tamen
2176 5041 2262 5095 cui
2307 5039 2605 5094 assimilare
2632 5039 3236 5113 possumusbeatissimi
3265 5021 3440 5095 Vitam

1873 5129 2092 5220 Joannis
2140 5131 2186 5186 si
2234 5131 2591 5201 requirimus,
2646 5144 2768 5184 cum
2826 5130 3011 5185 multis
3058 5129 3326 5186 Patribus.
3381 5134 3439 5189 Si

1874 5219 2067 5278 vestris
2110 5223 2287 5294 placet
2327 5220 2601 5275 obtutibus
2628 5236 2734 5275 non
2764 5222 3016 5291 respicite
3047 5219 3354 5293 [respuite],
3382 5232 3438 5278 et

1874 5312 1921 5367 si
1948 5311 2087 5366 forte
2116 5308 2686 5379 fefellero,indulgetc;
2731 5310 2844 5364 haec
2865 5310 3009 5365 enim
3036 5310 3155 5364 dico
3184 5309 3252 5363 ad
3274 5311 3441 5364 vestri
3534 5352 3541 5360 .

1875 5401 2281 5457 aediﬁcationem
2314 5401 2499 5456 animi.
2540 5401 2797 5458 Homines
2841 5418 3047 5468 sumus,
3092 5411 3149 5458 et
3191 5402 3442 5459 humanis

1875 5541 2109 5607 mortuus
2132 5529 2419 5607 Ravennae;
2435 5532 2748 5607 Legendum
2774 5532 2973 5607 Roman
3011 5535 3207 5607 Bacon.

1866 5601 2128 5727 ngclz'ot.
2159 5615 2352 5671 marg.,
2378 5600 2689 5659 Obiit'circa
2742 5621 2906 5659 annos
2941 5604 3149 5660 Domini
3188 5602 3437 5662 υιχιλ.
