3956 6190
527 311 632 366 539

1228 310 1524 368 AGNELLI
1560 280 1848 368 ABBATIS
1885 311 1942 367 S.
1985 309 2223 365 MARUE
2264 310 2356 365 AD
2394 308 2868 379 BLACHERNAS,
2909 310 3060 368 ETC.

3651 318 3767 372 530

525 425 738 480 casibus
761 423 1117 494 subjacemus.
1134 423 1400 495 PrOpheta
1421 441 1548 497 ergo
1575 427 1763 482 videns
1789 442 1887 481 nos
1915 440 2079 481 carne
2108 425 2160 485 A
2182 423 2286 477 hoc
2307 421 2424 479 loco
2450 424 2572 479 ideo
2596 424 2783 480 semini
2804 424 2961 493 dixit,
2979 426 3031 481 id
3059 433 3143 481 est
3175 425 3410 493 Christo,
3445 442 3555 483 non
3594 431 3764 484 semi-

527 515 742 569 indutos
769 511 941 582 fragili
972 512 1026 567 in
1063 529 1204 568 noxa
1235 515 1391 569 istius
1428 516 1652 585 gurgitis
1692 516 1942 580 volutari,
1990 517 2090 572 'ex-

523 603 762 658 clamans
790 602 901 656 ait:
935 602 1118 657 Omnis
1142 604 1294 659 homo
1320 606 1561 660 mendax.
1589 605 1696 661 Sed
1724 608 1898 678 palam
1933 606 2086 679 [om-

522 693 705 766 nibus]
731 695 883 749 vobis
916 695 1129 749 veniam
1156 704 1301 765 peto,
1338 712 1443 751 non
1486 699 1749 768 parvitate
1799 698 2088 771 [protervi-

2189 511 2368 577 nibus,
2386 512 2539 583 juxta
2570 515 2714 584 quod
2741 515 2940 570 dictum
2965 524 3045 571 est
3068 516 3297 572 Abrahae
3321 536 3334 571 :
3367 518 3422 575 in
3444 520 3641 574 semine
3668 531 3763 575 tuo

2188 599 2550 656 benedicentur
2573 620 2748 659 omnes
2774 607 2938 660 tribus
2979 616 3150 661 terra'.
3206 607 3408 662 Semini
3454 609 3509 663 in
3564 625 3760 675 unum,

2186 693 2476 750 seminibus
2504 694 2557 748 in
2581 695 2779 753 multis.
2808 697 2947 753 Ante
2970 699 3063 753 Dei
3090 715 3320 770 namque
3347 702 3533 758 oculos
3576 701 3765 758 nullus

520 782 651 856 tate]
682 783 1014 849 tumida,sed
1042 785 1346 841 humilitate
1369 787 1544 857 plena.
1569 786 1724 842 Hunc
1742 790 1882 843 enim
1907 790 2106 844 virum,
2184 780 2320 838 liber
2343 784 2642 854 invenitur,
2677 788 2816 844 sicut
2852 788 2927 844 ait
2975 789 3259 857 Salomon;
3314 806 3422 846 ηοη
3474 793 3624 847 enim
3676 804 3766 849 εει

521 874 747 932 forsitan
805 892 929 932 cum
987 864 1154 932 Iacob
1211 878 1518 946 patriarcha
1571 880 1807 934 similare
1861 882 2083 950 potero?

518 968 744 1037 Quando
770 968 937 1026 Jacob
964 971 1211 1041 angelum
1263 974 1456 1038 tenuit,
1501 980 1556 1027 et
1605 988 1712 1027 non
1767 974 1847 1028 ire
1875 973 2079 1040 sinivit,

522 1060 659 1119 dixit
683 1061 757 1117 illi
785 1060 1022 1133 Angelus
1057 1081 1069 1116 :
1103 1062 1314 1117 Dimitte
1342 1081 1453 1128 me,
1480 1079 1677 1119 aurora
1722 1074 1818 1119 est.
1855 1064 1956 1133 Qui
1997 1083 2084 1122 re-

517 1153 731 1223 spondit
764 1172 777 1208 :
812 1153 935 1209 Non
979 1155 1259 1220 dimittam,
1293 1156 1391 1209 nisi
1427 1155 1744 1212 benedia'eris
1765 1176 1878 1224 me;
1929 1169 1977 1214 et
2025 1161 2081 1214 in

515 1245 692 1298 eodem
723 1244 835 1299 loco
861 1245 1072 1315 angelus
1099 1246 1353 1301 benedixit
1400 1264 1538 1302 eum.
1587 1248 1723 1305 Huic
1774 1251 1919 1306 enim
1972 1266 2078 1306 non

514 1333 789 1388 benedixit
809 1336 1048 1406 angelus,
1073 1338 1166 1391 sed
1192 1352 1386 1406 corpus
1418 1338 1625 1393 Domini
1656 1356 1777 1395 cum
1813 1343 2078 1412 sanguine

514 1423 676 1477 dedit.
733 1424 842 1479 Oh!
888 1426 1019 1481 mihi
1068 1427 1124 1481 in
1169 1437 1323 1496 parte
1366 1427 1551 1484 ultima
1599 1440 1755 1497 vitm,
1800 1431 1921 1502 quis
1974 1433 2077 1488 tale

512 1513 903 1570 sanctiﬁcatum
934 1532 1128 1586 corpus
1157 1526 1213 1572 et
1239 1521 1549 1591 sanguinem
1591 1521 1791 1577 Christi
1817 1524 2072 1593 dedisset,

511 1613 573 1659 ut
608 1606 749 1675 quod
785 1606 1010 1664 meritus
1057 1624 1162 1663 non
1194 1625 1312 1664 sum
1342 1612 1587 1681 accipere
1617 1614 1672 1667 in
1705 1614 1836 1677 vita,
1867 1616 2072 1670 utinam

512 1692 565 1747 in
613 1696 921 1764 egressione
983 1697 1174 1752 anima:
1220 1698 1474 1755 fuissem!
1537 1702 1769 1758 lmitavit
1820 1705 1905 1760 vir
1968 1708 2070 1761 iste

2183 874 2345 930 homo
2379 892 2536 947 super
2564 881 2888 950 terram,qui
2912 879 3077 937 faciat
3102 882 3298 937 bonum
3327 891 3510 939 etnon
3539 897 3759 956 peccet.

2179 963 2320 1022 Ante
2341 978 2688 1040 conspectum
2726 972 2920 1027 divinae
2961 972 3261 1043 majestatis
3293 975 3566 1030 terribiles
3587 977 3765 1032 visio-

2181 1072 2280 1112 nes
2310 1067 2471 1126 sunt;
2502 1061 2573 1116 ibi
2603 1062 2747 1117 enim
2775 1062 2951 1133 angeli
2994 1072 3248 1131 tremunt,
3290 1067 3604 1137 archangeli
3639 1084 3765 1123 me—

2181 1156 2356 1213 tuunt,
2384 1161 2581 1221 pavent
2617 1154 2815 1220 throni,
2836 1163 3109 1211 terrentur
3146 1158 3563 1224 dominationes,
3588 1170 3767 1215 ruunt

2177 1250 2498 1311 potestates,
2562 1242 2859 1300 formidant
2922 1247 3284 1318 principatus,
3342 1260 3766 1305 commoventur

2176 1331 2404 1389 virtutes
2439 1334 2720 1401 caelorum,
2756 1336 3144 1407 pertimescunt
3185 1336 3340 1407 justi,
3392 1347 3539 1394 terra
3595 1340 3782 1411 fugin.

2175 1423 2442 1478 elementa
2470 1434 2812 1495 quassantur.
2845 1427 2913 1481 Et
2938 1429 3120 1495 homo,
3152 1430 3243 1499 qui
3280 1444 3348 1484 ex
3379 1430 3765 1501 inquinamen.

2174 1513 2244 1568 tis
2279 1522 2460 1580 natus,
2498 1515 2717 1585 insuper
2756 1518 2964 1587 peccati
2992 1533 3180 1573 servus
3201 1559 3215 1583 ,
3241 1521 3509 1589 quomodo
3548 1522 3761 1590 justiﬁ-

2172 1606 2509 1662 catur‘iAudi
2533 1605 2662 1663 Job:
2689 1607 2818 1674 Quis
2845 1618 3010 1680 potest
3037 1618 3155 1664 ante
3176 1627 3292 1664 eum
3319 1627 3570 1681 apparere
3596 1628 3759 1666 mun-

2171 1695 2270 1750 dus
2304 1706 2457 1751 natus
2488 1697 2552 1752 de
2581 1698 2836 1754 muliere?
2882 1699 3142 1755 Charitati
3195 1710 3391 1757 vestrm
3435 1711 3563 1771 peto
3619 1704 3760 1759 mihi

511 1783 676 1840 David
730 1784 893 1857 [sicut
951 1788 1186 1844 audituri
1235 1792 1384 1847 estis.
1442 1792 1574 1847 Cum
1621 1794 1845 1850 vidisset
1889 1807 2064 1853 autem

2171 1784 2578 1856 indulgentiam,
2604 1788 2688 1843 vel
2714 1789 2877 1843 etiam
2901 1790 3114 1844 veniant
3143 1791 3411 1845 modicam
3444 1794 3759 1860 concedite,

508 1875 698 1948 David]
715 1879 961 1947 angelum
982 1880 1271 1937 credentem
1288 1885 1540 1954 pepulum
1560 1888 1866 1943 extendisse
1880 1906 2071 1947 manus

508 1982 670 2035 super
714 1968 1047 2025 Hierusalem
1092 1972 1168 2026 ait
1208 1992 1221 2027 :
1263 1972 1506 2041 Obsecro,
1558 1978 1797 2046 Domine,
1845 1992 2072 2037 vertatur

507 2074 693 2112 atauus
717 2068 805 2113 tua
831 2077 986 2131 super
1008 2079 1109 2116 me.
1140 2064 1207 2118 Et
1236 2066 1339 2121 iste
1366 2083 1397 2120 a
1437 2083 1562 2140 rege
1581 2111 1595 2135 ,
1625 2086 1747 2126 eum
1780 2074 2071 2142 requisitus

509 2145 698 2203 fuisset
750 2149 877 2219 quid
923 2152 1115 2220 vellet,
1148 2156 1523 2215 manifestatus
1568 2169 1670 2229 est,
1717 2170 1771 2217 et
1818 2178 1916 2233 pro
1957 2166 2070 2221 suis

505 2242 695 2297 ovibus
730 2244 999 2301 desiderat
1031 2257 1275 2303 mortem.
1327 2251 1475 2306 Tunc
1528 2268 1624 2307 rex
1675 2270 1859 2325 pacem
1907 2272 2068 2327 quam

466 2318 471 2323 ’
505 2332 740 2400 pontifex
766 2335 994 2403 petierat
1011 2336 1254 2409 largivit;
1287 2339 1452 2394 David
1473 2318 1693 2411 propter
1704 2359 1799 2397 sua
1820 2318 2066 2414 peccata,

504 2427 628 2495 quia
658 2431 996 2500 prmsumpsit
1022 2447 1301 2487 numerum
1337 2434 1580 2490 obtinere
1624 2450 1784 2504 quem
1826 2436 1968 2492 Deus
2008 2446 2070 2492 ut

508 2533 669 2572 arena
700 2520 1148 2589 multiplicaverat
1181 2524 1532 2580 'maris........
1588 2525 1687 2581 Hic
1742 2537 1921 2581 autem
1968 2543 2066 2583 rex

504 2617 902 2675 expugnaturus
925 2618 1044 2665 erat
1068 2611 1342 2675 civitatem
1370 2623 1588 2684 propter
1614 2624 1833 2684 peccata
1860 2617 2063 2688 populi,

503 2697 627 2765 quia
655 2697 910 2767 aliquanti
947 2702 1108 2771 tepidi
1131 2712 1286 2759 erant
1313 2703 1433 2759 fidei
1455 2723 1468 2770 ;
1494 2705 1589 2761 sed
1617 2708 1789 2762 sancti
1811 2707 1914 2761 viri
1941 2724 2066 2763 ora-

505 2787 740 2855 tionibus
783 2790 959 2855 istius,
1003 2802 1058 2847 et
1101 2809 1283 2864 regem
1323 2795 1616 2867 mitigavit,
1641 2806 1695 2852 et
1723 2796 1818 2852 Dei
1847 2800 2062 2855 miseria

504 2880 740 2934 cordi-sm
775 2882 840 2935 ad
888 2898 947 2937 se
990 2884 1285 2939 inclinavit.
1344 2886 1463 2941 Alio
1515 2887 1900 2944 assimilabitur
1945 2889 2062 2945 viro

502 2966 682 3022 Tobiae
735 2971 969 3038 nomine,
1023 2975 1091 3030 ad
1145 2977 1296 3057 cujus
1347 2977 1561 3047 nuptias
1605 2977 1845 3049 Raphael
1898 2997 2061 3053 ange-

503 3058 585 3114 lus
614 3061 810 3118 missus
839 3074 942 3129 est,
970 3076 1026 3121 et
1051 3078 1109 3122 ut
1138 3069 1375 3129 imitaret
1408 3078 1615 3140 patrem
1650 3080 1706 3125 et
1730 3072 1902 3127 visum
1939 3075 2061 3130 red-

2166 1879 2296 1949 quia
2340 1880 2499 1936 hodie
2546 1880 2800 1949 fatigatus
2825 1898 2891 1938 ex
2933 1882 3187 1937 humanis
3216 1883 3467 1953 negotiis,
3498 1884 3594 1939 sed
3628 1902 3761 1956 gra-
3837 1941 3843 1951 ,

2170 1976 2324 2023 vatus
2350 1984 2558 2035 somno,
2584 1986 2689 2026 non
2719 1986 2913 2041 corpus
2940 1970 3252 2026 refocillavi.
3282 1971 3398 2028 Non
3430 1974 3589 2029 vobis
3621 1991 3757 2046 gra-

2168 2058 2254 2113 vis
2301 2069 2559 2131 appareat
2606 2061 2672 2116 de
2718 2061 2835 2129 istis
2879 2061 3282 2130 Quaestionibus,
3310 2063 3455 2133 quia,
3484 2064 3761 2134 largiente

2168 2150 2411 2216 Domino,
2444 2152 2491 2207 si
2519 2153 2628 2207 vita
2656 2168 2837 2208 comes
2858 2152 3041 2217 fuerit,
3066 2153 3308 2208 crastina
3336 2154 3649 2224 explicabo.
3685 2156 3757 2211 Et

2167 2239 2213 2293 si
2242 2239 2418 2309 aliqua
2443 2240 2811 2298 intercesserit
2846 2241 3052 2307 dilatio,
3086 2250 3143 2297 et
3168 2242 3327 2297 citius
3365 2244 3564 2299 nodum
3599 2262 3754 2315 qua:-

2166 2329 2356 2385 stionis
2382 2346 2489 2386 non
2516 2332 2744 2399 solvero,
2769 2341 3010 2389 sanctum
3047 2334 3332 2390 imitamini
3361 2335 3755 2406 Evangelium,

2165 2420 2305 2475 sicut
2328 2422 2446 2476 ait:
2480 2421 2795 2477 Patientiam
2824 2426 2956 2481 habe
2985 2428 3039 2482 in
3071 2444 3171 2489 me,
3210 2434 3260 2480 et
3305 2424 3479 2478 omnia
3524 2426 3753 2479 reddam

2164 2511 2274 2564 tibi.
2306 2510 2424 2565 Non
2451 2527 2537 2566 me
2553 2511 2791 2580 judicate
2819 2524 2879 2570 ut
2903 2516 3161 2583 inscium:
3208 2515 3314 2570 nisi
3357 2513 3574 2570 dilator.
3641 2514 3751 2571 Sed

2163 2601 2453 2659 Zacharias
2503 2606 2771 2675 quomodo
2827 2606 3040 2676 justus?
3085 2610 3193 2664 Aut
3241 2609 3511 2679 quomodo
3563 2608 3749 2662 David

2161 2700 2484 2750 eructuans:
2513 2692 2708 2750 Nullus
2722 2698 2891 2753 vivens
2913 2710 3033 2754 ante
3053 2700 3222 2754 Deum
3237 2698 3566 2770 justiﬁcatur
3579 2699 3609 2751 7
3637 2698 3753 2753 Ant

2162 2784 2428 2852 quomodo
2458 2784 2734 2842 Manasses
2767 2787 2951 2844 dicens
2979 2808 2993 2843 :
3032 2789 3294 2844 Abraham
3322 2800 3370 2844 et
3407 2788 3605 2852 caueri,
3657 2792 3750 2860 qui

2162 2891 2263 2928 non
2296 2886 2632 2945 peccaverunt
2659 2877 2773 2944 tibi,
2804 2879 3062 2934 Damine?
3095 2879 3202 2935 Aut
3231 2880 3497 2950 quomodo
3522 2878 3748 2950 Moyses

2160 2964 2411 3022 intonans
2437 2967 2513 3022 ait
2542 2985 2556 3022 :
2591 2966 2903 3023 Dominator
2929 2970 3177 3037 Domine,
3211 2970 3351 3024 Deus
3370 2970 3675 3025 misericors
3696 2981 3746 3026 et

2160 3050 2404 3121 clemens,
2419 3057 2693 3129 nullusque
2708 3061 2848 3130 apud
2861 3070 2908 3115 te
2926 3078 3018 3131 per
3031 3079 3084 3116 se
3104 3063 3348 3117 innocens
3368 3071 3462 3116 est.
3485 3062 3540 3116 ln
3555 3071 3757 3132 poste-

502 3155 670 3207 deret.
704 3155 864 3209 istum
899 3174 1028 3212 vero
1052 3167 1105 3214 et
1133 3161 1388 3227 visitavit,
1416 3171 1470 3218 et
1494 3163 1578 3218 sui
1615 3165 1851 3221 ministri
1885 3166 2059 3223 vicem

2164 3147 2237 3201 ris
2248 3148 2428 3203 verbis
2438 3148 2718 3219 explicabo
2734 3164 2750 3202 :
2765 3150 2893 3219 quid
2910 3151 3201 3206 multifaria
3215 3168 3435 3207 necesse
3449 3164 3555 3216 est,
3569 3170 3744 3223 quam

502 3244 725 3314 peregit,
756 3245 1046 3303 Zacharias
1084 3251 1311 3321 denique
1360 3253 1449 3308 ille
1494 3268 1723 3325 magnus
1773 3256 2056 3323 sacerdos,

501 3335 655 3405 cujus
684 3337 823 3392 [ilius
850 3338 905 3391 in
929 3340 1159 3397 adventu
1207 3341 1417 3400 Domini
1463 3346 1633 3400 nostri
1685 3345 1812 3401 Jesu
1857 3346 2061 3403 Christi

503 3440 607 3480 non
654 3428 827 3481 solum
887 3431 1237 3501 mquiparavit
1295 3436 1605 3506 pr0phetas,
1667 3438 1761 3492 sed
1810 3439 2061 3516 omnibus

501 3518 793 3586 pncccssit,
824 3534 981 3587 quem
1031 3528 1153 3576 ante
1203 3523 1366 3580 Deum
1421 3534 1665 3580 sanctum
1710 3527 2059 3599 Evangelium

492 3604 695 3675 justum
724 3612 1125 3674 commemorat,
1139 3615 1380 3685 angelum
1403 3618 1619 3673 intuens
1640 3628 1820 3675 mutus
1838 3620 2061 3678 eil‘eetus

498 3705 602 3751 est.
631 3698 734 3754 Iste
761 3699 1054 3769 angelicam
1078 3706 1469 3776 contemplatus
1496 3708 1724 3780 efﬁgiem
1775 3711 1963 3767 hilaris
2005 3723 2061 3767 et

498 3786 656 3845 laetus
680 3788 995 3859 permansit.
1034 3793 1210 3860 Quare
1254 3796 1387 3852 hoc?
1440 3798 1577 3866 Quia
1629 3801 1921 3857 Zacharias
1968 3803 2061 3858 du-

499 3878 647 3935 bium
680 3897 739 3937 se
774 3882 1002 3937 credidit
1029 3884 1224 3940 habere
1250 3886 1415 3941 ﬁlium
1435 3929 1450 3953 ,
1479 3904 1544 3944 eo
1571 3891 1712 3959 quod
1744 3889 2062 3960 frigesccrat

498 3972 738 4042 sanguis.
753 3980 807 4027 et
820 3983 1154 4042 processerat
1173 3976 1227 4029 in
1254 3977 1439 4034 diebus
1465 3979 1668 4035 multis.
1698 3980 1766 4034 Et
1793 3981 1839 4035 si
1868 3980 2061 4038 dubius

500 4058 599 4115 fuit
632 4062 695 4116 de
743 4062 945 4119 cmlesti
993 4066 1209 4132 nuncio,
1249 4069 1526 4137 quomodo
1560 4086 1683 4126 eum
1733 4074 2060 4144 evangelista

490 4149 693 4219 justum
721 4157 1140 4209 commemorat?
1186 4157 1263 4211 ait
1289 4158 1432 4213 enim
1461 4160 1525 4216 de
1563 4162 1825 4218 Zacharia
1860 4173 1915 4218 et
1944 4164 2059 4219 Eli-

498 4241 683 4297 sabeth
718 4263 731 4297 :
760 4243 929 4299 Erant
953 4247 1105 4300 ambo
1120 4248 1258 4317 justi
1285 4259 1405 4304 ante
1437 4250 1622 4308 Deum.
1647 4253 1785 4321 Quid
1810 4266 1895 4310 est
1920 4256 2059 4310 hoc?

499 4329 775 4397 Quomodo
808 4343 981 4414 potest
1009 4335 1160 4391 fieri?
1206 4337 1360 4392 Dicat
1389 4339 1554 4395 David
1583 4359 1595 4395 :
1635 4342 1757 4396 Non
1794 4343 2059 4414 justiﬁed-

498 4420 637 4474 bitur
658 4422 713 4475 in
745 4412 1125 4494 conspectutuo
1162 4426 1326 4481 omnis
1372 4429 1561 4484 vivens.
1610 4430 1746 4485 Audi
1790 4439 1847 4486 et
1890 4412 1991 4488 Job
2038 4451 2051 4487 :

2162 3237 2319 3292 istius
2342 3239 2433 3308 qui
2458 3255 2525 3293 ex
2548 3239 2782 3311 cEgypto
2815 3241 3025 3311 plebem
3051 3244 3220 3307 duxit,
3252 3244 3341 3313 qui
3380 3260 3531 3298 mare
3564 3246 3746 3316 turni-1

2161 3329 2287 3383 dum
2321 3337 2383 3383 ut
2427 3328 2622 3385 molem
2664 3339 2807 3386 stare
2845 3331 2997 3397 fecit,
3027 3334 3118 3403 qui
3157 3349 3353 3389 manna
3387 3334 3651 3404 pupulum
3691 3336 3745 3388 in

2160 3431 2345 3471 eremo
2393 3417 2626 3484 cibavit,
2660 3421 2752 3490 qui
2779 3421 2844 3476 de
2871 3433 3027 3478 caute
3051 3439 3246 3493 aquam
3271 3425 3552 3493 produxit,
3580 3423 3745 3495 cujus

2160 3523 2352 3564 manus
2388 3510 2567 3579 gravis
2595 3511 2852 3568 Amalech
2903 3515 3138 3580 interiit,
3169 3516 3260 3585 qui
3303 3515 3743 3572 Chananaaorum

2158 3615 2339 3670 regem
2369 3601 2657 3667 contrivit;
2684 3603 2776 3672 qui
2806 3603 2980 3659 Ethan
3008 3603 3167 3659 ﬂuvia
3196 3604 3448 3668 siccavit;
3498 3607 3597 3675 qui
3628 3607 3745 3661 lati-

2159 3708 2277 3748 cem
2301 3701 2461 3765 potus
2490 3686 2755 3759 amarum,
2782 3704 2838 3752 et
2875 3696 3135 3751 indictum
3172 3712 3268 3767 per
3293 3696 3493 3768 lignum
3522 3699 3743 3766 potabi-

2158 3784 2264 3839 lem
2290 3784 2448 3849 fecit;
2480 3785 2572 3856 qui
2597 3785 2652 3840 in
2684 3785 2812 3841 Sina
2838 3788 3003 3842 verba
3037 3787 3171 3858 legis
3209 3788 3265 3843 in
3310 3788 3451 3843 binis
3504 3788 3742 3859 lapideis

2158 3874 2356 3930 tabulis
2380 3876 2626 3946 accepit;
2663 3876 2817 3947 cujus
2840 3877 3008 3934 facies
3028 3879 3157 3934 solis
3181 3879 3399 3934 rutilum
3429 3882 3738 3949 superavit,

2158 3967 2249 4036 qui
2274 3966 2473 4023 aereum
2496 3978 2798 4039 serpentem
2818 3984 2918 4038 pro
2955 3968 3110 4040 plaga
3135 3969 3427 4024 lsraelitica
3454 3970 3511 4023 in
3543 3985 3739 4025 enemo

2158 4057 2451 4124 exaltavit;
2487 4056 2640 4127 cujus
2661 4058 2907 4114 inimicos
2928 4067 3066 4113 terra
3095 4059 3404 4125 absorbuit;
3456 4060 3552 4129 qui
3584 4062 3736 4116 vitu-

2157 4149 2269 4205 lum
2299 4166 2523 4206 aureum
2556 4149 2853 4221 confregit;
2905 4152 2998 4221 qui
3050 4168 3173 4207 cum
3216 4153 3349 4217 Deo,
3393 4152 3550 4221 quasi
3607 4168 3734 4207 cum

2158 4240 2351 4305 amico,
2383 4239 2519 4295 facio
2542 4241 2610 4295 ad
2642 4239 2835 4296 faciem
2869 4240 3079 4297 locutus
3114 4249 3229 4307 est;
3267 4242 3358 4312 qui
3384 4257 3484 4311 per
3517 4242 3701 4298 colum

2157 4342 2284 4381 nam
2310 4329 2469 4384 nubis
2494 4328 2599 4383 diei
2627 4337 2682 4383 et
2712 4331 2887 4385 noctis
2915 4331 3121 4402 igneam
3150 4330 3505 4386 lsraeliticum
3544 4343 3734 4402 prote-

2158 4415 2319 4484 gebat
2344 4418 2674 4485 exercitum;
2713 4419 2867 4489 cujus
2885 4434 3044 4489 super
3068 4420 3183 4476 haec
3207 4422 3385 4476 omnia
3413 4423 3643 4493 angelus
3677 4425 3732 4480 in

499 4511 633 4566 Ecce
659 4514 795 4567 enim
840 4516 951 4569 ατη
995 4534 1097 4571 non
1143 4519 1426 4589 splendent,
1474 4530 1523 4576 ει
1578 4521 1738 4577 “eum
1783 4541 1886 4578 ηοη
1934 4535 2055 4580 sum
2079 4494 2133 4555 D
2158 4506 2517 4561 ministerium
2544 4508 2700 4586 datus
2733 4518 2834 4573 est,
2862 4510 3072 4565 dicente
3097 4510 3321 4567 Domino
3352 4528 3365 4565 :
3400 4508 3538 4567 Ecce
3575 4515 3732 4569 mitto

499 4603 705 4659 munda:
730 4605 784 4658 in
812 4616 1083 4677 conspectu
1104 4609 1236 4677 ejus.
1258 4608 1468 4676 Quanto
1493 4613 1663 4683 magis
1698 4612 1850 4667 homo
1874 4624 2055 4684 putre-

496 4694 586 4759 do,
618 4704 663 4749 et
697 4695 839 4764 ﬁlius
874 4696 1095 4752 hominis
1135 4699 1359 4753 vermis!
1411 4699 1602 4756 Petrus
1648 4711 1848 4768 autem,
1879 4704 1965 4758 cui
2001 4704 2055 4760 in

496 4784 633 4839 caelo
659 4794 714 4840 et
739 4787 792 4841 in
830 4796 973 4843 terra
1009 4797 1249 4860 potestas
1291 4791 1528 4847 solvendi
1575 4801 1631 4848 et
1681 4794 1882 4866 ligandi
1929 4795 2054 4851 data

495 4889 595 4946 est,
624 4890 679 4935 et
714 4882 890 4938 claves
926 4885 1075 4956 regni
1125 4885 1384 4947 cmlorum
1434 4886 1644 4941 tradita:
1687 4889 2000 4954 sunt,-dicit
2035 4907 2049 4942 :

493 4970 597 5026 Exi
620 4989 653 5026 a
677 4989 777 5037 me,
797 4973 919 5043 quia
945 4974 1097 5029 homo
1114 4985 1351 5046 peccator
1370 4992 1504 5030 sum.
1528 4975 1595 5029 Et
1620 4976 1663 5030 si
1687 4977 2050 5047 apostolorum

491 5063 741 5132 princeps
768 5078 826 5118 se
853 5073 1190 5134 peccatorem
1217 5066 1480 5137 comperit
1537 5066 1879 5140 [conspicit],
1913 5082 2048 5137 quo-

492 5150 653 5207 modo
690 5153 1013 5223 evangelista
1046 5156 1369 5211 connubium
1407 5157 1637 5222 dictum,
1677 5156 2046 5230 [sacerdotem

491 5240 760 5295 connubio
782 5241 1049 5313 junctum]
1080 5240 1284 5310 justum
1316 5255 1703 5301 commemorat
1726 5255 1850 5301 ante
1877 5247 2045 5301 Deum

491 5332 646 5387 esse?
674 5333 861 5388 Veniat
892 5333 1181 5400 Manasses,
1209 5336 1350 5391 dicat
1374 5353 1495 5391 eum
1524 5338 2051 5410 evangelista,Abra-

493 5419 635 5487 ham,
666 5422 813 5478 isaac
836 5432 891 5478 et
913 5423 1076 5481 Jacob
1107 5425 1186 5498 [et
1210 5428 1399 5482 semini
1419 5445 1627 5496 eorum,
1649 5429 1854 5500 justum
1876 5432 2052 5486 Abra-

493 5511 639 5569 ham.
670 5513 817 5570 Isaac
843 5523 899 5570 et
925 5514 1134 5590 Iacob],
1170 5518 1260 5588 qui
1294 5534 1401 5573 non
1444 5530 1804 5589 peccaverunt
1840 5521 1957 5577 tibi.
1988 5521 2056 5598 in

563 5697 589 5726 ⁸
633 5687 763 5744 Vide
780 5691 1162 5755 prazcedentem
1191 5693 1640 5750 dissertationem.
1671 5693 1866 5751 BACCH.

2156 4596 2397 4667 angelum
2422 4615 2611 4664 meum,
2639 4601 2729 4669 qui
2752 4602 3009 4671 prtccedat
3046 4611 3095 4655 te
3131 4612 3179 4656 et
3207 4602 3464 4657 custodiat
3500 4621 3727 4677 semper.

2154 4687 2232 4742 Ita
2270 4690 2395 4744 huic
2431 4691 2547 4745 viro
2585 4702 2774 4749 sancto
2818 4693 3009 4750 Joanni
3063 4697 3336 4752 custodem
3381 4701 3631 4769 corporis
3656 4718 3726 4757 ex

2155 4778 2306 4832 caelis
2339 4779 2587 4849 angelum
2620 4781 2799 4849 misit;
2831 4778 2925 4838 sed
2957 4784 3056 4839 ista
3093 4786 3303 4849 omnia,
3327 4802 3447 4857 quae
3474 4804 3730 4858 superius

2154 4868 2312 4922 nodis
2346 4868 2557 4941 alligata
2587 4872 2797 4928 enixius
2831 4873 3054 4944 reliqui,
3087 4878 3353 4944 quomodo
3386 4876 3732 4946 justificetur

2155 4959 2334 5026 homo,
2363 4969 2457 5015 aut
2500 4964 2766 5032 quomodo
2799 4965 2852 5019 in
2901 4967 3138 5036 peccatis
3184 4977 3425 5023 moretur
3464 4969 3551 5024 vel
3594 4988 3730 5027 οοιι-

2156 5044 2534 5112 demnetur,in
2564 5053 2806 5119 sequenti
2854 5068 3124 5120 sermone,
3176 5064 3238 5109 ut
3284 5056 3560 5112 fastidium
3612 5076 3736 5113 nou

2155 5146 2386 5201 creetur,
2405 5140 2458 5194 in
2487 5140 2605 5196 Vita
2635 5144 2806 5198 sancti
2825 5144 3046 5200 alterius
3066 5145 3183 5209 viri,
3211 5146 3442 5203 donante
3464 5149 3727 5214 Domino,

2155 5237 2431 5296 gratanter
2472 5232 2755 5288 nunciabo.
2814 5234 2974 5290 Rexit
3014 5244 3190 5290 autem
3235 5236 3579 5293 beatissimus
3616 5238 3730 5295 iste

2148 5317 2381 5374 Joannes
2424 5320 2720 5379 Ecelesiarn
2766 5339 2915 5381 suam
2959 5341 3128 5383 annos
3170 5339 3197 5370 ι
3241 5343 3355 5396 xvi,
3398 5344 3612 5387 menses
3661 5349 3728 5401 x,

2150 5408 2264 5465 dies
2292 5425 2441 5466 xvnt.

2873 5585 3010 5600 ﬂ
