3956 6190
292 340 408 397 Sit

787 447 1348 508 OBSERVATIONES

984 567 1064 622 Ad
1100 565 1249 620 Vitas

478 694 668 736 ειη-ιι
704 694 918 736 JOANMS
954 693 1249 734 ANGBLOPTI
1297 694 1366 732 ΕΤ
1415 692 1629 733 ιοιιιεειε
1666 692 1727 731 ll.

311 798 696 871 Chronologica
719 798 1100 871 recapitulatio.
1152 797 1604 871 Cinbiculariorunt
1643 797 1889 871 oﬁiciurn2

386 860 625 925 Subdit'é
644 871 703 923 in
725 860 953 923 basilicis
976 860 1146 924 Iocus.
1178 869 1482 923 Monasterii
1513 860 1721 922 nomine
1749 867 1889 935 apud

386 938 799 1009 Agnellumquid
819 940 1035 993 veniat?
1066 939 1395 1009 Mortuorum
1418 954 1635 1009 corpora
1656 954 1723 1009 an
1751 937 1890 1009 intra

391 1005 631 1064 basilicas
661 1005 1037 1079 sepelirentur?
1083 1008 1356 1079 Nonnulla
1391 1008 1461 1062 ad
1501 1005 1890 1079 chi'gnologiam

392 1080 673 1147 spectantia
697 1075 792 1148 pro
804 1078 979 1148 Attila:
992 1089 1037 1133 et
1057 1075 1362 1133 Theoderici
1384 1088 1554 1148 a'tate.
1571 1075 1891 1148 Eoriimdem

396 1144 520 1203 Acta
541 1144 828 1219 inusti-ala.
854 1147 1206 1202 Valentiniani
1224 1147 1547 1219 priuilegium
1567 1163 1659 1219 pro
1686 1144 1891 1219 Raven-

401 1229 509 1273 nate
533 1218 771 1273 Ecclesia
797 1219 1200 1288 supposititium.
1224 1213 1691 1288 'Gailre'Placidiw
1716 1213 1891 1288 Stent-

405 1299 553 1352 mata,
573 1284 942 1355 paternum'ac
969 1298 1279 1342 maternum.
1307 1286 1575 1358 Liturgica
1612 1284 1886 1339 nonnulla.

411 1419 445 1473 l.
478 1419 551 1473 Ex
613 1418 793 1473 allatis
855 1433 1014 1487 supra
1053 1418 1106 1472 in
1171 1418 1550 1474 dissertatione
1613 1425 1889 1488 postrema

355 1498 544 1561 apparet
598 1491 706 1545 huc
764 1489 817 1543 in
872 1503 1037 1561 unum
1091 1488 1317 1561 duorum
1377 1488 1567 1561 saltem
1619 1489 1891 1561 episeopof

355 1557 452 1614 rain
479 1559 712 1627 ejusdem
748 1559 985 1613 nominis
1008 1557 1140 1612 Acta
1167 1557 1505 1614 conﬂuxisse.
1537 1557 1705 1612 Porro
1746 1558 1888 1613 facili

352 1631 536 1701 negon
547 1645 608 1684 ea
629 1644 752 1699 quin
771 1630 838 1682 ad
852 1629 1209 1701 Angeloptemi
1224 1637 1469 1698 spectant
1484 1628 1886 1701 discernuntur,

354 1699 481 1753 acea
515 1699 624 1754 fere
660 1707 787 1754 sunt
806 1714 926 1767 quae
949 1699 1323 1754 Valentiniano
1360 1699 1720 1763 ascribuntur,
1758 1714 1888 1753 non-

348 1770 470 1824 nulla
496 1785 622 1824 vero
648 1784 717 1824 ex
748 1770 834 1824 his
860 1784 980 1838 qua:
1008 1768 1172 1823 Gallae
1198 1769 1446 1825 Placidia:
1468 1769 1740 1838 Augustae.
1786 1770 1887 1823 De-

348 1840 520 1893 dicatio
538 1839 721 1894 sacelli
746 1855 777 1893 a
807 1839 1054 1894 Lauricio
1094 1839 1386 1894 constructi
1432 1838 1575 1893 nullo
1618 1841 1775 1895 modo
1816 1839 1885 1893 ad

347 1908 540 1979 lionorii
566 1918 803 1979 tempora
829 1917 1074 1979 spectare
1116 1917 1291 1977 potest
1334 1924 1399 1963 ex
1442 1908 1712 1963 consulari
1756 1916 1882 1963 nota

348 1978 626 2044 Theodosii,
648 1978 714 2034 de
738 1994 843 2047 qua
860 1978 970 2033 suo
1002 1978 1139 2034 loCo.
1170 1979 1573 2034 Observandum
1598 1979 1759 2033 etiam
1800 1986 1885 2033 est

348 2049 479 2117 plura
503 2050 586 2104 hic
611 2049 749 2104 tradi
780 2064 810 2102 a
838 2058 1025 2104 nostro
1055 2050 1122 2106 de
1149 2048 1500 2113 Theoderico,
1525 2056 1579 2102 et
1604 2049 1742 2115 aliis,
1766 2064 1885 2119 quae

348 2128 458 2194 sunt
475 2135 567 2194 per
582 2120 829 2194 πρόληψιν
843 2190 854 2194 _
867 2120 1178 2194 anticipata.

410 2188 462 2242 II.
476 2188 703 2244 Duorum
726 2188 1145 2244 clarissimorum
1165 2189 1400 2243 virorum
1424 2188 1607 2244 labore
1627 2189 1885 2258 templum

349 2258 406 2312 Ι).
429 2259 699 2315 Laurentio
727 2259 960 2314 dicatum
990 2276 1021 2313 a
1049 2259 1411 2314 fundamentis
1429 2258 1773 2325 aedificatum,
1797 2275 1887 2313 or-

349 2338 610 2411 natumque
634 2329 853 2411 exhibet
878 2329 1161 2411 Agnellus;
1194 2331 1343 2411 prior
1373 2329 1668 2411 Lauricius,
1698 2344 1885 2411 secun-

346 2397 435 2453 dus
452 2397 612 2469 Opilio
640 2400 756 2453 fuit.
785 2397 1090 2454 Lauricium
1132 2397 1389 2469 msjorem
1436 2399 1668 2454 cubiculi
1715 2399 1884 2469 impe-

347 2470 520 2541 ratoris
569 2472 745 2540 primo
786 2478 965 2536 vocat,
1006 2472 1341 2541 postmodum
1388 2470 1758 2541 architrctum.
1811 2470 1887 2524 De

348 2536 755 2608 Opilione'tradit
793 2536 1023 2595 ornasse
1060 2541 1306 2595 eumdem
1358 2539 1541 2608 templi
1590 2539 1802 2603 faciem,
1832 2548 1887 2594 et

346 2607 556 2681 basilicae
579 2608 1061 2681 pretiosa'donaria
1087 2612 1362 2666 obtulisse.
1394 2607 1546 2681 Quod
1576 2617 1787 2681 spectat
1815 2611 1884 2665 ad

344 2676 622 2734 Lauricium
649 2680 738 2734 vix
767 2680 899 2733 alias
921 2681 1059 2735 inter
1080 2681 1250 2736 cilicia
1278 2683 1469 2736 domus
1492 2676 1744 2749 Augustae
1777 2680 1880 2734 im-

340 2759 643 2817 pontorum.
696 2750 810 2804 sive
870 2749 1243 2814 Orientalium,
1295 2753 1406 2806 sive
1456 2749 1881 2806 Occidentalium

342 2821 521 2874 mentio
544 2820 781 2875 occurrit
806 2820 1026 2888 majoris
1055 2822 1306 2877 cubiculi.
1341 2821 1500 2876 Forte
1547 2829 1724 2874 tamen
1764 2835 1884 2873 mu-

338 2902 431 2942 nus
455 2891 550 2961 hoc
580 2891 751 2961 idem”
766 2899 849 2945 est
896 2906 959 2945 ac
1004 2892 1324 2961 praepositus
1363 2890 1502 2961 sacri
1534 2889 1882 2961 eubiculi,_de

336 2972 436 3030 quo
458 2960 505 3013 in
531 2960 661 3016 Cod.
712 2960 912 3015 Theod.
943 2959 1035 3015 lib.
1065 2976 1116 3013 Vl
1156 2962 1237 3015 tit.
1283 2961 1335 3022 8.
1385 2968 1441 3015 et
1491 2960 1607 3030 lege
1652 2959 1878 3030 penult.,

337 3043 382 3099 e.
412 3029 472 3084 de
496 3030 768 3099 Praaposit.
811 3047 922 3086 sae.
957 3032 1130 3086 cubic.
1152 3072 1167 3095 ,
1213 3047 1353 3087 anno
1393 3028 1665 3099 ccccx'xn,
1703 3028 1881 3083 Hono-

335 3097 412 3153 rio
436 3116 522 3155 χιιι
552 3097 930 3156 θίΤΙιεοᾶοείο
961 3119 1013 3155 x.
1047 3101 1377 3155 Macrobium
1405 3101 1576 3154 virum
1614 3098 1876 3153 illustrem

1360 330 1570 392 LIBER
1604 330 2089 392 PONTIFICALIS.
2121 359 2192 371 -—-
2226 328 2408 386 PARS
2442 330 2478 385 L

1910 449 1964 508 Α
1987 442 2273 498 interiores
2321 456 2385 496 ac
2416 441 2714 512 exteriores
2759 440 3237 512 distinguerentur,
3266 452 3326 499 ut
3355 444 3546 504 saltem

3445 332 3552 390 542

1991 514 2333 587 dignoseatur
2359 527 2425 565 an
2444 526 2581 587 pars
2610 511 2711 587 illa
2727 528 2845 587 quae
2871 510 3088 587 Stibdita
3113 515 3253 584 apud
3272 517 3551 587 Agnellum

1989 581 2166 654 audit,
2192 581 2731 654 ad_iuteriores_v_el_
2761 582 2827 635 ad
2874 581 3170 654 exteriores
3222 581 3548 654 pertineret,

1988 653 2222 726 pendere
2240 651 2454 726 videtur
2483 668 2512 706 a
2539 650 2733 706 celebri
2771 653 3066 726 quaestione
3086 654 3199 726 illa,
3224 650 3353 723 quae
3367 650 3551 726 plures

1988 721 2232 778 exercuit
2257 721 2573 785 scribentes,
2604 729 2783 775 utrum
2820 721 3069 778 videlicet
3115 721 3258 779 intra
3298 721 3554 783 basilicas

1989 792 2344 862 sepelirentur
2367 790 2738 867 defunctorum
2777 790 3009 867 ﬁdelium
3040 795 3319 867 cadavera,
3350 813 3457 867 quo
3485 798 3554 854 de

1989 860 2307 932 argumento
2356 860 2728 933 al'iirmativam
2772 861 3063 933 sustinens,
3113 860 3400 921 novissime
3446 868 3556 933 egit

1988 933 2253 995 eruditus,
2302 932 2541 1000 mihique
2581 940 2732 985 arcto
2784 931 3034 986 amicitia:
3092 934 3302 989 vinculo
3357 931 3557 993 charus

1988 1002 2290 1057 Ludovicus
2340 1001 2683 1064 Muratorius,
2715 1000 2933 1055 dissert.
2977 1002 3031 1065 7,
3080 1003 3146 1057 ad
3195 1004 3553 1062 clarissimum

1988 1073 2165 1126 virum
2192 1069 2451 1125 Joannem
2476 1070 2831 1140 Ciampinium
2861 1071 2915 1125 in
2944 1073 3118 1140 primo
3145 1072 3262 1130 Anc
3301 1076 3549 1132 dolorum

1989 1157 2208 1215 suorum
2231 1141 2499 1215 volumine
2528 1156 2698 1210 nuper
2721 1141 2885 1215 editio.
2914 1141 3027 1208 Qua
3049 1143 3119 1215 in
3170 1159 3227 1198 re
3269 1145 3556 1215 plurimam

1989 1212 2162 1293 Lucem
2191 1227 2256 1266 ex
2285 1208 2698 1293 Agneiiiopere
2716 1208 2969 1293 effulgere
2992 1212 3119 1293 mihi
3147 1208 3335 1293 videor
3351 1217 3553 1270 videre.

1990 1281 2239 1337 Solemne
2265 1281 2408 1337 enim
2437 1281 2513 1336 illi
2539 1290 2623 1336 est
2648 1281 2977 1351 distinguere
3005 1284 3145 1337 inter
3169 1284 3423 1339 basilicas
3460 1300 3556 1339 seu

1988 1351 2266 1416 ecclesias,
2297 1360 2353 1406 et
2384 1351 2732 1406 monasteria.
2776 1351 3127 1407 Basilicarum
3171 1369 3264 1408 seu
3312 1356 3561 1410 ecclesia-

1988 1439 2109 1493 rum
2136 1421 2394 1493 vocabulo
2416 1421 2662 1493 intelligit
2688 1422 2830 1492 quod
2867 1437 3026 1493 voces
3053 1424 3181 1492 ipsae
3215 1433 3428 1491 sonant,
3456 1441 3557 1481 nec

1987 1492 2229 1547 ulteriori
2266 1490 2621 1561 explicatione
2672 1490 2895 1561 indiget.
2947 1490 3270 1548 Monasteria
3316 1511 3447 1551 vero
3494 1509 3556 1550 ea

1987 1570 2146 1617 vocat
2173 1576 2292 1631 quae
2342 1562 2558 1631 quidem
2609 1562 2789 1616 divino
2837 1561 3002 1617 cultui
3048 1564 3225 1617 dicata
3255 1573 3430 1631 erant,
3464 1565 3558 1620 sed

1987 1633 2349 1707 privatorum_
2377 1631 2780 1707 quodammon
2785 1701 2799 1707 _
2818 1633 2939 1707 usui
2994 1631 3360 1688 inserviebant
3385 1676 3400 1699 ,
3438 1650 3559 1707 inec

1986 1700 2216 1773 publicis
2242 1701 2522 1773 utriusque
2547 1717 2706 1773 sexus
2742 1700 3171 1773 Christianorum
3201 1705 3560 1760 conventibus

1986 1771 2262 1842 patebant,
2291 1771 2430 1842 quod
2461 1772 2806 1842 basilicarum
2830 1772 2966 1842 juris
2987 1780 3132 1837 erat;
3183 1775 3438 1840 oratoria,
3464 1790 3557 1829 seu

1986 1841 2181 1897 sacella
2210 1842 2299 1895 alii
2331 1841 2534 1895 dixere.
2553 1841 2836 1895 Distinclio
2861 1842 3001 1896 inter
3030 1842 3329 1908 basilicam,
3359 1853 3414 1899 et
3442 1859 3559 1899 mo-

1984 1913 2280 1993 nasterium
2309 1912 2509 1993 passim
2539 1911 2744 1993 inut'oto
2764 1912 3133 1993 operevidere
3156 1913 3460 1993 e_st_._Locu_s
3479 1924 3558 1993 ta—

1985 1996 2108 2036 men
2132 1980 2360 2052 insignis
2389 1981 2627 2036 occurrit
2651 1980 2865 2037 inl‘rain
2889 1980 3009 2036 Vita
3032 1983 3201 2036 sancti
3226 1983 3553 2048 Maximiani,

1984 2052 2076 2106 ubi
2106 2052 2330 2175 loquens
2358 2051 2425 2106 de
2450 2052 2670 2106 basilica
2702 2052 2871 2107 sancti
2915 2052 3170 2123 Stephani
3201 2054 3316 2108 haec
3345 2053 3507 2108 habet
3539 2073 3552 2108 :

1992 2140 2011 2172 ι
2054 2121 2135 2175 Ad
2200 2131 2350 2175 atera
2380 2137 2511 2175 vero
2541 2122 2711 2175 iusius
2732 2121 2969 2175 basilicm
3004 2124 3329 2175 monasteria
3358 2138 3519 2175 narra
3537 2166 3552 2175 .

1992 2140 2011 2172 ι
2054 2121 2135 2193 Ad
2180 2121 2350 2193 latera
2380 2137 2511 2177 vero
2541 2122 2711 2193 ipsius
2732 2121 2969 2177 basilicae
3004 2121 3329 2178 monasteria
3358 2138 3519 2193 parva
3537 2166 3554 2190 ,

1985 2191 2306 2260 subiunxit,
2369 2208 2490 2262 qua:
2553 2191 2734 2262 omnia
2796 2194 2951 2247 novis
3018 2193 3247 2248 tessellis
3308 2191 3553 2257 auratis,

1986 2262 2253 2330 simulque
2288 2260 2609 2331 promiscuis
2651 2260 2770 2316 aliis
2812 2263 2944 2318 calci
2997 2262 3177 2319 infixis
3230 2264 3555 2320 mirabiliter

1985 2340 2292 2402 apparent,
2350 2348 2510 2401 super
2555 2332 2839 2402 capitaque
2901 2335 3140 2388 omnium
3187 2335 3578 2390 columnarum-

1984 2402 2153 2472 ipsius
2191 2402 2497 2456 Maximiani
2540 2417 2736 2457 nomen
2774 2403 3038 2473 scalptum
3070 2412 3183 2468 est;
3230 2406 3553 2459 monasteria

1983 2487 2112 2527 vero
2158 2482 2311 2541 parte
2352 2473 2611 2537 virorum,
2666 2483 2771 2527 etc.
2816 2492 2835 2524 ι
2870 2474 3193 2528 Monasteria
3227 2482 3426 2536 autem,
3460 2490 3554 2529 seu

1983 2543 2221 2598 oratoria
2268 2541 2573 2615 huiusmodi
2603 2583 2630 2615 ,Α
2662 2542 2788 2597 licet
2828 2545 2988 2599 etiam
3024 2544 3233 2615 longius
3256 2561 3286 2599 a
3318 2545 3556 2615 basilicis

1983 2622 2442 2677 construerentur,
2480 2612 2728 2681 primitus
2754 2621 2931 2667 tamen
2961 2629 3064 2668 non
3107 2612 3209 2669 nisi
3238 2617 3381 2670 circa
3416 2614 3560 2671 basi-

1981 2682 2115 2737 licas
2149 2683 2410 2754 :edilieata
2440 2681 2596 2737 facile
2627 2684 2987 2754 demonstrari
3015 2692 3213 2754 posset.
3258 2685 3407 2752 Quod
3434 2686 3556 2754 qui-

1983 2754 2101 2807 dem
2134 2753 2335 2823 passim
2367 2752 2586 2815 factum,
2614 2753 2861 2822 exemplo
2892 2754 2961 2809 sit
2989 2752 3093 2809 non
3114 2756 3273 2809 modo
3299 2752 3555 2809 Vaticana

1982 2830 2136 2877 vetus
2179 2823 2418 2883 basilica,
2450 2837 2611 2891 quam
2649 2824 2905 2878 exhibent
2944 2825 3084 2877 inter
3119 2830 3346 2879 eteter‘os
3376 2825 3554 2879 crudi-

1982 2891 2220 2963 tissimus
2245 2891 2574 2961 Ciampinius
2609 2893 2666 2963 in
2714 2892 2888 2963 Opere
2915 2893 2981 2947 de
3004 2894 3254 2963 Antiquis
3288 2894 3555 2949 Constan-

1980 2963 2076 3015 tini
2104 2962 2388 3023 Edillciis,
2421 2970 2476 3015 et
2507 2962 2793 3017 novissime
2824 2961 3076 3018 Bonanus
3107 2961 3163 3018 in
3191 2964 3282 3018 lib.
3313 2963 3379 3017 de
3405 2981 3556 3019 sum-

1980 3047 2193 3104 morum
2242 3032 2556 3104 pontificum
2617 3030 3037 3089 Numismatibus
3102 3035 3374 3104 prodromi
3435 3036 3555 3091 loco

1979 3101 2249 3157 exhibito
2279 3103 2346 3157 ad
2419 3101 2829 3157 celeberrimum
2884 3112 2999 3158 toto
3055 3101 3185 3160 orbe
3238 3104 3553 3161 Vaticanum

335 3170 397 3244 ad
420 3168 527 3244 ejus
546 3171 786 3244 muneris
804 3173 1062 3244 honorem
1082 3182 1392 3244 provectum
1414 3170 1648 3244 ostendit
1668 3169 1880 3244 iaudata
1906 3167 1951 3230 C
1980 3172 2240 3244 {emplum
2272 3181 2550 3244 spectante
2566 3213 2580 3237 ,
2607 3173 2704 3244 sed
2727 3181 2795 3244 et
2823 3173 2875 3228 in
2900 3177 3150 3244 praesenti
3186 3173 3243 3229 S.
3267 3175 3461 3230 Felicis
3498 3176 3552 3231 in

332 3238 528 3295 Codicis
571 3242 774 3295 Theod.
826 3242 934 3307 lex,
987 3238 1200 3296 vivente
1247 3243 1420 3297 adhuc
1472 3240 1753 3304 Laurieio,
1787 3240 1879 3308 qui

328 3310 540 3378 proinde
568 3312 883 3380 dignitatem
908 3321 1063 3366 antea
1094 3322 1350 3382 gesserat.
1374 3312 1490 3379 Quo
1514 3318 1690 3382 autem
1711 3311 1879 3381 gradu

326 3389 499 3453 essent
518 3398 587 3453 ex
619 3383 737 3451 ejus
767 3383 899 3453 legis
922 3380 1292 3450 Decreto,’qui
1341 3380 1611 3453 praepositi
1657 3380 1879 3453 munere

324 3447 487 3522 functi
509 3447 742 3522 fuerant,
774 3447 1009 3507 ostendit
1038 3453 1123 3507 lex
1160 3447 1274 3522 ipsa
1318 3447 1388 3505 ε’(
1426 3447 1526 3519 Qui
1554 3451 1692 3505 sacri
1726 3451 1877 3505 euhi-

321 3519 423 3591 cuii
449 3522 617 3577 nostri
639 3520 792 3576 {silere
823 3523 1093 3591 praepositi
1113 3563 1127 3587 ,
1152 3519 1234 3576 vel
1261 3538 1402 3577 nunc
1425 3537 1545 3576 esse
1571 3529 1872 3590 coeperunt,

322 3589 404 3662 vel
447 3608 579 3660 quos
617 3589 968 3662 postea’sor's
1016 3594 1080 3646 ad
1119 3592 1439 3648 ascendendi
1473 3590 1629 3659 hujus
1655 3589 1877 3660 gradum

321 3656 510 3733 fastigii
540 3656 840 3727 desocarit,
870 3677 933 3717 ea
969 3664 1225 3733 dignitate
1255 3656 1555 3732 fungantur
1561 3703 1576 3727 ,
1602 3656 1708 3731 qua
1752 3668 1878 3715 sunt

323 3732 521 3797 praediti
549 3733 644 3802 qui
678 3732 1157 3803 eminentissimam
1193 3734 1570 3803 praetorianam
1619 3742 1695 3803 et,
1718 3733 1879 3786 urba-

322 3814 438 3853 nam
466 3804 763 3857 meruerint
804 3802 1205 3872 przefecturam,
1251 3810 1344 3856 aut
1386 3812 1533 3859 certe
1589 3802 1877 3856 militarem

320 3872 679 3937 magisteriam
705 3882 1043 3942 potestatem,
1068 3874 1140 3927 ita
1171 3882 1229 3927 ut
1252 3874 1324 3928 sit
1347 3873 1488 3929 inter
1523 3887 1615 3928 eos
1642 3880 1762 3941 post
1785 3872 1879 3926 de-

318 3942 516 4009 positas
534 3943 1027 3997 administrationes
1050 3944 1193 3997 nulla
1216 3944 1486 3998 discretio.
1514 3963 1532 3995 ι
1552 3942 1875 3997 Cubicularii

320 4012 474 4066 etiam
506 4014 724 4067 nomine
753 4013 865 4083 κατέ
890 4015 1077 4083 ἓξοχήν
1103 4014 1447 4082 pnepositum
1467 4012 1879 4083 voeatumiindi-

318 4090 439 4153 cant
464 4092 587 4138 acta
617 4083 669 4136 in
699 4082 925 4138 concilio
950 4081 1415 4153 Ephesino’contra
1445 4091 1688 4153 sanctum
1708 4081 1878 4152 Cyril-

317 4148 444 4217 lum,
468 4154 562 4207 ubi
586 4148 1239 4226 κονϐικουλάριοςίιοηοιιξ
1257 4167 1417 4226 causa
1441 4152 1637 4226 dicitur
1668 4148 1878 4226 malo:

316 4226 687 4298 πριξὲᾳτατος,
708 4228 793 4278 καὶ
813 4220 1174 4298 φιὶξόχριστοςχ
1191 4223 1426 4298 Epistola
1452 4221 1663 4277 comitis
1691 4220 1876 4298 irenaei

316 4291 379 4345 ad
406 4291 710 4368 Orientales
737 4308 752 4345 :
905 4291 996 4364 pii
1032 4291 1590 4368 μςγαλοτὶ-ριπὲρτατον,
1609 4295 1715 4368 ’κοτέ
1744 4293 1878 4368 gade-

319 4382 532 4436 χριστον
551 4362 1353 4446 zooétxeuléptovFinierat-inice,
1369 4363 1582 4446 ἔπεισςκν
1600 4362 1876 4446 ᾇμολοξγούτ

317 4434 471 4504 μᾲνσυ,
527 4449 647 4503 qua:
693 4434 759 4488 ad
821 4434 1051 4489 Lauricii
1099 4444 1342 4504 tempora
1390 4434 1666 4504 spectant,
1714 4434 1769 4504 et
1806 4435 1874 4488 ad

318 4501 448 4586 ejus.
470 4501 783 4585 dignitatem
811 4501 1241 4586 discernendam':
1267 4504 1351 4586 Ita
1366 4501 1626 4586 eunuchis
1654 4502 1744 4572 qui
1781 4518 1873 4586 ειυς
1897 4526 1950 4586 D

319 4569 687 4645 hicularibrum
719 4588 933 4645 gregem
960 4573 1374 4645 constituebant,
1406 4574 1471 4628 ad
1508 4569 1747 4645 summos
1772 4573 1875 4645 rho-
1897 4569 1919 4613 ‘~

319 4656 471 4697 nores
496 4644 582 4696 via
613 4641 847 4714 patebat}
872 4661 937 4700 ex
963 4644 1159 4714 quibus
1185 4645 1486 4699 Lauricium
1512 4659 1676 4698 unum
1706 4641 1873 4700 fuisse

319 4712 646 4782 consequens
658 4713 736 4767 lit.
751 4712 1115 4769 Arehiteétum
1131 4724 1308 4769 autem
1322 4714 1474 4769 illum
1491 4721 1648 4769 vocat
1666 4723 1867 4778 noster,

318 4784 453 4855 quod
483 4784 584 4855 aedi
626 4784 896 4855 struenda:
922 4784 1221 4855 praefuerit,
1249 4792 1304 4840 et
1331 4786 1592 4839 rationem
1620 4784 1870 4853 prtescri-

317 4854 493 4921 pserit.
534 4852 642 4908 Nec
676 4854 820 4907 aliud
855 4852 938 4909 de’
966 4853 1207 4924 Opilione
1251 4855 1590 4910 statuendum
1622 4852 1865 4921 censeo,

318 4923 401 4995 qui
429 4925 724 4995 ornandam
749 4923 1024 4979 curaverit
1043 4924 1276 4980 basilicae
1314 4925 1526 4990 faciem,
1550 4933 1606 4979 et
1628 4925 1865 4995 pretiosa

320 4993 531 5064 donaria
564 4993 838 5064 religionis
865 5009 1028 5048 causa
1061 4996 1232 5049 eidem
1279 4995 1513 5050 basilica:
1557 4993 1863 5062 contulerit,

320 5076 472 5186 ιιἬιΙε
500 5063 696 5118 ibidem
726 5064 979 5145 postiata
1005 5065 1372 5146 tumulandum
1404 5065 1651 5120 voluerit.

447 5172 462 5185 .
497 5128 739 5186 Senulcrr
784 5135 943 5186 hutus
996 5134 1171 5186 locum
1227 5135 1470 5186 desnznat
1518 5146 1651 5186 nostt

447 5172 462 5185 .
497 5128 744 5203 sepulcri
784 5133 943 5203 hujus
996 5134 1171 5188 locum
1227 5135 1470 5203 designat
1518 5146 1721 5199 noster,
1771 5136 1865 5192 sed

320 5202 553 5274 vocabuli
600 5202 863 5259 barbarie
889 5204 1138 5259 tenebras
1184 5202 1424 5274 aﬂ'undit,
1456 5219 1576 5274 quae
1604 5204 1862 5270 efﬁciunt,

322 5272 462 5344 ut_ab
476 5288 553 5344 eo
580 5273 844 5343 explicata
876 5273 1115 5329 ulteriori
1154 5272 1508 5343 explicatione
1538 5276 1805 5344 indigeant
1843 5293 1858 5330 :

326 5360 340 5391 ι
380 5341 442 5395 Et
472 5343 602 5423 ipse,
632 5341 825 5425 inquit,
854 5344 1203 5425 sepultusnest
1223 5341 1443 5413 'Opilius
1479 5341 1858 5425 parte"mt.t_l.ie-

324 5426 427 5465 rum
478 5414 623 5467 circa
674 5413 931 5487 mediam
960 5414 1259 5487 Subditam,
1297 5431 1318 5467 ι
1352 5428 1471 5482 quae
1524 5414 1577 5468 in
1629 5413 1893 5487 basilicis;

323 5490 451 5552 esset
478 5498 605 5552 pars
651 5483 934 5539 mulierum
987 5485 1121 5539 satis
1183 5498 1449 5552 superque
1499 5492 1726 5549 constat,
1764 5498 1864 5540 nec

323 5550 459 5623 plura
478 5550 687 5623 addere
706 5562 864 5623 vacat
892 5556 945 5609 in
972 5569 1032 5608 re
1071 5550 1529 5623 compertissimaa
1563 5552 1691 5619 Quae
1733 5567 1861 5609 vero

323 5635 377 5674 ex
396 5621 629 5694 basilica:
652 5622 854 5678 aedibus
881 5624 1101 5680 Subdita
1125 5621 1544 5694 nuncuparetur,
1575 5638 1682 5677 non
1709 5622 1861 5679 licuit

323 5703 474 5763 usque
501 5693 555 5746 in
580 5693 722 5763 hanc
743 5693 884 5749 diem
907 5708 1244 5763 cognoscere.
1272 5692 1403 5763 Cum
1430 5692 1855 5750 Christianorum

326 5762 785 5839 veteresObasilica:
818 5772 930 5821 tum
958 5762 1142 5824 Graece
1184 5778 1306 5821 cum
1348 5762 1552 5823 Latinae
1586 5763 1643 5821 in
1675 5775 1855 5836 partes

1979 3242 2164 3297 Pincis
2192 3258 2354 3313 prope
2385 3242 2570 3296 Nolam
2604 3242 2839 3299 basilicae
2865 3242 3050 3300 facies.
3085 3247 3196 3300 lmo
3218 3254 3272 3300 et
3291 3246 3343 3300 id
3372 3262 3557 3301 recen—

1982 3314 2087 3385 tius
2113 3314 2251 3383 apud
2275 3314 2567 3385 monachos
2590 3315 2951 3385 consuevisse,
2972 3317 3232 3385 probatur
3254 3331 3319 3371 ex
3351 3314 3556 3371 Caven-

1979 3384 2054 3438 sis
2086 3385 2404 3457 monasterii
2436 3383 2684 3457 ecclesia,
2726 3384 2779 3438 in
2809 3401 2913 3455 qua
2944 3383 3158 3456 cbrp’ori
3186 3387 3382 3451 medio,
3408 3386 3553 3457 quod

1979 3468 2196 3526 capsum
2244 3454 2486 3523 Gregorii
2525 3453 2851 3526 Turonensis
2879 3453 3139 3512 vocabulo
3180 3453 3449 3526 appellare
3488 3457 3557 3511 li-

1977 3532 2120 3596 ceat,
2145 3524 2523 3596 circumposita
2551 3524 2747 3596 sacella
2773 3536 3036 3595 apparent
3057 3524 3353 3596 parietibus
3381 3527 3548 3596 ipsius

1976 3595 2125 3665 eapsi
2173 3593 2532 3657 adhznrentia;
2587 3593 2730 3649 inter
2776 3593 2895 3664 quae
2939 3593 3072 3651 illud
3112 3612 3177 3650 ex
3212 3596 3357 3651 Odmi
3395 3593 3550 3665 parte

1976 3663 2135 3718 situm
2171 3673 2272 3734 est,
2314 3664 2367 3718 in
2398 3679 2502 3734 quo
2546 3663 3038 3733 antiquissimorum
3082 3665 3318 3734 ejusdem
3360 3663 3551 3721 mona-

1976 3733 2126 3805 sterii
2176 3733 2420 3805 Patrum
2450 3748 2605 3805 sacra
2652 3734 2858 3805 lipsana
2907 3733 3237 3798 conduntur;
3294 3736 3552 3805 adestque

1975 3803 2118 3857 facto
2153 3804 2453 3873 aliquorum
2482 3803 2741 3874 graduum
2766 3804 3027 3862 descensu
3068 3807 3325 3870 alterum,
3358 3806 3450 3861 ubi
3465 3803 3551 3861 ἐχ

1976 3874 2354 3947 antiquissimo
2374 3873 2524 3947 more
2548 3873 2929 3947 defunctorum
2946 3946 2951 3947 ί
2967 3892 3191 3947 corpora
3219 3875 3551 3947 sepeliuntur

1976 3945 2189 4000 ossibus
2223 3945 2447 4015 proinde
2488 3944 2843 4013 scheletisque
2872 3944 3148 4002 refertum.
3182 3944 3309 4015 Ejus
3339 3946 3416 3999 rei
3439 3947 3549 4000 ori-

1975 4014 2252 4086 ginemiei
2278 4029 2355 4086 eo
2384 4025 2569 4086 petere
2610 4015 2887 4079 debemus,
2919 4016 3059 4086 quod
3081 4032 3203 4071 cum
3224 4014 3455 4071 minime
3483 4017 3550 4071 li-

1977 4084 2122 4157 ceret
2164 4085 2303 4157 intra
2346 4084 2596 4139 basilicas
2635 4084 2969 4157 mortuorum
3006 4102 3243 4157 corpora
3296 4086 3544 4157 sepelire,

1974 4154 2117 4210 circa
2154 4154 2369 4209 easdem
2411 4163 2590 4209 tamen
2636 4156 2943 4210 cmmeteria
2991 4154 3130 4210 fieri'
3150 4156 3233 4211 fas
3262 4154 3412 4221 erat,
3457 4155 3547 4211 ubi

1973 4223 2251 4297 paulatim,
2299 4224 2380 4297 vel
2422 4223 2763 4297 _singulorum
2823 4226 2875 4280 id
2914 4225 3122 4282 ferente
3174 4227 3405 4297 ingenio,
3461 4228 3545 4280 vel

1974 4293 2261 4367 praesulem
2298 4293 2562 4367 eiliciente
2599 4294 2874 4366 religione,
2907 4296 3124 4367 sacella,
3162 4293 3280 4366 quia
3318 4297 3543 4367 Agnello

1974 4365 2299 4419 monasteria
2343 4366 2623 4430 dicuntur,
2655 4365 2781 4420 sunt
2809 4367 3044 4421 condita.
3079 4365 3214 4422 Hine
3247 4365 3481 4422 arbitror
3506 4383 3538 4422 a

1975 4435 2371 4509 circumpositis
2406 4434 2633 4509 sacellis
2678 4434 2929 4491 basilicas
2978 4438 3122 4507 ipsas
3164 4454 3231 4509 ex
3285 4438 3544 4509 martyris

1976 4506 2211 4578 nomine,
2257 4506 2341 4560 cui
2368 4504 2646 4575 dedicatae
2682 4515 2838 4578 erant
2859 4547 2874 4571 ,
2902 4504 3197 4562 cmineterii
3224 4504 3544 4578 quandoque

1975 4574 2255 4651 vocabulo
2278 4585 2634 4651 npncupatas.
2679 4575 3161 4651 Sic__lnnoeentius
3190 4574 3347 4651 papa,
3380 4574 3538 4648 epist.

1971 4647 2146 4716 prima
2189 4645 2258 4699 ad
2305 4646 2660 4701 Decentium:
2695 4665 2715 4698 ι
2759 4645 2885 4717 _Non
2928 4647 3083 4717 longe
3124 4645 3382 4717 portanda
3412 4645 3542 4704 sunt

1973 4724 2331 4787 sacramenta,
2368 4730 2469 4787 nec
2496 4732 2594 4771 nos
2623 4732 2717 4787 per
2741 4715 2954 4773 diversa
3005 4715 3316 4775 eameteria
3346 4721 3542 4774 consti-

1972 4786 2102 4857 tutis
2125 4786 2453 4857 pres_byteris
2475 4786 2824 4841 destinamus.
2868 4806 2887 4838 ι
2921 4787 3096 4855 Quare
3116 4798 3169 4843 et
3198 4789 3409 4844 laudata
3433 4789 3539 4844 No-

1969 4856 2092 4911 lana
2135 4854 2191 4909 S.
2228 4854 2421 4912 Felicis
2452 4857 2673 4911 basilica
2715 4854 3011 4911 emmeterii
3050 4860 3286 4923 nomine,
3324 4859 3394 4913 ob
3431 4859 3538 4913 eir-

1970 4927 2295 4999 cumpositas
2324 4928 2559 4999 minores
2585 4926 2855 4999 aediculas,
2886 4926 3123 4981 fidelium
3152 4929 3440 4999 sepulturae
3460 4928 3533 4982 die

1973 4996 2122 5052 catas
2159 4996 2233 5069 (in
2263 4997 2458 5066 quibus
2485 5004 2540 5051 et
2568 4997 2725 5069 modo
2764 5010 2921 5069 arcae,
2953 5006 3009 5050 et
3044 4996 3535 5069 sarcophagauspe.

1967 5065 2200 5131 etaritur,
2218 5065 2554 5136 et’pneterea
2576 5065 2761 5136 ingens
2786 5066 2986 5136 ossium
3010 5065 3290 5121 multitudo
3312 5065 3533 5121 collecta

1965 5137 2188 5208 visitur)
2219 5134 2533 5208 vocabatur,
2579 5134 2971 5208 quod‘proinde
3007 5136 3083 5208 in‘
3100 5145 3403 5208 corruptam
3441 5137 3532 5208 ci-

1966 5208 2136 5261 mitini
2162 5204 2349 5263 vocem
2385 5205 2597 5260 tandem
2632 5204 2780 5258 abiit.
2825 5204 3024 5259 Locum
3053 5204 3328 5271 Paulinus,
3367 5206 3527 5271 epist.

1965 5277 2067 5339 12,
2116 5277 2182 5332 ad
2238 5275 2534 5339 Severum,
2579 5289 2609 5327 a
2657 5274 2947 5345 Maratorio
2990 5276 3189 5331 relatus
3217 5316 3232 5340 ,
3294 5274 3527 5345 explicat

1964 5348 2260 5417 aptissime,
2284 5346 2376 5417 sed
2411 5359 2475 5398 eo
2504 5344 2769 5417 sermonis
2791 5360 2985 5417 genere
3017 5347 3156 5417 quod
3186 5347 3235 5401 ei
3262 5344 3526 5417 qui'basi-

2110 5418 2278 5488 ipsius
2309 5415 2470 5470 silum
2505 5423 2559 5469 et
2579 5414 2959 5488 circumposita
2989 5415 3232 5488 cubicula
3262 5432 3368 5470 non
3399 5415 3530 5470 vidit

1962 5485 2431 5556 facile'impouere
2470 5486 2731 5556 potuerit;
2772 5486 2984 5556 etenim
3020 5486 3264 5541 cubicula
3309 5501 3417 5541 non
3457 5500 3524 5542 eo

1959 5565 2117 5626 pacto
2149 5554 2256 5627 quo
2283 5554 3011 5627 recentiorium‘basilicarum
3038 5556 3255 5622 sacella,
3297 5556 3433 5621 sive,
3461 5565 3521 5613 ut

1957 5624 2235 5691 vocantur,
2270 5624 2506 5695 capellaa,
2543 5626 2616 5679 ita
2643 5624 2845 5679 inserta
2878 5632 3054 5688 erant,
3092 5636 3152 5680 ut
3179 5627 3413 5683 basilicae
3443 5628 3527 5683 fa-

1956 5706 2144 5769 cerent
2177 5705 2418 5769 partem,
2454 5696 2548 5749 sed
2576 5695 3164 5769 p_arietibus_tanquam
3189 5707 3392 5769 septoa
3427 5698 3526 5769 ba-

1954 5768 2119 5824 silicae
2163 5764 2387 5838 corpore
2414 5764 2831 5839 separabantur,
2872 5765 2936 5821 de
2963 5764 3190 5838 quorum
3216 5764 3323 5826 uno
3350 5767 3524 5841 loqui-
