3956 6190
271 336 368 393 553

1324 338 1524 394 LIBER
1559 337 2045 395 PONTIFICALIS.
2068 370 2138 380 —
2176 339 2353 394 PARS
2390 340 2428 393 l.

3386 340 3488 394 534

673 447 810 534 apud
836 454 1083 534 nostram
1101 458 1356 534 spectant
1405 454 1471 507 ad
1515 453 1573 507 S.
1609 453 1831 509 Joannis
1858 459 1909 514 Α
1933 428 2171 534 οιιηιᾞίο
2196 455 2263 534 de
2287 454 2402 534 solo
2428 452 2695 534 episcopo.
2712 450 3014 534 celebrante
3043 460 3251 534 agatur.
3298 452 3487 507 Diver—

262 518 531 592 ecstasim,
557 518 896 592 cujus__causa
926 527 1015 573 τοῦ
1043 519 1380 592 ᾏγγελόπτου
1419 534 1827 592 cognomentum

356 588 575 650 meruit,
602 587 857 641 exhibent
882 587 1162 662 nonnullas
1202 608 1365 662 sacra:
1386 587 1603 662 synaxis
1622 602 1824 662 partes.

306 674 350 711 τε
378 664 561 731 autem
592 667 976 731 recensentur:
1029 675 1046 707 ε
1092 656 1283 715 Lectio
1315 656 1583 731 Evangelii
1614 656 1669 717 et
1710 678 1827 731 pro-

262 726 476 800 testatio
528 725 895 800 catechumeni
944 744 962 776 ι
1022 736 1151 780 ante
1205 730 1377 800 angeli
1418 725 1824 800 apparitionem,

263 748 476 782 ιεδιξιιιυ
528 748 895 780 «Ἦιεςυυιιιεηι
944 748 962 776 ι
1022 748 1151 780 illi”?
1205 748 1377 800 angeli
1418 748 1446 783 3
1487 748 1824 799 partuonem,

263 794 673 871 inde_eanonica_
704 797 887 871 verba,
923 811 1043 850 cum
1072 748 1556 868 suppiicationiﬁus
1581 809 1638 871 et
1676 802 1828 871 signo

259 867 435 920 crucis
472 880 635 938 super
658 865 908 938 hostiam,
956 865 1323 938 sanctiﬁcatio
1345 870 1585 938 corporis
1603 865 1821 934 Christi,

260 935 530 1015 perceptio
550 935 791 1015 corporis
818 935 1047 996 Domini,
1077 938 1259 1015 ealieis
1286 954 1385 1015 per
1402 935 1683 1015 diaconum
1698 955 1837 1015 pono

263 1005 382 1078 tilici
424 1005 713 1078 porrectio,
741 1020 900 1074 quam
934 1008 1159 1078 angelus
1179 1005 1387 1062 diaconi
1418 1009 1534 1078 vice
1556 1005 1821 1078 praestitit.

264 1076 377 1130 “$6
404 1075 592 1149 omnia
629 1090 752 1149 eum
799 1074 1128 1149 ceterisiad
1170 1087 1405 1149 veterem
1456 1074 1668 1149 Missam
1707 1095 1827 1149 spe-

262 1145 525 1199 ctantibus
554 1145 685 1199 satis
706 1159 973 1213 superque
1007 1145 1290 1201 illustravit
1320 1148 1403 1200 vir
1423 1148 1551 1202 olim
1580 1145 1825 1205 doctissi-

261 1231 370 1269 mus
402 1226 457 1269 et
486 1215 607 1283 pius
638 1213 927 1269 cardinalis
958 1215 1103 1269 Bona
1128 1234 1139 1269 :
1176 1217 1506 1271 illustravere
1538 1218 1706 1273 etiam
1737 1236 1825 1274 or-

258 1284 433 1337 dinum
459 1284 693 1339 editores
714 1283 1021 1353 Menardus,
1050 1285 1334 1351 Pamelius,
1359 1285 1695 1353 Thomasius,
1723 1290 1825 1343 Ma-

256 1353 522 1407 billouius.
580 1352 822 1423 Speciale
841 1354 1058 1428 videtur
1085 1356 1309 1428 calicem
1330 1372 1360 1410 a
1386 1357 1610 1412 diacono
1642 1374 1826 1428 porre-

257 1433 415 1486 ctum,
438 1439 535 1506 .ex
560 1439 667 1492 quo
705 1423 946 1506 pentiiex
980 1426 1294 1506 sanguinem
1319 1427 1528 1481 Domini
1557 1423 1817 1506 sumebat,

256 1510 341 1547 ore
360 1494 600 1562 quidem,
614 1510 719 1567 non
742 1493 941 1557 ﬁstula,
963 1503 1022 1547 ut
1035 1493 1179 1567 alibi,
1196 1496 1481 1565 Ronueque
1492 1499 1786 1567 praesertim
1804 1515 1819 1564 ;

261 1583 277 1635 ς
312 1578 479 1631 quare
509 1564 815 1635 sacerdotes
841 1579 963 1618 cum
991 1566 1185 1635 populo
1212 1564 1507 1635 coeperunt
1522 1568 1735 1633 timere,
1768 1579 1824 1623 et

257 1632 502 1708 horrere,
548 1634 796 1708 videntes
829 1632 1079 1708 sanctum
1110 1632 1331 1708 calicem
1358 1651 1388 1708 a
1422 1632 1725 1708 semetipso
1748 1638 1827 1692 in-

256 1703 507 1756 clinatum
534 1704 603 1777 a_b
627 1718 723 1758 ore
744 1702 1107 1777 pontiﬁcis_,‘et
1138 1705 1330 1777 iterum
1356 1705 1409 1759 in
1433 1720 1567 1777 aerei
1586 1702 1645 1762 se
1664 1722 1826 1777 super

1931 540 2050 581 sum
2092 525 2305 579 tradere
2353 524 2564 577 videtur
2590 522 2732 576 Ordo
2757 522 3130 591 secundus,,in
3178 537 3303 591 quo,
3336 538 3484 576 num.

1929 578 2017 658 ξι,
2049 578 2295 649 exhibita
2320 607 2457 662 pene
2500 592 2703 662 eisdem
2738 591 2917 645 verbis
2946 578 3489 662 imn’iissione'parti-

1926 665 2061 719 cula:
2088 672 2304 727 sanctae,
2327 660 2500 732 quam
2540 660 2822 732 episcopus
2857 661 3224 732 momorderit,
3256 660 3335 715 in’
3357 662 3491 716 cali‘

1927 749 2063 797 cem,
2078 734 2271 787 desunt
2282 729 2462 795 verba,
2486 749 2504 781 ι
2525 729 2945 785 et‘contirmatur
2960 730 3027 783 ab
3047 731 3446 786 archidiacono.
3461 750 3480 782 ι

1925 803 2067 857 Infra
2094 818 2222 857 vero
2244 810 2363 871 post
2386 802 2545 855 unius
2574 799 2769 868 speciei
2800 809 3072 871 narratam
3102 801 3481 871 sumptionem,

1926 874 2041 928 haec
2062 868 2357 943 sequuntur
2384 886 2409 943 κεῖ
2441 891 2458 921 ι
2492 870 2788 943 Episcopus
2809 868 3014 943 primus
3038 868 3237 943 accipit
3259 871 3482 943 calicem

1925 943 1993 997 de
2022 938 2180 995 manu
2209 938 2593 1002 archidiaconi,
2645 947 2699 992 et
2727 946 2833 991 stat
2875 938 2927 991 in
2958 952 3125 1006 cornu
3158 938 3381 1006 altaris,
3420 938 3487 994 ἰιι

1925 1012 2206 1067 conﬁrmet
2230 1018 2515 1079 sequentes
2540 1009 2795 1079 ordines,
2819 1005 3010 1079 deinde
3050 1009 3481 1079 archidiaconus,

1925 1089 2145 1151 accepto
2188 1081 2252 1135 de
2294 1077 2454 1151 manu
2496 1078 2639 1133 illius
2668 1078 2852 1151 calice,
2886 1077 3124 1151 refundit
3158 1078 3236 1151 in_
3261 1081 3484 1151 scypho,

1924 1147 2085 1220 quem
2137 1165 2296 1219 supra
2336 1149 2590 1220 diximus,
2617 1156 2671 1220 et
2701 1147 2864 1220 tradit
2900 1147 3122 1202 calicem
3156 1147 3484 1204 subdiacono

1924 1216 2242 1292 regionario,
2275 1218 2367 1292 qui
2402 1218 2565 1273 tradit
2599 1218 2647 1271 ei
2668 1216 3023 1292 pugillarem,
3059 1232 3315 1292 cumquo
3352 1235 3485 1292 eon-

1924 1236 2242 1292 regionario,
2275 1236 2367 1341 «pii
2402 1236 2565 1273 traun
2599 1236 2647 1271 ei
2690 1236 3023 1288 puglllarem,
3059 1236 3180 1272 cum
3209 1236 3315 1286 quo
3352 1236 3485 1273 con-

1923 1290 2104 1344 ﬁrmet
2146 1305 2284 1360 popu
2312 1304 2422 1353 um,
2473 1295 2577 1342 etc.
2614 1306 2632 1337 ι
2668 1286 2771 1342 Pro
2821 1296 3120 1360 temporum
3170 1287 3486 1360 diversitate

1923 1355 2341 1415 diverso—modo
2390 1360 2505 1412 haec
2540 1366 2659 1411 acta
2696 1364 2838 1419 sunt,
2879 1355 3022 1425 quod
3075 1373 3142 1412 ex
3197 1355 3486 1414 Ordinibus

1923 1430 2054 1499 ipsis
2078 1446 2109 1484 a
2138 1445 2197 1484 se
2223 1429 2385 1483 editis
2428 1428 2575 1499 elicit
2617 1427 2865 1499 laudatus
2891 1426 3229 1499 Diabillonius
3259 1429 3311 1481 in
3337 1444 3485 1499 com-

1921 1494 2086 1554 ment.
2116 1499 2335 1569 prmio,
2374 1513 2490 1568 cap.
2527 1498 2583 1561 8,
2608 1512 2757 1551 num.
2792 1494 2876 1549 15.
2913 1497 2972 1569 In
2993 1496 3197 1552 Ordine
3228 1498 3387 1551 tertio
3416 1513 3485 1553 ex

1923 1570 2105 1625 codice
2118 1564 2456 1624 'Colbertino'
2469 1568 2899 1637 octingentorum
2934 1564 3047 1619 fere
3074 1582 3338 1620 annorum
3360 1582 3390 1635 a
3432 1577 3484 1622 te

1923 1641 1988 1689 ad
2018 1655 2133 1689 rem
2175 1646 2412 1689 nostram
2439 1638 2553 1689 hmc
2583 1635 2847 1689 habentur
2876 1653 2888 1687 :
2920 1654 2938 1685 ε
2968 1633 3075 1689 Sed
3100 1636 3215 1689 inse
3242 1584 3483 1689 nontigex

1922 1641 1988 1694 ad
2018 1655 2133 1693 rem
2175 1646 2412 1694 nostram
2439 1638 2553 1691 hrec
2583 1633 2847 1690 habentur
2876 1653 2888 1687 :
2920 1654 2938 1685 ς
2968 1633 3075 1689 Sed
3100 1636 3215 1702 ipse
3242 1633 3483 1705 pontifex

1923 1708 2271 1765 conﬁrmatur
2296 1708 2365 1762 ab
2390 1706 2769 1760 archidiacono
2792 1705 2845 1758 in
2866 1705 3262 1776 calicesancto,
3286 1706 3351 1776 de
3376 1722 3483 1776 quo

255 1783 498 1857 sanetpm
519 1772 690 1857 altare
716 1772 903 1857 recipi.
941 1792 960 1857 ξ
1004 1774 1343 1857 Microiogus,
1367 1790 1484 1857 cap.
1515 1776 1619 1857 iii;
1655 1796 1673 1828 ι
1704 1772 1823 1849 Ipse
1848 1796 1896 1856 Β
1922 1794 2112 1857 parum
2155 1777 2390 1857 refundit
2416 1776 2826 1857 archidiaconus
2856 1774 3208 1857 ‘in‘majorem
3235 1772 3479 1857 calicem,

253 1843 487 1911 pontifex
524 1842 877 1897 conﬁrmatur
913 1844 980 1898 ab
1009 1842 1389 1899 archidiacono
1425 1842 1479 1899 in
1504 1845 1669 1901 calice
1698 1842 1823 1901 san-

254 1921 358 1966 cto.
397 1931 449 1985 Du
479 1912 555 1966 Ita
605 1927 769 1981 porro
812 1914 976 1968 etiam
1029 1923 1275 1985 respectu
1305 1915 1557 1985 episcopi,
1613 1916 1822 1971 diaconi

252 1992 366 2036 erat
399 1982 712 2052 dispensare
742 1992 928 2037 sancta
956 1999 969 2035 :
1007 2002 1024 2034 ι
1066 1982 1207 2038 sicut
1235 1982 1401 2050 enim,
1448 2004 1466 2035 ι
1487 1982 1501 1985 “
1522 1985 1597 2040 ait
1646 1985 1822 2041 Raba-

254 2068 350 2106 nns
400 2052 543 2124 lib.i
585 2052 818 2124 institut.
850 2052 1065 2116 Cleric.,
1118 2068 1237 2124 cap.
1272 2054 1322 2118 7,
1397 2074 1415 2106 ‹
1459 2054 1513 2108 in
1543 2056 1822 2111 sacerdote

255 2123 606 2193 consecratio,
653 2123 728 2177 ita
766 2125 818 2177 in
854 2124 1099 2193 ministro
1139 2123 1467 2193 dispensatio
1496 2127 1819 2181 sacramenti

257 2200 352 2244 cst.
402 2191 491 2266 Ille
520 2193 699 2266 oblata
730 2191 1051 2266 sanctiﬁcat,
1104 2191 1574 2266 iste—sanctiﬁcata
1610 2196 1821 2266 dispen-

263 2270 355 2314 sat.
392 2280 409 2312 ι
452 2263 582 2329 Quae
610 2265 677 2316 de
705 2263 871 2317 solius
901 2263 1083 2318 calicis
1110 2264 1527 2333 dispensatione,
1583 2279 1676 2318 seu
1693 2263 1819 2321 'dis-

266 2332 538 2387 tributione
564 2333 873 2405 accipienda
903 2342 1045 2405 sunt,
1078 2332 1211 2405 cum
1241 2334 1455 2389 aliunde
1475 2343 1684 2405 constet
1705 2334 1837 2405 epi-‘

265 2415 491 2473 scopum,
520 2402 605 2456 vel
629 2404 936 2473 sacerdotes
962 2404 1351 2468 ministrantes,
1382 2419 1576 2473 corpus
1604 2402 1817 2460 Domini

264 2468 605 2547 dispensasse.
673 2472 745 2547 ld_
770 2474 823 2527 in
862 2471 1100 2547 Romana
1139 2473 1382 2547 Ecclesia
1441 2468 1668 2547 agebant
1704 2476 1817 2547 epi-

266 2543 398 2613 seOpi
442 2557 596 2613 papae
640 2544 972 2599 assistentes.
1022 2543 1324 2598 Cardinalis
1349 2543 1497 2598 Bona
1545 2543 1813 2611 laudatus,

265 2610 459 2667 lterum
494 2610 863 2684 Liturg.lihr.
900 2628 958 2678 ιι,
988 2628 1106 2684 cap.
1140 2614 1227 2678 l7,
1263 2630 1411 2668 num.
1449 2615 1501 2679 8,
1549 2629 1661 2668 rem
1699 2610 1818 2670 uni?

266 2695 466 2737 versam
493 2683 580 2737 his
608 2682 843 2753 eiplicat
868 2698 882 2736 :
922 2703 940 2735 ι
977 2682 1120 2737 Ordo
1141 2685 1533 2751 communionis
1559 2684 1649 2739 hic
1672 2694 1814 2752 erat,

266 2755 504 2823 utprimo
530 2754 745 2823 quidem
784 2754 1061 2809 celebrans
1106 2754 1338 2823 seipsum
1369 2755 1811 2821 communicaret,

264 2819 442 2895 deinde
465 2819 763 2893 episcopos,
800 2824 851 2895 si
876 2824 966 2894 qui
989 2819 1234 2888 aderant,
1263 2824 1343 2895 vel
1370 2825 1715 2895 presbyteros
1739 2819 1814 2880 si?

267 2892 369 2944 mul
393 2892 513 2975 cuni
537 2908 602 2975 eo
626 2892 867 2975 synaxim
892 2892 1130 2975 agentes,
1163 2901 1272 2975 tum
1298 2892 1571 2975 diaconos,
1599 2894 1817 2975 subdia-

267 2976 421 3017 conos
452 2972 507 3018 et
539 2963 787 3029 clericos,
828 2963 1138 3029 monachos,
1178 2963 1526 3029 diaconissas,
1557 2973 1613 3017 et
1633 2979 1815 3021 sacras

265 3032 504 3106 virgines,
546 3035 833 3106 novissime
878 3032 1151 3106 populum,
1177 3033 1573 3106 adjuvantibus
1593 3036 1815 3106 presby-

268 3105 405 3180 teris,
414 3104 651 3180 primum
677 3105 839 3180 viros,
870 3103 1060 3158 deinde
1085 3103 1353 3180 mulieres.
1379 3104 1520 3180 [dem
1540 3104 1600 3159 in
1629 3103 1814 3180 calidis

266 3171 627 3246 distributione
660 3176 993 3246 servabatur,
1045 3173 1150 3246 nisi
1193 3175 1334 3246 quod
1378 3174 1676 3246 presbyteri
1714 3190 1813 3244 per

264 3255 317 3320 se
342 3242 481 3320 illum
506 3244 804 3308 sumebant,
857 3244 1068 3320 diaconi
1104 3259 1131 3297 a
1159 3242 1749 3320 presbyteris,_'reliqui
1778 3260 1811 3300 a

264 3310 527 3387 diaconis,
571 3323 630 3369 ut
666 3329 732 3368 ex
776 3311 987 3387 ordine
1013 3310 1254 3387 Romano
1396 3329 1461 3387 ex
1500 3310 1812 3387 Gmcorum

264 3375 537 3455 Eucologio
585 3391 872 3455 constat.)
943 3383 1067 3455 Non,
1092 3375 1246 3455 juvat
1276 3375 1363 3438 hic
1406 3384 1461 3438 in
1502 3385 1811 3441 Graecorum

265 3465 407 3529 esum
435 3453 732 3529 inquirere;
756 3455 809 3529 in
833 3453 1023 3529 Latina
1054 3453 1309 3529 Beciesia,
1358 3463 1416 3529 ut
1448 3465 1505 3529 ut
1551 3455 1809 3529 distribu-

269 3524 338 3573 tio
372 3526 519 3591 panis
568 3525 643 3579 ita
680 3540 739 3579 se
767 3524 1048 3587 habuerit,
1106 3525 1183 3578 uti
1245 3524 1589 3579 doctissimus
1635 3525 1813 3580 cardi-

267 3591 392 3662 nalis
420 3595 598 3660 tradit,
636 3605 781 3649 certe
826 3593 1055 3649 Ordines
1098 3593 1322 3648 Romani
1372 3594 1570 3662 aliique
1633 3595 1814 3649 ferunt

265 3660 458 3745 diacnoni
503 3681 696 3745 munps
719 3664 994 3745 exstitisse
1039 3664 1219 3745 ipsum
1235 3660 1594 3745 celebrantem
1645 3664 1812 3745 calice

264 3732 588 3803 conﬁrmare.
632 3735 690 3788 in
739 3735 912 3803 primo
942 3732 1142 3789 Ordine
1184 3733 1422 3788 Romano
1468 3735 1536 3787 ab
1562 3735 1815 3789 eruditis-

264 3801 390 3876 simo
415 3804 717 3876 Maliitlonio
742 3801 976 3876 vulgato
1017 3805 1131 3859 haec
1168 3805 1453 3876 habentur,
1489 3821 1542 3876 ιι.
1568 3804 1657 3869 ‘20,
1687 3820 1808 3876 pag.

267 3869 361 3924 με
396 3893 412 3923 ι
453 3874 555 3941 Qui
589 3869 876 3946 (pontifex;
902 3874 1029 3928 dum
1076 3875 1554 3946 communicaverit
1599 3881 1665 3929 de
1688 3869 1811 3943 ipsa

263 3951 453 4014 sancta,
476 3944 638 4013 quam
663 3946 1035 4008 momorderit,
1060 3945 1211 4014 ponit
1238 3944 1289 3996 in
1319 3959 1508 3998 manus
1530 3945 1810 3999 archidia-

261 4012 393 4073 coni,
436 4012 661 4068 dicendo
699 4014 753 4068 in
784 4014 955 4068 calice
986 4031 999 4067 :
1032 4012 1153 4067 Fiat
1194 4014 1504 4079 commistio,
1546 4024 1593 4067 et
1636 4031 1813 4068 conse-

260 4084 412 4154 cratio
439 4085 668 4154 corporis
688 4095 735 4136 et
757 4086 1023 4154 sanguinis
1051 4084 1260 4137 Domini
1287 4086 1449 4136 nostri
1465 4083 1498 4136 J
1503 4101 1593 4137 esu
1618 4083 1813 4154 Christi

260 4152 623 4220 accipientibus
660 4154 805 4207 nobis
834 4152 885 4206 in
913 4155 1067 4215 vitam
1085 4164 1351 4207 wternam.
1384 4156 1566 4206 Amen.
1608 4153 1726 4206 l‘azr
1748 4164 1818 4208 te-

260 4235 390 4273 rum.
424 4221 625 4293 Etcum
648 4224 829 4293 spiritu
859 4234 964 4276 tuo.
996 4225 1061 4277 Et
1089 4223 1526 4293 conﬁrtnaturab
1544 4223 1813 4277 archidia-

261 4305 408 4344 cono.
470 4310 509 4363 ρ-
562 4292 691 4363 Quae
738 4302 1011 4363 postrema
1067 4294 1228 4347 verba
1288 4292 1372 4345 his
1422 4292 1652 4346 illustrat
1702 4292 1814 4363 lau-

261 4368 409 4416 datus
462 4360 835 4427 Mabillo’nius;
873 4364 926 4416 in
962 4372 1249 4418 comment.
1304 4363 1524 4430 pnevio,
1576 4376 1693 4431 cap.
1743 4362 1810 4427 8,

262 4445 311 4481 n.
346 4432 399 4485 Η
438 4450 450 4484 :
487 4450 506 4485 ι
549 4431 753 4487 Deinde
798 4434 851 4486 in
881 4434 1053 4502 primo
1095 4433 1293 4487 Ordine
1322 4434 1559 4501 ponti‘l’ex
1615 4432 1813 4487 contir-

1923 1843 2036 1904 sive
2062 1848 2343 1919 scyphum,
2372 1861 2531 1919 quem
2563 1854 2705 1901 tenet
2754 1843 3077 1919 a_colythus,_
3096 1851 3153 1897 ut
3179 1859 3247 1899 ex
3290 1845 3484 1917 eodem

1923 1933 2078 1976 sacro
2110 1912 2236 1973 vase
2258 1912 2609 1987 confirmetur
2636 1912 2887 1987 populus;
2914 1932 2933 1966 ›
2968 1912 3482 1987 Calicemsanetum

1920 1995 2107 2043 noster
2134 1995 2321 2057 vocat,
2336 1987 2390 2040 in
2420 2001 2527 2057 quo
2552 1982 2899 2057 faeta—fderat
2921 1982 3257 2057 consecratio
3276 1983 3359 2057 ad
3378 1984 3483 2039 dit-

1919 2058 2205 2114 t‘erentiam
2245 2053 2493 2122 calicum,
2538 2057 2652 2110 sive
2677 2054 2999 2125 scyphorum
3027 2053 3479 2117 ministerialium,

1914 2130 1974 2183 in
2004 2129 2199 2183 auibus
2243 2127 2369 2182 vino
2403 2135 2717 2181 consecrato
2740 2124 2884 2177 ’cum
2924 2139 3030 2179 non
3071 2132 3384 2178 consecrato
3414 2124 3481 2178 ab

1921 2193 2298 2254 archidiacono
2331 2214 2349 2248 ι
2387 2195 2848 2252 contirmahantur
2875 2208 3063 2264 omnes
3092 2193 3351 2264 sanguine
3377 2193 3486 2264 Do—

1918 2269 2138 2333 minico,
2176 2282 2313 2338 quos
2330 2266 2827 2338 communicaverat
2863 2262 3355 2338 pontifexcorpore
3374 2262 3482 2338 Dg-

1910 2339 2135 2403 minico,
2172 2333 2212 2391 ι’
2234 2345 2292 2391 ut
2327 2337 2556 2391 habetur
2599 2336 2653 2389 in
2687 2334 2885 2389 Ordine
2928 2349 3053 2389 mox
3106 2333 3343 2388 laudato.
3389 2334 3483 2388 Sic

1917 2418 1973 2464 et
2009 2409 2063 2463 in
2090 2402 2238 2464 tertii
2287 2406 2602 2462 recentioris
2644 2405 2861 2461 Ordinis
2910 2402 3210 2475 fragmento
3257 2402 3476 2475 dicitur,
3512 2434 3513 2437 η

1916 2477 2057 2549 quod
2091 2497 2110 2530 ε
2140 2478 2397 2549 Dominus
2434 2475 2756 2549 apostolicus
2799 2472 3149 2549 confirmatur
3177 2474 3243 2528 de
3289 2472 3478 2549 calice,

1915 2544 2130 2604 tenente
2155 2548 2371 2602 calicem
2405 2544 2805 2601 archidiacono.
2839 2563 2857 2597 ι
2897 2544 2999 2610 Ita,
3028 2551 3084 2597 et
3135 2544 3189 2597 in
3233 2545 3480 2612 sequenti

1917 2618 2250 2698 Sangallensi
2279 2634 2293 2669 :
2339 2637 2358 2698 ε
2382 2616 2818 2698 susceptumque
2845 2613 3202 2698 diactonus‘ab
3229 2612 3481 2698 accipitne

1915 2683 2137 2744 calicem
2156 2729 2170 2754 ,
2215 2688 2452 2758 porrigat
2473 2683 2743 2758 episcopo,
2766 2693 2825 2740 et
2848 2684 3149 2758 conﬁrmet.
3183 2703 3202 2735 ι
3229 2683 3287 2737 ιιι
3307 2685 3479 2738 altero

1866 2800 1871 2811 .
1916 2758 2161 2815 similiter
2173 2754 2566 2828 subsequente:
2595 2776 2614 2807 (
2644 2754 2761 2826 Ipse
2785 2764 2964 2828 autem
2988 2754 3265 2819 diaconus,
3291 2761 3481 2828 tenens

1914 2829 2138 2884 calicem
2164 2836 2217 2883 et
2246 2824 2498 2891 ﬁstulam,
2526 2834 2632 2881 stet
2658 2824 2783 2880 ante
2809 2825 3117 2894 episcopum
3153 2838 3324 2894 usque
3353 2824 3479 2894 dum

1913 2913 1981 2954 ex
2022 2899 2279 2968 sanguine
2306 2905 2362 2952 et
2396 2890 2620 2968 corpore
2659 2890 2883 2960 Christi,
2925 2890 3184 2968 quantum
3223 2890 3477 2968 voluerit,

1914 2961 2173 3023 sumatfi
2204 2966 2379 3021 Verba
2404 2961 2509 3020 illa‘
2540 2985 2559 3017 ι
2594 2974 2648 3019 et
2674 2979 2900 3034 corpore
2934 2961 3144 3034 Christi
3170 2980 3189 3014 ι
3220 2962 3276 3034 in
3301 2961 3482 3034 locum

1914 3053 2024 3093 non
2058 3053 2215 3094 suum
2250 3036 2531 3106 irrepsisse
2577 3032 2847 3106 videntur.
2879 3032 3178 3106 Singularis
3198 3033 3345 3106 _ritus
3388 3033 3479 3088 de-

1915 3107 2169 3164 scribitur
2198 3107 2253 3161 in
2288 3102 2393 3161 alio
2421 3105 2620 3163 Ordine
2650 3105 2858 3160 decimo
2892 3102 3009 3160 loco
3030 3102 3290 3167 exhibito,
3317 3117 3481 3172 quem

1916 3178 2250 3233 Mabillonius
2291 3177 2510 3247 conjicit
2551 3175 2746 3231 saeculo
2781 3174 3479 3247 undecimo_conscriptum,

1914 3264 2013 3320 pro
2062 3250 2247 3320 missa,
2280 3243 2551 3320 pontificis
2600 3246 2669 3320 a_d
2718 3245 3019 3320 ecclesiam
3060 3243 3483 3320 Lateranensent

1914 3314 2113 3390 quinta
2153 3314 2299 3373 feria'
2333 3318 2391 3372 in
2419 3316 2584 3374 C(ena
2605 3316 2847 3390 Domini,
2879 3316 2974 3390 ubi
3006 3314 3139 3390 haec-
3166 3314 3433 3389 habentur
3461 3332 3478 3368 :

1921 3384 1950 3441 ἱ
1973 3386 2227 3445 Confecto
2256 3389 2437 3458 itaque
2476 3387 2765 3452 sacriﬁcio,
2796 3384 3038 3456 pontifex
3063 3384 3212 3441 solus
3234 3384 3478 3458 commu-

1914 3460 2061 3514 nicat
2110 3474 2271 3529 super
2295 3454 2467 3529 aliare
2492 3457 2609 3511 sine
2631 3454 2914 3521 ministris,
2945 3465 2999 3529 et
3028 3471 3133 3511 non
3164 3470 3288 3529 cum
3308 3454 3481 3529 __cala-

1915 3545 2021 3593 mo,
2053 3529 2147 3583 sed
2175 3525 2296 3583 cum
2327 3528 2496 3582 calice
2540 3535 2746 3580 tantum
2774 3542 2831 3581 se
2858 3526 3140 3581 conﬁrmet
3168 3525 3258 3580 illo
3288 3525 3394 3589 die,
3425 3532 3484 3580 et

1914 3607 2068 3655 sexta
2099 3597 2251 3653 feria.
2284 3616 2302 3648 ι
2337 3596 2462 3651 Haec
2487 3596 2698 3652 diaconi
2743 3595 2916 3652 ollicio
2953 3596 3006 3649 in
3032 3596 3134 3651 hac
3161 3602 3317 3664 parte
3356 3594 3480 3649 illu-

1914 3669 2137 3724 strando
2162 3683 2230 3722 ex
2259 3666 2549 3722 Ordinibus
2583 3680 2614 3718 a
2654 3666 2772 3721 viro
2795 3666 3124 3730 doctissimo,
3156 3664 3395 3733 mihique
3420 3665 3478 3720 in

1912 3738 2105 3809 primis
2134 3737 2355 3809 colendo
2383 3736 2580 3807 publici
2602 3735 2741 3805 juris
2775 3734 2933 3809 factis
2974 3734 3155 3809 allata,
3189 3733 3476 3809 s_uﬂic_iant.

1984 3806 2098 3862 XV.
2127 3803 2458 3885 Conﬁrmant
2483 3803 2781 3885 non‘posse
2813 3805 2987 3885 eidem
3034 3803 3227 3885 Joanni
3261 3804 3475 3885 episco-

1913 3894 1983 3949 po
2009 3878 2296 3949 convenire
2338 3877 2609 3949 universa,
2629 3872 2896 3949 tanquam
2920 3872 3190 3949 _ejusd_em_
3217 3872 3476 3949 episcopi,

1914 3942 2063 4019 gesta
2109 3949 2177 4004 ab
2221 3946 2441 4019 Agner
2472 3945 2686 4019 tradita,
2734 3942 2854 4014 qua:
2884 3942 3026 4019 idem
3060 3942 3476 4019 de__Angelop’tis

1913 4014 2070 4072 {etate
2115 4027 2170 4072 et
2213 4016 2385 4087 etligie
2431 4015 2664 4087 subiicit,
2715 4024 2934 4087 narrato
2969 4014 3087 4087 loco
3110 4014 3314 4087 dieque
3359 4014 3479 4087 ejus

1915 4088 2260 4157 depositionis
2299 4083 2345 4157 :‘7
2375 4104 2394 4138 ι
2435 4086 2798 4157 Apparetque,
2845 4085 3037 4153 inquit,
3101 4083 3268 4157 fuisse
3329 4083 3480 4157 tenui

1913 4153 2107 4223 foima,
2125 4165 2180 4211 et
2209 4156 2351 4226 nigri
2380 4156 2577 4226 capilli,
2626 4153 2823 4226 paucos
2852 4169 3043 4226 canos,
3067 4154 3162 4209 sed
3188 4153 3479 4226 sanctitate

1914 4235 2126 4282 :etatem
2159 4224 2461 4296 superavit,
2480 4226 2605 4294 quia
2629 4225 2866 4280 cwlcstis
2897 4224 3155 4296 Dominus
3176 4224 3297 4296 plus
3327 4238 3480 4296 men—

1915 4309 2015 4359 tes,
2044 4312 2202 4366 quam
2223 4292 2426 4351 Eetates
2455 4292 2787 4365 comprobat.
2849 4315 2867 4347 ι
2902 4294 3115 4366 Ciultum
3163 4292 3476 4366 antiquissi-

1916 4365 2069 4421 mum
2089 4367 2262 4420 eidem
2300 4368 2549 4435 episcopo
2588 4367 2641 4418 in
2667 4366 2894 4420 ecclesia
2929 4365 3235 4435 Ravennate
3242 4365 3473 4435 praesti-

1915 4449 2029 4490 tum
2083 4437 2294 4501 astruit,
2330 4433 2625 4505 quod'ante
2668 4449 2785 4502 ejus
2833 4434 3121 4505 imaginem
3158 4434 3214 4488 in
3242 4433 3477 4505 Ursiana

262 4512 428 4555 matur
462 4503 529 4556 ab
560 4502 953 4586 archidiacono,
990 4502 1298 4583 accipiendo
1340 4502 1815 4586 .scilieetusangpi-
1841 4506 1890 4565 D
1916 4506 2136 4586 basilica
2162 4502 2484 4586 exstantem,
2506 4506 2712 4586 diutius
2732 4502 2969 4586 singulis
2983 4504 3234 4586 neptibus
3253 4502 3478 4586 candela

261 4585 389 4642 nem,
416 4587 512 4642 pro
556 4572 948 4642 complementa
990 4572 1403 4636 communionis,
1448 4573 1525 4642 uti
1567 4572 1813 4625 Microlo-

258 4653 353 4706 gus
379 4641 631 4710 loquitur.
672 4641 692 4695 ἰ
743 4642 942 4696 Eadem
972 4643 1163 4711 repetit
1190 4643 1243 4695 in
1268 4643 1465 4696 notulis
1490 4641 1673 4696 Ordini
1711 4641 1814 4711 ipsi

258 4711 541 4778 subjectis:
574 4731 592 4764 ι
619 4712 956 4783 praeclarum,
995 4713 1194 4782 adjicit,
1238 4714 1339 4768 hoc
1369 4727 1500 4767 sane
1543 4712 1813 4783 specimen

256 4781 641 4837 communionis
657 4781 920 4852 generalis
945 4781 1107 4838 etiam
1145 4784 1479 4837 sacerdotum
1506 4792 1563 4837 et
1609 4782 1816 4852 episco—

255 4864 463 4919 porum.
511 4870 529 4904 ι
585 4852 655 4906 At
687 4853 815 4921 quid
850 4867 915 4907 ex
944 4853 1043 4907 hoc
1076 4852 1195 4907 loco
1221 4852 1344 4907 elici
1409 4853 1579 4921 possit
1627 4852 1694 4905 ad
1734 4866 1815 4905 as-

256 4922 533 4976 truendam
547 4923 973 4978 communionem
988 4923 1308 4992 generalem,
1331 4923 1488 4993 plane
1510 4938 1614 4977 non
1634 4921 1810 4986 video,

1915 4577 2128 4630 arserit.
2169 4576 2240 4629 At
2279 4576 2464 4645 quidni
2492 4576 2743 4645 Agncllus
2772 4571 2933 4630 unius
2976 4573 3227 4646 eﬂigiem_
3256 4571 3478 4646 Joannis

1914 4660 2010 4714 pro
2061 4643 2612 4716 alterius—acceperit?
2658 4646 2785 4713 Quze
2814 4643 3111 4715 sequuntur
3156 4643 3232 4699 nil
3273 4645 3478 4716 habent

1914 4717 2056 4784 quod
2093 4716 2369 4770 observari
2397 4714 2685 4770 mereatur.
2735 4714 2988 4771 Poterant
3036 4715 3241 4783 absque
3263 4714 3477 4783 jactura

1914 4786 2131 4857 dimitti,
2183 4794 2238 4857 at
2276 4787 2551 4857 integrum
2594 4787 2754 4841 edere
2802 4786 2943 4857 volui
2981 4784 3190 4857 Agnelli
3222 4798 3375 4855 opus,
3405 4798 3476 4839 ne

1912 4856 2111 4910 omissa
2148 4855 2318 4926 pluris
2344 4853 2553 4924 ﬁerent,
2590 4870 2749 4926 quam
2771 4856 2977 4912 debeat.
3034 4853 3054 4857 ⁷
3084 4853 3097 4867 ⁸

2429 5036 3475 5064 -ι------ιη”

1125 5134 1371 5214 νιΤΑ
1428 5136 1505 5211 S.
1565 5131 1867 5210 PETRI
1924 5127 2591 5210 CHRYSOLOGI.

762 5329 988 5389 CAPUT
1025 5323 1309 5383 PRIMUM.

257 5426 400 5481 Petri
458 5424 631 5478 natale
662 5423 828 5478 solum
852 5433 901 5477 et
944 5420 1179 5476 ecclesia.
1232 5409 1809 5490 Eutychetis_hwresis.

395 5493 698 5565 Clirysologi
724 5492 940 5563 epistola
971 5508 1033 5546 ea
1059 5491 1324 5546 occasione
1340 5487 1670 5555 conscripta.

325 5608 517 5664 Petrus
541 5606 664 5663 XXI
690 5618 739 5673 ι,
779 5606 1002 5676 pulcher
1049 5612 1288 5676 aspectu,
1344 5597 1676 5657 delectabilis
1704 5596 1815 5651 for-

1915 5332 2023 5370 ma.
2051 5314 2189 5368 Ante
2219 5327 2342 5367 eum
2386 5313 2561 5370 nullus
2600 5317 2837 5388 pontifex
2866 5317 3125 5387 sapientia
3153 5316 3343 5374 similis
3372 5318 3474 5386 illi,

1915 5416 1970 5462 et
1997 5419 2119 5479 post
2168 5422 2291 5461 eum
2334 5423 2442 5462 non
2490 5411 2744 5464 surrexit.
2777 5409 3064 5464 Multorum
3113 5407 3371 5465 librorum
3419 5418 3476 5465 et

1918 5499 2246 5553 voluminum
2276 5498 2542 5566 conditor,
2595 5508 2649 5556 et
2692 5501 2835 5555 velut
2872 5500 3104 5569 irriguus
3148 5499 3268 5555 fons
3299 5500 3375 5554 ita
3419 5501 3476 5555 in

1918 5607 2041 5647 eum
2076 5590 2255 5645 divina
2285 5588 2563 5660 Sapientia
2589 5591 2824 5662 quotidie
2861 5591 3176 5660 emanabat;
3198 5590 3346 5648 ‘unde
3374 5607 3475 5662 pro

322 5737 348 5765 ι
377 5721 505 5780 Not.
533 5738 700 5793 marg.
724 5702 935 5777 Electus
956 5719 1054 5776 fuit
1076 5721 1222 5777 circa
1244 5732 1442 5775 annum
1466 5708 1679 5771 Domini
1706 5710 1828 5768 429.
1868 5708 2063 5764 Baccu.

536 5813 803 5874 Pauor.
849 5811 1001 5873 CVI.

2892 5795 2959 5859 18
