3956 6190
446 320 551 372 ᾗὕῦ

447 430 561 484 suis
573 440 693 479 cum
708 420 935 490 eloquiis
959 414 1347 484 Chrysologum
1375 410 1606 473 vocavit,
1639 409 1689 461 id
1712 415 1791 460 est
1817 419 2011 459 aureus

449 516 853 575 sermocinator.
883 508 1052 562 Natus
1080 514 1163 560 cst
1184 501 1442 576 [natione]
1471 499 1817 556 Corneliense
1849 496 2010 551 terri—

431 590 610 672 torio,
636 604 896 667 nutritus,
924 608 980 655 et
1008 600 1196 653 doctus
1225 612 1257 650 a
1286 594 1538 650 Cornelio
1570 592 1712 646 illius
1752 590 1895 645 sedis
1915 605 2014 642 an-

452 698 638 762 tistite,
656 703 710 750 et
735 709 833 764 pro
859 690 941 747 sui
962 688 1244 745 uutritoris
1264 701 1446 741 amore
1472 684 1664 739 Petrus
1686 683 1798 751 ipse
1838 680 2013 752 [Deest

452 788 591 861 ipse]
631 789 733 843 iste
784 787 997 841 beatus.
1032 783 1125 852 qui
1163 778 1350 852 [quod]
1399 777 1597 831 dudum
1646 774 1840 828 lmolas
1885 788 2017 841 prae-

451 880 653 934 dictum
692 877 919 931 vocabat
946 868 1283 946 [vocabatur]
1310 862 1665 930 territorium,
1688 866 1756 919 ab
1790 864 1881 917 illo
1902 862 2013 932 jam

456 981 693 1041 tempore
733 964 1076 1022 Corneliense
1102 959 1402 1015 nominavit
1431 976 1442 1010 :
1468 957 1563 1011 sed
1598 956 1747 1009 aiunt
1775 952 1866 1015 alii
1897 952 2017 1006 ideo

454 1060 798 1117 Corneliense
837 1071 902 1112 eo
946 1055 1086 1124 quod
1129 1049 1365 1107 Cornelii
1413 1049 1612 1103 Forum
1663 1045 1873 1100 fuisset.
1910 1042 2019 1098 lste

458 1149 784 1221 temporibus
797 1144 954 1216 primi
971 1142 1166 1196 Leonis
1183 1138 1503 1193 sanctissimi
1525 1132 2020 1206 papac'Ravennatis

458 1238 711 1295 Ecclesia:
743 1234 1054 1292 cathedram
1085 1228 1323 1300 regebat.
1352 1228 1421 1281 ln'
1440 1226 1570 1295 ipsis
1620 1225 1809 1279 diebus
1838 1223 2023 1278 saevis-

457 1334 624 1387 simus
662 1327 931 1399 Eutyches
977 1323 1258 1393 presbyter
1292 1318 1525 1388 maligno
1564 1316 1757 1386 spiritu
1796 1313 2052 1384 instiga-o

460 1433 564 1485 tur,
591 1429 646 1474 et
685 1419 831 1473 circa
863 1423 1103 1470 sanctam
1137 1420 1192 1465 et
1241 1400 1570 1463 individuam
1616 1407 1775 1461 ﬁdem
1802 1403 2025 1460 catholi«

459 1526 577 1566 cam
620 1508 731 1563 suis
767 1504 1016 1578 pessimis
1059 1499 1492 1572 cogitationibus,
1534 1495 1822 1566 malignam
1858 1494 2026 1563 cmpit

460 1597 705 1653 haeresim
730 1595 988 1650 excitare.
1019 1591 1186 1658 Quem
1227 1587 1600 1643 sanctissimus
1616 1584 1725 1639 Leo
1751 1597 1849 1653 per
1872 1596 2025 1638 suam

419 1661 424 1671 ν
461 1689 739 1761 epistolam
788 1688 842 1741 in
889 1692 1176 1754 conspectu
1233 1688 1543 1735 sanctorum
1583 1679 1874 1733 multorum
1929 1676 2024 1731 Dei

461 1783 835 1852 episcoporum
857 1775 1189 1831 ammonivit.
1218 1771 1496 1841 Nunquam
1516 1770 1689 1841 potuit
1711 1768 1828 1837 ejus
1842 1782 2028 1837 super-

464 1874 729 1928 stitiosam
766 1868 1136 1931 credulitatem
1163 1865 1228 1919 ad
1253 1867 1449 1921 bonum
1495 1878 1749 1918 revocare
1789 1861 2029 1932 proposi-

464 1976 598 2019 tum.
627 1962 859 2017 Sanctus
907 1960 1069 2029 igitur
1097 1957 1202 2011 Leo
1244 1956 1310 2010 ad
1358 1957 1573 2011 beatum
1616 1954 1833 2007 Petrum
1871 1952 2030 2022 hujus

465 2054 794 2109 Ravennatis
846 2049 1052 2123 [SuppL
1091 2048 1263 2104 urbis.
1317 2045 1536 2117 Baeda]
1592 2042 1898 2114 pontiﬁcem
1944 2057 2030 2096 res

466 2154 619 2200 notas
644 2142 890 2198 ccleriter
912 2140 1058 2203 fecit,
1088 2140 1178 2208 qui
1200 2138 1439 2192 scribens
1460 2136 1740 2206 epistolam
1765 2134 1829 2187 ad
1856 2134 2029 2204 ipsum

466 2236 778 2301 luereticum
826 2233 1040 2296 direxit,
1071 2247 1166 2301 per
1190 2246 1350 2300 quam
1392 2230 1444 2283 in
1474 2228 1910 2284 Chalcedonense
1947 2243 2031 2297 sy-

467 2294 607 2379 nodo
631 2339 735 2377 non
759 2321 1047 2383 consensit,
1082 2320 1357 2374 demersus
1396 2326 1496 2371 est.
1526 2316 1633 2371 Sed
1659 2317 1773 2385 ipse
1806 2316 2032 2370 sanctis-

468 2418 636 2472 simus
668 2416 778 2470 Leo
825 2414 1022 2468 multas
1059 2412 1202 2466 vicies
1230 2426 1328 2480 per
1357 2426 1453 2464 sua
1479 2410 1865 2481 epigrammata
1887 2408 2030 2487 Con-

468 2504 994 2575 stantinopolitanam
1024 2503 1212 2558 urbem
1250 2501 1416 2565 misit,
1451 2514 1556 2554 non
1595 2498 1765 2553 solum
1810 2500 1878 2554 ad
1911 2498 2032 2553 Gal-

469 2597 574 2650 lam
605 2595 920 2659 Placidiam,
946 2608 1130 2648 verum
1180 2593 1344 2647 etiam
1385 2593 1452 2646 ad
1497 2590 1947 2656 Valentinianum,
1980 2599 2035 2647 et

468 2687 782 2750 Honorium,
814 2693 870 2739 et
890 2685 955 2739 ad
983 2694 1205 2739 caeteros
1236 2683 1369 2738 alios
1396 2682 1516 2737 ﬁdei
1553 2683 1822 2747 robustos,
1851 2682 2035 2736 simul-

470 2792 574 2848 que
598 2777 664 2831 ad
685 2776 864 2830 divum
887 2773 1204 2830 Gratianum
1237 2771 1627 2845 [Martianum],
1655 2779 1711 2827 et
1740 2771 2033 2827 Eudoxiam

473 2865 868 2935 sequestratim,
897 2871 1083 2919 contra
1105 2863 1420 2933 praedictum
1449 2857 1744 2932 Eutychem
1766 2863 2038 2932 presbyte-

472 2953 593 3013 rum
641 2958 901 3021 diversas,
950 2964 1010 3010 ut
1061 2956 1315 3020 diximus,
1345 2946 1630 3025 epistolas;
1667 2961 1722 3033 et
1768 2962 1918 3008 tanto
1972 2955 2035 3025 in

474 3060 715 3119 tempore
758 3046 966 3116 prolata
1018 3045 1137 3111 fuit,
1189 3036 1358 3116 usque
1402 3045 1470 3100 ad
1518 3052 1760 3115 tempora
1789 3043 2031 3098 Martiani

474 3135 830 3209 imperatoris.
874 3136 1058 3206 Igitur,
1091 3134 1424 3197 ut.diximus,
1468 3150 1588 3190 cum
1614 3135 1780 3190 multa
1810 3135 2038 3190 alterca-

477 3232 552 3285 tio
572 3230 638 3284 de
661 3236 845 3284 sancta
884 3230 1203 3281 intemerata
1243 3226 1346 3280 ﬁde
1383 3227 1647 3282 catholica
1679 3226 1821 3281 facta
1847 3223 2039 3281 fuisset

376 3324 385 3327 ι
478 3318 663 3373 multis
688 3317 894 3379 diebus,
925 3314 1165 3386 contigit,
1189 3323 1249 3369 ut
1271 3330 1392 3369 cum
1413 3315 1784 3385 episcoporum
1808 3314 2038 3369 concilio

477 3409 670 3464 fuisset
695 3407 886 3463 allatus
926 3406 1213 3477 praedictus
1246 3406 1554 3472 litereticus,
1585 3421 1766 3461 coram
1793 3407 2039 3461 omnibus

476 3490 843 3555 sacerdotibus
881 3497 1194 3553 Theodorus
1227 3498 1511 3567 episcopus
1537 3512 1661 3552 cum
1712 3511 1779 3553 eo
1829 3504 2039 3552 certare

476 3590 661 3659 erepit,
686 3589 976 3645 ostendens
1003 3588 1209 3658 singula
1233 3588 1501 3643 volumina
1529 3586 1596 3643 de
1643 3587 1846 3643 sanctis
1888 3586 2038 3642 Scri—

474 3682 671 3752 pturis,
705 3691 761 3737 et
789 3681 999 3736 diversa
1038 3681 1364 3743 testimonia,
1409 3680 1552 3750 quod
1580 3690 1764 3735 saneta
1808 3679 2041 3735 indivisa

477 3762 547 3829 sit
586 3773 843 3837 Trinitas,
869 3783 924 3828 et
947 3772 1124 3837 Pater,
1156 3782 1209 3826 et
1236 3772 1428 3838 Filius,
1454 3780 1509 3828 et
1537 3771 1771 3842 Spiritus
1797 3781 2037 3837 sanctus,

475 3879 614 3918 unus
663 3871 807 3918 esset
856 3863 996 3917 Deus
1050 3864 1336 3932 coaequalis
1376 3876 1402 3904 α
1446 3878 1513 3918 ex
1557 3864 1764 3919 duabus
1816 3879 2042 3918 manens

476 3955 686 4009 naturis
708 3953 804 4008 Dei
850 3961 905 4007 et
929 3954 1179 4008 hominis.
1213 3953 1327 4007 Non
1365 3954 1653 4009 consensit.
1683 3954 1833 4008 Tunc
1854 3962 2038 4008 aucto-

478 4048 635 4103 ritate
684 4047 971 4118 apostolica
1011 4050 1377 4104 demonstrata
1409 4065 1516 4103 non
1545 4049 1790 4119 resipuit.
1843 4048 2039 4104 Osten-

477 4155 644 4209 saque
662 4150 746 4195 est
762 4140 906 4195 beati
932 4139 1073 4196 Petri
1110 4139 1423 4212 Chrysologi
1463 4141 1711 4211 epistola,
1740 4142 1796 4195 in
1830 4156 1934 4210 qua
1974 4156 2042 4195 ex

476 4239 630 4298 parte
668 4228 1041 4285 continebatur
1068 4230 1182 4284 ita:
1220 4249 1237 4282 ι
1280 4229 1539 4286 Humana:
1580 4232 1725 4303 leges
1763 4232 1902 4286 intra
1935 4248 2041 4286 xxx

478 4332 646 4373 annos
688 4318 830 4372 inter
869 4334 967 4373 nos
1004 4333 1190 4375 omnes
1235 4304 1495 4389 litigiosus
1543 4322 1858 4377 interimunt
1901 4338 2044 4392 qua}-

478 4408 703 4473 stiones,
755 4415 809 4465 et
868 4416 924 4462 tu
975 4408 1120 4462 circa
1156 4410 1477 4480 quingentos
1518 4427 1689 4468 annos
1741 4428 1839 4468 cur
1891 4422 2042 4468 tanto

476 4498 757 4565 pnesumis
797 4498 853 4552 in
886 4496 1158 4553 Christum
1204 4501 1508 4556 conviciare
1549 4504 1841 4559 sermone?
1900 4504 2041 4560 Vere

478 4593 689 4655 oportet
725 4587 1064 4643 tehumiliari
1106 4589 1172 4643 ad
1198 4598 1442 4644 sanctum
1477 4590 1776 4647 Romanum
1829 4594 2043 4664 pontiﬁ-

440 4695 447 4735 ;
481 4689 625 4741 cem,
664 4684 719 4732 et
761 4675 1043 4747 diligenter
1067 4678 1184 4748 ejus
1216 4688 1494 4749 praecepta
1520 4681 1811 4737 custodire.
1842 4683 1908 4736 Et
1932 4699 2041 4738 non

481 4765 637 4820 aliter
659 4767 901 4848 aestimes.
914 4767 1017 4822 nisi
1038 4769 1182 4837 quod
1210 4768 1368 4842 [ipse]
1394 4771 1582 4827 beatus
1608 4771 1801 4829 Petrus
1828 4784 2041 4844 aposto-

481 4855 565 4909 lus
593 4856 747 4911 vivus
788 4857 880 4923 sit,
919 4864 975 4912 et
1014 4858 1343 4927 apostolatus
1378 4860 1649 4915 cathedrae
1680 4862 1933 4918 Romanae
1960 4878 2039 4917 se-

481 4945 565 5000 dis
598 4945 653 5000 in
682 4960 844 5002 carne
878 4955 1054 5002 teneat
1088 4950 1467 5019 principatum.
1510 4953 1529 5002 i
1560 4950 1687 5006 Post
1716 4952 1832 5007 haec
1860 4960 2039 5007 autem

480 5032 596 5104 ipse
622 5034 889 5107 Eutychos
926 5038 1249 5094 saevissimus
1278 5041 1333 5094 in
1380 5041 1496 5111 ipso
1526 5042 1722 5097 cecidit
1772 5044 2033 5110 concilio;

482 5128 822 5181 sacerdotum
873 5142 1003 5182 vero
1040 5114 1228 5183 caueri
1278 5138 1402 5199 post
1454 5130 1688 5185 solutum
1751 5133 2038 5188 concilium

481 5229 588 5269 una
641 5229 762 5269 cum
822 5216 977 5286 plebe
1026 5218 1264 5272 omnium
1313 5217 1739 5275 Christianorum
1797 5222 1908 5277 Deo
1948 5224 2042 5277 im«

486 5317 701 5361 mensas
728 5305 931 5375 gratias
954 5314 1191 5374 agentes,
1219 5314 1274 5360 et
1303 5308 1567 5362 maximas
1598 5309 1781 5365 laudes
1810 5311 2042 5380 impera-

481 5392 585 5446 tori
616 5394 955 5456 catholicam,
985 5403 1039 5449 et
1059 5405 1262 5449 certam
1291 5394 1537 5469 [rectam]
1570 5400 1728 5454 ﬁdem
1748 5402 2041 5457 observan—

485 5484 553 5538 tis
602 5483 1052 5558 [observantibus]
1089 5486 1446 5543 valedicentes
1489 5489 1734 5546 abierunt
1774 5491 2038 5548 lactantes.

1148 300 1442 360 AGNELLI
1479 296 1767 353 ABBATIS
1804 294 1860 349 S.
1902 290 2137 346 ΜΑΙὶΙᾸΞ
2178 290 2267 342 AD
2302 284 2775 367 BLACIIERNﬁS,
2812 284 2959 337 E'l'C.

3565 282 3599 338 5

3602 282 3670 334 56

2727 397 2949 451 CAPUT
3017 396 3081 450 ll.

2168 532 2171 533 ν
2263 490 2406 543 Petri
2434 488 2737 558 Chrysologi
2759 488 3016 540 ordinatio
3042 485 3237 540 cmlitus
3259 488 3531 555 imperata.

2180 580 2364 651 Igitur,
2415 578 2737 655 charissimi,
2787 577 2919 630 illud
2969 575 3111 644 quod
3162 574 3431 628 residuum
3483 585 3567 628 est
3612 576 3683 630 de

2113 672 2425 744 Chrysologi
2472 671 2583 725 vita
2602 670 2685 723 ,in
2715 669 2949 723 medium
2973 668 3329 739 proferamus,
3365 675 3420 721 et
3445 667 3687 737 inquira-

2115 780 2235 820 mus
2260 763 2527 834 quomodo
2563 768 2656 816 aut
2698 759 2929 829 qualiter
2980 761 3035 812 in
3084 758 3176 812 tali
3223 758 3519 812 orthodoxa
3553 758 3691 814 sede

2115 873 2222 911 non
2245 871 2312 911 ex
2363 854 2596 924 propriis
2634 853 2842 916 ovibus,
2872 850 2966 905 sed
2995 865 3025 903 a
3070 848 3310 929 subjecta
3338 848 3692 905 Corneliense

2116 946 2376 1012 Ecclesia,
2430 944 2813 1000 Ravennenses
2867 941 3012 996 cives
3054 939 3363 1010 pontiﬁcem
3396 941 3692 997 ordinave-

2090 1047 2263 1125 'runt.
2292 1037 2557 1108 Tempore
2593 1050 2823 1103 namque
2844 1033 2952 1097 illo,
2979 1040 3262 1101 postquam
3292 1030 3579 1089 defunctus
3600 1040 3698 1088 est

2117 1130 2461 1184 beatissimus
2486 1135 2612 1182 ante
2634 1126 2940 1181 nominatus
2979 1123 3172 1195 priesul
3202 1122 3456 1190 Joannes,
3486 1140 3698 1180 conve-

2121 1226 2317 1274 nerunt
2351 1219 2636 1272 universus
2665 1226 2837 1271 cmtus
2876 1213 3078 1284 populi,
3104 1228 3210 1266 una
3238 1227 3361 1267 cum
3388 1213 3698 1269 sacerdoti-

2120 1313 2242 1374 bus,
2283 1309 2423 1365 sicut
2467 1323 2584 1362 mos
2621 1316 2705 1362 est
2733 1305 2986 1359 Ecclesiaa
3031 1304 3161 1368 ritu,
3191 1311 3247 1357 et
3283 1302 3561 1375 elegerunt
3584 1304 3702 1359 sibi

2121 1407 2426 1469 pastorem;
2450 1412 2679 1466 cumque
2705 1392 2917 1466 [omnes
2936 1391 3082 1465 cum]
3110 1407 3176 1448 eo
3200 1404 3549 1463 properantes
3583 1395 3705 1447 Ilo-

2124 1505 2267 1543 mam
2299 1498 2562 1543 venerunt
2592 1488 2658 1541 ad
2698 1493 2942 1540 sanctum
2968 1498 3160 1553 papam
3197 1482 3500 1552 ajmstolicze
3524 1485 3703 1548 sedis,

2124 1588 2185 1634 ut
2203 1593 2389 1634 eorum
2411 1578 2687 1633 ordinaret
2709 1576 2961 1638 electum,
2979 1589 3047 1628 ne
3065 1572 3186 1627 talis
3208 1573 3446 1628 Ecclesia
3476 1576 3706 1630 viduata

2128 1676 2273 1724 esset
2294 1665 2549 1738 pontiﬁce
2575 1665 2741 1719 tantis
2772 1664 2977 1720 diebus.
3005 1663 3099 1716 Die
3133 1677 3261 1717 vero
3282 1663 3518 1749 crastina
3540 1673 3712 1719 erant

2054 1757 2315 1820 Bomnes
2373 1764 2566 1834 parati,
2623 1771 2680 1818 ut
2759 1778 2881 1817 eum
2934 1759 3158 1834 [virum]
3214 1774 3371 1831 quem
3423 1759 3713 1830 elegerant

2129 1858 2330 1912 sanctis
2378 1855 2687 1925 apostolicis
2737 1860 3128 1924 praesentarent
3170 1851 3499 1922 aspectibus.
3528 1849 3714 1922 Igitur

2129 1955 2287 2002 nocte.
2336 1948 2526 2002 eadem
2563 1944 2811 2015 apparuit
2864 1944 2930 1998 ad
2979 1928 3227 1999 sanctum
3286 1942 3498 1997 Sixtum
3546 1940 3715 1995 urbis

2129 2037 2316 2091 Romae
2343 2037 2651 2106 episcopum
2684 2050 2780 2105 per
2806 2034 3067 2088 visionem
3108 2032 3169 2085 B.
3200 2031 3473 2101 apostolus
3494 2030 3715 2085 Christi

2130 2127 2365 2197 claviger
2404 2126 2612 2189 Petrus,
2662 2140 2767 2179 una
2791 2140 2912 2180 cum
2939 2122 3250 2193 Apollinare
3279 2123 3541 2193 discipulo
3569 2138 3710 2188 suo,

2131 2227 2183 2274 et
2211 2219 2351 2272 inter
2393 2218 2577 2271 ambos
2612 2224 2760 2271 stans
2789 2214 2847 2268 Β.
2879 2215 3071 2270 Petrus
3102 2213 3486 2284 Chrysologus,
3512 2222 3570 2269 et
3600 2230 3717 2284 pa-

2133 2324 2253 2361 rum
2296 2307 2358 2360 B.
2406 2306 2679 2375 apostolus
2717 2306 2906 2361 Petrus
2948 2306 3173 2376 gradum
3207 2311 3396 2376 figens,
3451 2306 3589 2360 dixit
3628 2307 3720 2361 ad

2133 2406 2383 2452 sanctum
2428 2412 2618 2467 papam
2652 2397 2862 2451 Sixtum
2895 2415 2906 2450 :
2951 2396 3084 2453 Vide
3119 2398 3261 2451 hunc
3295 2397 3492 2463 virum,
3538 2413 3719 2467 quem

2122 2488 2397 2559 elegimus
2425 2503 2541 2554 nos,
2590 2489 2681 2557 qui
2713 2496 2821 2543 sta‘t
2863 2488 2918 2541 in
2956 2488 3190 2543 medium
3237 2497 3545 2545 nostrorum
3584 2488 3693 2561 [no

2139 2580 2355 2652 strum],
2382 2581 2554 2650 ipsum
2587 2595 2862 2646 consecra,
2884 2596 2991 2635 non
3017 2580 3199 2635 alium.
3228 2581 3433 2636 Idcirco
3454 2597 3729 2653 experge-

2106 2713 2114 2729 .
2143 2671 2316 2727 factus
2344 2688 2481 2742 papa
2522 2672 2684 2743 jussit
2735 2673 2889 2728 valde
2935 2673 3200 2729 introduci
3230 2674 3461 2729 diluculo
3493 2675 3722 2745 plebem

2141 2764 2443 2818 universam
2489 2775 2544 2818 et
2576 2765 2751 2818 virum
2804 2765 2894 2835 qui
2933 2766 3266 2823 ordinandus
3309 2776 3449 2823 erat.
3472 2769 3725 2825 lntuitus

2139 2863 2223 2910 cst
2247 2870 2369 2910 eum
2410 2855 2712 2910 diutissime
2736 2865 2955 2912 sanctus
2982 2872 3140 2927 papa,
3170 2869 3227 2913 et
3270 2860 3382 2913 ait:
3411 2860 3508 2926 Ite,
3538 2861 3729 2917 milite

2140 2960 2262 3000 eum
2294 2945 2360 3000 de
2381 2945 2578 3010 medio,
2616 2945 2762 3001 hunc
2787 2962 2895 3001 non
2919 2961 3207 3018 cognosco.
3234 2948 3348 3003 Nisi
3379 2951 3730 3008 adduxeritis

2139 3036 2291 3101 mihi,
2332 3036 2422 3105 qui
2466 3043 2717 3091 ostensus
2737 3021 2841 3103 est,
2889 3037 3050 3092 alium
3074 3054 3183 3094 non
3215 3039 3493 3096 ordinabo.
3532 3040 3601 3096 At
3630 3043 3728 3100 illi

2065 3114 2109 3176 C
2140 3135 2419 3195 cmperunt
2451 3127 2723 3197 inquirere
2764 3128 2904 3184 inter
2948 3144 3006 3184 se
3034 3138 3238 3194 mutuo,
3288 3147 3405 3201 quae
3432 3142 3576 3189 esset
3600 3134 3727 3188 Im...

2118 3266 2121 3267 ν
2134 3214 2433 3287 juscetuudi
2461 3232 2568 3281 res,
2599 3216 2894 3288 cjectisqne
2921 3220 3171 3276 omnibus
3209 3221 3372 3285 foras.
3403 3226 3727 3280 contristati

2040 405 2089 462 Α

2139 3315 2281 3360 sunt.
2310 3307 2427 3367 Alia
2461 3323 2590 3364 vero
2621 3308 2707 3364 die
2731 3308 2896 3380 jussit
2941 3318 2997 3365 ut
3038 3312 3266 3383 populus
3305 3330 3425 3370 cum
3453 3316 3723 3374 omnibus

2139 3396 2325 3452 electis
2353 3396 2634 3471 [clericis],
2663 3401 2937 3467 maximis,
2966 3410 3021 3457 et
3065 3403 3440 3471 mediocribus,
3468 3415 3523 3461 et
3543 3408 3737 3476 pusil—

2140 3486 2226 3553 lis,
2258 3499 2383 3544 ante
2413 3504 2471 3545 se
2516 3490 2809 3547 introducti
2831 3490 3083 3562 fuissent,
3106 3503 3158 3548 et
3186 3510 3307 3549 cum
3347 3510 3452 3550 non
3482 3496 3732 3553 vidisset

2140 3577 2368 3632 formam
2396 3580 2497 3634 viri
2519 3596 2639 3650 qua:
2674 3580 2748 3635 illi
2794 3591 3008 3637 ostensa
3047 3582 3242 3649 fuerat,
3272 3585 3347 3639 ait
3386 3605 3399 3639 :
3429 3585 3728 3656 Requirite

2141 3684 2205 3722 ex
2225 3668 2397 3734 vobis,
2422 3667 2647 3725 forsitan
2686 3686 2791 3726 non
2820 3687 3008 3728 omnes
3033 3675 3277 3739 venistis,
3316 3684 3372 3730 et
3406 3677 3729 3748 complures

2142 3758 2293 3813 estis.
2316 3758 2387 3812 At
2425 3759 2501 3813 illi
2538 3760 2791 3816 dixerunt
2823 3780 2834 3816 :
2864 3761 2981 3818 Non
3021 3780 3090 3839 ex
3114 3767 3270 3821 nobis
3293 3768 3596 3838 Quempiam
3628 3770 3731 3826 in-

2141 3849 2342 3913 venies,
2373 3850 2597 3905 Domine
2621 3866 2779 3921 papa.
2809 3853 2908 3920 Ite,
2938 3863 2993 3910 et
3016 3856 3338 3927 egredimini
3374 3858 3539 3924 foras;
3574 3876 3727 3918 non.

2143 3939 2268 3993 dum
2309 3939 2537 3995 electum
2566 3943 2742 3998 video.
2786 3943 2970 4002 Tertia
2997 3948 3083 4003 die
3133 3950 3362 4018 denique
3395 3951 3585 4007 iterum
3611 3969 3727 4024 ap-

2143 4030 2324 4099 paruit
2351 4033 2417 4087 ad
2444 4035 2692 4090 eumdem
2714 4051 2924 4107 papam,
2957 4054 3058 4095 nec
3078 4040 3308 4110 vigilans
3335 4042 3576 4112 pleniter,
3605 4061 3725 4103 nec

2144 4125 2375 4195 pleniter
2408 4128 2682 4185 dormiens
2717 4132 3080 4201 apostolorum
3119 4135 3366 4206 princeps
3392 4151 3511 4191 cum
3545 4138 3727 4194 disci-

2138 4218 2267 4288 pulo
2304 4233 2421 4284 suo,
2460 4221 2599 4275 sicut
2643 4231 2698 4277 et
2747 4223 2916 4291 prius,
2950 4232 3005 4278 et
3047 4226 3446 4280 sanctissimum
3488 4227 3721 4286 Petrum

2145 4311 2533 4384 Chrysologum
2582 4314 2721 4370 inter
2752 4330 2810 4371 se
2837 4323 3103 4382 tenentes,
3134 4317 3373 4373 dicentes
3400 4319 3473 4373 illi
3506 4336 3518 4372 :
3569 4320 3726 4377 Dixi-

2147 4416 2268 4456 mus
2299 4402 2412 4472 jam
2440 4404 2556 4468 tibi,
2591 4420 2661 4459 ne
2684 4419 2845 4473 super
2884 4404 3048 4459 alium
3077 4421 3271 4462 manus
3314 4408 3573 4476 imponas,
3602 4412 3721 4466 nisi

2145 4507 2308 4560 super
2332 4495 2475 4548 hunc
2502 4495 2701 4560 virum,
2721 4495 2847 4563 quia
2873 4494 3054 4549 multis
3088 4496 3416 4565 temporibus
3439 4497 3722 4556 Ravenna:

2142 4584 2404 4650 Ecclesia,
2453 4586 2591 4641 sicut
2639 4587 2904 4657 pinguedo
2934 4587 3037 4643 olei
3088 4588 3319 4645 lucernae
3373 4590 3718 4660 illuminans,

2142 4689 2265 4728 cum
2294 4675 2363 4730 ab
2388 4675 2509 4745 igne
2534 4675 2693 4729 fuerit
2722 4675 3007 4745 applicata,
3042 4677 3117 4731 ita
3138 4679 3280 4735 illius
3314 4680 3627 4750 pinguescet
3656 4695 3717 4738 et

2140 4764 2531 4820 illuminabitur
2591 4766 2854 4821 doctrina.
2915 4767 3099 4822 Altera
3157 4769 3244 4825 die
3296 4770 3719 4827 introducantur

2140 4871 2350 4921 omnes,
2381 4864 2436 4911 et
2484 4872 2590 4911 non
2640 4857 2926 4912 invenitur.
2956 4858 3105 4916 Tunc
3151 4870 3370 4916 sanctus
3392 4876 3531 4932 papa
3561 4864 3719 4919 sedis

2147 4945 2403 4999 Romanae
2430 4947 2564 5015 dixit
2612 4948 2678 5002 ad
2721 4945 3120 5003 Corneliensem
3146 4951 3477 5020 episcopum,
3526 4952 3617 5023 qui
3652 4955 3715 5008 in

2147 5035 2239 5091 illo
2284 5044 2522 5106 tempore
2563 5054 2684 5093 cum
2724 5036 3182 5095 Ravenniensibus
3230 5040 3436 5096 civibus
3475 5040 3713 5097 Romam

2145 5127 2285 5182 ierat
2314 5145 2327 5180 :
2357 5126 2609 5183 Introduc
2647 5144 2836 5185 omnes
2880 5129 3187 5185 sacerdotes
3233 5139 3287 5184 et
3310 5129 3533 5185 clericos
3558 5139 3709 5196 tuos,

2144 5217 2287 5272 forte
2312 5216 2384 5271 ibi
2406 5217 2675 5273 inveniam
2700 5218 2877 5272 virum
2901 5221 2992 5288 qui
3028 5220 3158 5274 mihi
3188 5229 3435 5275 ostensus
3470 5229 3573 5274 est.
3598 5217 3707 5276 Cui

2144 5309 2236 5365 ille
2259 5325 2381 5364 cum
2408 5308 2795 5377 supplicatione
2815 5310 3106 5378 respondit,
3139 5309 3358 5388 dicens:
3382 5308 3494 5363 Non
3523 5310 3709 5365 habeo

2147 5399 2309 5453 talem
2334 5400 2530 5464 virum,
2558 5399 2661 5453 nisi
2685 5415 2848 5454 unum
2871 5400 3171 5466 diaconum,
3203 5402 3293 5469 qui
3314 5410 3506 5471 praeest
3524 5402 3707 5456 omni—

2145 5493 2247 5547 bus
2272 5491 2432 5546 rebus
2454 5490 2610 5554 meis,
2640 5505 2801 5559 super
2836 5491 2989 5559 cujus
3015 5505 3206 5545 manus
3237 5506 3338 5557 ego
3363 5505 3552 5546 servus
3573 5498 3709 5547 tuus

2147 5582 2420 5635 incumbo.
2453 5579 2510 5635 Si
2542 5580 2723 5650 jubes,
2750 5589 2809 5635 ut
2834 5580 2890 5636 in
2908 5580 3143 5635 medium
3173 5584 3370 5647 veniat,
3404 5579 3707 5636 deferatur.

2068 4462 2119 4522 D

553 5694 581 5723 ι
631 5683 755 5742 Ηωε
806 5687 871 5743 de
933 5688 1144 5744 Christo
1205 5689 1427 5744 Domino
1480 5703 1600 5760 apte
1667 5692 2026 5763 intelligenda.
2064 5692 2261 5747 BACCH.
