3910 6182
220 324 224 338 ’
260 326 334 379 557

257 438 329 492 Cui
367 436 701 493 beatissimus
741 456 873 510 papa
908 460 921 497 :
961 439 1151 496 Veniat
1192 457 1296 496 non
1326 443 1494 495 solum
1528 441 1632 505 ille,
1676 440 1765 513 sed
1795 443 1847 502 Α

258 530 473 583 θιωξῑθνί
504 544 712 594 omnes,
736 541 790 585 et
818 531 863 585 si
892 531 1073 585 videro
1099 545 1256 600 quem
1284 532 1462 601 cupio,
1492 542 1767 603 gratanter

257 620 470 688 suscipio.
508 623 578 673 At
599 621 687 674 ubi
711 621 936 691 ingressi
964 630 1088 676 sunt
1107 637 1315 687 omnes,
1348 624 1527 677 statim
1552 632 1610 677 ut
1635 624 1769 678 vidit

258 718 433 763 sanctus
461 724 597 779 papa
644 711 817 763 virum
855 710 947 780 qui
984 711 1087 765 sibi
1116 726 1213 782 per
1238 712 1496 766 visionem
1522 724 1767 768 ostensus

256 794 408 861 fuerat,
434 797 715 865 conspexit
742 813 890 862 eum,
923 806 981 852 ut
1029 814 1292 869 gemmam
1348 799 1657 869 fulgentem,
1711 809 1767 855 et

254 886 349 939 hinc
367 890 525 955 atque
552 886 700 940 illinc
717 902 813 957 per
839 887 1085 956 spiritum
1122 901 1450 957 cognoscens
1476 888 1680 943 vultum
1702 889 1761 943 Β.

255 976 435 1045 apostoli
464 976 642 1041 Petri,
687 986 742 1031 et
781 977 1105 1048 Apollinaris
1126 978 1409 1047 pontificis,
1453 977 1764 1051 Chrysologi

253 1065 361 1119 Petri
398 1067 671 1120 dexteram
720 1065 1098 1136 sinistramque
1147 1075 1417 1132 tenentes,
1462 1077 1517 1122 et
1563 1078 1623 1123 ut
1651 1070 1766 1125 haec

253 1155 390 1207 omnia
422 1163 642 1209 sanctus
681 1169 818 1224 papa
857 1155 1149 1226 conspexit,
1176 1157 1354 1211 statim
1383 1156 1452 1212 de
1476 1159 1603 1213 sede
1644 1174 1765 1214 sur-

250 1259 367 1311 gens,
409 1253 465 1298 et
508 1244 721 1299 obviam
753 1245 828 1300 illi
850 1247 1009 1315 quasi
1037 1246 1271 1302 medium
1309 1249 1506 1303 atrium
1537 1250 1653 1316 ivit,
1700 1251 1764 1305 li-

252 1334 362 1388 benti
394 1337 574 1391 animo
619 1334 940 1391 alterutrum
990 1352 1047 1392 se
1075 1336 1649 1409 salutaverunt-usque
1695 1340 1760 1394 ad

248 1440 398 1492 genua.
436 1426 507 1479 At
537 1425 628 1480 ubi
650 1426 986 1481 subtrahere
1010 1442 1069 1481 se
1095 1426 1152 1482 S.
1177 1426 1366 1482 Petrus
1403 1427 1762 1500 Chrysologus

248 1532 361 1585 papae
399 1517 586 1582 voluit,
614 1517 954 1573 beatissimus
1001 1533 1135 1589 papa
1180 1535 1286 1573 non
1336 1520 1516 1574 sinuit.
1567 1519 1760 1576 Statim

246 1610 373 1679 erepit
393 1609 665 1665 fremitum
689 1611 817 1666 dare
851 1610 1077 1681 populus
1102 1611 1241 1665 inter
1268 1626 1346 1677 se,
1376 1622 1432 1666 et
1469 1612 1761 1667 maximum

246 1697 490 1753 clamorem
513 1699 580 1753 ad
603 1700 816 1755 cmlum’.
838 1699 943 1754 Alii
965 1699 1250 1754 dicebant:
1275 1700 1409 1766 Quia
1432 1702 1760 1773 ncephytum

244 1802 321 1839 non
346 1788 654 1856 recipimus;
699 1803 803 1844 non
826 1804 891 1843 ex
922 1797 1106 1843 nostro
1130 1788 1231 1844 fuit
1253 1789 1412 1856 ovile,
1448 1792 1540 1847 sed
1579 1793 1755 1847 subito
1782 1794 1829 1852 B

244 1874 406 1930 invadit
426 1878 743 1931 cathedram
767 1877 1143 1948 episcopalem,
1168 1879 1320 1947 quasi
1345 1879 1501 1934 latro.
1541 1879 1753 1948 Tollite,

242 1965 374 2020 tollite
392 1981 515 2021 eum
544 1968 610 2021 de
642 1967 837 2032 medio,
874 1966 981 2021 non
1027 1967 1330 2036 recipimus,
1379 1968 1503 2038 quia
1530 1968 1595 2023 de
1628 1969 1754 2024 sub—

233 2057 345 2125 jecta
371 2058 610 2114 Ecclesia
647 2074 753 2112 non
783 2058 908 2113 licet
933 2059 1000 2113 ad
1030 2057 1131 2131 [in]
1156 2058 1413 2129 majorem
1445 2058 1751 2115 transferre.

242 2149 325 2202 Alii
355 2160 539 2205 contra
569 2150 786 2204 aiebant
810 2167 822 2203 :
845 2148 1029 2204 Justus
1051 2161 1134 2205 est
1161 2150 1249 2205 hic
1275 2151 1457 2216 homo,
1485 2166 1590 2206 non
1611 2161 1757 2208 recte

237 2240 397 2304 dicitis,
424 2240 786 2310 suscipiamus
809 2254 955 2305 eum,
979 2248 1038 2294 ut
1057 2241 1195 2295 bene
1216 2248 1412 2296 nostrae
1432 2240 1501 2296 sit
1527 2241 1754 2307 civitati,

237 2329 333 2396 quia
373 2329 827 2399 prudentissimus
872 2338 972 2394 est,
1004 2338 1058 2385 et
1097 2331 1449 2396 castissimus,
1481 2339 1536 2386 et
1571 2330 1758 2386 doctor

235 2422 390 2485 bonus,
417 2422 677 2491 omnique
710 2422 873 2491 gloria
897 2422 1117 2492 dignus;
1140 2437 1207 2477 ex
1230 2432 1418 2478 nostra
1442 2433 1757 2495 coenanone

233 2522 314 2575 est,
339 2513 461 2568 nihil
488 2512 550 2567 in
582 2528 704 2568 eum
733 2511 855 2566 mali
893 2513 1170 2576 sentimus,
1193 2513 1385 2567 timore
1410 2513 1619 2568 Domini
1640 2514 1755 2585 ple-

232 2605 466 2667 nus;sine
509 2618 676 2658 causa
701 2617 825 2657 eum
862 2603 1088 2673 perdere
1130 2600 1311 2658 vultis.
1345 2602 1577 2660 Sanctus
1628 2620 1757 2661 vero

233 2695 386 2747 Sinus
412 2693 501 2760 Ill,
537 2694 681 2749 sedis
708 2693 1033 2748 Romameiu
1063 2691 1156 2747 tali
1195 2692 1543 2749 altercatione
1586 2707 1754 2763 popu-

230 2780 315 2835 lum
344 2783 441 2838 huc
479 2783 615 2838 illuc
651 2783 878 2837 divisum
909 2783 1264 2853 conspiciens,
1290 2782 1465 2853 palam
1509 2783 1758 2838 omnibus

231 2871 383 2926 retulit
413 2874 619 2938 visum,
664 2879 725 2926 ut
774 2872 1018 2942 superius
1063 2872 1317 2938 diximus,
1358 2873 1624 2943 quomodo
1660 2888 1758 2943 per

227 2963 641 3037 unituonitionem
671 2960 1016 3031 apostolicam
1038 2975 1164 3015 eum
1194 2975 1513 3016 consecrare
1543 2961 1757 3016 debuis-

226 3058 305 3102 set.
323 3049 447 3106 Etsi
473 3053 646 3107 istum
676 3066 783 3105 non
814 3049 970 3105 vultis
994 3049 1230 3115 Patrem,
1260 3065 1290 3104 a
1316 3064 1401 3104 me
1426 3050 1680 3117 recedite,
1703 3059 1757 3104 et

223 3154 246 3190 a
283 3151 467 3196 sancta
507 3141 776 3197 catholica
812 3141 1049 3196 Romana
1086 3140 1329 3196 Ecclesia
1387 3140 1606 3195 alienati
1658 3140 1827 3211 vos'C

221 3246 399 3285 omnes.
437 3232 601 3287 Tunc
625 3230 704 3286 illi
742 3232 897 3301 quasi
927 3247 991 3286 ex
1039 3247 1144 3286 una
1169 3246 1303 3305 voce
1328 3242 1606 3301 creperum
1645 3233 1758 3288 cla-

219 3335 363 3388 mare,
392 3334 446 3378 et
474 3324 667 3380 dicere
699 3342 711 3377 :
737 3322 1044 3388 Ordinetur,
1073 3324 1370 3378 ordinetur.
1410 3321 1756 3393 Conscripse-

218 3424 321 3467 runt
342 3416 600 3472 celeriter
624 3417 919 3480 decretum,
955 3425 1009 3469 et
1026 3430 1123 3484 per
1152 3415 1544 3484 impositionem
1567 3429 1758 3471 manus

219 3508 395 3576 recepit
432 3507 701 3580 Spiritum
730 3516 995 3571 sanctum,
1022 3506 1405 3580 ordinatusque
1431 3513 1516 3560 est
1544 3505 1598 3559 in
1627 3521 1760 3575 pon-

213 3594 401 3655 tiﬁcem.
432 3578 489 3652 et
513 3590 645 3650 cum
667 3596 835 3665 gloria
864 3596 931 3651 ad
962 3578 1270 3650 Ravennam
1304 3596 1485 3650 sedem
1512 3610 1761 3652 reversus

210 3694 295 3738 est.
320 3687 397 3741 Ex
444 3688 550 3742 illo
588 3687 702 3757 jam
732 3687 818 3743 die
852 3696 1129 3757 coeperunt
1149 3703 1270 3742 eum
1293 3702 1480 3742 omnes
1512 3689 1759 3743 venerari

210 3779 341 3845 quasi
361 3781 626 3852 angelum
661 3778 780 3834 Dei.

785 3868 1007 3926 CAPUT
1036 3870 1121 3926 IIl.

209 3957 354 4018 Ede:
383 3963 548 4020 Petro
593 3973 810 4018 curante
850 3972 1172 4033 construatur.
1203 3960 1454 4033 Ejusdem
1478 3978 1597 4033 cunt
1630 3960 1763 4033 Pro-

258 4033 387 4104 βείω
414 4034 759 4089 Corneliense
816 4031 1263 4104 syuchronolagia.
1329 4031 1508 4086 Sancti
1562 4031 1762 4085 Barba-

270 4102 392 4157 tioni
412 4108 610 4179 funus.

265 4176 578 4251 A-Zditicavit
596 4195 683 4249 hic
696 4184 1033 4249 beatissimus
1047 4176 1241 4249 fontem
1263 4190 1316 4248 in
1338 4193 1553 4248 civitate
1568 4192 1764 4249 Classis

201 4283 333 4353 juxta
354 4272 660 4345 ecclesiam
684 4303 801 4358 quae
826 4298 1044 4343 vocatur
1074 4287 1341 4351 Petriana,
1375 4301 1536 4355 quam
1574 4287 1766 4340 Petrus

203 4375 409 4433 antistes
419 4377 700 4433 fundavit.
734 4376 834 4443 Qui
855 4375 972 4430 fons
991 4377 1137 4430 mirze
1150 4375 1525 4446 magnitudinis
1543 4374 1765 4444 duplici-

1271 328 1466 382 LlBEB
1506 326 2073 382 PONTlFlCALIS.—-
2110 326 2286 380 PARS
2320 326 2356 379 Ι.
3319 332 3418 387 538

1990 440 2213 489 Auctoris
2233 442 2395 501 pretio,
2408 441 2746 501 splendescunt
2772 454 2966 489 munera
2996 441 3142 490 Petri.

1989 501 2113 564 ﬂuic
2146 503 2294 564 honor
2321 501 2433 548 huic
2471 503 2694 564 meritum
2720 502 2883 550 tribuit
2907 504 2975 549 sic
2998 516 3193 551 comere
3219 516 3391 564 paria;

1992 561 2053 610 Ut
2084 563 2274 611 valeant
2296 564 2460 622 spatiis
2481 561 2684 618 amplum
2707 576 2940 622 superare
2959 565 3153 612 coactis.

1986 622 2069 688 15d
2085 623 2315 688 modicum
2330 621 2524 671 Christo
2546 628 2638 688 est.
2662 621 2831 672 Aretes
2852 623 2979 671 bene
3006 626 3214 688 possidet
3236 626 3385 688 aedes,

1987 683 2133 744 Cujus
2154 685 2200 731 in
2226 683 2432 730 humano
2454 684 2716 744 consistunt
2742 692 2937 743 pectore
2959 686 3151 744 temp'a.

1988 743 2269 792 Fundamen
2294 744 2485 800 Petrus,
2514 743 2692 791 Petrus
2717 744 2959 803 fundator,
2981 753 3031 792 et
3051 743 3172 793 aula.

1988 805 2123 862 Quod
2146 809 2316 851 domus
2332 805 2420 851 hoc
2443 805 2685 865 Dominus,
2709 804 2832 865 quod
2853 803 3029 853 factum
3052 806 3200 855 factor
3219 817 3269 863 et
3288 808 3417 858 idem

1986 865 2201 929 Moribus
2223 875 2369 925 atque
2393 879 2562 926 Opere.
2589 864 2805 929 Christus
2825 878 3069 929 posseswr
3094 867 3297 917 habetur
3314 903 3330 929 ,

1987 926 2080 984 Qui
2105 927 2202 975 duo
2225 924 2507 975 consectans
2529 924 2762 973 mediator
2785 926 2965 987 reddit,
2991 933 3043 975 et
3065 940 3228 977 unum.

1986 987 2092 1049 lgtuc
2118 987 2511 1049 venienstundat
2536 988 2773 1047 purituros
2790 989 2962 1045 gaudia
2988 988 3133 1037 ﬂetus
3158 1024 3172 1049 ,

1985 1046 2247 1097 Coutritam
2271 1046 2480 1095 sobdans
2503 1046 2735 1107 percusso
2758 1048 2803 1094 in
2825 1055 3022 1108 pectore
3043 1046 3273 1098 merrtem.

1961 1108 2059 1157 'Ne
2087 1111 2264 1169 jaceat,
2289 1120 2345 1157 se
2363 1115 2549 1170 sternat
2568 1108 2722 1169 humi,
2750 1109 3043 1170 morbosque
3065 1109 3273 1160 latentes

1982 1170 2112 1219 Ante
2130 1172 2283 1230 pedes
2306 1169 2477 1217 medici
2498 1182 2612 1231 cura
2637 1176 2928 1231 properante
2948 1169 3201 1231 recludat;

1981 1228 2306 1293 Saepe’metus
2323 1232 2492 1278 mortis
2514 1230 2624 1279 vita:
2642 1228 2695 1280 fit
2712 1228 2855 1281 causa
2879 1231 3051 1280 beatae.

1932 1375 2092 1430 Multa
2118 1374 2354 1431 condidit
2380 1373 2672 1440 volumina,
2711 1383 2767 1429 et
2798 1372 2959 1430 valde
2984 1373 3413 1443 sapientissimus

1860 1470 1979 1526 fuit.
2011 1469 2115 1525 lste
2138 1484 2245 1524 uua
2265 1484 2385 1525 cum
2428 1467 2673 1537 Projecto
2715 1482 2747 1521 a
2790 1467 2948 1521 beato
2984 1464 3228 1522 Cornelio
3270 1467 3411 1521 lmo-

1858 1561 2023 1616 lensis
2066 1559 2317 1615 Ecclesia:
2352 1574 2457 1612 una
2500 1559 2632 1613 hora
2673 1558 2728 1612 in
2755 1557 3009 1613 diaconos
3038 1559 3196 1612 ambo
3221 1572 3409 1612 conse-

1859 1652 1993 1707 crati
2019 1660 2164 1707 sunt.
2185 1650 2313 1706 Post
2345 1666 2473 1705 vero
2494 1650 2669 1705 divina
2686 1650 3018 1718 providentia
3044 1651 3201 1704 ambo
3222 1650 3413 1704 solium

1858 1742 2155 1814 episcopale
2204 1749 2505 1797 tenuerunt.
2565 1740 2757 1814 Petrus
2802 1738 3071 1794 Ravennae
3115 1739 3407 1806 Ecclesiae;

1854 1812 2131 1908 Proiectus
2168 1844 2410 1891 servatus
2447 1846 2530 1890 est
2552 1812 2815 1895 lmoléusi.
2858 1833 3145 1902 Postquam
3170 1834 3257 1888 hic
3282 1848 3413 1903 pon-

1855 1926 1987 1983 tifex
2027 1926 2303 1983 ordinatus
2347 1936 2448 1991 est,
2505 1923 2838 1994 postmodum
2867 1923 2936 1977 ab
2987 1924 3121 1993 ipso,
3153 1923 3255 1978 iste
3277 1922 3414 1978 alter

1855 2019 2135 2088 episcopus
2183 2015 2434 2071 Ecclesia:
2457 2013 2811 2069 Cornelieusis
2846 2012 2922 2085 [in
2950 2011 3175 2066 ecclesia
3207 2010 3412 2067 Come»

1854 2107 2031 2183 liensi]
2057 2114 2401 2165 consecratus
2437 2114 2547 2171 est,
2595 2105 2920 2176 temporibus
2960 2103 3123 2159 Gallre
3165 2103 3413 2159 Placidia:

1853 2198 2126 2267 Augustae,
2170 2197 2308 2252 sicut
2351 2196 2609 2265 scriptum
2654 2195 2967 2265 reperimus.
3018 2193 3222 2264 Corpus
3270 2194 3410 2251 beati

1854 2287 2159 2343 Barbatiani
2185 2286 2326 2341 idem
2366 2285 2557 2340 Petrus
2589 2283 2946 2356 Chrysologus
2992 2298 3115 2338 cum
3157 2282 3410 2353 praedicta

1853 2376 2095 2450 Augusta
2153 2376 2479 2454 aromatibus
2528 2373 2907 2439 condiderunt,
2943 2363 3018 2428 et
3058 2387 3182 2427 cum
3217 2384 3412 2442 magno

1855 2469 2059 2525 honore
2086 2468 2410 2540 sepelierunt
2463 2481 2571 2522 non
2619 2466 2785 2537 longe‘
2814 2466 2882 2521 ad
2926 2462 3257 2520 Posterula'm
3288 2460 3416 2520 Ovi-

1854 2560 2013 2616 lionis
2042 2576 2059 2628 ;
2089 2558 2531 2628 consecravitque
2577 2555 2856 2612 ecclesiam
2887 2554 2945 2613 S.
2971 2554 3189 2611 Joannis
3236 2555 3418 2646 Bapti;

1857 2663 1972 2721 stas,
2008 2667 2167 2724 quam
2200 2650 2496 2707 Baduarius
2520 2648 2821 2705 aedificavit.

2463 2806 2686 2863 CAPUT
2722 2806 2809 2862 IV.

1865 2922 2046 2977 Petrus
2073 2929 2290 2974 mortem
2330 2935 2479 2973 suam
2505 2918 2785 2988 prwvidet,
2809 2909 3159 2988 prqdicitque.
3201 2912 3407 2988 orum

1963 2990 2187 3049 Cornelii
2213 2991 2399 3060 pergit,
2427 2983 2597 3059 ibique
2633 2983 2851 3042 decedit.
2880 2983 3308 3055 Locus'sepulcri.

1926 3106 2186 3178 Cognovit
2223 3113 2401 3161 autem
2423 3105 2685 3175 posthaec
2717 3105 2805 3160 hic
2845 3102 3181 3158 beatissimus
3226 3101 3416 3157 Petrus

1855 3214 1953 3272 per
1975 3199 2221 3270 spiritum
2248 3198 2409 3254 finem
2460 3198 2582 3253 vita:
2624 3212 2749 3253 suae.
2781 3197 2880 3250 lvit
2904 3195 2971 3250 ad
3017 3193 3415 3251 Corneliensem

1856 3292 2160 3358 ecclesiam,
2188 3300 2244 3345 et
2264 3292 2536 3363 ingressus
2573 3290 2713 3345 infra
2758 3289 3034 3345 basilicam
3076 3287 3137 3342 B.
3173 3286 3416 3343 Cassiani

1855 3382 2049 3439 obtulit
2086 3395 2334 3447 munera,
2380 3382 2435 3437 id
2477 3389 2569 3437 est
2588 3388 2851 3435 craterem
2894 3391 3121 3433 aureum
3150 3392 3335 3442 unum,
3362 3383 3418 3432 et

1856 3485 2096 3544 pateram
2122 3482 2430 3545 argenteam
2454 3472 2693 3533 alteram,
2725 3478 2779 3526 et
2792 3469 3091 3524 diademata
3117 3482 3278 3523 aurea
3298 3482 3415 3522 ma-

1858 3582 1960 3637 gna
1972 3565 2373 3635 pretiosissimis
2394 3564 2616 3635 gemmis
2627 3570 2832 3619 ornata.
2856 3560 2983 3616 Haac
2999 3558 3177 3615 omnia
3191 3577 3220 3615 a
3246 3558 3416 3615 sancti

1859 3656 2100 3712 Cassiani
2120 3670 2344 3725 corpore
2367 3650 2583 3719 imbuit,"
2603 3652 2881 3723 positaque
2899 3665 3062 3721 super
3080 3664 3227 3705 aram
3249 3648 3417 3720 ipsius

1860 3748 2118 3814 ecclesias,
2162 3754 2223 3817 et
2260 3755 2406 3801 stans
2464 3760 2625 3815 super
2670 3743 2993 3812 crepidinem
3030 3739 3180 3809 juxta
3243 3739 3414 3795 altare

1860 3841 2114 3913 expansis
2152 3840 2395 3893 manibus
2426 3835 2699 3892 benedixit
2742 3842 2988 3889 cunctam
3036 3832 3265 3903 plebem,
3323 3845 3413 3886 sa-

1862 3935 2106 3988 cerdotes
2147 3940 2202 3985 et
2231 3930 2475 4000 pupillos,
2516 3943 2579 3983 ac
2616 3926 2789 3981 oravit
2836 3927 3057 3981 dicens:
3099 3923 3177 3978 Tu
3199 3923 3413 3988 dedisti,

1862 4025 2086 4080 Domine
2114 4024 2272 4085 Deus,
2311 4022 2544 4075 animam
2581 4020 2632 4073 in
2660 4033 2881 4087 corpore
2924 4018 3028 4071 isto
3060 4033 3074 4082 ;
3113 4024 3169 4069 tu
3218 4015 3407 4072 iterum

1862 4116 2187 4176 misericors,
2215 4113 2424 4181 suscipe
2446 4108 2725 4180 eam,quia
2754 4117 2841 4164 tua
2870 4124 2985 4173 sum
3007 4116 3271 4162 creatura.
3299 4098 3417 4161 Non

1863 4211 2112 4260 occurrat
2137 4203 2264 4257 mihi
2289 4201 2651 4271 iniquissimus
2668 4199 2926 4263 diabolus,
2949 4198 3041 4252 sed
3055 4197 3275 4266 angelus
3293 4205 3416 4251 tuus

1865 4305 2081 4352 sanctus
2102 4294 2359 4365 suscipiat
2380 4308 2519 4357 eam,
2548 4302 2600 4346 et
2621 4290 2884 4347 collocare
2909 4290 3097 4360 jubeas
3129 4289 3185 4343 in
3213 4287 3416 4343 sinibus

1863 4390 2307 4461 patriarcharum,
2358 4387 2448 4442 ubi
2490 4386 2579 4441 lux
2621 4390 2917 4455 permanet,
2957 4390 3012 4438 ct
3039 4381 3288 4453 gaudium
3318 4381 3417 4434 im-

202 4461 467 4523 busmuris
489 4476 551 4524 et
570 4467 699 4523 altis
712 4468 978 4522 moenibus
993 4476 1229 4523 structus
1242 4467 1591 4521 arithmeticze
1610 4466 1760 4520 artis.
1789 4496 1842 4555 Β
1866 4495 2108 4535 mensum
2145 4484 2246 4532 εει,
2276 4476 2343 4530 Et
2385 4492 2547 4540 nunc,
2595 4473 2834 4538 Domine,
2881 4481 2933 4526 te
2970 4470 3228 4526 conﬁteor
3262 4469 3417 4525 labiis

200 4554 492 4631 iterumque
506 4559 758 4615 fundavit
779 4561 990 4614 domum
1012 4560 1148 4613 infra
1164 4560 1486 4629 episcopium
1501 4559 1765 4614 Ravennae

201 4650 347 4714 sedis,
371 4669 497 4721 quae
521 4652 730 4707 dicitur
754 4650 968 4717 Tricoli,
983 4666 1047 4706 eo
1066 4653 1204 4720 quod
1221 4653 1321 4705 tria
1336 4650 1446 4705 cola
1462 4650 1759 4715 contineat;

198 4759 304 4810 qua:
328 4746 555 4816 Uides.
577 4742 798 4815 Bacch]
825 4743 1043 4798 aedilicia
1067 4742 1225 4798 nimis
1246 4742 1518 4814 ingeniosa
1542 4740 1763 4796 inferius

196 4841 384 4888 structa
432 4845 544 4892 est.
615 4833 871 4904 Fecitque
918 4849 1021 4887 non
1065 4832 1217 4901 longe
1253 4832 1545 4903 ab‘eadem
1606 4831 1763 4885 domo

194 4929 587 4982 monasterium
628 4925 685 4981 S.
718 4925 942 4978 Audrem
970 4924 1191 4992 apostoli
1225 4940 1237 4986 ;
1303 4906 1514 4991 suaque»
1557 4920 1763 4988 cﬂigies

196 5030 343 5083 super
374 5018 575 5071 valvas
597 5016 835 5086 ejusdem
860 5014 1168 5069 monasterii
1192 5020 1272 5067 est
1299 5012 1517 5067 inferius
1542 5011 1767 5065 tesseliis

193 5105 412 5175 depicta.
447 5108 615 5163 Foris
640 5122 770 5162 vero
795 5105 1382 5181 parietesproconnisis
1410 5106 1765 5159 marmoribus

194 5195 487 5262 decoravit,
545 5206 604 5251 et
644 5198 697 5250 in
735 5196 978 5266 ingressu
1019 5193 1196 5263 januze
1239 5195 1571 5247 extrinsecus
1605 5208 1766 5262 super

190 5283 432 5344 liminare
472 5302 672 5341 versus
698 5287 948 5341 metrieos
978 5286 1310 5339 continentes
1338 5284 1409 5336 ita
1440 5282 1751 5355 [videlicet].

306 5385 403 5428 Aut
431 5383 519 5427 tux
553 5378 633 5425 hic
654 5385 758 5425 nata
788 5386 878 5431 est,
900 5385 980 5424 aut
1003 5383 1137 5435 capta
1165 5376 1241 5422 hic
1264 5375 1420 5423 libera
1444 5380 1632 5427 regnat.

306 5440 411 5487 lux
445 5446 535 5487 est
557 5447 672 5498 ante
700 5442 829 5487 venit
850 5440 958 5486 cwli
982 5440 1131 5485 decus
1153 5436 1278 5483 unde
1299 5439 1576 5481 modernum
1598 5471 1614 5496 ,

303 5504 395 5550 Aur
427 5508 630 5562 privata
653 5500 780 5562 diem
805 5505 1106 5562 pepererunt
1129 5505 1255 5562 tecta
1281 5498 1516 5544 nitentem
1545 5532 1556 5554 ,

305 5556 637 5612 Istcinmltive
659 5558 793 5618 iubar
809 5556 1003 5606 'svirluso
1025 5558 1179 5616 fulget
1201 5556 1421 5615 Olympo.
1492 5617 1500 5624 l

309 5626 399 5670 aia:
418 5638 568 5670 ruma
607 5634 706 5667 Cum
732 5625 874 5667 radiis
899 5627 1141 5667 vernantta
1165 5630 1310 5664 corno.
1341 5628 1531 5663 serenis
1558 5654 1570 5673 ,

309 5684 611 5743 Cunctaque
635 5694 804 5730 sereno
829 5682 1062 5742 (sidereo)
1088 5690 1314 5743 percussa
1337 5679 1387 5724 in
1410 5678 1587 5724 unmicc
1622 5689 1754 5724 sixa.

1871 4571 1967 4644 [et]
2019 4572 2183 4625 corde
2216 4562 2324 4635 ;'tu
2363 4568 2454 4637 qui
2498 4575 2687 4621 cuncta
2712 4565 2935 4634 patrasti
2981 4578 3044 4617 ex
3102 4562 3288 4627 nihilo,
3325 4561 3417 4631 qui

1867 4665 2012 4722 solus
2048 4663 2185 4719 nosti
2215 4663 2411 4733 prisca,
2463 4659 2747 4730 praesentia
2791 4666 2846 4711 et
2878 4655 3056 4710 futura
3088 4670 3103 4709 :
3131 4656 3197 4710 da
3226 4653 3419 4725 populo

1866 4756 1991 4811 huic
2020 4770 2116 4811 cor
2155 4753 2401 4817 docibile,
2431 4759 2489 4805 ut
2515 4751 2737 4804 timeant
2764 4757 2835 4813 te,
2878 4756 2932 4801 et
2979 4756 3269 4817 agnoscant
3291 4745 3416 4815 quia

1867 4856 1923 4901 tu
1951 4861 2009 4901 es
2030 4845 2169 4899 Deus
2194 4844 2246 4896 in
2273 4842 2410 4897 caelo
2437 4855 2669 4901 sursum,
2706 4846 2761 4891 et
2783 4838 2834 4890 in
2861 4846 3002 4891 terra
3029 4838 3298 4900 deorsum,
3326 4834 3416 4903 qui

1864 4952 1961 5007 per
1990 4944 2234 4990 sanctum
2277 4932 2468 4986 Filium
2529 4938 2677 4983 tuum
2725 4926 2884 4980 totius
2932 4925 3143 4995 generis
3196 4923 3415 4978 humani

1868 5030 2090 5087 salutem
2145 5018 2496 5094 recuperasti,
2523 5022 2578 5074 in
2616 5032 2773 5088 quem
2816 5015 3080 5070 credimus
3126 5015 3314 5076 Deum,
3355 5020 3419 5073 ,et

1866 5122 2149 5175 Dominum
2194 5114 2523 5186 angelorum,
2553 5109 2642 5179 qui
2696 5123 2756 5162 es
2797 5105 3107 5161 benedictus
3145 5103 3196 5155 in
3221 5101 3417 5157 sarcula

1867 5209 2200 5266 smculorum.
2253 5203 2398 5257 Mitte
2440 5199 2558 5263 illis,
2591 5196 2811 5251 Domine
2835 5195 2996 5257 Deus,
3022 5207 3206 5246 verum
3233 5199 3415 5259 pasto-

1860 5315 1997 5363 rem,
2048 5296 2138 5366 qui
2187 5302 2304 5346 tuas
2369 5295 2657 5359 congreget
2705 5300 2849 5347 oves,
2905 5297 3010 5336 non
3037 5279 3413 5350 disperdendo,

1859 5392 1950 5446 sed
1974 5391 2041 5443 ad
2090 5385 2270 5442 caulas
2307 5380 2557 5437 Ecclesia:
2583 5374 2970 5445 congreganda.
3022 5371 3135 5427 Non
3161 5371 3331 5442 sopiat
3358 5377 3418 5425 ut

1861 5477 2244 5539 mercenarius,
2269 5489 2373 5527 non
2416 5471 2483 5524 sit
2514 5477 2571 5523 ut
2613 5468 2798 5522 aliena»
2825 5465 2937 5519 ovis
2963 5462 3161 5528 custos,
3199 5460 3292 5517 sed
3320 5476 3416 5517 ve-

1862 5590 1952 5627 rus
1979 5579 2180 5641 pastor,
2206 5564 2295 5632 qui
2318 5576 2443 5616 oves
2472 5575 2591 5615 cum
2626 5544 2779 5627 agnis
2804 5555 3136 5617 commissas,
3162 5553 3417 5607 immacu-

1860 5665 1996 5717 latas
2029 5670 2117 5714 tuo
2162 5655 2393 5724 aspectui
2426 5656 2767 5721 reprzescntet
2796 5663 2810 5711 ;
2838 5661 2901 5702 ne
2930 5646 3019 5701 ille
3049 5645 3196 5701 ferox
3225 5646 3417 5700 imma-
