3956 6190
409 337 510 393 56!

1521 335 1717 390 LIBER
1755 336 1996 393 PONTIF
2001 338 2238 393 lCALlS.
2273 370 2341 379 —
2379 340 2557 395 PARS
2584 342 2627 395 ι.
2682 342 2687 347 “

3534 343 3640 397 562

409 456 462 508 lo
486 451 777 532 neglectus,
810 449 1137 532 observanda
1164 458 1245 503 est
1273 448 1415 532 Petri
1442 448 1641 532 electio
1660 448 1725 501 ad
1756 448 1966 532 episep-
1992 451 2044 509 Α
2070 451 2229 532 εἰρίῳ
2281 450 2527 532 ρῇιιεό-(ΞηιΔ
2564 449 2712 532 urbis
2755 449 3036 532 episcopo,
3085 460 3374 532 accusante
3412 454 3649 510 Eusebio

412 518 596 596 [unum
619 522 861 596 Numinis
894 531 1049 582 nutu,
1089 530 1143 573 et
1166 528 1470 596 sapctorum
1502 518 1644 596 lfetri
1676 534 1749 596 ac_
1769 518 1969 588 Apolli-

414 589 563 649 naris
585 592 918 674 apparitione
954 598 1189 674 peracta.
1230 589 1634 674 Remnomni'pm
1670 589 1876 670 primus
1903 604 1969 674 ex

416 673 598 719 nostro
618 657 700 716 ’ἴῃ
740 657 1008 731 publicam
1051 659 1219 731 lucem
1250 658 1499 731 produxit
1528 657 1809 731 Fergctus,
1845 658 1970 712 inde

414 733 631 797 diserte,
655 739 716 785 ut
735 727 891 790 solet,
918 730 970 783 in
1001 746 1095 785 sua
1119 727 1352 783 Historia
1376 729 1613 782 narravit
1638 727 1870 790 Rubeus,
1903 742 1971 781 ex

414 819 478 858 eo
518 801 822 864 Baronius,
868 800 1185 869 casterique.
1236 799 1466 869 Verum,
1510 799 1650 867 quozl
1690 798 1969 869 fluminum

412 873 568 941 aquis
590 870 820 932 accidit,
847 869 940 938 qui
974 868 1081 941 pro
1096 868 1190 922 soli
1214 870 1362 941 unde
1399 868 1566 921 fluunt
1600 877 1787 941 natura
1822 868 1971 941 vario

413 937 727 997 imbuuntur
754 937 989 1008 sapore,
1019 939 1088 992 ita
1115 938 1256 1006 quod
1284 938 1498 992 demum
1522 938 1760 1008 nonrsint
1785 937 1971 1008 quales

410 1028 438 1066 a
464 1011 615 1066 fonte
639 1006 954 1074 manarunt,
986 1007 1037 1062 id
1068 1008 1362 1061 narrationi
1388 1008 1511 1061 huic
1540 1007 1795 1061 accidisse
1818 1006 1974 1060 facile

409 1081 801 1164 deprehendet,
828 1079 918 1148 qui
945 1077 1155 1164 Agnelli.
1164 1077 1351 1164 ‘fou‘tes
1371 1077 1669 1164 gustaverit
1684 1076 1974 1164 ,rqpa‘mvis

408 1146 489 1207 rei
531 1146 1079 1206 substantia'servata
1113 1148 1200 1201 sit.
1262 1146 1456 1201 Verum
1489 1147 1673 1200 mirari
1702 1147 1847 1200 subit
1871 1146 1973 1200 h0-

403 1222 620 1276 minum
643 1219 825 1290 plures
845 1218 922 1273 ita
944 1227 1308 1286 comparatos,
1341 1226 1399 1270 ut
1425 1215 1973 1290 facile‘nimisomnia

400 1285 668 1356 credant}
694 1289 827 1344 alios
846 1298 1042 1352 autem,
1070 1285 1105 1341 e
1130 1296 1337 1350 contra,
1372 1296 1432 1340 ut
1463 1285 1643 1341 omnia
1670 1286 1722 1338 in
1754 1286 1974 1340 dubium

398 1369 650 1416 vertant.
688 1359 943 1428 Dupinius
970 1358 1022 1428 in
1060 1356 1383 1428 Bibliotheca
1406 1357 1697 1428 A_uctoru_m
1721 1355 1977 1428 ecclesia-

395 1432 673 1487 sticorum
696 1425 948 1483 de‘hacce
968 1427 1187 1482 historia
1204 1426 1317 1481 htec
1338 1442 1402 1480 ex
1426 1426 1627 1481 Gallico
1645 1426 1696 1479 in
1726 1425 1974 1480 Latinum

397 1517 566 1556 versa
584 1500 772 1555 habet:
797 1517 815 1549 ι
835 1498 903 1551 At
916 1497 1097 1566 nequit
1111 1497 1345 1551 historiae
1366 1496 1664 1565 bujusmodi
1681 1496 1977 1550 narrationi

393 1572 576 1628 credi.
605 1569 803 1624 etenim
824 1569 972 1623 illam
988 1566 1163 1637 nullus
1183 1566 1285 1619 fide
1305 1567 1496 1637 dignus
1508 1566 1936 1637 auctorexhibet.
1950 1584 1969 1619 ι

394 1640 671 1707 Agnellns
693 1639 907 1692 tandem
936 1638 988 1707 in
1036 1636 1207 1691 lucem
1242 1635 1491 1704 prod'iens
1527 1651 1593 1690 an
1616 1635 1849 1707 iDupinio
1877 1652 1974 1690 au-

395 1706 528 1767 ctor
570 1710 676 1763 fide
722 1708 914 1778 dignus
958 1706 1277 1778 futurussit
1315 1707 1521 1777 ignoro.
1571 1706 1719 1778 Illud;
1738 1707 1825 1760 aio
1854 1706 1979 1778 hinc

2072 520 2401 584 Dorileense,
2431 520 2699 590 Eutycch
2736 536 2876 589 sa'pc
2912 520 3127 587 citatus,
3156 537 3221 577 ac
3251 523 3465 578 tandem
3490 538 3641 579 eom-

2108 606 2287 654 arens,
2323 605 2675 660 asserensque
2722 598 2972 660 proterve
3010 592 3287 657 haeresim,
3336 593 3639 649 damnatur.

2123 662 2209 713 inc
2232 675 2263 714 e
2286 660 2508 732 vestigio
2536 659 2700 714 Leoni
2726 659 2913 732 denuo
2948 662 3153 727 scribit,
3182 677 3345 732 seque
3372 678 3467 732 per
3492 664 3645 720 nefas

2072 676 2209 713 nunc
2232 676 2263 714 e
2286 676 2508 782 vesugto
2537 676 2700 714 Leoni
2740 676 2913 715 denuo
2948 676 3153 727 serunt,
3182 677 3345 732 seque
3372 678 3467 732 per
3492 676 3637 720 uetas

2072 731 2378 801 damnatum
2453 738 2773 801 amentatur,
2824 730 3039 799 agitque
3088 734 3224 801 apud
3263 733 3637 801 imperatorem

2071 809 2131 854 ut
2168 799 2451 870 concilium
2478 799 2724 869 generale
2749 811 2993 869 cogatur,
3023 799 3353 870 qui-interim—
3378 813 3643 859 conventu

2071 869 2535 941 Constantinopoli
2580 869 2797 941 triginta
2849 869 3221 941 episcoporum
3257 873 3441 928 habito
3468 877 3644 941 prima

2071 938 2268 1009 Aprilis
2299 940 2385 1009 die
2412 940 2534 1009 anni
2569 938 2673 993 449
2712 955 2823 992 rem
2856 938 3147 1007 majoribus
3172 942 3324 997 tricis
3359 938 3641 1009 implicuit.

2077 1008 2185 1063 Leo
2208 1009 2293 1062 die
2330 1008 2393 1061 l8
2417 1008 2693 1063 Februarii
2718 1009 2971 1079 Flaviano
2993 1009 3281 1079 scripserat
3309 1028 3372 1067 ac
3404 1008 3646 1069 Theodo-

2074 1080 2173 1151 sio,
2221 1079 2498 1151 inquirens
2541 1094 2734 1151 capsas
2769 1078 2837 1133 ob
2877 1095 3017 1151 quas
3064 1078 3329 1151 Eutycltes
3362 1083 3647 1138 damnatus

2075 1148 2272 1211 fuerat,
2306 1148 2499 1215 quibus
2528 1165 2556 1202 a
2587 1149 2843 1203 Flaviano
2873 1148 3433 1217 intellectis'ejusdem
3472 1153 3646 1207 zelum

2074 1219 2433 1290 pietatemque
2462 1219 2856 1290 commendavit
2894 1220 3119 1290 epistola
3154 1221 3276 1275 data
3311 1223 3395 1276 die
3427 1223 3487 1275 2i
3525 1222 3648 1277 Maii

2074 1287 2199 1362 anni
2226 1287 2483 1362 ejusdem.
2510 1288 2657 1362 Ante
2686 1289 2821 1362 hanc
2854 1287 2995 1362 diem
3024 1306 3129 1362 non
3161 1292 3332 1361 potuit
3359 1307 3389 1344 a
3414 1290 3645 1362 Chryso-

2075 1359 2196 1429 logo
2242 1359 2521 1429 Eutycheti
2559 1358 2781 1429 epistola
2811 1360 2996 1422 scribi,
3028 1361 3080 1414 in
3105 1358 3211 1429 qua
3235 1362 3452 1416 disertis
3472 1358 3652 1416 verbis

2075 1428 2661 1500 limresim’suggillat,
2721 1429 2874 1500 alias,
2921 1431 3062 1497 quod
3119 1428 3362 1486 summus
3410 1431 3652 1500 pontifex

2075 1500 2398 1569 nesciveritt,
2427 1498 2538 1568 ipsc
2571 1499 2896 1569 agnovisset.
2936 1500 3130 1567 Ephesi
3161 1501 3283 1555 inde
3304 1498 3489 1565 coacta
3513 1519 3649 1556 nova

2079 1572 2300 1639 synodo,
2326 1567 2435 1623 Leo
2452 1567 2570 1637 ipse
2591 1567 2791 1623 s‘auctze
2811 1570 2953 1623 sedis
2992 1570 3193 1638 legatos
3217 1573 3388 1635 misit,
3408 1573 3653 1627 eosdem—

2078 1655 2182 1709 que
2208 1639 2399 1692 litteris
2436 1639 2573 1692 datis
2600 1639 2847 1709 munivit,
2885 1639 3022 1692 inter
3049 1655 3182 1707 quas
3206 1642 3444 1696 omnium
3476 1642 3649 1696 laudi-

2080 1707 2179 1763 bus
2203 1709 2579 1779 communique
2604 1707 2857 1763 Ecclesize
2880 1723 3143 1764 consensu
3173 1725 3235 1763 ea
3261 1711 3506 1765 laudatur
3531 1726 3653 1779 qua:

396 1780 637 1851 agnosci
663 1776 1044 1854 ejus'bistoriaa
1066 1777 1441 1854 traditionem,
1480 1785 1646 1854 prout
1667 1777 1734 1831 ab
1754 1776 1980 1847 Agnello
2007 1794 2054 1854 Β
2083 1778 2398 1854 in_e_d_itio_ne
2431 1776 2813 1854 Quesnelliana
2833 1787 2917 1832 est
2951 1794 3098 1854 num.
3134 1779 3222 1854 24,
3256 1782 3379 1834 data
3412 1782 3479 1854 l5
3507 1776 3653 1836 Junii

397 1846 471 1906 na
482 1846 703 1912 rratur,
718 1848 1035 1918 antiquitate
1062 1846 1257 1918 eximie
1282 1846 1668 1918 commendari.

474 1921 568 1976 Ill.
609 1917 793 1973 Notari
822 1915 1057 1987 meretur
1098 1916 1370 1987 privilegia
1398 1931 1441 1987 ag
1463 1915 1834 1971 Valentiniano
1874 1916 1982 1970 Ra-

364 2020 371 2025 -
399 1990 632 2045 vennati
665 1988 915 2044 Ecclesiae
950 1986 1166 2053 tributa,
1199 1986 1243 2041 si
1277 1985 1381 2056 qua
1420 1985 1589 2049 fuere,
1618 2002 1736 2055 qua:
1766 1987 1984 2055 quidem

398 2061 648 2116 Joannes
692 2058 836 2114 Petri
876 2058 1215 2111 immediatus
1257 2058 1621 2125 prietiecessor
1664 2064 1857 2111 nactus
1890 2057 1982 2120 sit,

401 2130 638 2203 Agnello
668 2126 1286 2203 ipso__,teste,_licet_alias
1310 2128 1572 2203 primatus
1596 2125 1841 2203 “Romani
1889 2126 1986 2179 im-

405 2195 852 2273 p.'itiente,‘nullo
873 2198 1030 2273 modo
1064 2197 1343 2273 episcopos
1365 2197 1508 2266 ipsos
1537 2211 1567 2273 a
1596 2195 1819 2273 Romani
1849 2212 1984 2273 pon-

407 2266 577 2327 iilicis
598 2272 723 2341 jure
754 2268 1045 2341 exemisse;
1073 2268 1275 2322 etenim
1303 2266 1987 2341 siquando‘idexemptio-

407 2345 496 2397 nis
541 2335 758 2397 efficere
804 2339 1115 2404 valuissent,
1155 2346 1267 2391 tum
1319 2335 1546 2407 idipsum
1589 2335 1983 2407 fierirdebebat,

408 2428 538 2483 cum
576 2412 696 2483 ipso
743 2408 1117 2483 Valentiniano
1157 2405 1476 2483 imperante,
1523 2407 1614 2477 qui
1647 2405 1987 2483 privilegium

407 2481 573 2553 paulo
599 2476 735 2536 ante
769 2481 1271 2558 tribueram-novum
1296 2476 1603 2558 episcopum
1629 2476 1989 2558 ordinandum

411 2546 555 2616 esse,
589 2567 737 2607 mors
780 2551 942 2613 illius,
976 2550 1067 2603 ‘cui
1110 2546 1445 2619 privilegium
1488 2547 1749 2601 tributum
1789 2546 1987 2619 fuerat,

412 2622 702 2677 efficiebat.
736 2619 836 2686 Qui
870 2621 1049 2688 itaque
1082 2617 1269 2673 narrat
1294 2617 1545 2688 populum
1584 2625 1640 2671 et
1679 2617 1988 2688 sacerdotes

416 2692 679 2761 (quorum
712 2690 925 2761 nomine
951 2687 1517 2761 intelligendosetiam
1544 2695 1673 2761 puto
1709 2687 1991 2761 episcopos

416 2758 803 2833 provinciales)
836 2759 979 2815 facto
1020 2760 1085 2814 de
1120 2758 1257 2813 certi
1301 2758 1402 2833 viri
1439 2758 1700 2811 electione
1737 2758 1987 2824 decreto,

417 2827 540 2887 cum
568 2847 637 2887 eo
663 2827 890 2886 Romam
918 2841 1233 2899 properasse
1259 2828 1325 2881 ad
1348 2827 1559 2899 Sixtum
1589 2836 1835 2899 sanctum
1856 2842 1988 2896 apo-

421 2903 623 2957 stolicus
648 2901 790 2957 sedis
812 2896 1035 2970 papam,
1054 2918 1072 2949 ‹
1092 2906 1151 2953 ιιι
1175 2912 1358 2970 eorum
1380 2897 1656 2970 ordinaret
1681 2896 1940 2960 electum;
1965 2917 1986 2950 ι

418 2973 616 3042 quique
652 2974 707 3027 in
748 2967 907 3026 suhse
947 2970 1193 3024 uentibus
1248 2967 1429 3037 adjicit
1472 2967 1763 3021 dissidente
1805 2976 1860 3022 et
1901 2974 1990 3021 tu-

421 3044 644 3093 multum
691 3051 882 3093 agente
910 2985 1303 3093 (llavelmatum
1340 3037 1512 3093 nlebe.
1543 3035 1754 3090 Sixtum
1783 3037 1990 3093 visione

421 3035 644 3097 multum
691 3051 882 3112 agente
929 3035 1512 3112 Rgennatum‘plebe,
1543 3035 1754 3112 Sixtum
1783 3037 1992 3093 visione

424 3123 635 3168 narrata
663 3106 861 3200 dixisse
890 3128 903 3165 :
942 3109 1060 3163 («Et
1091 3108 1133 3200 si
1169 3109 1460 3200 istulmrnon
1477 3106 1652 3200 rvultis
1692 3106 1987 3200 Pantremna
2016 3137 2061 3200 ρ

424 3200 506 3238 me
532 3183 781 3245 recedite,
811 3190 864 3235 et
901 3196 930 3233 a
963 3189 1144 3234 sancta
1173 3178 1437 3236 catholica
1477 3176 1720 3230 Romana
1750 3176 1985 3232 Ecclesia

423 3253 635 3308 alienati
664 3267 757 3306 vos
784 3265 1006 3314 omnes;
1043 3270 1062 3301 ι
1097 3264 1262 3318 quare
1288 3247 1462 3302 cuna-ti
1488 3262 1592 3300 una
1622 3262 1752 3318 vece
1784 3248 1986 3302 clama-

424 3332 654 3377 verunt:
695 3342 712 3371 ι
749 3321 1056 3381 Ordinetur,
1089 3316 1129 3370 ›’
1155 3329 1209 3374 et
1253 3318 1557 3386 conscripto
1606 3316 1851 3371 celeriter
1890 3319 1986 3373 de-

424 3403 567 3469 ereto
597 3414 615 3444 ι
653 3407 749 3463 per
799 3390 1206 3469 impositionemp
1237 3403 1427 3442 manus
1477 3388 1682 3469 recepit
1716 3387 1986 3469 ffetrus)

425 3457 681 3532 Spiritum
709 3457 977 3532 sanctum,
994 3459 1385 3532 ordinatosque
1411 3465 1493 3512 est
1514 3457 1940 3532 iunpontilicem;
1964 3457 1982 3509 ὼ

424 3528 707 3589 manifesto
725 3530 961 3587 ostendit
991 3529 1419 3584 Valentinianum
1445 3528 1781 3598 privilegium
1812 3528 1989 3583 dedis-

423 3620 497 3667 se,
528 3605 574 3659 si
616 3602 758 3669 quod
801 3615 1038 3670 unquam
1074 3599 1221 3653 dedit
1254 3598 1444 3668 (potuit
1479 3597 1618 3652 enim
1652 3598 1807 3670 nobis
1838 3599 1990 3668 igno-

425 3682 534 3727 tum
565 3667 799 3739 dedisse)
828 3667 970 3739 quod
1001 3670 1144 3723 nullo
1192 3667 1348 3722 modo
1390 3677 1591 3739 sanctae
1619 3668 1760 3723 sedis
1786 3667 1909 3739 jura
1934 3676 1991 3724 et

424 3744 671 3799 Ecclesia:
705 3736 938 3798 canones
975 3740 1229 3802 violaret;
1278 3753 1376 3793 nec
1416 3739 1536 3794 inde
1572 3736 1769 3793 factum
1794 3736 1862 3792 ut
1884 3738 1990 3793 Ra-

423 3826 680 3880 vennates
722 3810 960 3882 episcopi
1005 3809 1287 3882 autonomi
1338 3807 1733 3878 quodammodo
1784 3818 1985 3882 essent.

423 3883 547 3938 llaec
595 3879 649 3938 et
686 3879 1064 3949 similia,'qua:
1110 3881 1221 3935 suis
1275 3879 1406 3934 locis
1453 3894 1551 3948 pro
1591 3880 1991 3949 opportunitate

423 3953 825 4008 observabimus
868 3952 935 4005 ab
963 3951 1184 4021 Agnello
1221 3958 1460 4021 narrata,
1492 3949 1991 4021 efﬁciuntruthsatis

426 4024 608 4078 mirari
660 4036 920 4092 nequeam
965 4019 1091 4092 quid
1116 4022 1193 4076 rei
1229 4019 1390 4074 fuerit
1410 4028 1475 4092 et
1502 4020 1635 4089 ipse,
1672 4020 1764 4089 qui
1789 4019 1991 4092 alicubi

426 4088 931 4149 Pontiﬁcale'snum
964 4088 1204 4159 scribens
1239 4105 1367 4157 erga
1409 4088 1663 4143 Romana:
1694 4088 1850 4144 sedis
1887 4090 1993 4158 pri-

425 4173 629 4218 matum
659 4178 717 4218 se
747 4162 848 4217 rite
892 4170 1143 4231 recteque
1182 4160 1433 4215 allectum
1467 4160 1720 4231 ostendit,
1757 4159 1907 4231 alibi,
1938 4168 1992 4213 et

425 4235 511 4290 hic
564 4234 749 4305 putido
798 4228 1102 4287 commento
1153 4231 1461 4305 prmmisso,
1524 4230 1991 4305 schismaticarum
2032 4228 2047 4243 ‘

425 4300 656 4375 partium
704 4312 1026 4375 sectatorem
1066 4316 1126 4357 se
1158 4300 1378 4369 "prodat.
1424 4302 1497 4354 At
1532 4315 1594 4375 ea
1640 4300 1902 4375 mendacii
1938 4308 1993 4355 et

425 4371 578 4430 inalze
616 4389 794 4429 causa:
829 4372 1066 4429 conditio
1109 4382 1193 4426 est
1231 4378 1290 4425 ut
1317 4385 1414 4425 suo
1450 4386 1507 4425 se
1536 4371 1711 4441 gladio
1741 4372 1988 4440 perimat.

493 4445 581 4501 lV.
612 4443 1036 4514 Regrediendum
1083 4441 1240 4496 modo
1289 4441 1357 4495 ad
1391 4457 1462 4514 ea
1495 4455 1615 4514 quge
1640 4441 1897 4514 Agnellus
1925 4442 1992 4495 de

425 4524 610 4577 sancto
639 4504 800 4569 Petro
819 4512 983 4584 priori
1009 4512 1125 4567 loco
1155 4521 1355 4575 narrat,
1390 4504 1996 4584 licet'pbszremis'ejus-

425 4587 546 4640 dem
572 4585 731 4639 annis
755 4580 1051 4645 evenerint,
1084 4598 1309 4652 qumque
1340 4584 1611 4652 pertinent
1637 4580 1703 4635 ad
1726 4581 1994 4652 Eutyche-

427 4658 497 4710 tis
539 4655 750 4709 abbatis
804 4651 1377 4724 Constantinopoliumi
1424 4653 1691 4724 haeresim.
1722 4651 1816 4724 Ea
1865 4667 1997 4724 vero

427 4734 574 4780 tanta
599 4723 863 4780 sermonis
884 4721 1203 4795 stribiligiuc
1223 4739 1508 4795 rerumque
1527 4722 1840 4777 confusione
1862 4721 1997 4795 infe-

422 4796 501 4849 cit
533 4803 739 4858 noster,
770 4803 830 4848 ut
869 4793 1212 4849 divinandum
1258 4801 1329 4847 snt
1367 4794 1494 4861 quid
1528 4802 1706 4847 mente
1743 4793 1993 4847 tenuerit.

423 4864 682 4919 Actorum
712 4864 767 4918 in
798 4879 959 4920 causa
1000 4863 1312 4933 Eutychetis
1337 4864 1424 4917 hic
1450 4864 1586 4918 ratio
1618 4862 1862 4918 habenda
1888 4872 1993 4927 est,

426 4944 487 4990 ut
508 4934 621 4990 suis
648 4942 771 5003 apte
798 4932 1126 5003 temporibus
1154 4935 1503 4987 restituantur
1533 4949 1679 4999 vera,
1708 4933 1753 4987 si
1780 4948 1899 5003 quae
1927 4948 1995 5003 ex

421 5004 638 5077 Agnelli
680 5002 921 5077 Historia
956 5002 1076 5077 elici
1120 5010 1400 5077 poterunt;
1448 5003 1503 5057 id
1543 5002 1816 5077 etianLci,
1853 5002 1997 5077 quod

424 5073 655 5131 numero
710 5075 882 5144 primo
941 5073 1172 5144 diximus
1220 5073 1287 5144 ad
1330 5084 1630 5144 postremos
1686 5073 1998 5143 Chrysologi

426 5160 600 5199 annos
646 5140 1150 5214 spectantiplueem
1209 5140 1463 5214 ail‘undet.
1512 5140 1998 5214 Damnata'itaque

426 5212 895 5270 Nestorii'haaresi
950 5213 1005 5267 in
1048 5212 1311 5281 Ephesina
1348 5212 1583 5282 generali
1625 5214 1846 5282 synodo,
1878 5228 2001 5280 par-

428 5285 564 5339 tium
610 5284 787 5339 studia
839 5283 1087 5348 effecere,
1138 5290 1197 5336 ut
1251 5282 1341 5350 qui
1388 5284 1782 5352 quammaxime
1826 5285 1893 5336 ab
1928 5298 2000 5352 ea

429 5353 710 5411 discedere
752 5355 989 5417 voluere,
1021 5353 1076 5407 in
1117 5351 1416 5422 oppositam
1443 5367 1593 5420 aeque
1622 5352 1838 5421 impiam
1870 5351 2001 5406 dila-

430 5425 710 5496 berentur.
743 5424 1010 5496 Eutyches
1038 5424 1277 5496 omnium
1306 5422 1590 5496 absurdius
1626 5424 1882 5496 peccavit,
1907 5422 2000 5489 qui

432 5494 727 5574 ianhristo
767 5491 1095 5574 naturarum.
1124 5492 1519 5574 distinctionem
1558 5491 1800 5574 pertinax
1839 5507 2001 5574 nega-

430 5566 530 5630 vit,
557 5573 613 5620 et
638 5565 937 5634 oppositum
962 5564 1250 5619 sentientes
1274 5561 1676 5634 Nestorianismi
1705 5562 1999 5634 accusavit,

434 5635 575 5690 datis
604 5632 769 5717 Leoni
791 5650 999 5717 summa
1028 5634 1274 5717 pontifici
1296 5632 1510 5717 litteris,
1535 5633 1726 5717 quilms
1754 5632 1860 5714 Leo
1888 5632 2001 5702 ipsc

437 5705 718 5773 respondit
740 5705 910 5774 prima
929 5702 1072 5759 Junii
1102 5705 1225 5758 anni
1249 5703 1372 5758 448.
1397 5704 1550 5758 Anno
1577 5702 1764 5758 eodem
1790 5704 1843 5757 in
1871 5720 2001 5774 con—

437 5774 563 5831 cilio
593 5773 1049 5849 Constantinopoli
1088 5775 1369 5831 Novembri
1405 5789 1586 5830 mense
1609 5774 1788 5829 habito
1814 5790 1844 5829 a
1876 5773 1999 5829 Fla-

2083 1849 2153 1920 ad
2189 1847 2523 1920 Flavianum,
2570 1848 2622 1902 in
2667 1863 2770 1918 qua
2788 1848 3185 1920 incarnationis
3232 1851 3546 1920 mysterium
3587 1866 3653 1905 ea

2083 1918 2365 1989 elegantia,
2396 1919 2627 1986 puritate
2653 1917 2716 1973 ac
2755 1917 2999 1972 claritate
3027 1917 3343 1987 explicatur.
3386 1927 3445 1974 ut
3471 1920 3560 1973 vix
3598 1919 3654 1974 in

2086 1988 2195 2043 tota
2246 1988 2566 2058 antiquitate
2595 1989 3307 2058 monumentumillustrius
3353 1989 3419 2043 ad
3448 1997 3655 2045 rectum

2084 2060 2273 2129 dogma
2294 2056 2614 2129 ﬁrmandum
2629 2058 2871 2129 invenire
2893 2059 2978 2112 sit.
3004 2056 3071 2129 Sy
3081 2060 3250 2129 nodus
3270 2059 3463 2129 Ephesi
3479 2067 3655 2129 empta

2083 2128 2175 2184 est
2203 2129 2255 2183 in
2284 2128 2369 2199 die
2392 2130 2425 2184 8
2451 2129 2672 2199 Augusti
2707 2128 2946 2197 ejusdem
2980 2128 3103 2182 anni
3138 2128 3243 2185 449
3273 2128 3391 2199 quze
3417 2131 3486 2187 ob
3511 2128 3577 2185 in’
3592 2144 3657 2184 ea

2084 2214 2187 2271 per
2211 2197 2363 2271 nefas
2410 2197 2560 2271 gesta
2589 2199 2932 2271 praedatoria
2970 2197 3313 2271 postmodum
3361 2199 3521 2271 dicta;
3551 2208 3655 2271 est,

2084 2268 2510 2338 catholicamque
2532 2268 2690 2322 ﬁdem
2712 2268 2768 2322 in
2796 2284 3062 2324 summum
3085 2269 3371 2325 discrimen
3404 2269 3655 2337 coniecit,

2086 2340 2381 2422 Eutychete
2414 2338 2765 2422 absolu_to,_et
2792 2338 3049 2422 Flaviano
3078 2339 3350 2422 damnato,
3382 2340 3473 2409 qui
3498 2339 3658 2422 paulo

2085 2407 2207 2479 post
2248 2410 2502 2464 aerumnis
2545 2407 2859 2478 injuriisque
2892 2407 3133 2479 affectus,
3165 2410 3289 2467 dum
3329 2410 3384 2464 in
3401 2407 3658 2465 exsilium

2088 2477 2393 2544 duceretur,
2440 2495 2470 2534 e
2496 2479 2634 2534 vivis
2678 2477 2929 2535 excessit.
2973 2477 3054 2534 0b
3105 2480 3220 2534 haec
3265 2479 3375 2536 Leo
3416 2478 3657 2549 pontifex

2086 2550 2328 2620 pluribus
2355 2549 2594 2620 epistolis
2618 2549 2726 2620 egit
2758 2549 2899 2620 apud
2932 2549 3313 2614 Theodosium,
3342 2548 3678 2620 ut’concili'

2089 2620 2324 2691 generali
2350 2619 2439 2675 rés
2465 2619 2727 2691 catholica
2751 2619 3141 2691 restitueretur.
3156 2620 3400 2691 Exstant
3422 2619 3660 2691 epistola:

2089 2688 2156 2743 ad
2185 2688 2485 2755 Augustum
2522 2690 2661 2744 binae
2703 2691 2802 2745 sub
2830 2688 2917 2744 die
2944 2691 3010 2746 l5
3036 2698 3091 2745 et
3119 2688 3186 2743 15
3212 2688 3482 2755 Octobris,
3508 2690 3658 2745 alia:-

2128 2775 2193 2814 ue
2219 2759 2286 2814 ad
2311 2760 2463 2814 alios.
2492 2759 2613 2829 Egit
2636 2760 2799 2814 etiam
2831 2776 2895 2815 ea
2918 2761 2984 2814 de
3015 2775 3072 2814 re
3102 2776 3225 2829 cum
3262 2759 3657 2821 Valentiniano,

2135 2829 2327 2900 lacidia
2371 2828 2737 2899 Eudoxiaqne,
2782 2839 2839 2884 et
2882 2829 3084 2900 legatos
3139 2828 3658 2900 Constantinopolim

2091 2900 2258 2954 misit.
2288 2899 2372 2953 Nil
2396 2908 2575 2952 tamen
2606 2900 2659 2952 in
2689 2914 2746 2953 re
2774 2899 3091 2955 graviSsima
3117 2915 3148 2953 a
3185 2899 3503 2955 Theodosio
3522 2899 3662 2954 obti-

2092 2968 2228 3023 nuit.
2252 2970 2320 3023 At
2345 2984 2408 3024 eo
2430 2968 2702 3033 defuncto,
2720 2968 3113 3038 substitutoque
3135 2969 3415 3032 Martiano,
3437 2969 3663 3025 Pulche-

2093 3040 2171 3093 ria
2202 3037 2358 3107 hujus
2395 3054 2563 3093 uxore
2591 3047 2800 3109 agente,
2838 3037 3120 3094 concilium
3154 3041 3328 3108 primo
3356 3040 3663 3096 Constanti-

2093 3109 2272 3178 nopoli
2299 3110 2367 3165 ab
2406 3109 2655 3180 Anatolio
2680 3110 2923 3180 habitum
2953 3119 3053 3180 est,
3089 3110 3173 3164 cui
3212 3110 3502 3164 interfuere
3539 3125 3663 3180 apo-

2093 3180 2295 3250 stolica:
2338 3179 2482 3235 sedis
2524 3180 2708 3250 legati,
2742 3179 2794 3233 in
2835 3194 2941 3248 quo
2970 3179 3104 3235 lecta
3128 3180 3320 3235 Leonis
3347 3179 3664 3249 epistola’ad

2090 3248 2425 3322 Flavianum,
2449 3257 2506 3303 et
2524 3248 2895 3322 episcoporum
2914 3248 3400 3322 subscriptionibus
3428 3251 3661 3322 signata,

2090 3320 2369 3401 licsgorips
2392 3335 2543 3401 mque
2570 3336 2633 3374 ac
2661 3321 2930 3401 Eutyches
2948 3320 3193 3401 damnati
3218 3320 3579 3401 sunt,_d_emd_e
3596 3322 3664 3401 _i_n

2088 3390 2508 3461 Chalcedonensi
2544 3390 2778 3461 generali
2809 3391 3059 3455 concilio,
3091 3403 3267 3460 empto
3296 3391 3555 3447 celebrari
3572 3392 3666 3446 die

2090 3471 2278 3515 octava
2307 3459 2566 3531 Octobris
2578 3459 2993 3531 cjusdemranni,
3019 3459 3241 3531 epistola
3267 3463 3454 3516 eadem
3484 3462 3666 3531 magni

2092 3531 2287 3587 Leonis
2319 3531 2499 3603 regula
2534 3530 2652 3591 fuit,
2681 3547 2785 3603 quia
2814 3530 3081 3586 ﬁrmatum
3109 3540 3194 3587 est
3219 3533 3410 3603 dogma
3440 3533 3506 3587 de
3539 3530 3667 3586 dua-

2089 3603 2190 3656 bus
2235 3603 2287 3655 in
2331 3602 2550 3672 Christo
2588 3602 2795 3657 naturis
2832 3611 3020 3656 contra
3051 3602 3360 3672 Eutychetis
3388 3603 3658 3666 haeresim,

2091 3671 2602 3794 illilqucactionibus
2627 3672 2860 3726 secunda
2890 3679 2943 3727 et
2983 3671 3176 3743 quarta
3203 3672 3487 3727 concilium
3502 3672 3665 3749 lecta!

2091 3757 2151 3794 su
2172 3750 2426 3794 )SCI'IDSIL

2091 3738 2426 3796 subscripsit.
2999 3738 3017 3743 “
3502 3738 3513 3749 ’

2163 3756 2453 3867 [VSFrlll‘i’sle-x
2492 3811 2836 3881 Eutychianre
2878 3812 3097 3867 haeresis
3135 3812 3360 3867 historia
3393 3811 3665 3874 delibutis,

2092 3883 2158 3937 ad
2181 3882 2385 3952 Agnelli
2414 3882 2579 3936 tricas
2601 3890 2955 3936 revertamur.
2988 3881 3171 3935 Primo
3204 3884 3382 3952 itaque
3403 3883 3479 3935 ait
3500 3883 3665 3952 Eutys

2092 3954 2301 4007 chetem
2329 3968 2360 4007 a
2402 3952 2741 4007 sanctissimo
2766 3952 2941 4006 Leone
2967 3968 3063 4021 per
3092 3952 3370 4021 epistolam
3400 3953 3665 4006 monitum

2092 4023 2313 4083 minime
2354 4022 2670 4091 resipuisse,
2733 4023 2913 4091 aitque
2970 4023 3249 4091 epistolam
3296 4023 3350 4076 in
3398 4030 3667 4076 conventu

2093 4092 2383 4147 multorum
2410 4090 2784 4161 episcoporum
2807 4090 3022 4162 lectam.
3051 4092 3247 4147 Leonis
3267 4092 3490 4162 epistola
3522 4090 3665 4147 nulla

2093 4163 2159 4216 ad
2190 4164 2536 4233 Eutychetem
2567 4163 2687 4216 data
2727 4162 2781 4215 in
2806 4161 3034 4217 concilio
3062 4162 3171 4233 ullo
3202 4161 3334 4217 lecta
3364 4172 3476 4227 est;
3509 4163 3668 4233 quin-

2093 4235 2200 4288 imo
2246 4234 2299 4286 in
2342 4233 2488 4304 nullo
2540 4248 2607 4304 ex
2649 4233 3070 4304 prmcedentibus
3132 4232 3672 4304 Consmntinopolita-

2094 4320 2222 4358 num
2260 4304 2359 4357 sub
2401 4303 2650 4357 Anatolio
2689 4302 2823 4357 lecta
2854 4311 2937 4358 est
2964 4302 3187 4371 cpistola
3206 4302 3565 4371 celeberrima
3596 4303 3666 4357 ad

2094 4374 2427 4437 Flavianum,
2460 4375 2524 4428 de
2551 4389 2656 4444 qua
2685 4374 2737 4427 in
2772 4358 3158 4443 superioribus.
3188 4358 3261 4427 De
3286 4375 3387 4428 hac
3414 4374 3577 4444 igitur
3605 4382 3665 4427 ut

2096 4445 2345 4516 loquatur
2374 4444 2638 4515 reliquum
2679 4451 2792 4516 est;
2824 4454 2880 4516 at
2905 4444 2978 4498 illi
3007 4444 3235 4499 concilio
3253 4444 3535 4516 _Eutyches
3559 4459 3671 4498 non

2098 4514 2289 4578 adfuit,
2336 4529 2435 4568 nec
2470 4514 2558 4571 res
2588 4514 2817 4585 amplius
2845 4515 3050 4581 integra
3075 4523 3213 4569 erat.
3244 4514 3472 4585 Subjicit
3509 4530 3671 4583 para-

2100 4585 2382 4656 graphum
2403 4584 3171 4656 omnium_implicatis_simum
3204 4604 3217 4639 :
3251 4584 3538 4656 «Sanctus
3572 4586 3672 4654 igi-

2098 4654 2206 4719 iur,
2242 4654 2433 4723 inquit,
2461 4654 2569 4709 Leo
2608 4654 2676 4708 ad
2712 4654 2926 4709 beatum
2957 4654 3173 4710 Petrum
3204 4654 3361 4724 hujus
3392 4655 3673 4709 Ravenna-

2100 4726 2169 4780 tis
2199 4726 2350 4778 urbis
2396 4726 2701 4793 pontificem
2750 4741 2838 4779 res
2886 4733 3043 4780 notas
3086 4724 3332 4779 celeriter
3379 4726 3524 4788 fecit,
3577 4725 3685 4793 qui.

2099 4796 2338 4870 scribens
2367 4796 2645 4870 epistplam
2674 4796 2741 4870 ad
2772 4796 2953 4863 ipsum
2973 4795 3284 4870 haereticum
3325 4796 3540 4870 direxit,
3573 4811 3672 4870 per

2097 4882 2260 4936 quam
2294 4865 2348 4919 in
2385 4865 2815 4936 Chalcedonense
2851 4865 3056 4934 synodo
3100 4881 3205 4919 non
3242 4866 3533 4929 consensit,
3581 4866 3674 4936 def

2100 4934 2309 4990 mersus
2341 4942 2442 4990 est.
2478 4955 2495 4987 ι
2530 4935 2607 4988 Ex
2632 4934 2737 4997 his,
2767 4941 2827 4987 ut
2853 4941 3004 5003 puto,
3033 4944 3403 5002 argumentum
3429 4934 3669 4988 nonnulli

2099 5006 2299 5060 habere
2320 5004 2616 5067 credidere,
2648 5018 2753 5071 quo
2781 5004 3020 5057 dicereut
3047 5004 3192 5057 Petri
3222 5003 3533 5072 Chrysologi
3562 5003 3672 5070 ορί-

2099 5075 2290 5130 stolam
2321 5075 2374 5129 in
2398 5074 2816 5153 Chalcedonepsi
2841 5073 3067 5153 concilio
3097 5073 3500 5153 lectamufuissc,
3530 5073 3672 5153 quod

2101 5154 2280 5199 tamen
2320 5151 2583 5213 repugnat
2618 5141 2840 5213 Actibus
2866 5142 3106 5208 ejusdem
3132 5143 3371 5213 concilii,
3397 5144 3450 5196 in
3477 5140 3672 5210 quibus

2100 5216 2173 5269 nil
2196 5216 2262 5269 de
2302 5230 2365 5269 ea
2384 5212 2468 5273 re,
2497 5228 2596 5267 nec
2619 5212 2794 5282 potuit
2819 5213 2955 5275 fieri,
2980 5220 3039 5266 ut
3073 5214 3305 5282 episcopi
3348 5212 3671 5282 Ravennatis

2100 5301 2197 5355 pro
2234 5282 2420 5355 regula
2442 5282 2564 5355 fidei
2600 5280 2821 5355 epistola
2850 5280 3119 5355 legeretur
3142 5280 3281 5355 apud
3309 5281 3518 5355 eos_qui
3538 5280 3671 5355 _pri_-

2101 5349 2245 5409 inum
2289 5349 2593 5407 sentiebant
2631 5349 2973 5407 solummodo
3015 5349 3365 5409 insistendum
3406 5349 3673 5421 Symbolis

2100 5423 2445 5478 conciliorum
2467 5422 2685 5486 Nicaeni,
2715 5422 3304 5489 Constantinopolitani,
3321 5431 3375 5477 et
3396 5420 3670 5489 Ephesini,

2101 5494 2349 5547 admissis
2371 5493 2601 5563 secunda
2623 5494 2793 5563 sancti
2813 5492 2994 5563 Cyrilli
3015 5490 3081 5546 ad
3104 5493 3405 5547 Nestorium
3423 5490 3669 5561 epistola,

2100 5573 2154 5618 et
2180 5563 2346 5617 altera
2390 5561 2625 5629 ejusdem
2665 5561 2731 5616 ad
2762 5561 3023 5618 Joannem
3068 5563 3481 5623 Antiocheuum.
3520 5569 3673 5617 eteo

2100 5633 2315 5704 nulnine
2344 5633 2612 5687 laudatam
2635 5632 3025 5704 sanctiLeonis
3052 5631 3423 5704 epistolamad
3458 5631 3670 5704 Flavia-

2101 5701 2227 5758 num
2260 5719 2539 5773 receperc,
2565 5704 2704 5772 quod
2735 5718 2763 5755 a
2791 5703 3055 5757 dicturum
3086 5701 3243 5758 sensu
3277 5703 3495 5757 minime
3521 5701 3672 5773 ablu-

2102 5775 2281 5841 deret,
2333 5771 2729 5846 explicaretque
2778 5773 3005 5829 dilucide
3056 5773 3184 5844 quid
3230 5773 3298 5832 de
3362 5771 3675 5846 Eutychetis
