3910 6182
388 282 489 335 εἰΟό

386 391 577 449 bmresi
620 386 1324 451 sentiendum.,Dominicus
1379 389 1502 443 Mita
1549 406 1660 443 rem
1708 390 1759 443 in
1805 391 1947 445 hunc

384 461 600 541 modum
640 458 1231 541 diriminposseme'nset
1283 459 1335 512 in
1378 459 1859 541 Respottsionitutsn
1877 460 1941 541 ad

385 531 625 599 opposita
657 529 787 581 Vita:
813 527 1123 599 Chrysologi
1151 543 1181 599 ιι
1213 543 1269 582 se
1292 527 1634 599 conscriptae,
1668 546 1719 581 n.
1751 528 1804 592 5,
1828 529 1876 587 6.
1911 530 1941 582 7

384 596 439 654 et
460 596 517 661 '8,
543 606 599 651 ut
636 604 852 651 sanctus
879 596 1006 662 Leo,
1035 596 1298 651 intellecta
1326 614 1355 650 a
1384 596 1634 668 Flaviano
1672 599 1941 668 Eutyche-

384 671 453 723 tis
479 668 669 737 haeresi
703 675 757 737 et
784 681 964 728 causa,
1001 668 1220 721 Romam
1259 668 1529 722 vocaverit
1565 667 1796 726 Petrum,
1828 668 1938 737 qui,

382 738 633 809 pontiﬁce
654 736 892 809 jubente,
917 738 1192 809 epistolam
1219 736 1357 809 illam
1397 738 1632 790 omnium
1658 736 1942 809 celeberri-

381 806 523 862 inam
541 807 915 876 conscripserit
936 806 1202 876 pontiﬁcis
1222 807 1387 874 ipsius
1407 809 1621 861 nomine
1646 806 1711 859 ad
1737 806 1942 860 Flavia—

380 893 532 943 num,
560 893 683 946 quae
704 875 1014 944 primumin
1043 875 1620 946 Constantinopolitana
1665 876 1765 929 sub
1794 876 1940 929 Ana—

380 947 525 1009 tolio,
559 944 749 1002 deinde
785 946 836 998 in
856 944 1111 1015 generali
1142 944 1568 1015 Chalcedonense
1593 946 1792 1015 synodo
1825 960 1940 999 cre-

381 1017 672 1070 dendorum
721 1014 901 1084 regula
937 1022 1122 1084 contra
1156 1014 1457 1084 Nestorium
1491 1014 1641 1083 atque
1679 1030 1738 1084 ac
1775 1015 1939 1084 Euty—

382 1087 609 1149 chetem,
653 1085 786 1137 lecta
828 1083 945 1137 fuit.
988 1083 1056 1138 Ut
1093 1093 1269 1138 autem
1302 1083 1544 1154 ieti'ugiat,
1576 1083 1715 1154 quod
1753 1083 1938 1145 contra

378 1156 549 1235 regeri
582 1170 649 1209 ex
686 1155 826 1235 styli-
844 1154 1149 1235 diversitate
1172 1154 1239 1235 ab
1266 1153 1384 1207 aliis
1407 1153 1548 1235 Petri
1580 1153 1938 1235 monumentis

415 1222 573 1289 etest,
626 1222 985 1292 conjecturam
1036 1223 1107 1277 ita
1163 1222 1581 1287 circumscribit,
1636 1231 1695 1278 ut
1745 1226 1939 1281 sentiat

330 1304 341 1316 '
380 1292 607 1347 Leonem
662 1293 1015 1361 conscriptam
1060 1308 1091 1363 a
1136 1292 1295 1348 Petro
1343 1293 1620 1362 epistolam
1667 1311 1686 1342 ι
1720 1299 1937 1363 proprio

380 1364 779 1432 transcripsisse
798 1363 952 1433 style,
970 1372 1023 1415 et
1042 1362 1214 1433 aliqua
1246 1381 1262 1412 ι
1293 1378 1389 1433 suo
1408 1372 1577 1417 marte
1602 1362 1933 1433 ascripsisse.

377 1433 433 1486 Id
464 1431 622 1488 omne
651 1448 715 1486 ex
748 1431 989 1486 sermone
1024 1432 1089 1486 75
1123 1431 1431 1502 Chrysologi
1462 1431 1777 1486 conﬁrmare
1806 1435 1935 1490 niti-

378 1510 485 1565 tur,
513 1502 600 1556 ubi
628 1517 685 1557 se
711 1517 773 1555 ex
795 1503 983 1556 itinere
1010 1503 1778 1573 Ravennam'quadragcsimali
1804 1512 1935 1560 tem-

376 1586 506 1640 pore
542 1586 831 1633 reversum,
861 1586 921 1623 ac
945 1580 1221 1640 propterea
1250 1571 1444 1625 fessum
1472 1571 1756 1626 admodum
1784 1574 1931 1629 dicit.

375 1640 689 1708 Conjectura
730 1655 787 1693 se
828 1642 1106 1695 veritatem
1148 1651 1448 1695 assecutum
1485 1642 1796 1698 credidisset
1821 1642 1933 1699 for-

374 1714 537 1766 tassis
582 1710 709 1763 Mita
748 1711 793 1764 si
837 1720 1077 1764 nostrum
1120 1711 1353 1776 legisset,
1385 1726 1508 1765 cum
1538 1728 1604 1766 ex
1634 1712 1793 1766 allato
1815 1713 1933 1769 loco

374 1782 541 1834 astrui
583 1780 825 1835 videatur
854 1779 1075 1851 Petrum
1110 1796 1140 1834 a
1176 1779 1354 1836 Leone
1380 1792 1628 1835 vocatum
1654 1782 1931 1851 epistolam

376 1851 675 1922 scripsisse,
707 1866 823 1922 quae
850 1849 899 1903 in
934 1851 1356 1922 Chalcedonensi
1381 1851 1605 1905 concilio
1626 1849 1934 1922 Eutychetis

374 1919 989 1990 haeresimjugulaverit.
1016 1921 1085 1973 At
1112 1935 1176 1974 ex
1211 1921 1657 1990 subsequentibus
1685 1919 1932 1990 agnosci—

373 1998 461 2042 tur
484 1988 759 2057 Agnellum
801 1990 1123 2059 derepistola
1164 2006 1193 2042 a
1234 1988 1405 2045 Petro'
1429 1992 1673 2046 omnibus
1701 1988 1932 2048 consen-

372 2059 627 2114 tientibus
650 2059 845 2124 scripta
874 2058 1139 2124 loeutum;
1169 2061 1243 2113 ait
1268 2060 1407 2114 enim
1436 2080 1453 2111 ι
1490 2071 1758 2115 ostensam
1790 2064 1933 2118 beati
1970 2108 1974 2113 .

375 2126 517 2202 Petri
560 2126 866 2202 Chrysologi
913 2128 1209 2202 epistolam,
1255 2149 1275 2202 ι
1318 2131 1470 2200 cujus
1517 2132 1679 2202 etiam
1723 2144 1930 2202 partem

282 2207 296 2218 ’
371 2198 608 2269 exhibet,
634 2198 699 2269 de
724 2214 826 2269 qua
862 2199 1060 2252 statim.
1094 2199 1234 2253 Mitte
1264 2198 1442 2268 itaque
1474 2198 1776 2269 conjectura
1808 2204 1933 2258 hinc

372 2267 515 2321 nullo
543 2268 697 2322 modo
722 2268 893 2323 fulciri
922 2276 1118 2337 potest,
1140 2284 1259 2338 quae
1283 2267 1494 2324 aliunde
1520 2267 1680 2324 etiam
1705 2271 1932 2327 dehiscit

363 2338 612 2407 ruitque;
638 2339 832 2393 etenim
855 2346 971 2418 post
986 2339 1444 2461 anadragcsimam
1462 2341 1586 2394 anni
1609 2340 1713 2395 449
1731 2342 1931 2411 scripta

368 2416 452 2460 est
485 2408 707 2461 epistola
738 2408 957 2461 Leonis.
1020 2423 1051 2461 e
1079 2423 1181 2461 uua
1211 2408 1268 2461 tit
1296 2409 1539 2461 uumstio.
1571 2409 1657 2461 die
1688 2410 1931 2461 videlicet

368 2416 452 2477 est
468 2408 707 2477 epistola
738 2408 957 2471 Leonis,
986 2408 1051 2462 de
1079 2423 1181 2476 qua
1211 2408 1268 2461 tit
1296 2409 1539 2476 qumstio,
1571 2409 1657 2464 die
1688 2408 1931 2465 videlicet

370 2476 437 2545 15
460 2475 620 2540 Junii,
644 2492 763 2530 eum
784 2475 1173 2545 praecedensad
1199 2475 1442 2532 eumdem
1464 2478 1774 2532 Flavianum
1805 2480 1927 2534 data

366 2544 727 2617 fueritetiam
756 2544 875 2617 post
915 2548 1394 2617 quadragesimum,
1444 2549 1529 2601 die
1570 2548 1816 2603 videlicet
1860 2550 1921 2603 21

369 2613 512 2689 Maii.
545 2614 614 2689 At
641 2615 729 2689 qui
756 2613 831 2669 ide
864 2613 1012 2669 care
1040 2613 1268 2689 dubitari
1299 2617 1486 2687 possit,
1524 2632 1644 2671 cum
1672 2619 1840 2689 stylus
1866 2635 1929 2674 ac

365 2685 531 2771 verba
558 2682 675 2771 ipsa
692 2683 923 2771 Leonem
956 2688 1177 2771 sonent?
1201 2682 1210 2711 '

438 2753 544 2827 Vl._
565 2753 871 2827 Sequuntur
905 2758 1039 2824 apud
1084 2757 1362 2827 Agnellum
1403 2772 1522 2827 qua:
1572 2765 1813 2826 spectant
1859 2760 1925 2814 ad

365 2823 714 2898 aliasnLeonis
744 2827 1015 2898 epistolas,
1058 2823 1543 2898 ob’impetrandum
1566 2823 1923 2898 Augustorum

366 2894 787 2968 auxiliumque
800 2911 885 2950 res
905 2896 1163 2951 (atholica
1182 2894 1243 2968 id
1262 2894 1689 2968 pseudo-synodo
1713 2898 1926 2953 Nicaeua

367 2962 505 3035 male
544 2962 754 3031 habita,
796 2981 931 3019 novo
981 2966 1215 3035 generali
1262 2962 1487 3021 concilio
1514 2962 1919 3023 restitueretur.

361 3032 527 3108 Ftede
565 3035 778 3098 labitur,
807 3036 930 3099 nisi,
966 3032 1350 3108 e'xscriptorum
1378 3037 1528 3108 vitio,
1564 3038 1922 3108 Augustorum

363 3111 418 3156 et
445 3102 803 3171 Augustarum
839 3104 1048 3158 nomina
1080 3102 1186 3157 sint
1223 3115 1446 3169 mutata,
1488 3102 1774 3160 Honorium
1812 3124 1924 3161 me-

365 3186 581 3246 morans
601 3188 669 3246 ac
695 3172 1029 3246 Gratianum,
1057 3174 1153 3246 qui
1173 3189 1204 3246 c
1226 3176 1360 3228 vivis
1391 3177 1585 3246 dudum
1614 3185 1737 3246 ante
1760 3178 1923 3246 Euty-

364 3242 569 3295 cbianze
601 3242 819 3296 haeresis
850 3251 1082 3311 tempora
1108 3243 1371 3299 abierant.
1400 3243 1617 3299 Honorii
1641 3245 1757 3299 loco
1779 3242 1922 3311 cogi-

364 3321 603 3383 taveram
646 3326 721 3383 an;
747 3289 987 3383 Honori;
1001 3289 1245 3367 substitui
1293 3321 1512 3382 posset;
1546 3325 1600 3368 at
1634 3330 1751 3383 cum
1780 3289 1919 3369 auita

362 3388 538 3433 exStet
561 3381 754 3451 Leonis
778 3382 1002 3451 epistola
1030 3383 1095 3435 ad
1124 3384 1382 3443 eamdem,
1411 3385 1639 3451 pessima
1661 3385 1822 3437 etiam
1854 3387 1922 3440 ob

361 3458 609 3521 stuprum,
629 3450 765 3503 fama
789 3450 1139 3514 laborantem,
1166 3450 1588 3507 emendationem
1616 3453 1921 3521 huiusmodi

363 3520 614 3593 sustineri
663 3536 767 3575 non
804 3536 959 3593 posse
996 3538 1275 3593 cognosco.
1309 3522 1550 3576 Martiani
1592 3520 1750 3578 etiam
1780 3524 1918 3589 loco,

359 3588 505 3663 facili
555 3589 726 3663 lapsu,
783 3588 1093 3663 Gratianum
1146 3593 1407 3663 introsum
1461 3594 1807 3663 suspicabar;
1866 3588 1921 3650 at

361 3660 490 3732 illud
516 3660 699 3732 obstat
716 3662 856 3729 quod
884 3663 1067 3723 eadem
1094 3662 1313 3730 periodo
1337 3678 1451 3716 rem
1490 3660 1658 3732 usque
1688 3665 1752 3717 ad
1782 3665 1919 3718 Mar—

359 3730 563 3782 tianum
588 3731 850 3802 prelatum
881 3732 1026 3786 dicit.
1058 3731 1390 3786 Theodorum
1418 3730 1653 3801 insuper,
1682 3751 1836 3802 quem
1864 3737 1916 3789 in

360 3808 546 3872 sancto
570 3801 796 3872 concilio
820 3802 893 3855 ait
914 3818 1033 3856 cum
1062 3802 1355 3872 Eutychete
1379 3815 1635 3869 certasse,
1666 3801 1719 3857 et
1741 3814 1919 3859 osten-

358 3871 434 3924 sis
459 3879 655 3951 sancta}
681 3870 973 3951 Scriptura;
998 3870 1345 3951 voluminibus
1372 3882 1785 3951 sanctorumque
1813 3874 1915 3951 Pa-

360 3949 499 3993 trum
525 3941 842 4003 testimoniis
871 3942 1186 3997 catholicam
1215 3942 1369 3996 tidem
1398 3943 1464 3996 de
1485 3941 1916 3999 duabtts‘naturis

359 4011 693 4074 stabilivisse,
743 4020 852 4065 tota
892 4021 1135 4066 veterum
1174 4011 1432 4066 Actorum
1472 4013 1680 4067 concilii
1722 4029 1751 4067 a
1791 4013 1914 4067 Fla-

359 4080 517 4152 viano
541 4081 715 4152 coacti
747 4083 829 4151 (in
869 4097 975 4152 quo
1019 4089 1222 4152 tantum
1271 4082 1539 4152 Eutycbes
1580 4084 1792 4138 auditus
1836 4092 1919 4139 est

358 4150 587 4206 Eusebio
613 4150 940 4223 Dorilcense,
977 4160 1032 4206 et
1068 4151 1316 4206 Flaviano
1348 4150 1461 4223 ipso
1489 4153 1795 4207 hmreticum
1824 4170 1917 4207 ur-

357 4222 629 4292 gentibus)
675 4222 840 4276 series
887 4223 1114 4293 ignorat.
1171 4222 1377 4277 Omnia
1416 4223 1595 4292 itaque
1644 4223 1749 4277 hic
1778 4224 1917 4293 apud

357 4302 599 4345 nostrum
626 4308 655 4345 a
685 4295 909 4347 veritate
938 4293 1149 4345 abeunt.
1524 4307 1537 4321 '

432 4362 536 4416 Vll.
577 4362 706 4415 illud
745 4379 774 4416 c
814 4378 870 4415 re
911 4376 1030 4416 esse
1076 4361 1396 4415 inﬁciabitur
1434 4377 1619 4426 nemo,
1664 4363 1803 4430 quod
1848 4364 1916 4418 ad

356 4431 612 4500 epistolze,
640 4433 703 4504 de
738 4447 839 4499 qua
871 4432 921 4485 in
952 4431 1313 4504 superioribus
1339 4446 1514 4504 sermo
1544 4431 1661 4495 fuit,
1686 4434 1913 4504 integri-

359 4510 520 4554 tatem
559 4501 805 4569 pertinet,
836 4516 994 4570 quam
1024 4516 1089 4553 ex
1124 4502 1224 4554 hoc
1255 4500 1459 4570 Aguelli
1493 4501 1610 4554 loco
1642 4500 1912 4557 uberrime

356 4572 633 4641 probatam
657 4570 912 4642 habemus
934 4578 1125 4642 contra
1150 4570 1453 4642 nonnullos,
1476 4571 1564 4640 qui
1588 4572 1912 4626 contendunt

355 4639 625 4710 postrema
663 4639 821 4693 verba
849 4639 913 4693 ad
941 4641 1131 4711 summi
1161 4640 1426 4709 pontiﬁcis
1456 4639 1509 4694 in
1541 4642 1659 4711 ﬁdei
1695 4642 1911 4711 dogma-

356 4709 501 4765 tibus
528 4724 826 4781 supremam
855 4709 1221 4781 auctoritatem
1258 4712 1569 4781 Spectautia,
1600 4709 1909 4781 Chrysologi

356 4797 461 4836 non
491 4795 630 4842 esse,
658 4780 749 4833 sed
779 4780 1041 4834 recentius
1074 4780 1253 4835 addita
1279 4797 1307 4833 a
1338 4780 1593 4835 Romanae
1618 4780 1759 4835 sedis
1794 4780 1909 4835 stu-

355 4853 507 4905 dioso
548 4850 703 4918 eique
755 4850 983 4903 addicto.
1030 4848 1253 4905 Gerardi
1296 4849 1468 4904 Vossii
1506 4851 1560 4909 bi
1595 4853 1911 4905 auctoritate

356 4923 618 4982 nituntur,
660 4920 749 4991 qui
780 4920 1072 4991 epistolam
1110 4919 1421 4991 Chrysologi
1449 4920 1637 4991 Graeco
1665 4920 1908 4975 Latinam

353 4992 537 5056 edidit,
560 5005 681 5046 cum
704 4990 820 5043 aliis
849 4990 1114 5043 nonnullis
1138 4988 1433 5058 subjunctis
1460 4989 1698 5060 Gregorii
1731 4991 1910 5043 Thau-

355 5062 586 5131 maturgi
640 5060 889 5131 operibus
937 5060 1207 5131 impressis
1253 5061 1532 5128 Moguntina
1576 5074 1715 5113 anno
1754 5060 1908 5131 1604-,

357 5128 689 5199 monuitque,
712 5130 762 5185 in
797 5128 991 5199 duplici
1022 5131 1277 5183 Vaticano
1303 5132 1484 5184 codice
1517 5139 1785 5198 postrema
1826 5129 1910 5182 illa

353 5202 517 5255 verba
562 5199 765 5256 deesse.
789 5200 913 5254 lude
960 5199 1217 5268 Dupinius
1253 5200 1610 5268 prmlaudatus
1640 5200 1690 5252 in
1717 5199 1912 5251 Biblio-

356 5270 512 5339 theca
536 5271 669 5334 ha’c,
691 5284 809 5339 (pne
832 5268 1020 5323 Latine
1042 5283 1194 5321 versa
1216 5270 1460 5339 exhibeo,
1480 5270 1639 5322 habet
1666 5287 1677 5321 :
1704 5287 1722 5316 ι
1745 5268 1912 5339 Porro

357 5337 529 5392 littera
559 5337 936 5393 ﬁniri’videtur
961 5349 1083 5392 ante
1111 5353 1172 5391 ea
1203 5338 1386 5397 verba,
1417 5349 1470 5391 et
1505 5339 1644 5406 quod
1674 5338 1913 5406 sequitur

357 5408 592 5461 additum
619 5420 701 5463 est
734 5409 799 5461 ad
830 5419 1029 5462 sanctae
1062 5408 1201 5460 sedis
1231 5409 1600 5462 auctoritatem
1637 5423 1910 5462 commen-

357 5477 605 5529 dandam.
645 5497 663 5528 ι
694 5478 1021 5547 AtAgnello,
1052 5485 1111 5531 ut
1138 5478 1525 5537 adnotavimus,
1556 5487 1610 5531 et
1644 5479 1756 5531 suis
1783 5478 1912 5532 locis

358 5547 621 5615 constabit
656 5561 781 5615 erga
825 5546 1062 5602 Sanctam
1102 5547 1282 5600 sedem
1317 5563 1421 5600 non
1452 5548 1585 5600 bene
1619 5546 1826 5607 allecto.
1858 5557 1913 5602 et

357 5614 701 5685 nihilominus
720 5614 881 5669 verba
904 5634 968 5671 ex
991 5616 1234 5685 epistola,
1256 5632 1348 5670 seu
1365 5632 1579 5671 sensum
1603 5618 1910 5671 earumdem

361 5682 636 5744 referenti,
672 5685 845 5741 nullus
878 5702 1005 5741 sane
1024 5682 1197 5742 'crisis
1241 5687 1507 5743 studiosus
1541 5686 1908 5756 refragabitur.

1092 280 1382 334 AGNELLI
1423 281 1711 335 ABBATIS
1751 281 1806 336 S.
1844 282 2080 339 MARLE
2119 286 2210 340 AD
2246 286 2716 354 BLACHERNAS,
2753 292 2907 348 ETC.

3438 291 3597 351 χ564

1972 416 2021 475 Δ
2048 393 2268 475 Constat
2293 397 2720 475 proiectousque
2738 403 2804 456 ad
2825 403 3031 475 Agnelli
3054 411 3291 475 tempora
3318 404 3369 459 in
3395 403 3606 459 Raven-

2048 466 2196 538 natis
2216 466 2485 530 Ecclesize,
2515 466 2648 524 licet
2661 470 2818 538 longe
2844 466 3131 528 schismate
3154 466 3379 537 amictae,
3403 475 3603 528 codici-

2044 535 2159 623 bus‘
2180 536 2452 623 integram
2466 535 2808 623 ,Cbrysologi
2830 552 3069 623 exstasse
3107 535 3403 623 epistolam,
3442 559 3603 623 quam

2043 607 2401 680 postmodum
2421 607 2833 680 decurtaverint,
2868 613 2956 680 qui
2987 607 3182 667 sancta:
3210 613 3351 667 sedis
3375 607 3608 667 auétori—
3656 648 3657 651 η

2044 675 2285 753 tatem_in
2329 678 2486 753 rebus
2524 677 2644 733 ﬁdei
2663 675 2996 753 _ditliniendis
3021 683 3418 753 impugnavere,
3444 683 3606 753 idque

2039 745 2374 818 potissimum
2406 748 2769 818 imputandum
2797 751 2862 804 iis
2888 752 2976 818 qui
3007 745 3196 807 Graeca
3225 751 3328 805 ﬁde
3363 753 3416 806 in
3454 745 3606 807 Grai—

2041 763 2374 812 poussmtum
2406 763 2475 801 tm
2516 763 2769 804 utendum
2797 767 2862 804 us
2888 766 2976 818 qm
3007 763 3194 807 Grieca
3225 763 3328 805 title
3363 763 3416 806 in
3454 763 3605 807 tine—

2041 828 2155 868 cam
2209 813 2439 888 linguam
2478 763 2727 873 Latinam
2771 820 3049 888 epistolam
3108 822 3445 876 transtulere.
3503 822 3605 877 Hic

2039 898 2214 970 operte
2238 886 2481 970 pretium
2518 902 2637 969 esse
2673 886 2900 970 cogitavi
2939 890 3185 970 Latinam
3215 891 3383 970 ipsam
3420 891 3606 963 vulga-

2039 961 2149 1031 tam
2174 956 2326 1031 _apud
2365 955 2652 1031 Baronium
2687 955 2947 1031 aliosque,
2985 968 3039 1016 et
3078 975 3115 1031 ei
3149 955 3363 1031 regione
3395 955 3604 1016 textum

2038 1023 2298 1095 ejusdem,
2340 1026 2549 1093 qualem
2590 1028 2642 1080 in
2685 1023 2866 1083 codice
2910 1029 3121 1085 Estcnsi
3167 1023 3370 1095 revperi,
3400 1032 3602 1085 dcscri~

2037 1092 2188 1167 bere,
2235 1092 2600 1167 adjectissuo
2639 1096 2755 1151 loco
2788 1099 3020 1167 periodis
3054 1092 3277 1167 Agnello
3312 1092 3513 1163 relatis,
3543 1109 3604 1154 ut

2037 1160 2207 1217 lector
2242 1160 2370 1233 quid
2396 1166 2449 1220 in
2470 1165 2771 1236 hujusmodi
2790 1160 2853 1222 re
2873 1160 3210 1224 sentiendum
3238 1174 3308 1225 sit
3322 1160 3601 1240 dijudicet.

2035 1355 2224 1411 Latina
2257 1360 2471 1423 epistola
2501 1360 2604 1415 divi
2636 1360 2778 1414 Petri

2122 1425 2424 1499 Qﬁrysologi
2450 1430 2680 1499 vulgata.

2105 1496 2553 1553 Dileetissimo.ct
2587 1502 2777 1554 merito

2033 1566 2328 1640 honorabili
2356 1564 2466 1640 lilio
2498 1569 2775 1640 Eutycheti

2033 1638 2367 1710 presbytero,
2414 1638 2613 1693 Petrus
2659 1641 2775 1710 epi-

2037 1722 2229 1772 scopus
2255 1708 2535 1762 Ravenme.

1965 1767 2009 1827 Β
2105 1767 2294 1831 Tristis
2316 1778 2415 1845 legi
2442 1778 2621 1833 tristes
2640 1779 2778 1834 litte-

2033 1862 2121 1901 ras
2160 1854 2295 1908 tuas,
2332 1856 2385 1901 et
2414 1848 2609 1916 scripta
2645 1865 2777 1904 uta:—

2032 1926 2113 1971 sta
2162 1932 2417 1989 moerere
2444 1919 2622 1973 debito
2655 1936 2777 1989 pcr-

2031 1986 2196 2058 curri,
2222 1988 2346 2056 quia
2377 1988 2517 2043 sicut
2549 1986 2775 2058 nos'pax

2030 2056 2411 2122 Ecclesiarum,
2438 2056 2772 2114 sacerdotum

2029 2127 2354 2198 concordia,
2420 2128 2774 2198 tranquillitas

2027 2196 2200 2269 plebis
2223 2198 2455 2269 gaudere
2484 2196 2611 2253 facit
2646 2214 2775 2269 gau—

2028 2249 2116 2320 δίο
2143 2249 2470 2325 cessaris
2486 2249 2494 2250 ί
2509 2249 2607 2323 si);
2646 2249 2775 2323 sint-

2028 2336 2123 2406 git,
2151 2346 2203 2415 et
2221 2334 2398 2402 dejicit
2418 2337 2651 2415 fraterna
2673 2339 2774 2392 dis-

2027 2408 2242 2475 sensio,
2302 2408 2594 2475 przesertim
2652 2423 2771 2463 cum

2028 2474 2220 2528 talibus
2246 2474 2452 2530 oriatur
2477 2493 2541 2531 ex
2572 2480 2767 2532 causis.

2028 2543 2267 2613 Triginta
2313 2547 2468 2607 annis
2526 2547 2772 2602 humana:

2026 2612 2171 2680 leges
2221 2616 2480 2670 humanas
2534 2618 2773 2671 adimunt

2026 2684 2373 2757 quaestiones;
2397 2694 2449 2740 et
2469 2686 2664 2757 Christi
2690 2702 2774 2757 ge-

2025 2754 2252 2828 neratio,
2285 2771 2404 2828 quae
2442 2756 2619 2809 divina
2654 2754 2775 2828 lcgc

2026 2824 2283 2877 scribitur
2360 2824 2769 2888 inenarrabilis,

2026 2903 2146 2977 post
2174 2902 2251 2977 tot
2298 2895 2488 2977 secula
2538 2896 2771 2977 disputa-

2026 2963 2171 3015 tione
2219 2963 2501 3019 temeraria
2548 2963 2770 3020 veiztilt-

2027 3034 2153 3105 tur_?
2181 3034 2315 3100 Quid
2338 3035 2595 3104 Origenes
2625 3037 2770 3105 prin-

1950 3114 1993 3175 c
2025 3103 2283 3175 eipiorum
2354 3103 2637 3175 scrutator:
2690 3107 2770 3159 in-

2023 3173 2267 3233 currerit,
2295 3175 2560 3242 quomodo
2588 3173 2771 3229 Nesto-

2023 3242 2334 3313 riuslapsus
2372 3245 2440 3297 sit
2490 3243 2767 3313 disputans

2021 3312 2086 3365 de
2107 3314 2328 3377 naturis,
2365 3329 2467 3367 non
2491 3312 2618 3367 latet
2641 3329 2766 3381 pru-

2020 3381 2253 3435 dentiam
2297 3393 2459 3436 tuam.
2502 3383 2638 3451 Magi
2678 3383 2765 3438 Je-

2021 3467 2138 3505 Sum
2182 3452 2235 3504 in
2278 3452 2552 3507 cunabulis
2598 3455 2762 3507 Deum

2019 3523 2260 3591 mysticis
2301 3523 2608 3577 muneribus
2639 3540 2765 3577 con-

2019 3590 2258 3654 ﬁtentur,
2316 3601 2370 3646 et
2421 3595 2759 3655 sacerdotes,

2018 3664 2140 3727 quis
2207 3663 2315 3726 sit,
2352 3664 2459 3732 qui
2519 3663 2763 3732 virginali

2016 3746 2174 3799 partu
2225 3733 2291 3785 de
2340 3731 2539 3803 Spiritu
2576 3731 2763 3788 sancto

2017 3810 2173 3854 natus
2228 3810 2344 3863 est,
2400 3802 2618 3856 dolenda
2683 3805 2763 3857 iu-

2020 3873 2379 3942 tcrrogatione
2422 3873 2763 3941 disquirunt?

2018 3939 2151 3995 Cum
2174 3939 2396 4011 vagitus
2424 3939 2577 3996 daret
2604 3942 2761 3998 Jesus

2018 4010 2071 4063 in
2106 4010 2281 4076 cunis,
2321 4012 2544 4080 gloriam
2584 4012 2633 4065 in
2669 4029 2764 4067 ex—

2017 4080 2174 4135 celsis
2188 4083 2295 4136 Deo
2318 4082 2510 4135 clamat
2530 4083 2762 4137 caelestis

2017 4152 2310 4216 exercitus;
2326 4161 2379 4206 et
2401 4152 2574 4221 modo,
2601 4168 2762 4221 quan-

2017 4222 2084 4275 do
2116 4221 2166 4273 in
2197 4223 2410 4275 nomine
2437 4220 2562 4275 Jesu
2602 4238 2760 4277 omne

2016 4289 2385 4360 genuﬂectitur
2437 4292 2757 4358 caelestium,

2017 4362 2350 4415 terrestrium
2411 4369 2466 4415 et
2523 4362 2758 4417 inferno-

2016 4447 2132 4485 rum
2145 4472 2158 4495 ,
2171 4432 2391 4501 originis
2407 4430 2520 4499 ejus
2534 4434 2758 4500 qumstio

2014 4500 2413 4555 commovetur?
2463 4501 2601 4565 Nos,
2648 4502 2755 4555 fra—

2009 4578 2093 4626 ter
2115 4571 2429 4626 charissime
2452 4610 2468 4634 ,
2498 4586 2600 4624 una
2630 4587 2754 4626 cum

2008 4640 2266 4713 Apostolo
2286 4641 2541 4713 _dicimus
2585 4659 2598 4692 :
2622 4641 2755 4713 ’Etst'

2011 4711 2243 4764 novimus
2270 4709 2450 4764 Iesum
2474 4709 2755 4764 secundum

2009 4796 2237 4843 carnem,
2260 4780 2348 4833 sed
2369 4796 2504 4833 nunc
2517 4782 2633 4848 jam
2654 4796 2758 4833 non

2011 4851 2243 4904 novimus
2257 4891 2271 4914 ,
2328 4865 2426 4903 nec
2475 4864 2758 4918 possumus

2011 4920 2221 4989 curiose
2272 4920 2618 4989 perscrutari,
2664 4918 2754 4988 qui

2001 4987 2550 5055 jubemunltonorem
2603 4990 2753 5051 dare,

2010 5068 2063 5112 et
2107 5058 2354 5112 timorem
2403 5057 2643 5121 reddere,
2699 5067 2755 5111 et

2011 5137 2321 5196 exspectare
2338 5168 2351 5189 ,
2412 5144 2517 5181 non
2577 5128 2754 5181 discu-

2013 5206 2125 5251 tere
2164 5214 2320 5265 quem
2346 5196 2586 5251 Judicem
2628 5212 2753 5250 con-

2014 5266 2243 5320 ﬁtemur.
2269 5266 2391 5321 Ηιρο
2413 5267 2645 5321 breviter
2674 5283 2758 5321 re-

2847 1362 3049 1416 Eadem
3081 1379 3145 1416 ea:
3169 1363 3343 1417 codice
3367 1363 3598 1419 Estensi.
3651 1406 3657 1421 .

2918 1432 3274 1487 Dilectissimo
3313 1442 3366 1486 et
3404 1436 3603 1487 merito

2846 1502 3146 1574 honorabili
3183 1502 3291 1574 ﬁlio
3318 1500 3629 1574 Eutycheti'

2845 1571 3157 1641 presbytero
3178 1612 3193 1637 ,
3248 1571 3440 1629 Petrus
3478 1575 3601 1642 epi-

2846 1657 3062 1708 scopus.
3382 1666 3395 1675 ο

2918 1711 3111 1766 Tristis
3129 1709 3231 1781 legi
3254 1712 3433 1766 tristes
3454 1713 3604 1766 litte-

2850 1796 2959 1845 ras,
3009 1781 3205 1851 scripta
3243 1790 3431 1837 maesta
3461 1797 3604 1837 mm-

2849 1865 2971 1904 rore
3017 1859 3073 1904 et
3135 1851 3277 1905 luctu
3316 1853 3602 1920 percurri,

2883 1920 2968 1973 uia
2994 1921 3129 1975 sicut
3159 1936 3257 1974 nos
3280 1936 3382 1989 pax
3415 1937 3605 1978 sacer-

2881 1998 3048 2055 otum,
3091 1991 3447 2059 tranquill.tas
3485 1991 3604 2059 ple-

2844 2059 2946 2123 bis,
2978 2060 3206 2129 gauderc
3243 2060 3365 2115 facit
3398 2061 3604 2129 gaudio

2843 2130 3070 2199 cmlesti,
3130 2130 3201 2199 ita
3231 2146 3328 2184 nos
3372 2130 3603 2199 aﬁligit,

2843 2208 2893 2253 et
2916 2198 3094 2268 dejicit
3120 2198 3353 2254 fraterna
3388 2201 3606 2254 dissen-

2843 2270 2944 2340 sio,
2972 2271 3268 2340 praesertim
3313 2284 3431 2324 cum
3476 2270 3607 2324 tali-

2843 2338 2942 2393 bus
2956 2338 3159 2393 oriatur
3172 2356 3235 2392 ex
3257 2340 3452 2393 causis.
3473 2340 3606 2392 Tri-

2843 2409 2988 2531 ﬁinta
3007 2408 3161 2464 annis
3180 2410 3423 2462 humanae
3445 2409 3605 2480 leges

2882 2493 3105 2531 umanas
3156 2480 3396 2531 adimunt
3443 2495 3603 2531 oua:-

2882 2493 3105 2532 umanas
3156 2480 3396 2533 adimunt
3443 2495 3603 2548 quae-

2840 2548 3069 2613 stiones;
3109 2556 3163 2601 et
3201 2548 3395 2604 Christi
3431 2563 3597 2617 gene-

2842 2619 3020 2689 ratio,
3068 2633 3187 2686 qua:
3240 2618 3417 2671 divina
3476 2619 3603 2689 lege

2842 2688 3095 2742 scribitur
3174 2688 3596 2753 inenarrabilis,

2840 2766 2960 2824 post
2993 2767 3071 2812 tot
3114 2756 3304 2811 szecnla
3343 2758 3587 2826 disputa-

2840 2827 2985 2880 tione
3027 2827 3310 2881 temeraria
3365 2829 3601 2881 ventila-

2844 2896 2962 2949 tur?
2993 2896 3127 2963 Quid
3161 2896 3403 2965 Origines
3437 2898 3597 2964 prin-

2843 2967 3097 3035 cipiorum
3122 2975 3388 3021 scrutator
3409 2967 3599 3019 incur-

2842 3036 2990 3099 rerit,
3019 3036 3283 3104 quomodo
3312 3035 3596 3090 Nestorius

2840 3104 3140 3175 lapsus'sit
3193 3107 3468 3174 disputans
3520 3107 3595 3162 de

2838 3174 3062 3239 naturis,
3087 3191 3192 3229 non
3214 3174 3341 3229 latet
3357 3177 3595 3244 pruden-

2837 3245 2970 3298 tiam
3012 3254 3174 3299 tuam.
3232 3245 3365 3314 Magi
3401 3245 3594 3300 Jesum

2836 3314 3185 3369 incunabulis
3212 3316 3377 3369 Deum
3407 3317 3596 3385 mysti—

2835 3385 2913 3439 cis
2954 3386 3268 3439 muneribus
3322 3386 3587 3440 conﬁten-

2836 3462 2943 3517 tur,
3004 3462 3056 3507 et
3097 3455 3405 3509 sacerdotes
3454 3456 3593 3524 quid

2834 3526 2920 3594 sit,
2950 3525 3040 3592 qui
3072 3524 3313 3592 virginali
3340 3533 3495 3594 partu
3519 3527 3593 3581 de

2835 3593 3035 3660 Spiritu
3073 3606 3257 3649 sancto
3285 3593 3443 3650 natus
3478 3605 3590 3659 est,

2833 3665 3057 3736 dolenda
3152 3665 3595 3736 interrogatione

2833 3734 3168 3805 discurrunt?
3184 3735 3336 3805 Cum;
3347 3734 3590 3805 vagitum

2834 3805 2985 3876 daret
3003 3802 3158 3858 Jesus
3174 3804 3230 3876 in
3262 3802 3436 3876 cunis,
3468 3806 3589 3876 glo-

2833 3875 2911 3926 ria
2952 3875 3003 3927 in
3041 3873 3266 3928 excelsis
3320 3874 3427 3928 Deo
3475 3873 3593 3929 em—

2832 3943 2980 3998 lcstis
3002 3944 3500 4007 clamatexercitus;
3531 3954 3589 3999 et

2832 4015 3009 4076 modo,
3041 4014 3255 4082 quando
3281 4013 3333 4067 in
3366 4016 3588 4071 nomine

2829 4082 2953 4137 Jesu
3012 4098 3171 4137 onme
3213 4083 3592 4153 genuﬂectitur

2831 4154 3160 4229 caelestium,
3207 4156 3549 4229 terrestrium
3566 4197 3583 4219 ,

2830 4231 2887 4277 et
2942 4223 3307 4286 infernarum,
3355 4224 3588 4293 originis

2829 4292 2875 4375 ej
2884 4309 2942 4346 us
2954 4294 3177 4375 qumstio
3191 4292 3588 4375 commovetur?

2828 4363 2954 4426 Nos,
2974 4364 3158 4422 frater,
3172 4378 3292 4415 cum
3317 4363 3482 4417 Paulo
3503 4365 3587 4417 di-

2827 4432 2997 4486 cimus
3027 4450 3039 4484 :
3090 4432 3206 4485 Etsi
3235 4433 3465 4486 novimus
3488 4432 3585 4487 Je-

2826 4518 2943 4555 sum
2988 4502 3272 4555 secundum
3322 4518 3531 4556 carnem
3559 4545 3577 4569 ,

2822 4572 2912 4626 sed
2959 4588 3094 4626 nunc
3129 4572 3247 4641 jam
3294 4587 3394 4624 non
3431 4575 3579 4627 noui-

2825 4658 2962 4701 mus.
2998 4656 3098 4696 nec
3149 4656 3435 4710 possumus,
3475 4658 3584 4697 cu-

2826 4712 2970 4765 riose
2998 4709 3278 4780 replicare,
3308 4711 3396 4780 qui
3418 4709 3580 4777 jube-

2826 4797 2948 4835 mur
3004 4782 3258 4835 honorem
3311 4782 3460 4844 dare,
3521 4792 3579 4837 et

2828 4852 3076 4905 timorem
3118 4851 3356 4914 reddere,
3401 4859 3453 4903 et
3480 4866 3578 4905 ex-

2826 4931 3097 4993 spectare,
3130 4936 3238 4993 non
3272 4920 3571 4993 discutere,

2823 4989 3001 5059 quem,
3044 4989 3281 5043 Judieem
3344 4990 3573 5045 conﬁte~

2823 5058 2961 5113 mur.
2986 5058 3080 5113 llis
3092 5059 3338 5129 omnibus
3359 5075 3575 5129 respon-

2824 5130 2894 5189 di,
2935 5129 3125 5191 frater,
3155 5128 3343 5182 litteris
3396 5128 3569 5184 tuis...

2826 5196 3023 5253 Ccetera
3049 5200 3252 5252 desunt.

2017 5337 2203 5403 spondi
2261 5337 2453 5391 litteris
2503 5337 2606 5390 tuis
2659 5338 2808 5406 plura
2849 5338 3246 5406 rescripturus,
3297 5335 3341 5389 si
3378 5335 3446 5390 ad
3484 5350 3566 5391 me

2018 5406 2184 5459 frater
2209 5416 2261 5459 et
2284 5408 2629 5475 cocpiscopus
2657 5415 2835 5460 noster
2858 5407 3140 5461 Flavianus
3167 5407 3344 5473 aliqua
3368 5406 3435 5459 de
3465 5408 3565 5461 hac

2017 5491 2177 5529 causa
2218 5486 2414 5544 scripta
2460 5477 2715 5539 misisset,
2750 5478 2792 5530 si
2836 5478 2979 5531 enim
3006 5476 3098 5529 tibi
3131 5475 3395 5545 displicet,
3430 5478 3567 5544 quod

2017 5546 2229 5613 quidem
2259 5546 2448 5599 scribis
2466 5587 2479 5606 ,
2506 5546 2601 5598 tibi
2631 5548 2729 5614 ipsi
2759 5548 2981 5601 electum
3005 5544 3283 5611 judicium,
3315 5560 3413 5598 nos
3435 5561 3564 5614 quon

2017 5615 2176 5670 modo
2201 5616 2265 5669 de
2294 5617 2374 5668 bis
2394 5617 2631 5684 judicare
2656 5618 2968 5684 poterimus,
2993 5630 3127 5682 quos
3151 5628 3322 5682 neque
3343 5615 3570 5668 vidimus
3639 5632 3647 5639 ‘

2018 5694 2231 5754 propter
2260 5686 2569 5751 absentiam,
2599 5696 2653 5740 ct
2673 5687 2810 5755 quod
2835 5686 3209 5739 intellexerunt
3232 5699 3419 5738 eorum
3443 5685 3561 5738 taci-
