3956 6190
543 304 655 360 567

1156 285 1160 292 ’
1239 306 1529 361 senem
1563 306 1850 362 ABBATIS
1887 308 1942 363 s.
1984 309 2222 365 MARUE
2260 311 2351 368 AD
2383 311 2854 380 BLACHERNAS,
2894 314 3042 371 me.

3656 319 3755 375 508

1098 537 1103 543 ν
1622 603 1864 681 VITA
1945 603 2021 680 S.
2101 607 2605 687 AURELIAN
2617 609 2679 686 Ι.

1043 872 1270 930 CAPUT
1307 872 1588 930 UNICUM.

539 984 724 1042 Pauca
759 987 823 1041 de
856 984 1156 1040 Aureliano.
1214 986 1450 1052 Querelre
1483 986 1536 1039 in
1570 996 1806 1055 urgentes
1836 1002 1980 1055 opus.
2009 985 2102 1039 Ιη-

602 1057 899 1126 terpretatio
925 1056 1160 1126 versiculi
1180 1072 1243 1110 ea:
1262 1056 1403 1126 psat.
1420 1055 1498 1110 Tu
1519 1055 1787 1125 dirupisti,
1811 1065 1908 1108 etc.
1955 1055 2099 1110 Mors

602 1125 898 1192 Aureliani,
927 1135 974 1179 et
1001 1125 1233 1194 ejusdem
1259 1125 1573 1194 sepulcrum.

2128 855 2179 915 Α
2205 871 2550 931 Pontiﬁcibus
2575 875 2906 948 [pontiﬁcum
2939 881 3071 954 vita]
3099 883 3354 956 scriptum
3392 897 3475 942 est
3499 891 3748 960 retinete;

2202 963 2334 1016 nihil
2361 980 2388 1018 a
2411 981 2496 1020 me
2522 968 2750 1036 amplius
2775 971 3020 1026 audietis.
3047 973 3204 1029 Istius
3227 975 3352 1047 [Sed
3383 978 3560 1051 istius]
3583 981 3754 1038 Vitam

2197 1051 2468 1111 Aureliani
2497 1058 2758 1126 expleam,
2786 1069 2840 1114 et
2865 1072 3045 1130 postea
3071 1063 3275 1119 sileam.
3299 1066 3454 1122 Aliud
3475 1070 3608 1138 quid
3625 1073 3752 1126 mihi

2197 1143 2338 1213 plus,
2369 1147 2474 1201 nisi
2504 1148 2616 1202 sola
2643 1150 2899 1218 patientia
2919 1192 2933 1214 ,
2960 1153 3085 1220 quid
3111 1156 3358 1222 prodest?
3387 1157 3513 1226 quid
3543 1173 3632 1213 me
3663 1175 3748 1214 ar-

602 1236 922 1292 Aurelianus
948 1232 1110 1289 XXII.
1144 1234 1372 1306 Insignis
1407 1235 1520 1302 vir,
1548 1242 1704 1290 aetate
1737 1235 1950 1306 juvenis
1970 1275 1986 1302 ,
2017 1250 2097 1291 se-
2145 1282 2148 1286 .
2197 1235 2394 1318 guitis?
2424 1237 2525 1292 nisi
2559 1239 2816 1294 Dominus
2856 1242 2985 1295 mihi
3016 1243 3218 1297 dederit
3244 1244 3477 1316 linguam
3505 1249 3755 1304 eruditio-

530 1333 652 1386 nior
679 1345 860 1394 sensu,
885 1336 940 1385 et
964 1329 1109 1384 omni
1133 1328 1426 1398 elegantior
1451 1328 1643 1398 gratia,
1675 1329 1742 1382 ab
1765 1329 1908 1382 omni
1932 1343 2094 1396 opere

529 1422 671 1478 malo
695 1436 1013 1491 suspensus;
1043 1420 1190 1474 mitis
1216 1421 1268 1473 in
1299 1417 1521 1488 populo,
1555 1418 1606 1472 in
1633 1418 1820 1474 ovibus
1844 1432 2092 1473 mansue-

528 1525 637 1570 tus.
672 1514 835 1568 Auxit
872 1513 987 1582 ipse
1025 1527 1185 1582 supra
1220 1509 1624 1565 fundamentum
1663 1509 1896 1575 domum,
1929 1526 2089 1580 quam

527 1606 869 1661 beatissimus
901 1603 1094 1660 Petrus
1128 1601 1368 1657 fundavit
1400 1601 1512 1670 jam
1561 1603 1700 1656 dicta
1740 1600 1960 1665 Tricoli,
1996 1603 2089 1657 sed

523 1713 624 1752 nec
660 1697 772 1766 ipse
807 1711 925 1751 eam
961 1695 1252 1765 complens.
1292 1695 1357 1748 Et
1389 1703 1448 1747 ut
1487 1695 1701 1758 sciatis,
1735 1694 2085 1762 dilectissimi,

521 1786 754 1840 maxima
794 1785 1102 1856 gravamina
1137 1799 1308 1838 meam
1354 1797 1514 1853 super
1547 1783 1876 1852 imposuistis
1909 1784 2085 1840 cervi-

519 1892 656 1931 cem.
688 1877 763 1931 De
791 1877 896 1932 hoc
928 1877 1152 1945 denique
1176 1875 1291 1930 viro
1318 1890 1421 1930 non
1449 1874 1596 1944 potui
1624 1875 1800 1943 aliqua
1830 1875 1972 1931 facta
2001 1893 2086 1932 re-

517 1969 722 2039 perire.
753 1967 858 2022 nisi
887 1975 1094 2022 tantum
1121 1982 1240 2033 res,
1281 1981 1412 2036 quas
1451 1965 1696 2038 [detinet]
1732 1967 1955 2023 Ursiana
1995 1985 2083 2024 ec-

517 2061 680 2116 clesia
726 2061 778 2115 in
827 2060 1096 2115 territorio
1134 2058 1476 2115 Comaclense
1517 2059 1570 2113 in
1612 2059 1729 2114 loco
1761 2060 1852 2130 qui
1887 2061 2082 2116 dicitur

495 2126 696 2218 .Igm's,
740 2156 788 2202 et
820 2146 1015 2217 Bajas,
1057 2148 1198 2202 idem
1230 2146 1490 2201 idolorum
1520 2126 1896 2212 nominafnon
1925 2149 2078 2221 longe

513 2239 604 2292 ubi
633 2238 856 2294 ecclesia
884 2239 943 2292 B.
978 2237 1155 2292 Maria:
1187 2237 1239 2291 in
1276 2236 1420 2292 Pado
1447 2246 1629 2292 vetere
1667 2239 1768 2292 sita
1809 2247 1919 2304 est,
1961 2240 2074 2309 ipse

511 2329 818 2399 adquisivit.
848 2329 914 2382 Et
949 2328 1117 2399 ipsius
1144 2329 1471 2399 temporibus
1499 2330 1810 2398 prmdictum
1841 2331 2074 2388 :ediﬁca-

513 2429 624 2475 tum
653 2428 739 2476 est
774 2420 1178 2476 monasterium.
1211 2418 1318 2473 Sed
1353 2428 1574 2489 propter
1601 2427 1832 2474 vestram
1874 2421 2071 2476 oratio-

509 2525 656 2575 nem,
685 2526 753 2565 ne
780 2510 948 2579 ipsius
982 2511 1203 2565 historia
1232 2510 1410 2564 brevis
1445 2519 1726 2580 appareat,
1763 2512 1888 2581 quid
1921 2513 2073 2568 valde

507 2599 774 2654 lmmanus
811 2615 1000 2655 sensus
1033 2615 1096 2654 ex
1128 2599 1247 2654 coeli
1284 2600 1484 2654 auxilio
1519 2600 1794 2654 scientiam
1834 2610 2068 2656 nostram

505 2705 604 2744 vos
633 2698 847 2744 orantes
880 2689 1173 2760 inspirante
1208 2689 1462 2755 Domino,
1494 2690 1609 2744 sine
1644 2691 1879 2760 qualibet
1914 2693 2072 2763 trepi-

505 2779 721 2834 datione
758 2793 1060 2834 narremus.
1100 2779 1192 2834 llle
1235 2779 1526 2849 plasmator
1566 2787 1621 2834 et
1659 2789 1866 2836 amator
1900 2783 2072 2838 homi-

505 2886 668 2933 num,
697 2870 790 2940 qui
829 2870 1154 2940 spiraculum
1195 2871 1317 2924 vita:
1354 2871 1572 2936 tribuit,
1618 2879 1672 2926 et
1723 2873 1968 2942 spiritum
2014 2875 2068 2928 in

505 2961 802 3015 visceribus
835 2961 970 3016 meis
1005 2959 1367 3026 conﬁrmavit,
1403 2975 1625 3025 sensus,
1653 2970 1708 3016 et
1733 2971 2064 3030 argumenta,

500 3059 556 3105 et
579 3053 740 3106 corda
764 3052 956 3107 docilia
982 3053 1156 3116 dedit,
1183 3060 1238 3107 et
1261 3068 1414 3107 suam
1440 3052 1625 3108 dilexit
1657 3053 1939 3120 facturam,
1979 3071 2070 3108 au-

501 3147 623 3207 geat
651 3141 806 3195 nobis
835 3140 992 3195 talem
1026 3140 1383 3206 intellectum,
1415 3149 1474 3194 ut
1514 3156 1610 3196 nos
1642 3152 1875 3198 vestram
1901 3144 2066 3213 possi-

501 3246 622 3285 mus
660 3231 1074 3300 postulationem
1116 3230 1368 3300 implere,
1409 3240 1464 3285 et
1496 3247 1592 3286 vos
1635 3234 1968 3302 suscipiatis,
2008 3242 2066 3287 ut

501 3321 675 3392 magis
713 3336 833 3376 cum
869 3321 1132 3376 desiderio
1168 3321 1385 3393 legatis,
1417 3329 1472 3375 et
1504 3337 1715 3383 amore,
1755 3339 1911 3392 quam
1942 3339 2062 3377 cum

501 3411 751 3480 fastidio,
791 3411 875 3467 vel
915 3411 1254 3482 negligentia.
1295 3410 1446 3466 Nunc
1487 3412 1754 3482 replicetis
1798 3414 2056 3468 volumus.
2102 3423 2106 3430 ”

501 3499 608 3556 Sed
630 3517 730 3572 ego
754 3502 1000 3571 protinus
1028 3501 1273 3556 inﬁrmus
1298 3516 1364 3555 ex
1390 3502 1630 3571 corporis
1652 3511 1823 3572 parte,
1854 3503 1940 3557 vix
1973 3505 2063 3559 hu-
2088 3543 2132 3604 C

494 3592 585 3646 ~lie
622 3591 838 3661 explere
863 3605 1030 3660 queo;
1063 3588 1288 3662 [tamen]
1336 3589 1390 3645 in
1429 3601 1685 3660 quantum
1715 3593 1867 3648 valeo
1904 3593 2061 3649 Crea-

496 3695 614 3740 tore
656 3683 894 3740 omnium
941 3684 1223 3753 adjuvante
1271 3683 1609 3753 incipiamus.
1663 3684 1833 3741 Nolite
1882 3685 2059 3742 facere
2101 3699 2106 3704 ‘

494 3777 635 3832 sicut
660 3783 883 3830 externo
919 3773 1120 3828 fecistis
1146 3773 1248 3828 die.
1284 3773 1429 3829 Satis
1457 3790 1541 3829 me
1575 3775 1783 3845 impulit
1821 3788 2055 3831 vestrum

495 3867 787 3936 eloquium.
823 3863 1014 3920 Videte
1039 3881 1106 3920 ne
1127 3865 1353 3920 multum
1375 3866 1606 3937 gravetis
1633 3882 1740 3932 me,
1765 3868 1888 3937 quia
1904 3869 2056 3938 juxta

493 3955 799 4012 Salomonis
832 3955 995 4009 verba
1029 3971 1041 4007 :
1074 3953 1177 4020 Qui
1206 3955 1522 4008 vehementer
1553 3957 1737 4026 premit
1776 3957 1946 4021 verba,
1969 3975 2056 4012 ea:-

491 4049 616 4102 cutit
638 4047 963 4117 sanguinem.
997 4044 1089 4101 Sic
1111 4046 1178 4101 de
1202 4061 1288 4101 me
1308 4055 1485 4100 vestra
1506 4047 1807 4103 consideret
1832 4051 2056 4119 pruden-

489 4137 582 4190 tia.
617 4135 729 4191 Hoc
757 4135 1014 4207 cogitate;
1050 4149 1154 4188 non
1188 4149 1365 4189 meum
1385 4175 1399 4200 ,
1427 4136 1519 4190 sed
1544 4136 1933 4205 Omnipotentis
1962 4141 2056 4194 do-

488 4242 618 4281 num
644 4234 744 4281 est.
786 4225 867 4282 0h
903 4227 1066 4281 miser
1093 4240 1221 4296 ego,
1253 4227 1344 4295 qui
1382 4227 1459 4282 sic
1485 4227 1633 4283 duris
1667 4230 2052 4298 quaestionibus

490 4317 727 4386 quotidie
759 4332 790 4370 a
829 4318 979 4372 vobis
1019 4315 1281 4386 ﬂagellorl
1316 4332 1420 4372 non
1459 4319 1531 4371 ita
1561 4318 1740 4375 facite.
1772 4321 1970 4375 Tamen
2006 4325 2049 4378 si

487 4406 652 4460 vultis
679 4420 767 4459 me
808 4404 926 4475 plus
964 4405 1298 4460 sermonibus
1333 4405 1700 4478 confringere,
1737 4417 1796 4463 ut
1835 4419 2050 4466 coactus

485 4497 631 4550 hunc
655 4495 1020 4551 Pontiﬁcalem
1051 4496 1209 4551 citius
1245 4498 1520 4567 expleam,
1562 4508 1617 4553 et
1650 4502 1845 4556 vestris
1885 4504 2054 4556 mani-

484 4584 587 4640 bus
610 4585 836 4651 tradam,
867 4585 1206 4640 considerate
1232 4588 1381 4655 prius
1409 4596 1642 4642 vestram
1682 4589 2044 4660 fragilitatem,

483 4685 541 4732 et
566 4677 903 4746 postmodum
930 4691 1105 4732 meam
1143 4679 1464 4750 cognoscite.
1493 4677 1661 4734 Hodie
1686 4681 1916 4752 denique
1947 4700 2041 4738 sex

484 4779 613 4836 gero
651 4763 849 4831 lustra,
896 4766 1103 4821 duobus
1149 4768 1368 4836 insuper
1406 4769 1580 4834 annis,
1625 4779 1679 4825 et
1725 4772 1809 4827 bis
1852 4775 2043 4842 quinos

2193 1327 2307 1391 nis,
2337 1330 2601 1396 quomodo
2629 1329 2703 1383 illi
2730 1329 2905 1399 placet
2941 1332 3006 1386 de
3035 1347 3121 1386 me
3154 1332 3266 1388 ﬁat.
3294 1333 3396 1389 Per
3422 1336 3754 1393 Ezechielem

2192 1416 2441 1472 intonans
2470 1420 2546 1472 ait
2575 1437 2587 1472 :
2617 1419 2870 1490 Linguam
2899 1431 3041 1475 tuam
3068 1423 3331 1479 adhwrere
3360 1424 3752 1501 [adhwrescere]

2191 1507 2382 1575 faciam
2408 1507 2582 1578 palato
2603 1517 2712 1573 tuo,
2736 1520 2782 1562 et
2804 1511 2903 1564 eris
2924 1521 3094 1566 mutus
3114 1530 3132 1577 ;
3156 1521 3208 1567 et
3238 1515 3303 1569 ad
3326 1514 3562 1584 Moysem
3585 1533 3600 1581 ;
3629 1517 3753 1582 Quis

2190 1597 2308 1666 fecit
2347 1616 2404 1653 os
2437 1599 2701 1654 hominis?
2740 1599 2926 1654 Nonne
2949 1603 3080 1671 ego?
3104 1611 3159 1658 et
3186 1603 3354 1659 David
3382 1604 3547 1661 Filius
3588 1625 3601 1660 :
3637 1607 3755 1662 0m-

2188 1690 2267 1743 nis
2305 1691 2558 1761 sapientia
2599 1710 2632 1745 a
2671 1691 2890 1747 Domino
2924 1693 3030 1747 Deo
3063 1704 3170 1760 est;
3209 1705 3263 1750 et
3301 1695 3483 1751 Daniel
3525 1717 3538 1751 :
3585 1697 3751 1768 Ipsius

2184 1797 2427 1852 regnum,
2471 1793 2521 1836 et
2556 1785 2840 1853 sapientia,
2883 1793 2930 1838 et
2972 1785 3244 1854 fortitudo.
3275 1787 3412 1843 Ecce
3445 1803 3544 1844 vos
3593 1806 3752 1859 quare

2185 1878 2448 1935 stevistis?
2482 1879 2752 1947 Quantum
2793 1881 3070 1949 permittet
3106 1881 3238 1936 mihi
3276 1880 3364 1937 ille
3407 1883 3633 1952 opifex,
3666 1887 3748 1956 qui

2183 1983 2270 2023 me
2294 1983 2360 2024 ex
2386 1969 2498 2024 luto
2529 1985 2639 2026 SlllS
2675 1969 2829 2024 ﬁnxit
2865 1972 3131 2037 manibus,
3163 1979 3365 2027 tantum
3393 1973 3622 2043 loquar;
3651 1992 3748 2032 non

2181 2057 2338 2113 aliter
2374 2074 2608 2129 possum.
2647 2059 2836 2134 [Haec]
2877 2063 3055 2116 omnia
3101 2064 3255 2118 vobis
3296 2064 3577 2119 insinuare
3609 2066 3750 2139 [insi-

2180 2151 2392 2230 nuavi].
2450 2153 2559 2210 Vos
2617 2155 2830 2209 condita
2882 2165 3062 2213 mente
3129 2167 3323 2215 tenete.
3377 2159 3530 2217 Scire
3597 2164 3748 2234 igitur

2180 2255 2275 2295 vos
2307 2241 2445 2307 volo,
2494 2244 2635 2312 quod
2681 2245 2857 2300 veniet
2897 2255 3134 2317 tempus,
3179 2250 3223 2303 si
3276 2251 3415 2305 hunc
3452 2251 3743 2309 Pontiﬁca-

2178 2330 2281 2384 lem
2321 2341 2539 2401 propter
2577 2343 2810 2388 vestram
2856 2334 3230 2393 lacerationem
3271 2342 3540 2412 reliquero
3567 2385 3585 2409 ,
3631 2361 3743 2399 cum

2176 2417 2440 2486 legeritis,
2483 2429 2534 2474 et
2563 2421 2838 2476 dimidium
2880 2440 3048 2494 usque
3087 2426 3173 2480 hic
3211 2413 3527 2494 invenietis,
3573 2447 3747 2486 recor-

2177 2508 2371 2564 dabitis
2411 2519 2596 2580 postea
2631 2528 2751 2567 cum
2794 2515 2992 2584 gemitu
3025 2531 3088 2570 ea
3133 2532 3252 2586 qua:
3292 2533 3322 2572 a
3363 2534 3446 2573 me
3475 2521 3638 2576 vobis
3673 2522 3747 2577 di-

2175 2608 2262 2655 cta
2300 2611 2442 2657 sunt.
2484 2603 2587 2659 Sed
2634 2607 2708 2660 rei
2748 2608 2880 2662 nihil
2906 2610 3173 2678 proderit;
3199 2612 3320 2667 etsi
3345 2613 3630 2671 volueritis
3665 2633 3743 2674 me

2173 2698 2508 2766 postmodum
2547 2701 2832 2774 postulare,
2876 2711 2936 2757 ut
2976 2692 3240 2774 expleam,
3285 2723 3391 2763 non
3433 2714 3737 2768 exaudiam.

2174 2785 2284 2854 Ego
2322 2768 2586 2853 desidero,
2621 2768 2679 2844 ut
2715 2807 2812 2860 per
2839 2792 2933 2847 Dei
2974 2768 3364 2865 omnipotentis
3387 2800 3739 2870 dispensatio-

2172 2893 2295 2932 nem
2323 2879 2476 2934 labor
2503 2897 2654 2937 meus
2680 2883 2746 2937 ad
2777 2883 3022 2939 effectum
3059 2889 3366 2956 perveniat;
3405 2906 3502 2945 vos
3529 2909 3636 2962 pro
3664 2896 3739 2948 ni-

2172 2968 2279 3021 mia
2313 2968 2586 3024 celeritate
2617 2971 2773 3026 vultis
2801 2981 2860 3026 ut
2889 2973 3202 3044 relinquam.
3244 2977 3358 3032 Non
3397 2979 3556 3035 facio.
3611 2982 3734 3049 Quia

2171 3059 2389 3139 memini
2419 3062 2600 3124 verba,
2641 3062 3004 3128 dilectissimi,
3048 3080 3113 3120 eo
3156 3069 3296 3137 quod
3341 3069 3396 3124 in
3435 3070 3559 3125 Vita
3601 3074 3732 3128 beati

2168 3149 2388 3205 Joannis
2413 3161 2711 3206 vestrorum
2742 3155 2952 3209 debitor
2995 3171 3082 3210 me
3121 3173 3238 3212 esse
3278 3159 3554 3229 professus
3597 3179 3729 3230 sum,

2168 3251 2224 3296 et
2255 3242 2446 3297 callide
2481 3243 2686 3315 {largiens
2709 3244 2961 3317 [vestris]
2993 3261 3169 3302 coram
3205 3247 3527 3306 ﬂammantis
3568 3253 3730 3324 [ﬂam-

2168 3331 2457 3404 mantibus]
2486 3333 2777 3390 luminibus
2805 3336 3098 3400 occultavi,
3136 3346 3189 3392 et
3213 3340 3337 3408 quia
3367 3343 3549 3395 statim
3593 3344 3731 3398 inve-

2166 3422 2321 3476 nistis
2346 3438 2451 3486 me,
2477 3424 2746 3479 occultare
2771 3442 2876 3482 non
2901 3442 2986 3483 me
3013 3443 3250 3499 possum,
3278 3439 3333 3486 et
3362 3431 3406 3487 si
3439 3449 3557 3487 mea
3591 3436 3731 3507 igno-

2165 3517 2297 3570 ratis
2325 3517 2521 3580 debita,
2564 3527 2846 3586 postquam
2876 3535 2960 3574 me
2987 3522 3253 3591 coegistis,
3288 3532 3581 3593 antequam
3613 3543 3729 3581 exa-

2163 3604 2396 3667 minetis,
2440 3605 2718 3661 verissime
2761 3607 3116 3663 manifestem.
3163 3611 3380 3666 Debitor
3418 3630 3535 3668 sum
3583 3619 3726 3672 vobis

2159 3694 2299 3748 hanc
2352 3697 2702 3764 quaestionem
2756 3698 2821 3753 de
2875 3697 3034 3755 ﬂuvio
3083 3701 3277 3756 Ethan.
3331 3702 3607 3775 Scriptum
3652 3719 3728 3764 est

2158 3787 2300 3841 enim
2342 3806 2353 3840 :
2401 3788 2476 3841 Tu
2515 3789 2758 3858 (Ιίνιιρὶεεί
2800 3791 2984 3860 fontes,
3029 3802 3076 3845 et
3105 3803 3391 3859 torrentes;
3429 3807 3485 3849 tu
3520 3801 3726 3854 siccasti

2155 3878 2339 3946 ﬂuvios
2371 3877 2607 3949 [fluvium
2649 3881 2736 3936 hic
2779 3890 2832 3935 et
2873 3883 3032 3955 infra]
3072 3885 3268 3939 Ethan.
3311 3888 3449 3944 Ecce
3488 3891 3721 3947 debitum

2156 3984 2355 4024 meum.
2397 3969 2501 4025 Sed
2532 3987 2700 4040 quare
2734 3974 2955 4028 siccavit
2992 3975 3179 4030 ﬂuvios
3211 3976 3384 4032 Ethan
3421 3981 3717 4038 videamus.

2153 4058 2347 4114 Audite
2380 4076 2474 4128 per
2503 4064 2814 4132 prophetam
2841 4064 3107 4119 dicentem
3145 4084 3158 4119 :
3201 4066 3336 4121 Ecce
3367 4085 3458 4138 ego
3493 4069 3598 4138 feci
3635 4090 3720 4126 no-

2153 4166 2288 4215 vam,
2333 4152 2458 4204 dicit
2502 4151 2770 4215 Dominus,
2817 4155 2871 4206 in
2910 4155 3108 4208 deserto
3151 4157 3306 4222 viam,
3335 4167 3382 4211 et
3426 4160 3481 4213 in
3527 4178 3717 4232 aquoso

2151 4241 2392 4308 ﬂumina,
2421 4252 2476 4296 et
2503 4243 2545 4296 si
2577 4242 2834 4298 Dominus
2861 4246 3037 4300 omnia
3066 4245 3304 4311 ﬂumina,
3337 4250 3496 4304 etiam
3526 4264 3583 4306 et
3611 4270 3716 4308 ma—

2151 4329 2231 4383 ria
2257 4329 2411 4397 fecit,
2444 4347 2540 4386 cur
2581 4348 2705 4402 ergo
2731 4333 2874 4388 solus
2911 4335 3084 4389 Ethan
3126 4336 3344 4392 ﬂuvium
3390 4341 3617 4398 siccavit
3644 4346 3716 4399 di-

2149 4429 2307 4474 cente
2342 4423 2599 4490 propheta
2629 4442 2640 4475 :
2679 4423 2754 4476 Tu
2780 4425 3023 4494 dirupisti
3051 4426 3239 4495 fontes,
3274 4439 3320 4481 et
3357 4440 3630 4496 torrentes,
3661 4444 3713 4486 tu

2147 4509 2356 4561 siccasti
2403 4510 2586 4577 ﬂuvios
2634 4510 2826 4565 Ethan.
2877 4512 3116 4582 Denique
3164 4516 3449 4586 allegorice
3495 4522 3713 4593 intelligi

2146 4598 2313 4651 voluit
2353 4598 2488 4653 alius
2524 4598 2714 4654 ﬂuvius
2756 4601 2963 4665 Etban,
3007 4605 3225 4673 stirpem
3256 4608 3425 4672 Esau,
3471 4625 3536 4665 eo
3573 4613 3710 4680 quod

2145 4701 2251 4740 non
2276 4689 2588 4756 propagavit
2601 4689 2836 4743 sobolem
2859 4691 2912 4744 in
2939 4691 3060 4747 ﬁliis
3079 4693 3264 4761 Jacob,
3292 4698 3502 4753 dicente
3525 4699 3707 4755 lsaach

2144 4784 2299 4843 patre
2331 4790 2516 4829 eorum
2561 4778 2629 4831 ad
2665 4775 2832 4833 Jacob
2859 4793 2873 4832 :
2903 4776 3118 4835 Crescas
3159 4784 3214 4836 in
3253 4785 3391 4838 mitte
3428 4787 3618 4852 millia,
3661 4798 3706 4841 et

482 4869 717 4912 menses.
756 4855 835 4910 Ex
873 4871 980 4927 quo
1012 4856 1189 4912 lumen
1227 4859 1431 4928 recepi,
1466 4866 1521 4912 et
1561 4859 1626 4914 de
1662 4861 1815 4916 vulva
1853 4866 2042 4918 matris
2066 4882 2120 4942 ι)
2143 4864 2521 4934 multipliceris,
2555 4875 2609 4918 ut
2649 4883 2808 4920 arena
2845 4870 3025 4935 maris,
3066 4881 3116 4924 et
3145 4883 3284 4926 astra
3319 4875 3453 4940 creti,
3489 4887 3535 4929 et
3574 4879 3707 4931 velut

481 4961 618 5001 mete
651 4961 902 5016 egressus
933 4963 1086 5014 sum,
1129 4965 1402 5019 nunquam
1432 4957 1578 5004 tanta
1618 4950 1819 5020 ﬂagella
1854 4970 2043 5024 passus

480 5050 635 5101 sum,
674 5051 945 5107 nunquam
973 5035 1053 5092 sic
1081 5047 1415 5104 coarctatus,
1452 5042 1716 5109 quomodo
1752 5052 1975 5100 externo
2011 5062 2041 5102 a

478 5126 632 5181 vobis
658 5123 733 5180 fui
759 5127 863 5181 die.
890 5127 957 5180 Et
979 5127 1024 5182 si
1049 5136 1195 5183 tanta
1223 5130 1384 5183 etiam
1421 5130 1704 5186 delectatio
1736 5143 1816 5188 est
1840 5151 1925 5190 me
1954 5152 2044 5192 vo-

478 5217 564 5273 bis
591 5218 807 5282 cedere,
840 5227 895 5273 et
932 5219 1186 5274 auriculis
1213 5221 1316 5274 huc
1344 5221 1469 5275 illuc
1503 5230 1822 5288 attrectare,
1849 5235 1904 5278 et
1934 5241 2041 5280 ma-

479 5308 640 5362 nibus
681 5319 801 5377 post
833 5316 982 5378 terga
1021 5308 1261 5377 religatis
1296 5309 1533 5364 vinctum
1568 5311 1780 5377 ducere,
1821 5313 2042 5383 insuper

478 5396 700 5451 dorsum
721 5406 1012 5466 pectusque
1044 5397 1330 5468 ﬂagellare,
1362 5409 1416 5454 et
1441 5401 1575 5455 meis
1599 5403 1829 5472 scapulis
1855 5404 2038 5474 plagas

479 5485 915 5555 snperimponere
953 5488 1302 5542 consentiam.
1343 5488 1526 5542 Facite
1566 5491 1707 5558 quod
1745 5491 1936 5558 vultis,
1983 5503 2040 5548 et

477 5583 600 5647 post
627 5577 740 5632 lucc
766 5580 976 5645 omnia,
1007 5580 1165 5634 sinite
1193 5594 1306 5642 me,
1334 5587 1387 5634 et
1415 5594 1445 5632 a
1475 5594 1560 5634 me
1583 5591 1810 5648 cessate,
1836 5585 2038 5653 patien-

481 5667 608 5721 tiam
637 5667 886 5734 tribuite,
917 5681 972 5724 et
1003 5671 1230 5726 alienate
1266 5686 1358 5726 vos
1401 5685 1430 5724 a
1458 5685 1576 5737 me,
1611 5680 1665 5726 et
1687 5683 1942 5742 quantum
1968 5675 2036 5730 de

2143 4952 2308 5022 pulvis
2331 4961 2500 5017 teme,
2531 4953 2804 5023 germines,
2839 4967 2895 5009 ut
2920 4957 3092 5012 herba:
3129 4961 3366 5025 virentes,
3408 4963 3706 5019 dilataberis

2143 5045 2212 5098 ad
2243 5043 2526 5108 Orientem,
2558 5056 2607 5098 et
2633 5044 2984 5115 Occidentem,
3022 5061 3070 5104 et
3103 5051 3171 5104 ad
3201 5050 3629 5121 Septentrionem,
3655 5067 3702 5110 et

2145 5134 2435 5188 Meridiem.
2458 5136 2539 5190 Ad
2562 5136 2703 5191 Esau
2728 5146 2906 5193 autem
2931 5157 2943 5192 :
2972 5139 3110 5206 Quid
3137 5142 3226 5195 tibi
3257 5144 3471 5211 faciam,
3493 5145 3568 5214 ﬁli
3589 5147 3665 5198 mi
3678 5148 3704 5199 Ρ

2141 5224 2263 5293 quia
2289 5223 2554 5276 dominum
2588 5235 2736 5279 tuum
2777 5227 2926 5281 illum
2954 5231 3212 5284 constitui.
3255 5232 3400 5287 Vives
3428 5234 3623 5304 gladio,
3650 5246 3701 5288 et

2139 5312 2295 5380 fratri
2337 5322 2424 5366 tuo
2463 5317 2672 5370 servies.
2715 5315 2822 5372 Sed
2856 5326 3032 5374 tamen
3063 5325 3407 5390 quaarendum
3439 5325 3586 5380 nobis
3614 5333 3698 5379 est

2138 5403 2291 5456 valde
2335 5403 2703 5472 historialiter,
2749 5409 2922 5477 qualis
2969 5411 3068 5466 iste
3122 5412 3312 5470 ﬂuvius
3357 5416 3529 5472 Etban
3568 5415 3695 5471 fuit.

2136 5490 2388 5564 Legimus
2412 5495 2465 5549 in
2493 5496 2676 5554 Exodo
2705 5501 2917 5568 quando
2946 5503 3236 5559 transducti
3263 5517 3388 5562 sunt
3412 5508 3505 5564 ﬁlii
3533 5509 3699 5564 Israel

2135 5598 2232 5652 per
2261 5600 2408 5640 mare
2436 5586 2697 5653 Rubrum,
2730 5605 2836 5645 non
2863 5600 2984 5659 post
3007 5593 3200 5649 multos
3229 5596 3344 5652 dies
3372 5609 3606 5654 venerunt
3638 5601 3695 5652 in

2138 5673 2304 5728 locum
2330 5716 2344 5740 ,
2396 5676 2486 5746 qui
2532 5678 2725 5732 dicitur
2769 5679 2919 5734 Mora
2968 5680 3187 5754 [Mam].
3235 5684 3310 5740 lbi
3354 5687 3497 5742 enim
3539 5701 3696 5753 aqua:
