3956 6190
331 346 435 402 5ἔο

1383 349 1580 406 ΜΒΕῆ
1618 351 2102 410 PONTIFICALIS.
2134 386 2205 395 —
2237 355 2414 412 PARS
2450 357 2490 412 1.
2646 409 2649 418 λ
3437 369 3540 424 570

327 473 528 513 amara!
556 455 692 511 satis
716 465 887 513 erant.
941 457 1084 514 Mora
1116 458 1304 533 [Mara]
1337 479 1464 517 vero
1491 481 1673 518 amara
1718 466 1884 521 inter-
1912 477 1963 535 Α
1986 469 2132 522 misit
2152 470 2369 534 tentari,
2390 479 2573 526 utnon
2597 472 2817 529 callidus
2843 474 3044 531 diceret
3070 479 3318 534 seductor
3387 483 3546 536 aliaat

330 560 592 621 pretatur.
634 549 738 602 Pro
775 550 937 604 nimia
972 559 1148 605 autem
1193 554 1546 608 amaritudine
1584 571 1688 609 non
1725 571 1790 611 ex
1820 572 1884 610 ea

331 644 554 717 populus
587 645 821 712 putabat.
853 644 954 699 Sed
990 645 1206 701 arefacti
1248 663 1277 700 a
1322 648 1406 702 siti
1451 649 1763 704 invenerunt
1791 648 1888 702 ﬂu-

335 748 452 787 men
488 733 692 798 Ethan,
737 743 791 787 et
833 735 1021 789 hausta
1053 751 1188 804 aqua
1231 737 1514 801 biberunt,
1559 753 1886 807 corporaque

338 839 514 879 eorum
547 824 600 877 in
633 833 894 878 tumorem
929 841 1080 879 versa
1115 834 1260 890 sunt,
1302 836 1461 896 atque
1501 827 1672 881 Ethan
1715 843 1883 896 aquae,

343 917 482 971 aiunt
521 916 760 986 quidam,
805 932 907 970 non
955 917 1125 970 solum
1151 933 1344 971 amara:
1373 927 1554 976 erant.
1602 919 1692 972 sed
1725 921 1884 974 etiam

346 1010 576 1063 bibentes
621 1007 672 1061 in
717 1017 977 1062 tumorem
1008 1010 1317 1070 vertebant,
1363 1017 1418 1063 et
1454 1010 1889 1079 dirumpebantur

350 1090 535 1152 viscera
561 1112 765 1152 eorum.
799 1097 947 1150 Tunc
977 1096 1248 1150 vociferati
1284 1106 1406 1151 sunt
1442 1098 1507 1151 ad
1549 1098 1805 1168 Moysem,
1834 1108 1888 1152 et

357 1189 542 1257 Hoyses
580 1188 754 1242 oravit
795 1203 914 1241 cum
960 1187 1088 1256 ipsis
1127 1188 1194 1242 ad
1231 1188 1535 1252 Dominum,
1582 1199 1636 1243 et
1671 1189 1892 1244 siccavit

353 1279 585 1332 Dominus
630 1276 847 1330 ﬂuvium
893 1276 1082 1330 Ethan.
1135 1272 1315 1331 Potest
1359 1286 1413 1330 et
1462 1278 1601 1331 aliud
1646 1279 1884 1349 intelligi.

356 1370 506 1423 Ethan
538 1367 728 1423 ﬂuvius
757 1366 1068 1438 intelligitur
1104 1367 1358 1430 diabolus,
1383 1369 1474 1436 qui
1515 1383 1696 1423 verum
1725 1385 1886 1424 vene-

356 1476 465 1513 num
487 1468 537 1514 et
562 1460 614 1513 in
644 1458 891 1529 superbia
920 1457 1115 1511 tumida
1140 1457 1273 1512 colla
1303 1457 1524 1512 extollit.
1556 1459 1669 1527 Ipse
1699 1459 1890 1529 sagitta

355 1551 488 1618 plena
526 1549 732 1604 tossicis
760 1548 936 1602 succis
965 1531 1148 1603 servos
1177 1545 1507 1619 [conservos]
1551 1548 1641 1602 Dei
1680 1564 1890 1618 semper

359 1640 552 1708 sagittat
598 1634 828 1694 stimulis
873 1635 1333 1708 [incontinentiae].
1387 1637 1492 1692 Sed
1530 1638 1751 1692 veniens
1795 1653 1892 1708 per

359 1730 602 1799 Virginem
632 1727 878 1783 Christus
903 1728 1132 1782 Verbum
1150 1767 1165 1793 ,
1201 1727 1422 1782 siccavit
1447 1726 1662 1781 ﬂuvium
1690 1728 1883 1792 Ethan,

1984 557 2212 613 formam
2253 562 2438 615 habuit
2476 562 2676 639 Adam,
2721 565 2878 619 aliam
2909 566 3171 623 Christus.
3210 568 3408 626 Videns
3437 572 3546 626 for-

1983 662 2124 700 mam
2149 648 2366 714 Christi,
2395 651 2646 719 cogitavit
2669 652 2812 706 Adae.
2841 655 3080 723 Aunalis
3105 657 3296 723 forma,
3322 662 3412 714 sed
3439 678 3545 715 non

1983 739 2211 808 aequales
2237 741 2462 796 virtutes
2491 742 2729 813 [aequalis
2755 745 2995 817 virtute].
3030 748 3270 804 Hominis
3293 749 3541 808 Christus

1984 826 2174 907 forma,
2203 831 2293 884 sed
2320 831 2506 886 deiﬂca
2529 833 2714 888 virtus.
2740 834 2796 886 In
2821 835 2998 888 multis
3019 852 3296 904 possumus
3310 841 3548 907 reperire

1984 905 2114 972 locis
2144 919 2194 971 in
2221 930 2399 974 sancta
2433 921 2728 990 Scriptura.
2760 923 2854 978 Ubi
2901 924 3068 978 Adam
3098 905 3543 994 peccavitaChri-

1985 1017 2098 1061 stus
2127 1010 2665 1076 recuperavit.'Adam
2696 1027 2790 1082 per
2817 1016 2990 1084 gulam
3015 1019 3271 1084 peccavit,
3299 1018 3544 1072 Christus
3629 1057 3634 1062 -

1984 1111 2080 1164 per
2108 1098 2480 1152 abstinentiam
2522 1101 2785 1155 diabolum
2831 1105 3116 1172 superavit.
3150 1105 3316 1158 Adam
3343 1107 3406 1160 de
3435 1107 3546 1159 vir-

1985 1185 2106 1254 gine
2138 1195 2300 1250 terra,
2341 1186 2584 1243 Christus
2628 1192 2691 1244 de
2720 1192 2925 1262 virgine
2972 1193 3153 1248 Maria.
3198 1195 3364 1249 Terra
3405 1195 3545 1249 dicta

1986 1283 2071 1328 est
2099 1291 2126 1327 a
2157 1276 2381 1345 pedibus
2411 1278 2666 1341 terendo;
2707 1280 2869 1334 Maria
2899 1282 3282 1350 interpretatur
3311 1284 3541 1345 domina,

1986 1363 2098 1416 sive
2125 1363 2275 1417 stella
2300 1365 2484 1428 maris,
2514 1367 2626 1420 sive
2654 1367 3025 1434 illuminatrix;
3075 1379 3129 1424 et
3168 1372 3211 1426 si
3256 1371 3391 1426 forte
3421 1371 3548 1442 [alio

1986 1452 2166 1525 modo]
2212 1454 2375 1508 Maria
2417 1457 2752 1524 produxeris,
2785 1459 2835 1512 id
2866 1468 2948 1514 est
2986 1461 3330 1527 breviaveris,
3383 1463 3547 1517 Maria

1987 1545 2204 1610 dixeris,
2228 1555 2281 1600 et
2299 1547 2573 1616 plenitudo
2594 1549 2923 1617 intelligitur.
2947 1550 3113 1605 Adam
3136 1568 3284 1611 suam
3311 1552 3544 1624 [suasus]

1985 1650 2083 1704 per
2106 1636 2447 1690 mulierem...
2471 1637 2715 1692 Christus
2742 1650 3050 1694 restaurans
3076 1641 3366 1696 Ecclesiam
3391 1653 3548 1697 natus

1990 1728 2056 1780 de
2081 1726 2319 1780 muliere.
2355 1727 2523 1781 Adam
2551 1729 2801 1799 deceptus
2824 1746 2918 1800 per
2940 1732 3161 1801 lignum,
3187 1732 3428 1787 Christus
3457 1751 3543 1789 re-

358 1819 442 1873 boc
465 1827 540 1873 est
563 1817 807 1888 religavit
832 1817 1098 1872 diabolum
1126 1816 1417 1887 principem
1446 1819 1653 1883 mortis,
1683 1830 1885 1874 restau«
1911 1813 1959 1873 B
1986 1818 2246 1872 stauravit
2284 1819 2536 1871 mundum
2578 1835 2674 1888 per
2716 1820 2932 1891 lignum.
2972 1821 3140 1875 Adam
3173 1822 3443 1891 projectus
3481 1825 3546 1878 de

357 1911 478 1964 tavit
497 1909 768 1985 mundum,
798 1917 852 1962 et
873 1909 1124 1963 misertus
1146 1917 1229 1962 est
1259 1908 1491 1962 humano
1520 1909 1721 1979 generi.
1752 1909 1816 1964 Et
1841 1909 1887 1963 si

357 1997 477 2053 Deus
516 1999 783 2053 hominem
826 1996 972 2062 fecit,
1020 1999 1308 2052 secundum
1359 1999 1501 2070 quod
1545 1999 1787 2070 legimus,
1836 2007 1891 2055 et

356 2091 584 2144 mundum
628 2100 797 2146 totum
840 2089 1130 2146 fabricatus
1152 2100 1233 2146 est
1267 2092 1433 2158 solus,
1479 2109 1576 2148 cur
1616 2109 1745 2164 ergo
1793 2111 1885 2150 ne-

355 2197 483 2236 cesse
528 2181 625 2236 fuit
671 2183 872 2236 homini
917 2183 1229 2248 subvenire,
1296 2195 1348 2239 et
1397 2187 1648 2240 mundum
1695 2188 1885 2241 iterum

354 2273 674 2339 restaurare?
700 2272 936 2327 Primum
961 2289 1026 2328 ex
1056 2274 1181 2328 limo
1207 2283 1361 2329 teme
1385 2274 1509 2330 fecit
1537 2277 1887 2352 hominemjn

353 2376 566 2426 carnem,
613 2372 665 2419 et
705 2363 850 2418 dedit
891 2363 966 2418 illi
1007 2365 1356 2434 spiraculum;
1392 2374 1510 2436 post
1544 2367 1707 2421 multa
1750 2377 1886 2424 tem-

338 2468 459 2522 pora
493 2455 822 2524 regeneravit
865 2468 960 2524 per
992 2455 1236 2524 gratiam.
1285 2453 1396 2510 Non
1424 2456 1547 2524 quia
1587 2471 1688 2509 non
1718 2457 1890 2526 potuit

332 2545 472 2599 Deus
502 2545 772 2600 hominem
796 2545 1022 2600 educere
1047 2545 1112 2600 de
1145 2545 1334 2615 laqueo
1363 2546 1572 2611 mortis,
1601 2546 1704 2600 nisi
1745 2562 1888 2601 sum-

326 2640 864 2712 psisset-virgineam
911 2655 1146 2694 carnem.
1198 2638 1391 2703 Potuit,
1441 2647 1495 2695 et
1543 2640 1656 2694 sine
1705 2640 1883 2705 dubio,

323 2733 515 2796 credo,
545 2731 736 2800 potuit,
766 2736 818 2786 et
845 2745 943 2784 cur
978 2745 1084 2786 non
1115 2728 1276 2785 fecit?
1317 2730 1570 2799 Superius
1601 2731 1709 2800 jam
1739 2730 1888 2785 audi-

321 2825 422 2879 stis
452 2841 468 2876 :
507 2821 635 2888 Quis
657 2821 886 2892 cognovit
913 2837 1116 2876 sensum
1143 2821 1372 2886 Domini,
1395 2833 1485 2874 aut
1509 2823 1622 2892 quis
1647 2822 1888 2876 consilia-

319 2916 437 2968 rius
467 2912 584 2982 ejus
614 2911 755 2980 fuit?
779 2910 882 2966 Sed
905 2911 958 2966 in
985 2920 1238 2980 quantum
1262 2911 1409 2965 valeo
1431 2911 1603 2965 dicam
1629 2911 1891 2965 veraciter

323 3021 450 3060 cum
483 3019 677 3074 magno
699 3003 904 3057 timore.
931 3001 1061 3057 Erat
1096 3002 1254 3057 homo
1279 3010 1428 3056 extra
1472 3000 1561 3073 [ex
1590 3001 1754 3073 terra]
1782 3013 1888 3056 ter-

324 3110 511 3159 renus,
558 3093 758 3148 carnali
797 3093 1002 3162 positus
1041 3092 1091 3145 in
1133 3090 1398 3160 paradiso,
1427 3089 1662 3159 subjecta
1702 3091 1800 3164 sub
1824 3106 1888 3146 eo

325 3187 532 3249 omnia,
561 3195 615 3240 et
636 3185 882 3254 princeps
906 3183 1078 3238 omnis
1101 3191 1379 3238 creatura.
1417 3181 1615 3236 Videns
1640 3181 1888 3252 spiritua-
1916 3167 1961 3230 C

327 3275 394 3330 lis
433 3273 678 3330 diabolus
706 3282 882 3328 tantas
909 3273 1124 3328 divitias
1150 3273 1198 3328 ei
1242 3273 1484 3339 traditas,
1528 3274 1758 3328 tumidus
1795 3289 1885 3329 su-

329 3366 536 3436 perbia,
569 3379 821 3419 accensus
850 3362 1052 3430 furore,
1082 3378 1147 3418 ac
1174 3364 1219 3418 si
1245 3363 1446 3418 diceret
1472 3381 1485 3417 :
1513 3378 1577 3417 ex
1605 3363 1740 3418 cmlo
1762 3378 1886 3432 pro-

334 3457 505 3526 iectus
534 3470 673 3520 sum,
701 3454 1011 3524 dignitatem
1039 3454 1241 3524 perdidi
1278 3453 1588 3524 angelicam,
1621 3462 1675 3509 et
1701 3470 1886 3524 quam-

337 3547 413 3600 vis
445 3545 700 3616 spiritalis
747 3560 900 3610 sum,
936 3545 1162 3599 amissus
1204 3545 1439 3599 coelestia
1482 3553 1699 3599 externa
1743 3545 1887 3600 dele-

341 3645 599 3691 ctamenta
621 3677 634 3697 ,
666 3635 798 3689 nihil
825 3635 1014 3689 habeo.
1047 3635 1149 3688 Iste
1179 3635 1335 3688 modo
1370 3635 1548 3688 statim
1579 3642 1638 3687 ut
1674 3646 1886 3690 creatus

346 3737 418 3780 est
444 3726 622 3781 omnia
651 3727 788 3782 bona
818 3725 1010 3780 tradita
1040 3725 1112 3779 illi
1143 3733 1297 3790 sunt,
1333 3726 1548 3796 insuper
1573 3727 1762 3797 gaudia
1796 3742 1886 3796 pa-

346 3821 516 3875 radisi.
566 3820 676 3890 Ego
722 3818 846 3888 quid
900 3815 1127 3872 faciam?
1158 3817 1268 3872 Hac
1295 3818 1509 3882 invidia,
1562 3817 1883 3885 charissimi,

345 3909 570 3976 quotidie
595 3907 832 3963 diabolus
867 3915 1051 3962 contra
1090 3908 1462 3976 protoplastem
1500 3907 1884 3963 inardescebat.

345 3997 500 4070 Igitur
535 4001 835 4070 excogitata
875 3998 1076 4052 malitia
1115 3999 1383 4068 ingressus
1419 4007 1501 4053 est
1536 3999 1589 4052 in
1628 3998 1888 4068 serpentis

345 4089 546 4143 belvino
582 4096 811 4159 gutture,
845 4095 900 4142 et
939 4102 1034 4156 per
1073 4087 1248 4157 gulam
1294 4087 1462 4142 suasit
1501 4087 1803 4150 hominem,
1835 4095 1890 4140 et

343 4193 616 4252 postquam
661 4181 862 4251 spernit
903 4188 1225 4250 praeceptum
1264 4179 1453 4244 Adam,
1497 4194 1681 4232 omnes
1707 4193 1887 4232 secum

344 4279 594 4348 perdidit,
624 4285 677 4333 et
703 4276 937 4331 diabolus
965 4291 1069 4329 non
1091 4273 1256 4328 solum
1279 4273 1583 4337 exsultavit,
1617 4273 1709 4327 sed
1729 4273 1888 4326 etiam

345 4367 550 4421 delusit.
587 4367 724 4420 Ecce
752 4363 1073 4436 trangressio
1099 4362 1284 4415 mortis
1310 4361 1363 4415 in
1395 4360 1583 4415 Adam.
1632 4360 1687 4415 Si
1715 4361 1890 4414 consi-

344 4456 535 4511 deretis
558 4454 834 4525 prudentia
872 4467 1064 4522 magna
1091 4466 1271 4504 coram
1302 4450 1468 4514 vobis,
1497 4465 1613 4518 quae
1647 4450 1886 4519 apposita

343 4554 421 4599 est
444 4545 696 4614 quaestio;
728 4543 820 4598 sed
855 4541 1072 4611 juvante
1098 4540 1321 4595 Domino
1349 4539 1616 4595 soluturus
1652 4556 1764 4595 ero.
1796 4541 1886 4595 Vi-

342 4643 486 4689 cerat
513 4633 752 4687 diabolus
781 4631 944 4686 ﬁlium
977 4639 1132 4686 terra:
1159 4630 1378 4701 virginis
1396 4670 1410 4694 ,
1441 4644 1658 4685 necesse
1685 4638 1802 4685 erat
1827 4638 1887 4686 ut

341 4741 371 4779 a
394 4725 531 4780 Filio
559 4726 860 4778 vinceretur
889 4722 1067 4776 Mariae
1104 4721 1355 4792 Virginis.
1385 4721 1465 4774 Ex
1508 4721 1635 4776 limo
1681 4729 1735 4776 et
1762 4723 1888 4776 sub-

339 4817 532 4872 stantia
569 4825 723 4870 terrae
748 4813 919 4869 factus
955 4821 1036 4867 est
1077 4814 1232 4868 homo
1257 4812 1484 4868 carnalis
1511 4823 1769 4867 terrenus.
1805 4813 1889 4874 Ex.

341 4905 513 4960 Verbo
535 4905 629 4959 Dei
649 4912 704 4958 et
722 4902 959 4972 virgineo
983 4902 1153 4956 Verbo
1175 4900 1345 4956 factus
1367 4911 1448 4955 est
1469 4903 1627 4956 homo
1653 4902 1881 4957 carnalis

336 5003 392 5050 et
428 4993 739 5063 spiritualis.
777 4991 1094 5045 Tentaverat
1127 4990 1367 5044 diabolus
1392 4998 1660 5044 terrenum
1682 5031 1697 5055 ,
1725 5000 1778 5045 et
1805 5007 1888 5046 se-

336 5085 563 5142 duxerat
613 5081 900 5155 [seduxit];
949 5079 1172 5133 tentavit
1204 5080 1493 5143 caelestem,
1540 5087 1594 5134 et
1635 5079 1888 5135 confusus

332 5174 614 5231 abscessit.
654 5173 775 5227 Ideo
819 5183 1036 5225 necesse
1082 5177 1196 5222 erat
1240 5177 1300 5222 ut
1334 5167 1425 5238 qui
1463 5169 1627 5223 tilium
1665 5171 1887 5242 virginis

330 5269 560 5329 vicerat,
591 5263 780 5332 a‘Filio
804 5260 1033 5329 Virginis
1064 5260 1392 5325 vinceretur;
1425 5268 1485 5314 ut
1511 5262 1671 5331 Virgo
1693 5262 1885 5316 iterum

331 5364 630 5428 repararet,
662 5369 818 5423 quem
845 5361 1000 5406 antea
1025 5367 1119 5420 per
1142 5351 1306 5404 Deum
1333 5361 1679 5418 generaverat
1704 5353 1882 5422 Virgo.

329 5448 514 5516 Quare
548 5460 651 5499 non
679 5459 774 5513 per
814 5441 1045 5512 angelos,
1094 5449 1185 5494 aut
1211 5455 1305 5510 per
1344 5441 1574 5510 aliquam
1601 5442 1721 5496 (εωιί
1750 5444 1888 5497 mili-

330 5539 488 5602 tiam,
521 5536 612 5590 sed
641 5550 736 5604 per
758 5533 1094 5602 semetipsum
1121 5531 1414 5600 principem
1442 5533 1736 5585 dzemonum
1760 5548 1884 5602 pro-

331 5627 557 5685 stravit?
582 5625 834 5680 Diabolus
865 5639 968 5678 non
991 5621 1314 5692 spiritualem
1331 5621 1553 5676 formam
1583 5624 1812 5693 inspexit
1831 5626 1886 5679 in

330 5717 524 5783 Adam,
551 5717 644 5773 sed
670 5713 954 5771 carnalem.
990 5712 1112 5769 Ideo
1139 5712 1382 5769 Christus
1417 5713 1646 5769 carnalis
1671 5730 1728 5770 se
1767 5730 1886 5787 per-

1986 1908 2250 1976 paradiso,
2283 1907 2527 1964 Christus
2563 1910 2616 1962 in
2642 1926 2801 1965 cruce
2829 1910 3112 1966 Latronem
3155 1913 3451 1967 introduxit
3492 1914 3543 1967 in

1986 1998 2313 2066 paradisum.
2361 1997 2530 2051 Adam
2575 1997 2844 2068 proiectus
2885 2001 2934 2052 in
2986 1999 3268 2066 infernum,
3300 2001 3546 2056 Christus

1986 2088 2266 2142 retrahens
2317 2102 2438 2141 eum
2489 2089 2554 2142 de
2608 2089 2832 2144 inferno.
2885 2091 3020 2145 Ecce
3068 2091 3209 2146 inter
3262 2103 3547 2161 utrumque

1987 2179 2161 2249 qualis
2209 2180 2518 2235 similitudo.
2565 2182 2735 2236 Homo
2785 2184 3128 2253 semetipsum
3174 2186 3439 2254 perdidit,
3492 2195 3546 2239 et

1985 2269 2152 2325 Filius
2197 2270 2288 2324 Dei
2336 2285 2522 2325 omnes
2563 2270 2826 2336 liberavit,
2874 2273 2962 2341 qui
3011 2282 3091 2327 est
3136 2275 3444 2328 benedictus
3491 2275 3544 2327 in

1993 2359 2210 2414 saecula.
2244 2359 2336 2413 Vir
2367 2369 2540 2413 autem
2565 2361 2665 2413 iste
2710 2361 3027 2416 Aurelianus
3061 2370 3182 2430 post
3230 2378 3397 2430 pauca
3447 2378 3545 2416 an-

1984 2465 2174 2504 norum
2203 2449 2468 2504 curricula
2501 2450 2782 2505 defunctus
2808 2461 2889 2506 est
2926 2453 2978 2506 in
3008 2468 3137 2522 pace
3166 2452 3273 2507 VII.
3310 2451 3425 2506 Kal.
3454 2450 3548 2504 Ju-

1985 2543 2081 2597 nii.
2113 2541 2416 2598 Observans
2442 2543 2581 2598 beati
2613 2543 2754 2598 Petri
2787 2544 3092 2616 Chrysologi
3119 2554 3402 2615 praecepta,
3437 2562 3541 2600 non

1986 2635 2270 2689 declinavit
2308 2651 2374 2689 ex
2409 2636 2506 2689 eis.
2559 2635 2806 2691 IEdiﬁcia
2849 2653 2979 2692 vero
3017 2639 3204 2692 domus
3245 2638 3548 2692 inconsum—

1985 2732 2126 2778 mata
2155 2723 2387 2792 reliquit.
2421 2722 2671 2794 Sepultus
2709 2735 2792 2781 est
2835 2727 2887 2780 in
2920 2727 3144 2781 ecclesia
3175 2726 3544 2797 Apostolorum

1979 2813 2131 2882 juxta
2167 2815 2444 2869 ambonem
2481 2830 2586 2868 non
2630 2815 2784 2884 longe
2828 2831 2857 2868 a
2898 2815 3098 2868 tumulo
3127 2816 3215 2868 ubi
3248 2816 3431 2870 beatus
3461 2830 3546 2869 re-

1985 2905 2212 2973 quiescit
2239 2905 2415 2970 Neon,
2448 2913 2731 2974 antequam
2771 2922 2800 2959 a
2846 2906 2998 2960 nobis
3029 2906 3224 2961 Neonis
3252 2922 3444 2976 corpus
3479 2908 3544 2961 ad

1987 2996 2165 3049 sedem
2192 2995 2508 3050 translatum
2540 2995 2745 3050 fuisset.
2789 2995 2937 3050 Sedit
2962 3004 3136 3051 autem
3167 3011 3541 3052 annos.........

1986 3100 2356 3140 menses.......
2385 3085 2683 3140 dies.......-

2483 3293 3041 3351 OBSERVATIONES

2341 3402 2410 3444 Αι)
2447 3402 2612 3440 VITAM
2649 3401 2831 3440 SANCTI
2870 3401 3170 3440 AURELIANI.

1982 3477 2317 3548 Pomposiani
2345 3479 2641 3548 monasterii
2669 3477 2816 3548 initia
2845 3493 2912 3548 un
2942 3475 3022 3548 hic
3049 3476 3358 3548 iudicentur.
3385 3475 3540 3548 tas

2051 3545 2253 3618 Agnelli
2289 3549 2398 3601 hmo
2421 3547 2812 3618 scribentisuet
2848 3545 3070 3618 inuliud
3109 3554 3304 3618 tempus
3345 3547 3540 3616 reliqua

2052 3613 2356 3686 iii/ferentis.
2394 3615 2704 3668 Aurelianus
2736 3613 3030 3667 Hormiadce
3058 3616 3394 3682 synchronus.

2051 3709 2092 3762 l.
2134 3708 2307 3761 Pauca
2346 3707 2410 3760 de
2448 3705 2735 3759 Aureliano
2774 3703 2916 3758 Petri
2961 3701 3194 3757 Junioris
3234 3720 3542 3760 successore

1984 3778 2144 3832 tradit
2178 3778 2264 3831 hic
2303 3786 2503 3839 noster,
2542 3790 2712 3843 pauca
2753 3774 2911 3826 etiam
2952 3774 3150 3826 habent
3188 3775 3537 3843 recentiores.

1983 3848 2250 3902 Habemus
2274 3855 2450 3900 tamen
2487 3841 2645 3897 unum
2686 3843 2824 3911 quod
2870 3843 3145 3895 historiam
3180 3841 3349 3907 juvet,
3395 3845 3541 3898 initia

1982 3918 2226 3972 videlicet
2251 3915 2582 3970 celeberrimi
2608 3912 2941 3979 Pomposiani
2973 3913 3302 3974 monasterii,
3334 3922 3391 3966 ut
3421 3929 3542 3966 sen-

1985 3988 2051 4041 tit
2076 3996 2323 4040 notarum
2351 3993 2555 4038 auctor.
2596 3981 2971 4035 Monasterium
3002 3981 3345 4035 nihilominus
3372 3983 3540 4037 Aure-

1984 4057 2110 4110 liani
2151 4064 2388 4122 tempore
2417 4060 2779 4122 constructum
2821 4050 3081 4122 aﬂirmarc
3117 4060 3409 4122 certoinon
3447 4068 3541 4105 au-

1984 4124 2215 4194 sim,qui
2245 4120 2410 4177 sciam
2445 4121 2751 4194 monasterii
2788 4120 3002 4194 nomine
3036 4121 3346 4194 ab'Agnello
3373 4123 3539 4194 aedem

1983 4191 2419 4264 parmciaminon
2464 4193 2742 4264 habentem
2787 4191 3036 4256 intelligi,
3081 4191 3350 4264 ex_dictis
3392 4191 3536 4264 alibi.

1985 4260 2175 4317 Iidem
2195 4263 2372 4330 potius
2392 4271 2517 4315 tunc
2537 4261 2848 4315 aediﬁcatam
2871 4274 3082 4330 censeo,
3096 4260 3180 4313 cui
3204 4261 3538 4326 postmodum

1983 4327 2364 4388 monasterium
2407 4331 2699 4384 accreverit
2739 4337 2858 4398 post
2900 4327 2960 4381 υ.
2994 4330 3263 4383 Benedicti
3304 4337 3535 4384 aetatem.

1985 4403 2302 4472 Ambiguum
2330 4401 2490 4454 etiam
2521 4408 2624 4464 est,
2649 4415 2714 4472 an
2741 4397 2990 4470 Agnellns
3021 4399 3086 4453 de
3117 4398 3405 4453 Tcrritorio
3439 4399 3540 4472 Co-

1988 4469 2236 4526 maclensi
2265 4471 2532 4539 loquatur,
2562 4469 2703 4538 quali
2739 4469 3118 4539 suo_tempore,
3155 4484 3219 4520 an
3249 4481 3406 4537 prout
3430 4469 3540 4523 Au-

1988 4543 2171 4596 reliani
2214 4536 2548 4601 :evo'fuerat,
2580 4536 2650 4592 in
2690 4554 2794 4608 quo
2834 4536 3080 4607 Bajarum
3121 4547 3176 4591 et
3221 4536 3359 4607 Ignis
3401 4540 3535 4594 loca.

1986 4611 2152 4666 Porro
2179 4609 2379 4663 Padum
2409 4618 2642 4662 veterem
2675 4615 2859 4669 vocat,
2902 4624 3058 4669 quem
3089 4608 3300 4662 Volanm
3336 4609 3534 4663 dicunt.

1986 4680 2327 4744 Comaclum,
2379 4677 2686 4748 Cymaclum
2742 4678 2875 4748 dicit
2921 4676 3168 4748 Rubeus,
3242 4676 3535 4747 urbemque

1987 4747 2433 4820 antiquissimam
2455 4749 2635 4802 laudat
2679 4747 2973 4820 agPelasgis
2997 4747 3282 4820 conditam.
3322 4747 3461 4820 Ignis
3486 4757 3541 4820 et

1986 4816 2139 4886 Baias
2164 4819 2421 4873 idolorum
2450 4833 2570 4872 esse
2597 4816 2988 4870 nomina'notat
3015 4816 3284 4886 Aguellus,
3313 4816 3369 4869 at
3399 4817 3538 4872 idola

1985 4885 2285 4965 huiusmodi
2312 4888 2523 4965 aliunde
2553 4886 3011 4965 mihi_ignola..De
3035 4885 3386 4965 Poniposiano
3417 4902 3535 4965 inn-

1986 4953 2218 5013 nasterio
2261 4957 2399 5011 infra
2439 4957 2506 5010 ad
2544 4953 2753 5024 Agnelli
2792 4955 3242 5008 continuationem
3285 4953 3537 5009 nonnulla

1986 5028 2315 5083 adiicientur.

2365 5109 2483 5162 quae
2515 5093 2579 5146 de
2612 5098 2767 5145 aetate
2800 5106 2892 5145 sua
2930 5091 3091 5145 habet
3128 5099 3310 5146 noster
3345 5094 3535 5160 agnovi

1985 5181 2164 5235 supra,
2196 5167 2248 5219 in
2275 5162 2733 5235 observationibus
2761 5162 2838 5235 a_d_
2845 5162 3088 5235 carmina
3114 5162 3260 5229 operi
3296 5165 3532 5235 pra-lixa,

1985 5230 2127 5290 circa
2154 5248 2350 5288 annum
2389 5231 2494 5286 839
2522 5230 2794 5285 Aureliani
2821 5232 2992 5285 Vitam
3027 5245 3145 5284 cum
3185 5233 3534 5298 przecedenti-
3623 5239 3632 5248 ‘

1983 5304 2083 5359 bus
2114 5303 2471 5372 consignasse.
2505 5301 2722 5368 Reliqua
2765 5301 2814 5354 in
2847 5309 3052 5369 tempus
3080 5301 3345 5372 posterius
3371 5300 3536 5353 distu-

1985 5373 2066 5438 lit,
2107 5382 2166 5426 ut
2188 5369 2372 5425 ex'ibi
2417 5372 2679 5423 adnotatis
2707 5378 2943 5433 constat;
2990 5378 3043 5423 et
3081 5369 3219 5436 quod
3264 5370 3534 5424 instantiis

1987 5442 2533 5512 compresbyterorum
2563 5438 3232 5512 pressusminatusfuerat
3262 5438 3419 5512 fecit,
3450 5455 3534 5494 re-

1985 5508 2140 5580 liquit
2170 5508 2414 5564 videlicet
2448 5524 2579 5580 opus
2609 5509 2990 5580 imperfectum.
3030 5509 3245 5580 Interim
3273 5524 3340 5563 ne
3362 5508 3533 5580 Aure-

1984 5577 2110 5633 liani
2141 5581 2259 5633 Vita
2285 5579 2489 5633 caeteris
2515 5577 2724 5631 brevior
2756 5579 3021 5631 videretur
3045 5577 3237 5644 adjecit
3273 5578 3531 5646 prolixam

1986 5651 2114 5703 satis
2144 5649 2434 5717 rudemque
2458 5648 2725 5716 exegesim
2753 5648 2814 5700 ad
2843 5649 3026 5715 psalmi
3060 5647 3379 5714 versiculum
3409 5667 3423 5702 :
3457 5648 3534 5703 Tu

1985 5720 2188 5774 siccasli
2213 5719 2397 5788 ﬂuvios
2427 5718 2616 5770 Iit/tau.
