3910 6182
208 325 294 388 5‘35
564 292 577 325 ⁷
1208 334 1405 390 Lieen
1442 335 1926 393 commeans.
1965 368 2034 379 .-
2072 339 2249 393 rans
2288 338 2344 394 ιι.
3291 344 3394 400 586

210 450 372 505 V'italis
402 436 645 520 martyris
681 448 818 503 infra
860 452 1241 507 monasterium
1272 452 1329 504 S.
1364 451 1576 506 Nazarii
1607 460 1730 506 ante
1761 466 1808 522 Α
1834 459 1997 507 tatem
2026 452 2353 509 inﬁrmitatis
2383 462 2473 506 aut
2511 468 2727 509 causam
2760 455 3004 511 idoneam
3034 457 3242 521 altaris.
3279 474 3394 514 om-

208 540 422 593 altarium
451 540 505 593 in
535 541 706 595 medio
735 540 848 596 loco
871 541 1022 611 juxta
1047 559 1240 614 corpus
1261 544 1383 599 hinc
1408 545 1467 598 Β.
1496 544 1730 600 Ursicini
1836 544 1924 598 nia
1957 545 2008 597 in
2039 559 2137 597 suo
2166 544 2339 598 oﬁicio
2364 542 2645 613 vigilanter
2682 543 2947 600 observet.
2990 543 3246 603 Redditus
3270 546 3393 620 [ex-

209 632 448 687 antistitis.
479 642 531 685 et
559 632 682 686 inde
715 632 775 685 Β.
812 632 1064 697 Victoris,
1099 634 1153 688 in
1192 636 1366 690 medio
1402 646 1577 697 autem
1606 635 1727 689 iste.
1810 633 2012 705 ‘coptal
2042 649 2168 688 vero
2197 633 2538 702 praediorum,
2570 630 2682 688 sive
2705 634 3043 692 accessiones
3072 649 3288 708 propter
3317 636 3392 694 rei

626 741 850 797 CAPUT
889 743 1279 802 SECUNDUM.
1588 754 1589 757 η
1835 726 2115 783 familiaris
2148 742 2410 796 expensas
2431 768 2445 790 ,
2491 724 2573 780 vel
2604 729 2823 791 exenia,
2865 745 2981 799 qum
3015 730 3241 787 diversis
3267 731 3392 785 olfe-

192 833 512 911 jrmm-nm
535 840 726 894 derum
759 841 1105 898 Ravennatem
1134 854 1185 898 ει
1210 848 1498 915 episcopum
1522 864 1730 917 compo‘
1833 825 2044 880 runtur,
2074 827 2125 872 et
2161 818 2402 872 convivia
2442 833 2561 887 qua:
2601 817 2681 872 eis
2719 818 3004 885 exhibere,
3044 819 3126 874 vel
3156 836 3253 890 pro
3293 818 3390 873 loci

194 907 206 963 θ
263 916 449 982 nuntur.
492 907 681 982 Felicis
711 929 860 982 papa:
899 913 1104 969 litterw.
1161 907 1465 979 Rursus‘de
1508 907 1729 972 Εεειὲδίὶ
1832 910 1947 974 sui,
1978 909 2062 964 vel
2103 910 2323 981 merito.
2355 908 2436 963 vel
2474 922 2570 977 pro
2600 908 2995 963 advenientium
3025 911 3394 979 susceptione.

263 975 383 1028 obitu
408 979 675 1033 nonnulla.
711 975 722 982 ’
779 975 790 982 ’
1010 1068 1017 1071 ν
1284 976 1287 979 Α
1830 1014 2053 1055 necesse
2076 1008 2175 1061 est.
2212 978 2459 1069 episcopo
2474 975 2862 1054 constituimus
2889 996 3084 1054 debere
3109 975 3390 1070 proﬁcere.

262 1084 468 1159 Contigit
505 1106 573 1145 eo
611 1100 849 1164 tempore
873 1135 890 1159 ,
930 1105 988 1150 ut
1015 1096 1152 1153 inter
1176 1099 1392 1153 beamm
1426 1098 1727 1154 Ecclesium
1831 1084 2035 1145 Nullam
2063 1083 2506 1157 coniurationem,
2542 1085 2746 1143 nullum
2776 1086 3227 1154 conventiculum,
3253 1088 3394 1159 quod

214 1178 468 1246 pontiﬁcem
500 1191 558 1238 et
593 1186 905 1241 sacerdotes
939 1187 1006 1242 de
1041 1188 1261 1258 singulis
1297 1190 1458 1244 rebus
1487 1190 1725 1255 ecclesia;
1828 1180 1911 1236 vel
1935 1180 2071 1251 apud
2098 1180 2263 1236 laicus
2286 1196 2406 1235 esse
2435 1195 2539 1234 non
2574 1184 2749 1249 potest
2781 1176 3099 1249 impunitum
3131 1180 3182 1234 in
3212 1179 3397 1234 Eccle-

212 1271 433 1327 contentio
460 1274 809 1331 adcrevissct.
838 1275 1019 1332 lcmm
1047 1280 1114 1333 ad
1148 1287 1391 1335 sanctum
1416 1295 1606 1350 papam
1635 1282 1729 1337 F9.
1829 1271 1908 1324 sia
1937 1270 2047 1331 Dei,
2079 1271 2216 1325 ullus
2247 1270 2423 1324 facere
2453 1277 2617 1323 tentet
2658 1282 2722 1323 ex
2750 1267 2912 1337 clero,
2955 1268 3088 1323 Nam
3129 1270 3266 1324 sicut
3299 1286 3396 1324 nos

211 1359 324 1432 licem
358 1366 500 1421 urbis
538 1367 754 1434 Romae,
785 1378 844 1424 ut
884 1370 1024 1425 inter
1050 1386 1145 1426 eos
1178 1371 1321 1442 jusm
1361 1372 1726 1439 moderamina
1828 1374 2076 1432 optamus
2096 1378 2163 1445 ne
2182 1377 2409 1434 superna
2434 1359 2801 1417 misericordia
2822 1360 3057 1430 patiatur
3070 1361 3396 1427 admitti,sic

211 1450 434 1518 sanciret;
487 1455 583 1524 qui
633 1458 951 1512 accersitum
1004 1459 1368 1515 Ravennatem
1419 1462 1724 1532 pontiﬁcem
1828 1458 1871 1513 si
1903 1456 2025 1526 quis
2056 1456 2365 1518 tentaverit,
2394 1452 2591 1510 sentiat
2619 1453 3000 1507 auctoritatem
3017 1451 3396 1515 'canonum,ct

212 1554 294 1594 cum
312 1541 442 1599 clero
462 1546 741 1609 universo,
770 1563 894 1603 mox
926 1550 1068 1604 inter
1092 1564 1187 1606 eos
1214 1551 1490 1607 decretum
1517 1554 1722 1617 statuit,
1826 1548 2242 1604 ecclesiasticam
2268 1548 2622 1618 disciplinam,
2658 1547 2949 1602 secundum
2973 1544 3284 1615 Apostolum
3314 1546 3392 1601 dio

210 1639 325 1702 atque
345 1635 577 1692 ﬁrmavit
604 1640 967 1695 continentem
1001 1643 1074 1696 ita
1101 1657 1116 1696 :
1825 1648 2036 1694 centeni
2069 1655 2082 1691 :
2116 1636 2432 1692 Excedentes
2456 1638 2509 1691 in
2533 1646 2805 1707 conspectu
2830 1636 3061 1689 omnium
3087 1637 3307 1706 corrige,
3338 1647 3392 1689 ut

591 1746 841 1786 unane;
880 1749 1081 1789 FELICIS
1118 1751 1303 1790 carica
1827 1734 2021 1787 residui
2064 1733 2299 1786 timorem
2344 1732 2586 1786 habeant.
2640 1732 2942 1787 Mereantur
2988 1730 3113 1787 boni
3156 1728 3388 1797 laudem,

255 1836 271 1867 ε
303 1818 430 1889 Felix
459 1819 577 1893 [IV]
606 1823 886 1893 episcopus
913 1826 1063 1881 urbis
1090 1827 1295 1883 Roma,
1324 1827 1612 1884 Laudanda
1640 1839 1722 1885 est
1750 1836 1796 1878 ι)
1824 1825 1913 1893 qui
1935 1823 1988 1876 in
2011 1822 2264 1892 operibus
2284 1822 2379 1877 Dei
2398 1822 2639 1894 vigilant;
2671 1820 2905 1876 sentiant
2923 1818 3169 1877 affectum
3192 1821 3390 1891 proprii

201 1905 494 1966 decesserunt
519 1923 829 1969 nostrorum
858 1914 1163 1972 sollicitudo
1192 1919 1258 1973 de
1281 1933 1434 1988 pace,
1465 1927 1520 1973 et
1546 1919 1724 1988 quiete
1824 1914 2117 1971 sacerdotis
2136 1955 2150 1980 ,
2190 1915 2282 1986 qui
2320 1930 2416 1984 per
2448 1916 2807 1970 obedientiam
2846 1929 2999 1971 suam
3029 1915 3278 1970 videntur
3305 1931 3393 1969 or-

199 1999 549 2067 ecclesiastica,
589 2004 714 2072 quia
758 2014 963 2075 pastor,
994 2007 1085 2076 qui
1121 2007 1418 2078 advigilans
1448 2008 1724 2064 continere
1823 2019 1955 2058 nare
1983 2006 2335 2074 meOSitum;
2361 2004 2656 2075 glorientur
2683 2007 2747 2061 de
2775 2006 2857 2060 Stli
2887 2019 3071 2060 amore
3100 2004 3390 2075 Ροῐιῑίίὶοίεν

196 2090 318 2147 debet
339 2096 739 2161 contentiones,
775 2105 869 2151 aut
893 2098 1142 2163 damnat,
1171 2108 1264 2153 aut
1287 2100 1527 2171 corrigit.
1553 2099 1724 2171 Opor—
1821 2094 1913 2162 qui
1946 2094 1999 2147 in
2027 2094 2139 2148 suis
2159 2091 2347 2149 olliciis
2370 2094 2438 2148 ab
2460 2094 2713 2164 operibus
2736 2096 2845 2150 Deo
2874 2095 3105 2165 placitis,
3131 2110 3252 2150 eum
3276 2092 3392 2163 ejus

195 2191 253 2236 tet
276 2184 318 2238 in
343 2186 481 2241 hunc
513 2187 690 2257 ipsum
723 2188 990 2244 tramitem
1035 2189 1188 2245 nobis
1228 2190 1625 2247 ambulantibus
1652 2191 1735 2246 si-'
1821 2185 2095 2254 obsequiis
2120 2201 2225 2240 non
2261 2186 2556 2252 deSiSltmt;
2587 2188 2728 2242 sicut
2759 2188 2936 2246 divina
2964 2188 3256 2266 loquuntur
3283 2189 3394 2243 elo-

195 2273 303 2328 miiis
328 2292 442 2331 cum
473 2279 554 2332 eis
585 2279 844 2349 conspici,
869 2280 993 2349 quia
1021 2296 1249 2350 quorum
1272 2298 1368 2352 per
1393 2281 1488 2337 Dei
1514 2284 1722 2338 miseri-
1822 2276 1947 2345 quia
1989 2292 2003 2330 :
2041 2276 2243 2347 Dignus
2283 2287 2355 2332 est
2389 2277 2657 2348 operarius
2694 2276 2924 2333 mercede
2954 2296 3070 2333 sua.
3112 2278 3195 2333 Ad
3227 2280 3394 2349 patri-

194 2367 384 2421 cordiam
426 2369 607 2424 locum
649 2370 913 2440 gerimus,
957 2372 1193 2442 ipsorum
1242 2374 1392 2443 sequi
1429 2389 1527 2429 nos
1569 2375 1722 2430 decc;
1822 2361 2060 2422 monium
2090 2384 2220 2423 vero
2246 2366 2499 2423 Ecclesiae
2523 2385 2590 2424 ex
2612 2383 2796 2424 eorum
2822 2370 3056 2439 episcopi
3077 2368 3390 2438 judicio.....

191 2458 404 2527 exempla.
444 2460 521 2515 Ex
550 2460 752 2516 invidia
779 2464 1152 2520 sacerdotibus
1172 2466 1414 2522 ecclesiae
1440 2468 1721 2522 Ravenna-
1819 2478 1886 2517 ex
1913 2461 2060 2518 clero
2083 2473 2327 2533 persoiiae
2351 2462 2535 2518 electas
2562 2479 2684 2519 cum
2715 2464 2921 2529 solatiis
2943 2479 3061 2533 qua:
3082 2478 3179 2533 pro
3205 2464 3392 2518 notitia

193 2542 244 2598 tis
263 2547 368 2603 talia
396 2551 813 2623 contingerent,
843 2570 963 2624 quae
992 2554 1180 2629 [quod]
1209 2558 1450 2613 omnium
1479 2557 1718 2614 Catholi-
1821 2553 2473 2631 deputaveritbepiscopns
2512 2554 2612 2608 sub
2650 2554 2838 2609 idonea
2874 2552 2978 2608 ﬁde
3006 2552 3246 2621 iussione
3274 2554 3398 2607 mit-

190 2649 336 2693 corum
356 2641 573 2696 animos
598 2642 946 2719 contristasse
974 2654 1290 2714 nascuntur,
1317 2648 1718 2715 altercationes,
1822 2651 2025 2709 tantur,
2054 2660 2283 2714 quorum
2314 2644 2445 2701 ﬁdes
2474 2645 2633 2701 fuerit
2657 2653 2713 2700 et
2736 2645 3000 2700 industria
3024 2645 3394 2713 comprobata,

192 2729 466 2793 seditiones,
493 2736 818 2803 pravitates,
847 2752 966 2806 qum
994 2753 1208 2797 omnem
1246 2741 1583 2812 disciplinam
1625 2757 1717 2800 ec-
1821 2745 1884 2789 ut
1907 2743 1963 2789 et
1995 2735 2249 2791 alimonia
2290 2752 2587 2806 pauperum
2627 2736 2868 2791 fraudem
2909 2752 3015 2791 non
3054 2736 3312 2806 patiatur,
3343 2745 3398 2790 et

191 2817 504 2879 desiasticam
528 2826 1316 2897 disrumpereniteremuszta
1338 2835 1716 2890 nositerum...
1822 2828 2100 2897 quantitas
2136 2827 2449 2897 patrimonii
2485 2828 2731 2883 ecclesiae
2768 2827 2935 2882 latere
2968 2842 3074 2882 non
3113 2824 3311 2896 possit.
3342 2835 3396 2883 ot

192 2918 336 2967 verum
372 2913 471 2971 Dei
514 2914 761 2971 timorem
802 2928 929 2974 ante
971 2919 1159 2976 oculos
1198 2922 1487 2988 habentes,
1527 2931 1585 2977 ut
1620 2941 1721 2980 nec
1822 2919 2191 2988 unusquisque
2219 2918 2451 2973 clericus
2484 2919 2584 2974 sub
2624 2918 2819 2973 timore
2854 2916 2950 2973 Dei
2990 2926 3045 2972 et
3078 2919 3277 2988 preprii
3311 2934 3396 2973 sa-

191 2998 351 3060 illicitis
375 3006 657 3061 audaciam
688 2998 873 3065 demus
901 3010 1243 3077 excessibus,
1279 3020 1333 3067 et
1364 3028 1469 3067 non
1500 3013 1721 3083 abjicia-
1820 3008 2059 3063 cerdotis
2099 3009 2166 3063 de
2203 3009 2290 3064 bis
2323 3024 2444 3079 qua:
2480 3008 2582 3065 sibi
2621 3008 2904 3065 commissa
2943 3004 3137 3063 fuerint
3168 3017 3401 3079 exponat
3436 3038 3442 3049 ι

191 3110 384 3154 mus.....
428 3116 528 3171 per
570 3100 937 3160 Constitutum
977 3114 1221 3163 nostrum
1254 3110 1536 3175 ordinare,
1576 3112 1720 3182 quod

1945 3101 2055 3155 iter
2092 3101 2349 3157 rationes.
2383 3101 2516 3157 Illud
2555 3116 2714 3167 vero,
2746 3105 2888 3171 quod
2926 3102 3145 3157 omnino
3177 3118 3244 3178 ac
3274 3102 3400 3157 reli.
3487 3162 3489 3171 Α

186 3186 351 3254 iustum
389 3203 471 3250 est
503 3197 797 3251 secundum
847 3196 1188 3270 $alomonem
1231 3201 1495 3257 dicentem
1537 3222 1550 3258 :
1597 3202 1722 3258 Non
1748 3226 1793 3289 ρ
1823 3190 1974 3262 εῐοδο
2014 3190 2174 3247 debet
2207 3192 2476 3248 exsecrari
2511 3192 2820 3263 Ρτοβοείιον
2847 3207 2947 3247 nos
2981 3206 3082 3266 "QC
3116 3194 3399 3261 Oportebat

189 3280 308 3339 dare;
334 3284 528 3360 [dares]
558 3288 835 3344 transitum
871 3308 1040 3363 aqua.
1071 3292 1213 3365 Ergo
1250 3306 1595 3353 recensentes
1627 3308 1721 3354 ca-
1754 3280 1793 3289 ν
1824 3290 2002 3361 loqui,
2032 3307 2131 3348 nec
2160 3292 2340 3346 verbis
2365 3305 2653 3361 exponere.
2684 3287 2943 3347 Pervenit
2965 3292 3032 3346 ad
3061 3307 3159 3346 nos
3187 3292 3396 3363 aliquos

187 3369 338 3439 vitulis
361 3390 390 3429 a
422 3376 594 3432 fratre
623 3386 809 3434 nostro
844 3378 1022 3453 [Deest
1049 3383 1257 3456 nostro]
1291 3384 1533 3443 Ecclesia
1552 3430 1567 3453 ,
1607 3399 1662 3446 et
1691 3407 1721 3446 a

1854 3388 1890 3439 le
1924 3383 2074 3439 clero
2113 3384 2421 3455 spectaculo
2458 3384 2739 3449 interesse,
2769 3398 2890 3452 qua:
2930 3398 3018 3438 res
3054 3383 3127 3437 ita
3162 3383 3398 3439 crudelis

188 3466 496 3538 presbyteris,
528 3478 583 3525 et
610 3471 942 3538 diaconibus,
977 3483 1033 3530 et
1064 3474 1276 3532 clericis
1302 3476 1512 3552 [clero],
1541 3490 1593 3537 et
1621 3499 1723 3538 no-
1822 3484 1939 3538 est,
1987 3485 2048 3530 ut
2086 3476 2295 3530 animas
2326 3473 2723 3530 Catholicorum
2765 3490 2864 3544 pro
2901 3475 2982 3531 sui
3027 3477 3401 3531 exsecratione

190 3557 313 3652 ιρι-ἥς
332 3559 570 3615 ecclesiae
595 3560 1106 3620 Ravennatisnobis
1129 3566 1345 3633 oblatis,
1370 3572 1726 3639 praesentibus

1856 3568 2108 3622 onturbet
2133 3609 2147 3633 ,
2178 3576 2239 3622 ut
2266 3583 2404 3637 quos
2428 3568 2481 3621 in
2508 3568 2668 3623 domo
2686 3566 2789 3652 .Dei
2815 3568 2993 3622 divina
3021 3567 3234 3649 eloquia
3264 3569 3400 3622 reci-

190 3643 811 3743 iralreAetconsacerdote
836 3662 1020 3709 nostro
1049 3654 1310 3722 Ecclesia,
1342 3667 1398 3714 et
1419 3660 1537 3730 ejus
1564 3661 1723 3717 cleri-
1823 3674 2002 3721 tantes
2029 3664 2250 3726 audivit,
2274 3665 2490 3721 eosdem
2518 3643 2706 3720 contra
2733 3665 2987 3743 mandata
3010 3664 3062 3719 in
3083 3643 3403 3734 spectaculis

191 3736 253 3836 εξε
275 3739 483 3797 inferius
507 3741 836 3837 designatis.
868 3744 1011 3837 quod
1045 3747 1239 3837 rationi
1266 3750 1499 3807 vidimus
1523 3764 1725 3808 conve-
1823 3766 2050 3837 aspiciat
2075 3764 2383 3820 convenire.
2412 3763 2468 3818 In
2494 3763 2582 3818 his
2611 3740 2892 3832 disciplina
2921 3760 3290 3827 canfunditur,
3322 3764 3403 3819 di-

191 3825 305 3895 nire,
332 3845 611 3891 censemus
637 3847 732 3927 eos
758 3833 1046 3891 clericatus
1070 3836 1304 3894 oﬂicium
1335 3841 1532 3897 debere
1556 3844 1726 3899 susci—
1824 3825 1948 3911 νίίω
1984 3862 2252 3927 pmcepm
2294 3854 2588 3911 calcamur.
2657 3825 2808 3909 unde
2846 3860 3057 3922 oportet
3089 3825 3401 3923 episcopum

190 3930 321 3984 Ρθτθι
364 3935 592 3991 quorum
639 3924 805 4016 νίῑέιηᾏ
848 3934 904 4016 (ξι
938 3930 1402 3987 οοηνθΐεθιίοηθῐη
1449 3950 1726 3991 Sacrorum
1825 3954 1880 4001 et
1904 3924 2109 4003 de'hac
2134 3924 2289 4016 parte
2321 3944 2735 4000 sollicitudinem
2765 3958 2987 4015 gerere,
3013 3951 3076 4000 ut
3108 3944 3153 4000 si
3187 3960 3293 4001 non
3325 3945 3403 4001 fa-

191 4022 419 4083 canonupi
442 4029 551 4069 non
593 4014 765 4083 possit
792 4007 1109 4089 impugnare
1137 4022 1455 4078 auctoritas.
1492 4023 1727 4080 Clericos

1860 4038 1993 4098 iunt.
2040 4007 2152 4091 non
2194 4037 2393 4091 faciant
2439 4035 2493 4089 in
2541 4007 2851 4101 futuro,'et
2888 4034 2933 4090 si
2972 4007 3215 4101 faciunt,
3247 4034 3401 4104 juxta

191 4111 298 4155 vero
318 4104 604 4159 secundum
638 4113 949 4161 sanctorum
976 4106 1197 4164 Patrum
1240 4113 1453 4183 regulas
1489 4115 1729 4169 volentes

1865 4126 2161 4197 isciplinam
2197 4124 2614 4182 ecclesiasticam
2653 4125 3010 4197 corrigantur.
3054 4123 3110 4180 Si
3147 4127 3237 4195 qui
3274 4142 3404 4182 vero

192 4188 418 4260 dlmtaxat
453 4201 510 4249 et
553 4194 926 4263 denuntiatos;
977 4210 1236 4269 quantum
1282 4204 1351 4259 ad
1386 4205 1728 4275 presbyteros

1856 4222 1894 4274 te
1933 4219 2079 4274 clero
2120 4217 2319 4288 prmdia
2368 4217 2598 4275 urbana.
2640 4215 2741 4283 vel,
2764 4215 2987 4282 rustica,
3015 4216 3080 4270 ad
3119 4217 3400 4273 ecclesiam

193 4282 501 4383 cit-diaconos
539 4286 808 4383 pertinet,
841 4293 1072 4383 statutis
1101 4292 1353 4363 iubemus
1398 4300 1731 4383 temporibus
1827 4282 2147 4383 pertinentia
2180 4309 2450 4369 detinent,
2482 4307 2687 4365 eisdem
2727 4282 2922 4362 libellis
2965 4304 3063 4361 sub
3100 4304 3246 4374 iusta
3274 4322 3406 4376 pcn-

195 4370 470 4430 solernniter
497 4375 824 4445 promoveri.
841 4377 916 4434 De
941 4399 1071 4440 vero
1099 4382 1468 4442 Ravennatum
1493 4396 1548 4442 et
1575 4382 1728 4445 Clas-

1858 4400 1998 4455 iouis
2023 4399 2382 4455 testimatione
2422 4396 2579 4451 factis
2611 4395 2897 4450 statuimus
2921 4394 3261 4456 collocanda,
3302 4396 3402 4450 hac

196 4461 461 4561 {annorum
505 4471 767 4539 ecclesia,
820 4475 1040 4545 antiqua
1086 4478 1416 4533 consuetudo
1461 4488 1727 4534 servetur.

1861 4491 2039 4544 atione
2078 4488 2173 4561 [ut
2198 4486 2455 4558 exinde],
2482 4486 2624 4555 quod
2655 4486 2710 4540 in
2745 4501 2852 4555 quo
2882 4485 3055 4540 modis
3084 4486 3197 4541 suis
3231 4485 3405 4541 solent

198 4548 361 4651 (Πίῗςίίεί
393 4575 520 4616 νεΐο
560 4562 646 4617 νει
683 4566 932 4621 monachi
964 4567 1031 4622 ad
1058 4568 1354 4624 indebitum
1379 4569 1726 4627 obtinendum
1755 4581 1807 4641 D
1832 4548 2098 4651 accipere:
2127 4579 2226 4648 ipsi
2258 4548 2545 4641 retineant,
2579 4577 2722 4647 quod
2751 4548 2998 4647 superest
3024 4577 3405 4633 ecclesiasticis

198 4645 426 4716 ordinem,
450 4653 530 4707 vel
556 4654 753 4718 locum,
780 4658 1078 4725 potentium
1102 4660 1398 4729 patrocinia
1419 4678 1525 4717 non
1551 4664 1730 4732 requi-

1864 4645 2062 4727 nferant
2098 4645 2430 4742 compendiis
2466 4645 2835 4740 profuturum.
2878 4667 3044 4725 Circa
3078 4670 3278 4740 prsidia
3317 4686 3408 4724 ur-

199 4750 319 4831 l‘attt.
338 4757 428 4811 per
442 4762 561 4816 qua:
580 4757 674 4802 aut
693 4764 798 4803 non
824 4749 1067 4806 faciendo
1087 4753 1350 4823 ingratus,
1373 4763 1466 4808 aut
1485 4754 1731 4811 faciendo
1831 4766 1992 4829 banfl,
2020 4762 2103 4818 vel
2129 4764 2348 4826 rustica,
2381 4770 2685 4831 casteraque
2711 4761 2926 4816 mobilia
2955 4776 3055 4830 pro
3082 4761 3275 4815 anima!
3296 4776 3408 4816 suae

202 4827 396 4897 iniustus
428 4840 673 4894 Videat!"
705 4842 1005 4911 epiSCOPtlS-
1042 4842 1243 4909 Quarta
1280 4846 1587 4917 patrimonii
1627 4847 1733 4902 Ra-
1833 4827 2079 4910 mercede
2111 4871 2140 4908 a
2178 4853 2424 4909 ﬁdelibus
2449 4827 2765 4909 nominatim
2794 4827 3022 4906 diversis
3051 4852 3287 4906 basilicis
3314 4852 3407 4906 de-

202 4930 509 4986 'ennateosis
540 4932 829 5013 ecclesiae.
849 4933 951 4988 hoc
973 4941 1058 4989 est
1090 4935 1193 4990 tria
1226 4936 1389 4991 millia
1416 4938 1728 5004 solidorum.
1834 4947 2045 5009 relicta,
2071 4954 2224 5003 vetus
2245 4945 2571 5002 consuetudo
2592 4952 2857 4999 servetur.
2881 4942 3086 4998 Notarii
3111 4958 3240 4998 vero
3252 4941 3404 5010 juxta

202 5013 347 5073 solitis
385 5023 776 5093 erogationibus
819 5025 1032 5081 clericis
1075 5028 1354 5093 omnibus,
1410 5030 1493 5086 vel
1540 5031 1734 5100 quibus

1862 5039 2080 5101 lrdinem
2111 5038 2424 5098 matriculze,
2453 5035 2775 5107 primicerii,
2795 5034 3171 5100 secundicerii,
3192 5034 3406 5100 tertius,

205 5114 380 5181 ""08ari
414 5126 494 5171 εει
528 5116 777 5183 δοιίῐυω,
812 5119 1158 5189 compleat!"-
1200 5119 1256 5176 δί
1297 5122 1422 5193 quid
1462 5131 1639 5178 tamen
1667 5139 1734 5177 CX
1837 5142 2063 5200 quartus
2083 5172 2097 5193 ,
2125 5131 2378 5200 quintus,
2403 5134 2616 5191 sextus,
2639 5124 2926 5196 septimus,
2960 5128 3057 5177 suo
3087 5122 3327 5193 periculo
3353 5123 3406 5177 in

203 5202 511 5268 pensionibus
538 5207 623 5263 vel
650 5208 1050 5265 hereditatibus
1080 5227 1344 5278 crescere,
1383 5211 1611 5285 09min0
1640 5229 1735 5267 IIO-
1837 5230 2124 5290 conspectu
2161 5221 2593 5290 presbyterorum
2622 5224 2678 5271 et
2704 5214 3054 5270 diaconorum
3087 5215 3407 5267 documenta
3425 5204 3441 5219 ’

202 5298 299 5346 suo
333 5296 565 5365 volente,
606 5301 922 5371 contigerit,
960 5303 1146 5357 eodem
1183 5304 1408 5359 Domino
1445 5306 1732 5369 mediante,

1862 5311 2200 5373 lcclesiastica
2225 5309 2326 5364 sub
2357 5305 2589 5363 ﬁdelium
2627 5308 2868 5371 brevium
2897 5305 3256 5375 descriptione
3285 5320 3406 5359 sus-

203 5383 341 5442 etiatn
367 5402 565 5461 quarta:
590 5394 822 5465 portioni
854 5391 1175 5463 adjiciantur
1206 5394 1523 5468 [proﬁciat];
1553 5397 1631 5451 sic
1657 5406 1737 5451 ta-

1867 5402 2062 5471 :ipiant,
2092 5413 2150 5455 ut
2171 5399 2381 5470 quoties
2406 5398 2647 5469 exegerit
2669 5413 2857 5463 causa,
2886 5396 3113 5452 ﬁdeliter
3137 5394 3411 5467 profer-an.

202 5492 303 5569 then
327 5493 382 5539 ut
403 5486 655 5542 brevibus
674 5487 955 5554 ordinatis,
980 5487 1124 5557 quod
1151 5486 1374 5558 singulis
1398 5487 1739 5543 distribuitur
1838 5499 1949 5554 tur,
1982 5490 2301 5546 contradant
2333 5496 2493 5558 atque
2535 5488 2816 5558 recipiant.
2856 5484 3045 5569 Omnia
3079 5495 3259 5542 tamen
3289 5500 3409 5542 cum

201 5564 348 5629 hinc
383 5592 485 5632 non
521 5578 804 5648 possit.....
849 5578 1143 5634 secundum
1181 5578 1406 5643 merita,
1444 5580 1736 5634 secundum
1830 5584 2074 5654 jussione
2102 5593 2157 5635 et
2191 5581 2531 5653 ordinatione
2557 5581 2792 5655 episcopi
2817 5579 2897 5633 sui
2921 5564 3135 5633 eosdem
3160 5576 3412 5645 iubemus

201 5658 319 5731 ioca,
341 5669 459 5737 quia
483 5670 665 5724 omnia
693 5669 833 5725 Deus
853 5674 1145 5726 secundum
1161 5670 1423 5740 justitiam
1447 5680 1500 5725 et
1526 5686 1740 5726 mensa-
1837 5671 2069 5727 efﬁcere.
2100 5670 2219 5724 ideo
2255 5671 2399 5724 enim
2431 5670 2679 5723 universa
2706 5659 3057 5723 describenda
3089 5676 3213 5721 sunt
3243 5667 3412 5721 eccle—

201 5766 303 5808 ηιη
326 5761 708 5815 constituit.....
736 5761 808 5815 ita
840 5770 898 5815 ut
927 5761 1311 5830 unusquisque,
1335 5769 1483 5816 extra
1509 5763 1741 5817 necessi-
1841 5764 2056 5817 siastica
2083 5762 2424 5815 documenta.
2454 5775 2519 5815 ne
2550 5746 2657 5813 ullo
2688 5759 2865 5824 modo,
2889 5767 2981 5812 aut
3004 5764 3254 5827 suscepta
3292 5767 3411 5826 per-

418 5854 689 5915 Parcet.
733 5854 894 5914 CVI.

2721 5930 2729 5951 δ
2901 5849 2973 5909 19
