3936 6180
498 342 603 406 ΗΠ

497 456 784 529 θωιῑίδιΛ
822 470 1060 532 tempore
1096 478 1202 532 quo
1239 470 1364 516 sunt
1418 462 1719 517 necessaria
1751 462 2069 516 utilitatibus
2100 464 2149 522 Α

498 556 875 611 ecclesiasticis
899 556 1140 610 exhiberi
1171 571 1274 609 non
1301 556 1527 625 possint.
1560 555 1660 622 Qui
1690 563 1867 609 tamen
1904 562 2059 608 nota-

494 647 561 699 rii
594 647 644 699 in
676 644 847 699 ollicio
876 660 975 700 suo
1002 647 1380 709 observantes,
1411 645 1631 707 strenui,
1669 655 2068 713 consequantur

496 738 611 792 sine
654 736 1027 791 imminutione
1064 735 1341 791 commoda
1391 733 1490 788 sibi
1529 734 1608 787 vel
1653 733 1921 802 prioribus
1952 735 2065 787 suis

493 829 790 899 antiquitus
813 829 1087 897 deputata.
1119 828 1223 897 lpsi
1253 828 1435 893 etiam,
1473 828 1613 882 sicut
1634 828 1800 896 exigit
1830 828 1989 883 ratio.
2011 835 2066 881 et

494 922 785 991 antiquitas
814 920 1104 984 ordinavit,
1132 920 1340 975 libellos
1363 931 1418 975 et
1443 921 1763 975 securitates
1788 922 1950 975 totius
1976 937 2064 991 pa-

494 1012 728 1067 trimonii
772 1004 1123 1067 ecclesiastici
1172 1027 1399 1082 quorum
1454 1013 1677 1066 interest
1731 1012 2063 1082 subscriptos

491 1102 726 1173 episc0pi
756 1118 917 1157 manu
941 1103 1282 1157 contradant.
1313 1101 1516 1169 Quibus
1540 1118 1670 1157 vero
1694 1118 1813 1157 cum
1844 1103 2063 1157 sarcula-

486 1194 566 1245 ris
587 1193 1009 1247 conversationis
1031 1192 1336 1247 hominibus
1359 1191 1555 1245 nullam
1576 1192 1954 1246 necessitatem
1984 1193 2058 1246 rei

489 1281 769 1337 familiaris
797 1266 1548 1347 tolerantibus,ecclesiastici
1569 1281 1709 1350 juris
1735 1283 1954 1353 praedia,
1978 1282 2062 1337 vel

485 1373 715 1438 urbana,
734 1373 813 1428 vel
843 1374 1066 1439 rustica,
1096 1372 1220 1427 data
1250 1381 1395 1437 sunt,
1420 1372 1656 1442 episc0pi
1683 1372 2058 1436 sollicitudine,

487 1476 583 1530 per
614 1466 706 1516 cus
732 1463 926 1532 quibus
953 1462 1176 1533 jusserit
1201 1461 1425 1517 clericos
1444 1502 1459 1526 ,
1491 1462 1559 1516 ad
1584 1462 1879 1516 dominium
1906 1477 2061 1516 revo-

486 1566 570 1605 cet
599 1552 871 1617 ecclesiae,
902 1567 1002 1606 nec
1026 1552 1307 1622 deinceps,
1332 1561 1531 1622 praeter
1558 1567 1776 1607 causam
1813 1553 2060 1623 superius

483 1643 958 1708 comprehensam,
1000 1641 1131 1696 dare
1164 1650 1471 1713 praesumat.
1514 1642 1736 1699 Mastalo
1773 1659 1932 1711 vero,
1973 1659 2058 1699 ar-

483 1735 832 1789 chidiaconus
859 1734 1102 1791 ecclesiae
1126 1734 1478 1801 Ravennatis,
1514 1737 1792 1793 commoda
1817 1737 2055 1808 ejusdem

484 1822 700 1897 [cidem]
741 1824 861 1879 loco
895 1826 1049 1896 juxta
1090 1826 1367 1896 antiquam
1403 1829 1844 1885 consuetudinem
1891 1831 2055 1901 depu-
2084 1854 2129 1914 Β

482 1925 592 1969 tata
633 1916 748 1969 sine
784 1916 1160 1971 imminutione
1186 1917 1483 1986 percipiat,
1517 1918 1657 1973 sicut
1685 1934 1779 1973 eos
1809 1919 1899 1990 qui
1929 1928 2056 1974 ante

478 2020 601 2058 cum
635 2004 850 2060 fuerunt
885 2006 1142 2061 claruerit
1178 2017 1519 2063 consecutos.
1557 2009 1883 2065 Monasteria
1924 2026 2055 2067 vero

478 2094 713 2149 virorum
742 2096 855 2150 sive
879 2096 1192 2152 ancillarum
1214 2097 1307 2157 Dei
1339 2100 1406 2153 ab
1430 2099 1681 2170 episcopo
1709 2102 2049 2166 ordinentur,

479 2194 537 2238 ut
563 2185 813 2242 omnibus
834 2188 994 2253 ratio,
1012 2185 1240 2256 iustitia,
1270 2207 1374 2262 pax
1400 2201 1455 2247 et
1479 2192 1761 2263 disciplina
1785 2202 2049 2248 servetur.

478 2277 520 2328 Α
552 2277 703 2332 nobis
732 2278 845 2333 haec
876 2278 982 2333 loci
1016 2279 1189 2333 nostri
1216 2281 1386 2351 exigit
1427 2283 1566 2337 ratio
1603 2298 1710 2338 non
1742 2292 1926 2340 tacere
1953 2282 2054 2355 [ta-

478 2365 656 2438 ceri],
708 2366 862 2422 fratri
890 2376 1073 2425 nostro
1107 2370 1351 2425 Ecclesio
1382 2386 1446 2426 ea
1487 2372 1732 2428 imminet
1756 2374 2049 2439 custodire,

477 2458 600 2525 quia
628 2473 813 2526 pacem
853 2470 1076 2528 generat
1106 2476 1227 2516 cum
1258 2462 1559 2517 canonibus
1587 2472 1797 2518 servata
1818 2464 2046 2535 justitia.

477 2546 551 2602 De
575 2547 781 2615 justitia
810 2550 1048 2606 charitas
1084 2551 1361 2620 procedit,
1392 2568 1489 2622 per
1512 2568 1673 2621 quam
1711 2553 1879 2608 Deum
1909 2554 2052 2609 vide-

475 2659 626 2709 mus,
656 2653 711 2699 et
744 2660 842 2714 per
876 2645 1031 2714 cujus
1058 2647 1287 2717 gratiam
1326 2649 1443 2704 haec
1468 2664 1756 2718 possumus
1780 2658 2047 2720 praecepta

474 2750 710 2803 servare.
743 2736 800 2791 ln
827 2736 972 2792 nullo
996 2753 1125 2810 ergo
1150 2752 1272 2794 esse
1294 2737 1547 2794 convenit
1576 2738 1921 2809 negligentes,
1954 2741 2048 2795 sed

473 2827 756 2898 vigilantes
797 2829 863 2883 ad
898 2829 1112 2895 omnia,
1159 2838 1219 2884 ut
1252 2829 1546 2894 talentum,
1589 2831 1734 2902 quod
1768 2830 1925 2886 nobis
1965 2838 2051 2885 est

472 2919 768 2983 creditum,
794 2935 917 2973 cum
962 2920 1089 2975 boni
1120 2920 1304 2989 operis
1349 2928 1676 2991 augumento
1713 2917 2047 2992 [augmento]

472 3007 571 3077 ipsi
595 3009 835 3063 omnium
878 3011 1141 3066 bonorum
1175 3012 1349 3067 datori
1374 3013 1682 3067 reddamus.
1717 3012 2049 3084 Recognovi-

474 3113 614 3154 mus.
649 3098 870 3154 Coelius.
910 3120 926 3152 ι

546 3208 565 3239 ‹
611 3187 759 3243 Felix
790 3190 1073 3259 episcopus
1103 3192 1359 3247 Ecclesiae
1387 3193 1665 3248 catholica:
1686 3195 1836 3250 urbis
1863 3195 2045 3251 Roma:
2073 3210 2117 3272 (ζ

472 3276 595 3330 huic
622 3278 914 3332 constituto
942 3278 1083 3332 inter
1110 3289 1291 3348 partes
1318 3283 1633 3351 subscripsi.
1668 3302 1686 3333 ι

474 3387 705 3460 No_rm'na
733 3390 1148 3460 presbyterorum
1166 3433 1181 3456 ,
1212 3394 1558 3448 diaconorum
1577 3434 1593 3459 ,
1630 3394 1708 3449 uel
1734 3396 2043 3451 clericorum

543 3457 949 3534 Rez'eniiatens'is
974 3461 1233 3527 ecclesiis,
1271 3463 1361 3534 qui
1390 3457 1609 3519 Romani
1654 3477 1897 3521 venerunt
1925 3485 2041 3521 cum

538 3530 794 3609 episcopo.

608 3642 864 3699 Patritius
884 3645 1196 3717 presbyter.

611 3660 864 3699 rarrmus
932 3660 1196 3717 resnyter.

611 3660 928 3806 Stephani}:
947 3739 1252 3809 presbyter.

608 3827 996 3885 Constantinus
1024 3832 1325 3903 presbyter.

613 3919 922 3976 Servandus
949 3922 1251 3994 presbyter.

607 4008 897 4080 [Honorius
934 4011 1126 4083 presby
1135 4013 1260 4087 ter.]

607 4099 1003 4171 Exuperantius
1030 4104 1333 4175 presbyter.

606 4190 854 4249 Clemens
881 4194 1163 4252 diaconus.

609 4283 779 4338 Ursus
805 4283 1083 4341 diaconus.

607 4372 971 4431 Felicissimus
998 4376 1275 4434 diaconus.

611 4452 839 4531 Vigilius
865 4466 1142 4520 diaconus.

608 4551 757 4607 Neon
786 4553 1063 4609 diaconus.

605 4639 875 4699 Johannes
904 4645 1183 4702 diaconus.

608 4734 914 4805 Stephanus
950 4737 1226 4795 diaconus.

606 4825 893 4883 Gerontius
920 4829 1304 4889 subdiaconus.

607 4916 876 4973 Honorius
900 4918 1275 4985 subdiaconus.

605 5004 799 5065 Petrus
825 5010 1203 5073 subdiaconus.

609 5101 795 5157 Vitalis
826 5105 1195 5164 subdiaconus.

601 5190 844 5250 Julianus
865 5195 1163 5267 acolythus.

604 5281 892 5339 Faustinus
914 5286 1211 5357 acolythus.

604 5372 879 5429 Romanus
901 5376 1202 5447 acolythus.
1273 5412 1279 5417 -

603 5461 895 5521 Severinus
914 5466 1214 5539 acolythus.

514 5584 521 5589 η
610 5548 627 5620 [
650 5552 888 5610 Andreas
908 5556 1207 5629 acolythus.
1222 5557 1236 5629 ]

607 5642 797 5698 Petrus
822 5646 1005 5701 lector.

607 5730 817 5786 Marcus
840 5735 1023 5792 lector.

1209 340 1505 403 AGNELLI
1542 314 1927 403 .umsrts's.
1969 338 2206 401 nautae
2243 347 2333 408 AD
2373 347 2840 414 Dl..‘t.’jllEP.N.~\S,
2884 349 3033 407 me.

3632 354 3750 409 588

2314 461 2557 515 Asterius
2592 462 2782 515 lector.

2309 550 2499 606 Petrus
2527 552 2667 607 alter
2695 553 2882 631 lector.

2308 643 2552 699 Andreas
2575 644 2761 699 lector.

2310 733 2545 789 Marinus
2571 733 2841 789 defensor.

2309 826 2612 895 Majoranus
2640 828 2883 884 notarius
2920 822 3191 886 defensor.

2308 917 2625 974 Hermolaus
2651 920 2989 989 primicerius
3011 921 3281 977 defensor.

2301 1008 2568 1064 Honorius
2586 1016 2808 1064 cantor.

2306 1099 2650 1169 Tranquillus
2676 1109 2885 1155 cantor.

2302 1188 2569 1243 Antonius
2594 1197 2786 1244 cantor

2303 1279 2514 1335 Melitus
2535 1289 2745 1335 cantor.

2164 1387 2395 1444 Nomina
2418 1392 2850 1465 presbyterorum,
2881 1393 3240 1465 diaconorum,
3272 1398 3360 1465 qui
3399 1396 3630 1454 Romam
3657 1419 3746 1456 re-

2230 1459 2425 1514 nerunt'
2459 1459 2577 1515 cunt
2617 1459 2817 1515 Vicwre
2849 1464 3143 1532 presbytero
3185 1476 3235 1519 et
3265 1459 3566 1521 Hastalnne
3621 1472 3747 1524 dia.

2166 1546 2180 1556 '
2229 1547 2358 1585 σοηο

2297 1639 2616 1696 Laurentius
2652 1644 2934 1714 presbyter

2296 1730 2549 1787 Rusticus
2572 1735 2871 1805 presbyter.

2298 1820 2483 1878 Victor
2505 1811 2807 1896 presbyter.

2299 1912 2533 1967 Thomas
2557 1914 2854 1987 presbyter.

2297 2000 2552 2059 Mastalus
2577 2005 2853 2062 diaconus.

2296 2091 2518 2163 Magnus
2545 2096 2820 2152 diaconus.

2298 2182 2492 2240 Paulus
2528 2185 2805 2242 diaconus.

2294 2273 2548 2344 Agnellus
2580 2276 2858 2336 diaconus.

2292 2364 2507 2420 Maurus
2543 2368 2920 2427 subdiaconus.

2292 2454 2601 2525 Stephanus
2624 2459 2922 2531 acolythus.

2297 2546 2633 2606 Vincemalus
2655 2554 2951 2625 acolythus.

2295 2639 2529 2697 Thomas
2559 2642 2746 2698 lector.

2290 2730 2610 2789 Laurentius
2634 2735 2805 2792 lector

2290 2821 2482 2878 Florus
2508 2823 2694 2880 lector.

2295 2909 2596 2981 Reparatus
2623 2914 2809 2972 lector.

2290 3001 2611 3059 Luminosus
2639 3006 2821 3066 lector.

2288 3093 2583 3151 Calunnins
2604 3097 2791 3154 lector.

2293 3183 2469 3240 Ysaac
2491 3185 2679 3242 lector.

2286 3275 2608 3333 Laurentius
2632 3281 2942 3341 horrearius

2286 3365 2481 3423 Petrus
2512 3370 2745 3428 decanos

2284 3455 2590 3526 Stephanus
2610 3461 2863 3521 decanus.

2285 3548 2614 3610 Vendemius
2633 3558 2931 3630 acolythus.

2286 3640 2445 3698 Colos
2463 3645 2762 3716 acolythus.

2285 3733 2575 3792 Cassianus
2597 3740 2896 3812 acolythus.

2288 3823 2609 3884 Laurentius
2637 3832 2916 3903 acolythus

2285 3914 2592 3986 Stephanus
2614 3921 2913 3993 acolythus.

2214 4007 2459 4078 Resipuit
2486 4020 2665 4068 autem
2690 4014 2884 4073 beatus
2910 4029 3031 4089 post
3071 4024 3187 4080 haec
3217 4025 3508 4095 Ecclesius,
3553 4043 3609 4089 et
3632 4045 3708 4090 ste

2142 4096 2244 4152 fuit
2271 4100 2462 4156 ovibus
2491 4103 2637 4159 velut
2677 4115 2832 4175 pater
2861 4124 2984 4163 cum
3025 4111 3171 4180 llliis,
3203 4125 3258 4170 et
3286 4115 3501 4188 largivit
3527 4126 3703 4179 omnia

2141 4191 2377 4253 clericis,
2404 4196 2535 4261 suis,
2576 4206 2635 4252 ut
2660 4208 2941 4270 correptus
2967 4201 3068 4258 fuit
3098 4219 3129 4259 a
3160 4205 3401 4263 Romano
3428 4215 3700 4281 pontiﬁce,

2140 4282 2306 4337 immo
2329 4293 2383 4339 et
2425 4287 2652 4357 amplius
2676 4289 2858 4361 largus
2880 4290 3052 4349 factus
3077 4305 3180 4363 est,
3207 4305 3403 4368 etpost
3428 4302 3548 4359 haec
3572 4306 3701 4360 rexit

2140 4373 2439 4432 Ecclesiam
2487 4395 2641 4435 suam
2670 4383 2723 4437 in
2768 4399 2924 4453 pace,
2973 4397 3028 4443 et
3051 4390 3254 4445 nullum
3298 4395 3524 4451 verbum
3563 4415 3701 4453 mur-

2138 4469 2477 4535 murationis,
2527 4473 2629 4526 nisi
2669 4473 2854 4530 laudes
2899 4492 2930 4531 a
2956 4479 3067 4534 suis
3098 4482 3300 4537 audivit
3345 4484 3592 4553 clericis,
3649 4499 3698 4544 et

3418 3912 3459 3946 Ι

2061 4582 2115 4641 D
2141 4558 2255 4614 haec
2281 4570 2481 4619 statuta
2507 4567 2804 4632 permansit
2834 4570 2946 4624 suis
2979 4574 3211 4640 posteris
3239 4576 3422 4632 multis
3451 4583 3699 4651 tempori-
3784 4630 3793 4639 .

2143 4649 2262 4704 bus.
2295 4648 2544 4720 Sepultus
2572 4664 2675 4719 est,
2703 4664 2761 4709 ut
2783 4657 3036 4723 diximus,
3065 4662 3119 4716 in
3140 4665 3363 4720 ecclesia
3400 4666 3458 4722 S.
3491 4648 3691 4726 Vitalis.

2142 4741 2207 4795 Et
2241 4742 2293 4796 in
2314 4744 2453 4799 atrio
2480 4744 2648 4814 ipsius
2689 4747 2852 4804 fontis
2875 4749 3111 4826 [frontis]
3141 4755 3275 4810 aulae
3302 4772 3493 4815 versus
3519 4763 3695 4816 metri-

2139 4848 2231 4888 cos
2252 4834 2415 4905 jussit
2443 4838 2674 4893 tessellis
2721 4845 2992 4911 argenteis
3021 4847 3184 4902 scribi
3210 4850 3549 4908 continentes
3583 4854 3689 4908 ita:

3296 4928 3309 4955 ὅ

2256 4968 2415 5046 Argus
2437 4981 2731 5046 consurgunt
2759 4980 3036 5046 venerando
3052 4979 3262 5046 culmine
3281 4984 3461 5046 templa

2316 5031 2521 5081 Nomine
2544 5031 2714 5083 Vitatis
2736 5040 3022 5091 sanctiﬁcata
3050 5041 3169 5090 Deo.
3384 5031 3429 5057 ’τ

2257 5091 2615 5167 ϐεξνθείυδίιιιθ
2639 5105 2776 5167 tenet
2796 5100 2935 5167 shnul
2957 5101 3076 5150 hanc
3095 5102 3335 5167 Profusius
3356 5119 3538 5167 arcem,

2463 5154 2824 5236 sepultique.
2844 5162 2984 5236 lides,
3010 5165 3286 5236 templaque
3304 5154 3585 5236 consutisht.

2256 5214 2557 5281 Hisgenitor
2581 5220 2701 5281 natis
2727 5214 2921 5281 fugiens
2937 5214 3153 5281 contagia
3176 5214 3337 5276 Inuodi

2319 5275 2606 5344 Εξῳριυω
2629 5280 2740 5330 ﬁdei
2763 5275 3200 5344 martyriique'fuit.

2253 5334 2611 5413 Tradiditlhauc
2634 5345 2820 5413 primus
2838 5334 3026 5413 Julianb
3048 5344 3294 5413 Ecclesius
3308 5362 3490 5413 arcem,

2317 5399 2406 5456 (lui
2427 5400 2518 5447 sibi
2544 5399 2847 5451 commissum
2869 5408 2998 5471 mire
3017 5411 3209 5471 peregit
3230 5423 3367 5471 opus.

2256 5458 2592 5531 Hoc-quoque
2604 5474 2846 5531 perpetua
2864 5458 3096 5531 mands'vut
3113 5458 3227 5527 Ιτῗιιθ
3244 5458 3525 5531 tenendum,

2316 5520 2405 5568 His
2426 5520 2538 5569 nulli
2565 5520 2706 5571 liceat
2727 5527 2936 5573 condere
2961 5520 3172 5577 membra
3193 5531 3321 5581 lfClS.

2253 5580 2351 5656 Sed
2373 5585 2499 5656 quod
2522 5586 2794 5656 pontiﬁcum
2816 5594 3035 5635 constant
3058 5580 3358 5656 monimenta
3378 5596 3584 5656 primum

2314 5641 2403 5689 Fas
2428 5644 2492 5690 ibi
2511 5644 2575 5691 sit
2596 5653 2776 5695 tantum
2800 5660 3004 5708 ponere,
3025 5653 3111 5699 sed
3131 5654 3328 5701 similes.

2202 5748 2351 5805 Sedit
2377 5761 2554 5807 autem
2580 5766 2750 5809 annos
2774 5769 2829 5819 χ,
2856 5771 3027 5811 mens.
3053 5774 3104 5818 v.
3134 5759 3250 5813 dies
3273 5776 3364 5813 vn.
