3936 6180
247 260 365 314 597

1290 261 1491 316 LIBER
1527 261 1769 317 PONTIF
1776 260 2010 319 ICALIS.
2049 292 2118 302 -—-
2156 262 2333 318 PARS
2369 264 2429 318 Il.
3373 266 3477 323 iiiis

243 369 447 450 delieet
490 368 630 450 intra
689 368 967 450 basilicas“
990 370 1222 450 ﬁdelium
1279 386 1513 450 corpora
1561 372 1775 450 sepeliri
1805 413 1820 437 ,
1850 384 1896 443 Α
1926 373 1978 426 id
2030 372 2341 450 poptiﬁcum
2366 376 2717 450 cadaveribus
2749 378 3008 450 indultum
3035 420 3050 441 ,
3092 397 3210 450 qua:
3235 393 3389 437 antea
3424 384 3477 437 in

239 438 395 507 quod
418 447 468 493 et
506 438 597 494 hic
640 439 888 509 prohibet
928 439 1216 503 Ecclesius,
1251 438 1474 497 monens
1504 438 1679 496 tamen
1704 443 1816 512 jam
1852 438 1893 443 Ὗ
1923 438 2216 512 porticibus
2238 458 2330 498 seu
2364 444 2418 498 in
2449 445 2645 502 ardicis
2674 448 2875 517 sepulta
2914 438 3304 505 adnotavimus.

252 597 3474 639 —‘__——-——_-—————————g-——-—-—-——————————n.

1418 758 1662 839 VITA
1716 759 1798 835 S.
1858 759 2264 841 UBSICIN
2273 762 2334 839 Ι.

700 1085 706 1092 ,
747 1020 973 1077 CAPUT
1021 1021 1306 1078 PRIMUM.

255 1109 806 1188 Scrutaris/qiuari?
837 1113 1102 1188 analysis.
1139 1114 1375 1188 Ecclesia
1426 1120 1591 1188 sancti
1623 1117 1825 1188 Apolli-

440 1182 588 1234 naris
620 1198 711 1250 per
752 1180 1029 1236 Iulianum
1073 1185 1426 1254 argentarium
1465 1186 1633 1256 ﬁnita.

322 1290 612 1347 Ursicinus
635 1292 820 1349 XXIV.
848 1291 1077 1349 Humilis
1106 1296 1211 1362 vir,
1241 1296 1592 1354 rubicundam
1620 1301 1823 1357 habens

252 1385 471 1449 faciem,
521 1386 812 1457 oculosque
866 1388 1116 1458 grandes,
1167 1400 1359 1458 procer
1402 1398 1625 1455 statura,
1661 1380 1822 1448 'tenui

250 1492 503 1545 corpore,
544 1487 760 1532 sanctus
788 1478 854 1533 de
897 1491 1059 1549 opere
1097 1488 1302 1536 sancto.
1339 1481 1652 1537 )Edilicator
1699 1483 1823 1537 Tri-

252 1568 396 1631 coli,
450 1568 547 1622 sed
584 1584 690 1623 non
744 1567 994 1639 explevit.
1052 1569 1290 1641 Denique
1336 1570 1504 1641 ipsius
1553 1572 1824 1643 pontiﬁcis

252 1659 593 1728 temporibus
615 1659 900 1715 defunctus
940 1668 1026 1717 est
1055 1662 1391 1718 Athalaricus
1434 1680 1529 1720 rex
1558 1665 1824 1721 Ravennae

246 1764 300 1803 vi
332 1747 480 1804 Non.
531 1750 799 1818 Octobris,
822 1759 878 1807 et
896 1751 1001 1806 alia
1045 1754 1133 1809 die
1166 1755 1402 1811 elevatus
1427 1764 1509 1811 est
1536 1755 1822 1824 Deodatus,

250 1856 305 1901 et
343 1847 600 1918 deposuit
624 1845 992 1903 Malasvintam
1014 1850 1253 1920 reginam
1291 1850 1356 1904 de
1382 1865 1568 1921 regno,
1593 1859 1647 1904 et
1679 1851 1827 1905 misit

244 1954 369 1993 eam
399 1926 673 1993 Deodatus
696 1937 747 1991 in
772 1938 991 1993 exilium
1016 1939 1069 1993 in
1085 1939 1338 1994 Vulsenio
1362 1939 1654 2011 [Vulsenis]
1676 1939 1822 1995 Prid.

244 2028 368 2083 Kal.
431 2028 618 2094 Maias,
650 2037 723 2093 et,
754 2034 813 2083 u't
848 2030 998 2083 aiunt
1024 2030 1263 2100 quidam,
1306 2030 1496 2084 domus
1524 2029 1613 2085 ubi
1655 2030 1825 2086 {ediﬁ-

241 2129 435 2174 catum
462 2128 547 2175 est
587 2121 971 2174 monasterium
1010 2119 1069 2175 S.
1112 2119 1281 2185 Petri,
1307 2120 1449 2189 quod
1478 2130 1699 2175 vocatur
1722 2121 1823 2177 0r—

241 2215 493 2285 phanum
525 2214 819 2284 trophium,
846 2214 959 2282 ipsa
984 2214 1234 2270 aediﬁcari
1258 2214 1420 2285 jussit
1444 2215 1661 2284 proprio
1682 2216 1822 2286 jure.

1921 1027 2348 1087 benedictionem
2386 1036 2720 1107 percipiatis,
2752 1046 2808 1094 et
2843 1038 3013 1111 jejuni
3052 1043 3305 1100 redeatis.
3336 1047 3489 1103 Defe-
3541 1112 3548 1119 ι

1923 1128 2114 1175 rantur
2137 1131 2369 1192 quatuor
2406 1126 2590 1196 pedes,
2622 1136 2678 1185 et
2723 1130 2907 1200 ponite
2948 1147 3192 1189 mensam
3241 1136 3488 1208 desuper.

1923 1209 2169 1276 Quatuor
2197 1214 2416 1273 stabiles
2456 1218 2618 1287 pedes
2666 1231 2898 1289 quatuor
2948 1225 3291 1296 evangelista:
3343 1239 3490 1295 sunt,

1922 1300 2015 1367 qui
2070 1308 2236 1356 totum
2283 1303 2605 1374 quadratum
2646 1309 2759 1365 suis
2804 1312 3276 1382 prazdicationibus
3322 1320 3507 1373 conti-'

1922 1395 2053 1441 nent
2091 1391 2366 1445 mundum.
2410 1393 2593 1451 Mensa
2620 1411 2751 1454 vero
2792 1402 3025 1472 desuper
3045 1412 3128 1460 est
3154 1415 3340 1463 sancta
3374 1425 3489 1473 ara,

1922 1474 1976 1530 id
2009 1486 2091 1532 est
2116 1495 2248 1534 crux
2274 1482 2364 1537 ubi
2389 1486 2640 1541 occubuit
2660 1486 2927 1557 Christus,
2952 1502 3007 1547 et
3032 1494 3242 1552 oblatus
3284 1508 3367 1553 est
3391 1481 3493 1554 1ἶο-

1921 1569 2023 1622 stia
2048 1568 2193 1624 Patri
2222 1586 2320 1641 pro
2341 1574 2511 1631 salute
2552 1580 2759 1635 mundi.
2786 1577 2937 1641 Sicut
2965 1593 3197 1653 quatuor
3224 1591 3386 1657 pedes
3417 1592 3488 1646 ita

1923 1667 2153 1729 quatuor
2171 1677 2372 1717 cornua
2402 1681 2618 1722 mensm.
2653 1668 3045 1728 Discubuistis?
3077 1674 3354 1733 Comedite
3399 1697 3492 1750 pa—

1924 1762 2067 1801 nem.
2097 1748 2213 1818 Ipse
2243 1753 2398 1822 panis
2447 1754 2535 1809 hic
2579 1758 2854 1828 appositus
2891 1769 2995 1826 est,
3046 1765 3138 1832 qui
3169 1765 3303 1821 dixit
3336 1785 3348 1821 :
3381 1748 3494 1839 Ege

1923 1855 2041 1893 sum
2059 1842 2210 1911 panis
2241 1844 2401 1911 vivus,
2430 1847 2520 1917 qui
2542 1848 2605 1900 de
2632 1849 2757 1902 caelo
2787 1851 3046 1907 descendi.
3073 1854 3362 1912 Vescimini
3386 1875 3493 1915 non

1925 1931 2169 1985 carnales
2193 1933 2359 1999 cibos,
2403 1937 2497 1990 sed
2539 1938 2804 2006 caelestes;
2836 1957 2942 1996 non
2970 1951 3242 2000 terrenum
3276 1963 3493 2017 panem,

1925 2020 2017 2075 sed
2048 2023 2367 2093 angelicum.
2395 2028 2485 2082 Ille
2531 2031 2704 2099 panis,
2736 2033 2804 2087 de
2830 2050 2938 2103 quo
2982 2036 3151 2092 David
3198 2041 3492 2097 cantabat:

1926 2108 2125 2165 Panem
2156 2114 2271 2169 εαξιί
2295 2116 2435 2171 dedit
2464 2121 2559 2185 eis,
2603 2138 2790 2190 panem
2830 2125 3133 2195 angelorum
3162 2131 3497 2187 manducauit

1925 2201 2098 2256 homo.
2148 2204 2425 2271 Quomodo
2469 2212 2642 2281 angeli
2698 2216 2998 2283 comedent,
3049 2221 3140 2288 qui
3193 2222 3496 2295 incorporei

244 2304 367 2360 Non
409 2311 534 2373 post
562 2303 760 2359 multos
797 2305 912 2359 dies
937 2305 1032 2359 ενίι
1058 2321 1152 2358 rex
1178 2305 1448 2359 Deodams
1482 2304 1727 2370 Romam,
1771 2314 1827 2360 ει
1854 2321 1899 2380 Β
1928 2294 2093 2346 sunt?
2141 2298 2385 2368 nunquid
2437 2315 2602 2357 carne
2640 2304 2811 2361 induti
2848 2310 3009 2364 sunt?
3038 2326 3162 2367 non
3207 2294 3499 2372 comedunt

244 2394 797 2450 revertentetoccisus
825 2402 907 2450 est
929 2410 958 2449 a
987 2394 1177 2450 Gothis
1205 2396 1604 2464 quintodecimo
1631 2397 1821 2451 millia-

243 2487 327 2540 rio
357 2486 430 2539 de
463 2483 720 2539 Ravenna
748 2500 931 2539 mense
958 2485 1287 2540 Decembris.
1318 2485 1384 2539 Et
1411 2487 1465 2539 in
1504 2501 1686 2542 mense
1717 2486 1825 2540 Ma-

244 2577 336 2631 dio
365 2576 489 2646 ipso
530 2592 673 2631 anno
714 2577 988 2648 ingressus
1029 2588 1113 2632 est
1138 2577 1431 2633 Belisarius
1467 2580 1726 2649 patricius
1770 2581 1824 2635 in

243 2667 475 2721 civitate
498 2664 716 2731 Classis,
748 2676 801 2721 et
837 2667 1109 2738 ingressus
1135 2676 1220 2723 est
1259 2669 1592 2725 Ravennam.
1619 2670 1825 2726 Dehinc

244 2771 505 2811 reversus
529 2765 613 2811 est
643 2757 709 2811 ad
734 2754 994 2823 Siciliam,
1036 2757 1378 2828 depopulavit
1399 2773 1539 2819 eam.
1562 2760 1824 2817 Defuncta

244 2856 331 2901 est
366 2844 651 2901 Theodore
680 2845 916 2917 Augusta
940 2846 1401 2918 Constantinopoli
1433 2851 1519 2904 die
1552 2849 1619 2904 9.7
1642 2867 1825 2907 mense

243 2936 416 2992 Iulio.
449 2937 516 2992 Et
556 2939 830 3007 ingressus
867 2946 952 2993 est
995 2938 1193 2994 Narses
1230 2940 1589 2997 chartularius
1620 2941 1827 2996 Raven-

245 3045 380 3084 nam
407 3045 532 3085 cum
560 3031 801 3086 exercitu
827 3046 1024 3101 magno
1046 3030 1099 3085 in
1120 3031 1377 3102 praedicto
1391 3046 1594 3097 mense,
1615 3032 1746 3087 feria
1770 3036 1821 3094 5,

241 3128 296 3175 et
342 3120 605 3191 pugnavit
632 3136 754 3176 cum
784 3119 1031 3177 Totilano
1083 3137 1228 3192 rege,
1271 3131 1325 3177 et
1354 3130 1598 3177 mortuus
1629 3131 1732 3188 est,
1773 3133 1827 3178 et

243 3212 537 3267 multitudo
584 3214 855 3268 exercitus
896 3213 1013 3282 ejus
1050 3214 1357 3269 ceciderunt
1400 3212 1610 3285 gladio,
1659 3222 1713 3268 et
1744 3231 1828 3269 re-

240 3301 387 3372 liqui
429 3301 696 3356 vulnerati
754 3302 1022 3357 abierunt.
1075 3303 1142 3357 Et
1192 3302 1501 3359 levaverunt
1554 3318 1715 3372 super
1769 3319 1828 3360 se

242 3392 417 3449 Gothi
462 3407 642 3463 regem
670 3392 883 3447 nomine
912 3392 1037 3462 Teja
1067 3394 1121 3447 in
1148 3393 1367 3461 Ticino,
1397 3402 1451 3450 et
1488 3395 1589 3451 fuit
1617 3397 1826 3452 modica

242 3488 434 3559 quies.
461 3483 742 3543 SuIIiciant
771 3496 913 3559 nunc
949 3485 1050 3540 ista
1081 3486 1259 3551 hodie,
1287 3491 1495 3557 tempus
1516 3492 1600 3543 est
1626 3488 1741 3558 jam
1770 3498 1830 3544 ut

246 3581 398 3635 idem
428 3579 505 3652 [in
525 3578 717 3651 aedem]
751 3558 1109 3644 revertamur,
1147 3586 1201 3632 et
1227 3580 1394 3633 vitam
1419 3581 1691 3651 pontiﬁcis
1728 3598 1827 3637 ex-

1927 2386 2233 2452 morsibus,
2284 2389 2377 2443 sed
2430 2391 2495 2445 de
2548 2393 2880 2462 plenitudine
2938 2399 3234 2458 divinitatis
3296 2406 3496 2460 satian-

1931 2480 2032 2538 tur,
2065 2489 2184 2542 qtue
2206 2486 2290 2531 est
2312 2480 2468 2548 panis
2499 2482 2652 2537 vivus
2682 2484 2735 2538 in
2781 2487 2974 2543 smcula
3023 2492 3363 2548 saeculorum.
3392 2497 3497 2552 V’c—

1925 2562 2039 2617 niat
2066 2565 2154 2621 hic
2188 2566 2372 2635 Agnus
2401 2584 2562 2639 super
2578 2572 2784 2627 discum
2812 2577 3038 2644 positus,
3069 2579 3339 2637 involutus
3389 2585 3497 2641 sic-

1926 2663 1986 2708 ut
2010 2658 2216 2726 positus
2246 2658 2347 2714 fuit
2394 2662 2449 2716 in
2478 2674 2666 2719 sancto
2706 2667 2972 2737 sepulcro,
3012 2672 3080 2727 ad
3109 2674 3284 2744 ignem
3315 2677 3485 2748 appli-

1926 2760 2099 2819 catus,
2130 2756 2224 2810 sed
2253 2773 2358 2812 non
2390 2761 2723 2823 combustus.
2772 2764 2917 2821 Idem
2944 2769 3012 2822 ad
3051 2769 3254 2827 inferos
3278 2773 3498 2829 descen-

1924 2844 2038 2910 dit,
2075 2849 2307 2903 extinxit
2356 2851 2615 2921 gehennte
2652 2854 2912 2923 ﬂammas,
2953 2860 3217 2917 destruxit
3245 2874 3497 2933 mortem,

1925 2936 2122 2990 occidit
2163 2937 2393 3003 leonem,
2444 2942 2705 3015 confregit
2744 2947 2967 3013 tartéra,
3030 2953 3252 3008 abstulit
3296 2954 3492 3024 iustos,

1926 3026 2153 3080 destruit
2181 3027 2477 3103 [contrivit]
2506 3048 2675 3090 aareas
2702 3046 2903 3105 portas,
2941 3047 2996 3094 et
3031 3050 3210 3099 vectes
3235 3046 3495 3101 adaman-

1928 3117 2070 3174 tinos
2094 3119 2306 3189 dejeeit,
2318 3120 2475 3190 juxta
2510 3124 2638 3180 illud
2668 3128 2942 3201 prophetae
2977 3148 2988 3183 :
3022 3131 3132 3186 Ero
3159 3151 3300 3189 mors
3327 3146 3440 3201 tua,
3467 3155 3499 3192 ο

1927 3226 2215 3275 mors;ero
2261 3229 2466 3268 morsus
2520 3224 2661 3281 tuus,
2715 3234 2745 3271 o
2795 3219 3016 3288 inferne.
3065 3221 3382 3279 Resurrexit
3433 3227 3501 3282 de

1928 3301 2208 3370 sepulcro,
2254 3304 2409 3360 nobis
2463 3306 2679 3377 reliquit
2730 3326 2948 3365 carnem
2978 3328 3161 3379 suam;
3214 3317 3497 3374 ambulans

1929 3408 2089 3462 super
2112 3409 2314 3463 pennas
2332 3405 2615 3453 ventorum
2643 3400 2872 3469 calcaxjt
2919 3404 3095 3473 capita
3123 3407 3345 3461 nubium
3368 3449 3382 3473 ,
3412 3425 3498 3464 re-

1882 3538 1887 3545 .
1928 3495 2117 3556 ceptus
2137 3497 2223 3543 est
2261 3490 2315 3544 in
2359 3490 2534 3556 caelis,
2568 3495 2719 3548 sedet
2737 3494 2804 3548 ad
2842 3489 3117 3551 dexteram
3157 3496 3354 3555 Patris.
3384 3501 3497 3572 Ipsa

1928 3595 1995 3634 ex
2038 3596 2202 3638 carne
2230 3584 2492 3639 comedite
2523 3586 2851 3642 immaculati
2881 3587 3039 3660 Agni.
3081 3590 3137 3646 Si
3159 3595 3500 3651 comederitis

242 3670 518 3740 plicemus
571 3666 919 3741 [expleamus
942 3666 963 3739 ]
984 3708 999 3733 ,
1061 3675 1115 3722 et
1150 3668 1290 3738 quod
1335 3666 1602 3723 residuum
1645 3668 1824 3735 fuerit,
1855 3667 1900 3729 C
1930 3667 2045 3738 ejus
2065 3687 2305 3738 carnem,
2338 3684 2393 3728 et
2435 3674 2682 3730 biberitis
2701 3675 2817 3745 ejus
2850 3679 3183 3749 sanguinem,
3215 3681 3268 3734 in
3297 3696 3364 3736 eo
3389 3698 3500 3737 ma-

241 3776 378 3816 cum
421 3760 591 3814 otium
619 3759 802 3826 fuerit,
828 3766 1139 3815 constanter
1185 3773 1518 3814 enarremus.
1555 3757 1828 3830 Jussitque

244 3862 300 3908 et
347 3852 649 3906 ammonuit
689 3851 777 3905 hic
822 3858 1039 3904 sanctus
1063 3850 1146 3904 vir
1187 3856 1247 3903 ut
1279 3849 1507 3905 ecclesia
1536 3849 1595 3904 Β.
1627 3851 1829 3920 Apolli-

245 3943 406 3999 naris
435 3942 505 3997 ab
523 3940 735 3996 Juliano
764 3941 1072 4012 argentario
1093 3939 1336 4006 fundata,
1361 3951 1416 3996 et
1455 3954 1827 3997 consummata

243 4034 466 4090 fuisset.
490 4033 592 4101 Qui
612 4032 762 4101 jussa
789 4049 913 4089 mox
941 4033 1260 4104 adimplens,
1290 4033 1398 4088 Deo
1423 4033 1657 4098 volente,
1687 4043 1830 4089 stru-

244 4134 339 4180 cta
368 4125 435 4178 ab
458 4138 523 4177 eo
558 4131 744 4178 sancto
781 4131 863 4177 est
906 4123 1023 4176 viro
1050 4123 1105 4176 in
1156 4122 1420 4190 lapidibus
1458 4121 1620 4175 Italiae
1661 4123 1830 4192 parti-

247 4217 360 4270 bus
382 4213 657 4283 pretiosis.
697 4212 850 4267 Nulla
876 4213 1104 4268 ecclesia
1133 4212 1326 4267 similis
1360 4212 1469 4268 isti.
1510 4227 1574 4265 eo
1603 4214 1744 4282 quod
1774 4213 1827 4266 in

246 4313 416 4361 nocte
448 4313 506 4359 ut
531 4304 584 4359 in
612 4304 697 4359 die
720 4320 854 4374 pene
880 4302 1173 4359 scandeliat
1198 4301 1632 4373 [scandescitur].
1662 4302 1831 4369 Igitur

249 4398 363 4451 iste
407 4402 627 4451 sanctus
651 4397 733 4451 vir
762 4395 1000 4467 quotidie
1029 4409 1242 4449 sacrum
1282 4393 1417 4463 Agni
1448 4408 1642 4462 corpus
1669 4409 1830 4464 super

247 4502 409 4542 aram
456 4487 778 4543 dominicam
824 4486 1071 4541 manibus
1117 4485 1474 4554 discerpebat,
1510 4491 1566 4538 et
1610 4493 1828 4554 peccata

248 4578 439 4651 populi
465 4577 606 4649 Iacry
615 4579 716 4633 mis
760 4579 1030 4648 expiabat.

879 4688 1104 4746 CAPUT
1147 4689 1209 4744 11.

249 4780 464 4854 Agnelli
514 4781 871 4837 meditationes
919 4782 974 4834 in
1020 4796 1225 4854 sacram
1269 4781 1533 4849 synaxim.
1602 4778 1828 4836 Ursicini

758 4868 898 4906 mors
940 4859 989 4905 et
1039 4849 1353 4920 sepulcrum.

328 4942 437 4998 Sed
467 4942 593 5013 quia
614 4942 771 4998 hodie
796 4941 851 4996 in
874 4942 1091 4996 domum
1122 4956 1296 4995 meam
1337 4947 1515 4996 vestra
1550 4940 1829 4999 nobilitate

1931 3760 2144 3826 nebitis,
2173 3771 2229 3817 et
2256 3763 2372 3834 ipse
2395 3764 2448 3818 in
2482 3763 2651 3829 vobis,
2680 3766 2820 3820 sicut
2843 3767 2957 3837 ipse
2982 3769 3095 3822 ait:
3129 3768 3231 3834 Qui
3272 3773 3497 3826 mandu-

1928 3859 2013 3904 cat
2039 3868 2248 3906 carnem
2285 3870 2471 3919 meam,
2500 3864 2549 3908 et
2595 3855 2719 3909 bibit
2770 3858 3071 3928 sanguinem
3102 3876 3288 3926 meum,
3321 3862 3375 3914 in
3417 3879 3498 3916 me

1929 3951 2122 4007 manet,
2171 3952 2218 3997 et
2270 3960 2363 4014 ego
2397 3945 2451 3999 in
2495 3962 2574 3999 eo.
2622 3944 2873 4016 Nunquid
2930 3963 3037 4002 non
3089 3948 3195 4014 lex,
3239 3966 3358 4020 qua:
3403 3967 3501 4021 per

1931 4029 2165 4101 Moysem
2196 4032 2320 4087 data
2366 4042 2449 4087 est
2478 4036 2732 4106 prtecepit
2768 4045 2830 4090 ut
2874 4036 3050 4092 nullus
3086 4038 3334 4095 animalis
3379 4056 3501 4096 san-

1932 4122 2051 4192 guis
2079 4134 2406 4179 commestus
2455 4125 2544 4191 sit,
2572 4128 2695 4197 quia
2747 4128 2914 4199 ipsius
2954 4131 3130 4184 anima
3151 4133 3269 4186 est?
3295 4131 3500 4189 Pratee—

1930 4213 2032 4281 pit,
2053 4222 2110 4268 et
2128 4228 2256 4270 vere
2285 4217 2560 4287 praecepit.
2611 4217 2719 4273 Sed
2744 4219 2832 4274 hic
2869 4233 3040 4287 agnus
3092 4221 3223 4276 nihil
3251 4238 3498 4279 commu-

1930 4304 2037 4369 nis,
2067 4305 2200 4359 nihil
2230 4314 2496 4372 terrenus,
2522 4310 2616 4363 sed
2644 4311 2758 4379 ipse
2796 4311 2962 4376 solus,
3008 4312 3154 4367 solus
3193 4315 3502 4371 immacula-

1931 4404 2037 4456 tus.
2062 4396 2209 4452 solus
2236 4399 2302 4454 de
2330 4398 2463 4465 solo,
2495 4414 2653 4456 verus
2682 4401 2747 4456 de
2768 4416 2929 4468 vero;
2967 4403 3059 4472 qui
3081 4418 3176 4458 sua
3202 4420 3309 4460 non
3339 4406 3501 4488 habet

1929 4495 2113 4541 nostra
2168 4487 2321 4543 tollit.
2371 4487 2461 4543 Sic
2503 4498 2559 4545 et
2601 4489 2946 4547 Hebrteorum
2996 4493 3242 4562 populus,
3287 4487 3501 4564 quando

1926 4590 2177 4645 egressus
2198 4578 2367 4633 estde
2385 4577 2620 4651 Egypto
2645 4590 2826 4651 postes
2862 4584 3122 4654 sanguine
3152 4585 3272 4654 agni
3306 4585 3499 4653 linivit,

1928 4676 1989 4723 ut
2013 4686 2043 4723 a
2066 4670 2400 4739 percutiente
2419 4672 2607 4740 angelo
2633 4689 2737 4728 non
2765 4684 2908 4730 esset
2933 4676 3305 4747 interemptus,
3333 4688 3387 4734 et
3411 4680 3502 4734 ubi

1928 4775 2035 4814 non
2061 4768 2180 4816 erat
2204 4776 2363 4816 cruor
2385 4763 2660 4833 sanguinis
2687 4766 2831 4835 agni,
2863 4780 3121 4834 percussa
3159 4775 3244 4822 est
3287 4769 3498 4832 domus,

1928 4850 2051 4918 quia
2070 4851 2326 4907 Dominus
2347 4852 2614 4907 transiens
2632 4867 2731 4921 per
2747 4854 2983 4909 medium
3002 4855 3293 4927 [Egyptum
3319 4858 3503 4911 divisit
3528 4860 3533 4867 ‘

1931 4943 2130 4999 electos
2157 4959 2186 4996 a
2212 4944 2470 5013 reprobis.
2503 4944 2643 4998 Ecce
2671 4960 2886 4998 carnem
2929 4961 3090 5015 quam
3122 4956 3231 5002 tota
3282 4948 3367 5003 die
3411 4962 3503 5001 co-

250 5010 506 5088 voluistis
524 5033 791 5089 declinare
807 5071 824 5098 ,
846 5031 972 5102 quid
997 5028 1189 5085 faciam
1217 5046 1339 5085 cum
1362 5032 1463 5087 sim
1494 5040 1676 5087 custos
1698 5049 1831 5104 pau-
1854 5010 1908 5069 D
1932 5035 2198 5090 medimus
2222 5010 2385 5105 Agui,
2431 5040 2487 5087 et
2513 5032 2643 5087 nihil
2670 5033 2949 5103 minuitur,
2980 5036 3147 5091 immo
3188 5039 3360 5107 magis
3385 5052 3503 5092 cre-

253 5141 402 5196 pera:
422 5125 629 5190 dotnus,
647 5132 701 5178 et
731 5123 913 5193 indige
939 5120 1195 5193 [indigus]
1232 5137 1350 5177 sum
1392 5121 1535 5201 victu
1567 5121 1830 5194 [victus]?

256 5217 377 5272 Non
405 5232 524 5271 mea
552 5233 736 5272 mensa
761 5215 883 5271 talis
909 5225 1012 5278 est,
1042 5230 1212 5284 neque
1240 5216 1417 5271 cordis
1445 5215 1742 5302 cellarium,
1772 5224 1832 5270 ut

259 5309 436 5377 possit
478 5322 702 5378 corpora
726 5316 902 5362 vestra
932 5304 1171 5360 reﬁcere.
1202 5304 1309 5360 Sed
1338 5314 1514 5360 tamen
1544 5306 1833 5375 pinguissi-

264 5415 413 5455 mum
453 5400 625 5455 habeo
666 5398 910 5471 Agnum,
961 5395 1113 5465 cujus
1141 5405 1437 5450 comestum
1467 5409 1664 5465 corpus
1690 5410 1831 5450 nun-

268 5506 431 5561 quam
469 5491 680 5555 minuit,
708 5491 801 5546 sed
827 5503 1039 5559 semper
1071 5487 1275 5558 integer
1324 5494 1625 5556 permanet.
1655 5486 1833 5557 Turpe

267 5592 353 5637 est
378 5584 522 5638 enim
559 5591 619 5636 ut
638 5592 915 5652 postquam
937 5581 1140 5635 aditum
1173 5578 1480 5635 monasterii
1503 5580 1605 5634 mei
1642 5581 1831 5637 domus

272 5671 336 5728 Β.
364 5674 700 5731 Bartolomtei
723 5674 984 5738 intrastis,
1014 5671 1154 5742 quod
1181 5684 1288 5725 non
1323 5685 1389 5726 ex
1433 5669 1548 5739 ipz-O
1593 5674 1830 5742 apostolo

1886 5176 1894 5181 .
1933 5124 2057 5187 scit,
2084 5132 2140 5178 et
2176 5139 2234 5177 se
2278 5121 2682 5177 comedentibus
2730 5122 2896 5177 vitam
2948 5123 3173 5193 largitur
3219 5134 3498 5180 aeternam.

1934 5213 2086 5270 Nunc
2112 5220 2234 5284 post
2253 5212 2430 5267 cibum
2456 5212 2815 5283 subsequatur
2841 5222 3019 5282 potus.
3048 5214 3217 5268 Bibite
3235 5214 3506 5271 lucidissi-

1936 5321 2082 5359 mum
2109 5304 2289 5357 vinum
2309 5317 2377 5357 ex
2406 5316 2470 5357 ea
2484 5302 2614 5366 vite,
2632 5318 2750 5372 qua:
2771 5302 2935 5357 dixit:
2957 5302 3066 5374 Ego
3087 5320 3204 5357 sum
3224 5304 3338 5360 vitis
3359 5321 3498 5370 vera,
3556 5326 3565 5341 ι

1934 5405 1984 5449 et
2019 5395 2180 5449 Pater
2217 5410 2360 5448 meus
2384 5392 2617 5464 agricola
2657 5403 2753 5448 est.
2810 5393 2923 5448 Hoc
2950 5394 3131 5448 vinum
3168 5395 3347 5449 veniat
3375 5412 3517 5451 cum

1935 5488 2185 5552 canticis,
2218 5496 2272 5541 et
2304 5487 2542 5558 organis,
2567 5501 2687 5541 cum
2718 5487 2974 5556 cytbaris,
3021 5487 3221 5551 choris,
3249 5488 3497 5550 canticis.

1937 5591 1992 5637 et
2028 5579 2314 5650 psalteriis,
2360 5577 2631 5644 cornibus,
2659 5587 2714 5633 et
2739 5576 3024 5648 cymbalis,
3054 5586 3112 5632 ct
3148 5576 3501 5649 symphonus,

1938 5688 2060 5728 cum
2105 5672 2308 5737 honore
2337 5684 2551 5740 magno,
2572 5678 2627 5725 et
2656 5669 2932 5739 majestate
2952 5668 3285 5743 [honestate]
3310 5669 3498 5738 multa,
3580 5700 3585 5707 ι
