3936 6180
254 308 336 366 60!

253 512 376 568 muri
412 509 670 580 episcopi,
702 510 790 563 ubi
826 509 1114 572 residebat,
1147 524 1251 578 quo
1274 523 1443 577 usque
1472 508 1631 563 hodie
1661 509 1810 564 miri-

252 603 341 659 ﬁce
389 601 622 665 lavatur,
658 609 713 655 et
744 599 1145 670 pretiosissimis
1184 599 1542 653 marmoribus
1574 600 1837 669 parietes

245 696 430 765 junxit,
479 702 537 748 et
590 694 831 747 diversas
858 691 1078 762 ﬁguras,
1103 682 1330 746 tessellis
1370 672 1571 754 aureis,
1605 692 1812 746 varias-

252 803 343 858 que
384 787 705 857 composuit,
735 795 789 840 et
815 785 1047 841 tabulam
1091 785 1376 853 descripsit
1406 785 1576 839 literis
1621 786 1803 839 aureis

253 878 544 943 tessellatis,
580 879 633 932 in
665 894 767 949 qua
806 878 1070 933 laboriose
1094 878 1268 947 legere
1302 878 1631 943 curavimus,
1656 886 1711 933 et
1737 878 1809 931 ita

257 970 340 1024 bos
354 977 668 1024 exametros
689 968 1030 1024 catalecticos
1055 983 1246 1023 versus
1279 968 1331 1022 in
1354 969 1543 1024 eadem
1574 969 1812 1025 conscri-

245 1070 360 1131 ’νιος
381 1061 722 1139 invenimus:

358 1169 528 1219 Victor
550 1170 806 1230 amslnlica
832 1178 963 1218 tutus
986 1174 1162 1218 virtute
1186 1172 1414 1221 sacerdos

358 1231 540 1279 Balnoa
569 1243 712 1291 parva
737 1232 870 1291 prius
889 1235 1044 1290 'lrlSt‘O
1064 1240 1251 1280 vvtusta
1274 1234 1439 1282 labore

359 1293 647 1355 Deponeus,
673 1296 892 1353 miraQue
920 1302 1080 1342 tamen
1116 1297 1327 1343 novitate
1353 1294 1549 1355 refecit,

359 1355 614 1403 Pulchrior
640 1362 693 1403 ut
715 1355 890 1413 cultus,
919 1357 1167 1413 majorque
1202 1366 1428 1416 resurgat
1457 1357 1517 1403 ab
1543 1358 1654 1405 imo.

356 1416 468 1480 Hoc
488 1429 684 1477 quinque
712 1428 950 1480 μετεξειυο
973 1417 1189 1480 decrevit
1206 1429 1348 1480 nore
1374 1420 1661 1480 tenentem,

362 1477 425 1526 Et
447 1480 593 1526 biduo
610 1476 766 1535 gratis
791 1478 954 1525 rlerus
977 1476 1105 1527 lavet
1131 1479 1278 1540 ipsius
1302 1480 1456 1539 urbis,

361 1540 527 1591 Tertia
547 1542 625 1589 cui
650 1552 841 1589 cessum
865 1540 1044 1601 (cessa)
1065 1547 1158 1603 est,
1183 1548 1232 1591 et
1256 1540 1374 1591 feria
1397 1553 1538 1590 sexta
1563 1540 1768 1592 lavanti.

866 1650 1092 1707 CAPUT
1129 1651 1194 1707 ll.

241 1744 421 1800 Fontis
587 1744 895 1822 Petriartdm
921 1741 1194 1822 eeclesiam
1233 1753 1472 1822 ornatus.
1518 1742 1808 1800 Insectatio
1837 1763 1885 1822 Β

464 1816 729 1870 vitiorum.
770 1811 997 1868 Victoris
1020 1829 1160 1869 mors
1186 1824 1233 1868 et
1266 1814 1583 1885 sepulcrum.

303 1906 572 1964 Modicum
607 1915 821 1977 tempus
871 1906 1013 1977 regit
1062 1904 1357 1961 Ecclesiam
1412 1921 1589 1972 suam,
1626 1906 1720 1961 sed
1754 1905 1808 1959 in

241 2009 435 2071 quanto
463 1999 648 2054 sedem
689 1998 863 2053 tenuit
899 2012 967 2052 ex
997 1994 1113 2065 ejus
1138 1996 1439 2063 laboribus,
1469 2012 1695 2069 magnus
1725 1996 1805 2051 la-

245 2092 335 2146 bor
370 2101 611 2161 apparet.
663 2089 888 2147 Fontem
936 2104 1065 2144 vero
1095 2096 1455 2159 tetragonum,
1481 2104 1640 2159 quem
1681 2090 1809 2144 bea-

249 2182 472 2236 tissimus
494 2180 689 2236 Petrus
735 2179 1100 2253 Chrysologus
1125 2179 1413 2236 aediﬁcavit
1434 2181 1487 2235 in
1527 2181 1806 2237 civitatem

252 2271 489 2345 [civitate]
528 2272 731 2329 Classis
780 2273 938 2343 juxta
988 2271 1274 2328 ecclesiam
1320 2272 1650 2339 Petrianam,
1704 2274 1806 2330 iste

252 2367 462 2426 ornavit.
489 2375 545 2420 et
582 2367 638 2421 in
669 2367 848 2423 medio
875 2381 1120 2422 cameras
1144 2375 1296 2436 parte
1344 2369 1584 2423 virorum
1614 2371 1806 2426 subtus

254 2470 416 2511 arcum
440 2456 615 2512 orbita
645 2456 876 2525 modica,
898 2458 953 2511 in
977 2472 1084 2526 qua
1112 2473 1282 2528 usque
1305 2458 1465 2514 hodie
1491 2460 1806 2515 continetur

254 2546 362 2601 ita:
403 2547 556 2604 Salvo
596 2549 842 2613 Damno;
880 2564 947 2603 ex
997 2548 1102 2604 alia
1137 2565 1267 2605 vero
1313 2559 1467 2620 parte
1516 2551 1802 2606 mulierum

259 2641 397 2701 aliam
421 2642 747 2707 orbitellam,
777 2649 838 2696 ut
863 2656 1044 2712 supra,
1072 2657 1141 2697 ex
1171 2643 1374 2698 auratis
1420 2641 1616 2698 litteris
1664 2643 1801 2698 iuvi-

261 2747 360 2788 cent
392 2748 453 2789 ex
498 2743 654 2805 parte
696 2750 755 2790 se
777 2735 1130 2804 respicientes
1153 2751 1183 2789 a
1211 2734 1510 2806 legentibus
1537 2735 1805 2791 invenitur

258 2825 354 2880 sic:
384 2823 527 2898 Papa
559 2825 781 2882 Victore.
809 2826 935 2885 Haec
962 2836 1023 2882 ut
1048 2827 1159 2882 dixi
1182 2826 1339 2883 valde
1371 2829 1663 2897 comptavit
1712 2826 1805 2901 [Id

255 2924 321 2970 est
340 2918 560 2983 ornavit,
588 2916 831 2990 Baeda],
862 2917 957 2972 sed
985 2932 1128 2972 nunc
1165 2933 1197 2972 a
1225 2918 1475 2988 malignis
1499 2918 1806 2975 hominibus

253 3005 542 3075 destruitur,
579 3009 706 3078 quia
752 3008 807 3063 in
860 3017 1072 3065 tantum
1105 3014 1345 3064 coarctat
1363 3009 1606 3065 diabolus
1636 3011 1800 3066 corda

1274 303 1474 360 uasa
1513 278 2007 359 muniamus.
2047 330 2117 340 --
2154 297 2334 354 rans
2371 297 2434 353 n.

253 421 492 480 balneum
533 417 691 489 juxta
720 417 939 473 domum
967 416 1208 471 ecclesiae
1252 416 1462 471 htcrens
1507 414 1805 485 parietibus
1831 419 1876 474 Α
1908 410 2308 476 tii,boneritlce
2347 410 2400 464 in
2435 408 2693 487 feretrum
2747 410 3013 465 deductus
3055 422 3162 477 est,
3192 421 3249 467 et
3292 414 3487 468 deinde
3566 460 3575 469 ,

3380 300 3495 354 602-

1913 504 2078 559 scissa
2101 502 2326 559 sindone
2347 503 2586 572 sepultus
2614 504 2762 558 estin
2785 504 3100 559 ecclesia-S.
3127 505 3314 560 Vitalis
3342 505 3482 559 intra

1913 596 2299 650 monasterium
2322 594 2381 650 S.
2405 595 2643 656 Nazarii,
2659 593 2811 662 juxta
2833 595 3283 664 przedecessorem
3304 611 3485 654 suum.

1915 685 2065 741 Sedit
2090 684 2249 739 annis
2273 700 2348 750 vi,
2379 685 2653 739 mensibus
2684 699 2760 747 xi,
2788 684 2978 739 diebus
3016 700 3092 739 xu
3126 697 3174 740 ιι.

2413 863 2978 923 OBSERVATIONES

2299 977 2367 1017 AD
2400 976 2567 1015 νιΤΑιι
2605 974 2792 1015 SANC'I'I
2826 970 3094 1014 VICTORIS.

1918 1051 2118 1107 Rubeus
2136 1052 2307 1108 volens
2329 1053 2597 1137 sciepsrltte
2617 1061 2778 1137 erret.
2800 1049 2996 1133 Qiborii
3026 1068 3170 1137 usus.
3222 1052 3483 1106 Endotlns

2278 1124 2404 1195 quid
2431 1123 2455 1176 .9
2486 1119 2666 1176 Fontis
2694 1119 2926 1175 Petriani
2957 1126 3113 1176 mdes.

1980 1215 2021 1271 Ι.
2047 1215 2228 1271 Mirari
2255 1217 2342 1271 hic
2355 1216 2538 1271 statim
2566 1214 2708 1270 subit
2728 1213 2969 1270 Rubcum
2992 1214 3082 1269 lib.
3102 1231 3183 1277 ut,
3209 1231 3329 1285 pag.
3358 1216 3480 1278 l57,

1914 1289 2171 1343 scientem
2210 1287 2588 1355 volentemque
2610 1300 2841 1356 errasse,
2871 1286 3241 1340 brevissimam
3286 1302 3487 1356 pauco-

1914 1375 2030 1413 rum
2085 1359 2352 1413 mensium
2382 1354 2564 1412 sedcm
2605 1354 2819 1427 Victori
2862 1356 3162 1418 tribuendo,
3196 1354 3317 1411 cum
3373 1355 3484 1427 Ag-

1914 1429 2084 1484 nellus
2111 1428 2224 1498 ipse
2252 1428 2377 1482 licet
2421 1447 2438 1478 ι
2474 1425 2684 1498 modico
2708 1434 2946 1495 tempore
2983 1448 2999 1477 ι
3030 1427 3275 1481 dixerita
3298 1425 3483 1482 Victo-

1915 1514 1974 1554 re
2012 1496 2378 1554 Ravennatem
2424 1496 2719 1553 Ecelesiam
2766 1504 2988 1560 rectam,
3032 1505 3259 1552 tcstetur
3283 1498 3484 1552 nihilo-

1913 1570 2092 1625 minus
2121 1569 2324 1623 sedisse
2338 1570 2584 1623 eumdem
2623 1566 2781 1621 annis
2805 1583 2879 1630 vr,
2911 1582 3082 1621 mens.
3110 1583 3185 1631 xt,
3227 1568 3369 1623 dieb:
3406 1585 3479 1623 xt.

1915 1640 2111 1694 Narrat
2136 1638 2353 1694 [lubens
2378 1639 2492 1709 ipse
2533 1638 2673 1692 inter
2697 1645 2891 1709 caetera
2925 1637 3139 1691 Vic;ore
3163 1647 3387 1693 curante
3413 1639 3481 1693 ad

1913 1710 2154 1766 ecclesize
2175 1707 2425 1765 ornatum
2449 1708 2646 1762 factum
2674 1707 2948 1761 endotbim
2970 1722 3034 1761 ex
3052 1724 3185 1762 auro
3205 1710 3484 1778 sericaque

1911 1788 2242 1841 contextam,
2276 1798 2295 1831 ί
2352 1778 2645 1848 inscriptis,
2685 1796 2705 1828 ι
2757 1778 2944 1831 eodem
2988 1778 3201 1833 Victore
3244 1779 3480 1842 volente,

1920 1870 1938 1901 ε
1969 1851 2115 1907 circa
2141 1850 2418 1906 endothim
2457 1848 2671 1911 litteris,
2699 1848 2895 1916 quibus
2925 1862 3079 1903 suum
3108 1849 3159 1903 id
3209 1864 3329 1904 esse
3365 1866 3483 1902 mno-

1910 1938 2013 1976 nus
2039 1921 2375 1987 testabatur;
2414 1940 2433 1972 ι
2463 1929 2519 1974 at
2547 1934 2577 1972 a
2613 1917 2896 1973 referendo
2917 1916 3220 1973 litterarum
3262 1935 3353 1974 seu
3403 1920 3483 1973 in-

1910 1991 2217 2061 scriptionis
2248 2000 2435 2047 tenore
2455 1989 2863 2061 abstinet,quod
2897 1989 2948 2061 in
2976 2004 3038 2043 ea
3062 2004 3234 2045 annus
3264 1990 3486 2060 quintus

1910 2058 2146 2118 Victoris
2192 2061 2430 2116 sedentis
2465 2059 2797 2124 enuntietur,
2828 2058 2968 2112 unde
3006 2062 3147 2129 male
3200 2058 3479 2129 compara—

1910 2140 1979 2188 ta:
2007 2132 2369 2203 chronologite
2416 2145 2543 2203 reus
2571 2129 2981 2203 comparuisset.
3033 2128 3141 2185 Nec
3178 2128 3477 2201 paucarum

1910 2212 2057 2258 certe
2110 2197 2373 2257 mensium
2403 2201 2632 2271 Spatium
2683 2197 2928 2255 subicere
2967 2197 3195 2270 poterat'
3231 2202 3315 2256 bis
3341 2217 3481 2271 pra:-

1911 2273 2120 2343 etandis
2165 2271 2685 2343 qutead_ecclesite
2722 2279 2970 2343 ornatum
3027 2280 3082 2325 et
3140 2273 3482 2343 commodum

1912 2342 2095 2399 Victor
2129 2341 2372 2404 contulit,
2410 2341 2597 2395 Rubeo
2646 2341 2762 2410 ipso
2795 2341 3083 2396 scribente.
3144 2342 3275 2396 lllud
3316 2343 3480 2397 etiam

1910 2428 2202 2492 agnoscere
2237 2421 2453 2483 poterat
2489 2410 2735 2492 eruditus
2776 2411 3026 2492 scriptor,
3056 2414 3196 2482 quod
3239 2413 3284 2468 si
3319 2429 3483 2492 ὀρει-

1909 2480 2167 2539 εῐτυθηάο
2193 2480 2453 2550 argenteo
2480 2482 2686 2537 ciboria
2710 2480 3047 2536 Justinianus
3071 2480 3284 2539 omnem
3319 2484 3485 2539 ltalize

1908 2569 2131 2609 censum
2154 2553 2315 2608 unius
2342 2555 2466 2607 anni
2502 2552 2709 2617 tribuit,
2742 2552 2858 2623 ﬁeri
2882 2567 2988 2606 non
3020 2554 3194 2621 potuit
3215 2555 3344 2623 quin
3372 2553 3481 2610 sal-

1908 2633 2019 2680 tem
2063 2640 2237 2679 annns
2264 2624 2351 2678 ille
2375 2624 2707 2687 elaberetur,
2743 2620 2897 2690 cujus
2924 2620 3146 2679 censum
3185 2620 3482 2680 donaverat

1910 2695 2220 2766 imperator.
2243 2693 2309 2766 id
2339 2693 2539 2749 factum
2571 2694 2735 2766 fuisse
2766 2702 2849 2747 est
2878 2702 3298 2766 consentaneum
3337 2710 3478 2751 anno

1908 2763 2047 2846 uaso,
2098 2781 2205 2846 quo
2242 2763 2429 2819 Victor
2462 2773 2561 2846 est
2597 2764 2877 2846 erdinatus
2931 2763 3055 2846 5‘40.
3086 2764 3346 2846 Ravenna
3380 2781 3480 2846 per

1906 2832 2225 2890 Belisarium
2296 2833 2886 2904 recepta,rViti.geque
2945 2832 3485 2904 iConstantinopolim

1869 2910 1873 2914 ’
1905 2907 2188 2976 perducto,
2209 2904 2280 2958 ob
2300 2902 2607 2976 quae'potuit
2631 2903 2922 2976 Augustus,
2942 2902 3155 2976 Numini
3178 2902 3484 2975 obsequens

1905 2973 1974 3031 ob
2003 2990 2190 3030 recens
2217 2973 2426 3046 partam
2454 2973 2758 3037 victoriam,
2786 2974 2911 3046 anni
2948 2973 3103 3046 illius
3126 2973 3369 3040 censum,
3400 2976 3477 3046 pii

1905 3043 2341 3116 gratiqueanimi
2367 3054 2742 3114 argumentum
2768 3043 3321 3116 ectzlesizerliavennati
3347 3043 3480 3101 con-

252 3113 438 3165 eorum,
464 3110 522 3156 ut
544 3100 800 3171 templum
829 3099 945 3165 Dei,
974 3100 1118 3170 quod
1146 3115 1176 3155 a
1203 3102 1405 3156 sanctis
1427 3102 1799 3157 sacerdotibus

1909 3099 2113 3172 sedere.
2146 3115 2378 3171 Censum
2432 3099 2648 3169 omnem
2699 3113 2905 3168 centies
2970 3115 3160 3182 viginti
3215 3099 3476 3170 librarum

250 3199 301 3246 et
345 3190 660 3249 ﬁdelissimis
686 3192 1008 3249 Christianis
1036 3200 1408 3247 constructum
1452 3200 1557 3257 est,
1588 3207 1617 3245 a
1647 3190 1800 3248 falsis

249 3280 545 3340 Christianis
583 3284 910 3341 destruatur.
946 3283 1123 3351 Quare
1157 3284 1260 3339 hoc
1287 3284 1310 3338 ?
1361 3283 1497 3353 Quia
1524 3299 1691 3355 prope
1715 3294 1800 3341 est

247 3378 373 3445 ﬁnis,
402 3395 565 3453 prope
592 3388 676 3436 est
696 3380 975 3440 terminus,
1005 3387 1062 3434 et
1105 3378 1403 3435 destructio
1453 3380 1658 3435 mundi.
1691 3378 1800 3434 Sed

242 3469 380 3539 juxta
408 3471 720 3545 Apostolum
776 3480 903 3527 sunt
959 3481 1198 3543 tempora
1230 3472 1550 3542 periculosa,
1580 3480 1635 3528 et
1673 3481 1802 3528 sunt

245 3562 456 3617 homines
487 3565 685 3634 seipsos
735 3571 997 3617 amantes.
1024 3560 1346 3616 Mundus‘in
1388 3562 1543 3616 malis
1592 3561 1795 3617 ﬁnitur.

245 3656 435 3721 Quanta
470 3657 726 3712 alacritas
761 3656 815 3710 in
871 3655 1025 3709 initio
1062 3654 1248 3709 mundi
1289 3653 1412 3719 fuit,
1439 3654 1605 3709 multo
1628 3655 1801 3725 magis

242 3744 464 3816 ploratus
502 3746 575 3802 sit
622 3746 675 3800 in
712 3744 1181 3801 consummatione
1233 3744 1441 3799 mundi.
1495 3743 1799 3812 Antequam

240 3846 625 3892 consummetur
650 3837 882 3891 mundus
902 3836 1057 3906 juxta
1074 3835 1436 3907 Evangelium,
1469 3834 1798 3906 pestilentia,

239 3934 290 3981 et
307 3926 488 3995 fames,
510 3938 854 3999 terroresque
881 3928 947 3983 de
980 3927 1140 3994 caelo,
1171 3929 1294 3993 irae,
1328 3927 1478 3993 rixze,
1511 3927 1802 3983 dissensio-

242 4035 328 4075 nes
351 4027 403 4076 et
426 4020 592 4093 gladii
616 4028 795 4075 erunt.
843 4018 1157 4074 Elevabitur
1203 4034 1334 4089 gens
1381 4020 1433 4073 in
1461 4027 1696 4089 gentem,
1746 4025 1802 4073 et

240 4123 448 4182 regnum
477 4111 765 4167 fremeseet
780 4119 970 4166 contra
1000 4125 1247 4182 regnum,
1272 4120 1327 4165 et
1347 4104 1630 4164 antecedet
1643 4109 1799 4177 juve-

190 4212 195 4215 '
240 4202 316 4257 nis
345 4218 545 4267 senem,
566 4211 623 4258 et
667 4202 1058 4273 subsequentes
1085 4202 1289 4258 nullum
1314 4204 1575 4258 honorem
1603 4203 1799 4274 priori-

235 4291 330 4349 bus
371 4292 616 4358 reddent,
647 4292 741 4347 sed
806 4301 862 4348 et
918 4292 1014 4348 ﬁlii
1055 4292 1352 4361 despicient
1380 4301 1583 4363 patres,
1605 4302 1659 4347 et
1695 4309 1801 4349 non

230 4383 397 4440 solum
423 4383 689 4461 derident,
722 4384 817 4439 sed
869 4384 1035 4439 etiam
1062 4380 1442 4453 subjugabunt.
1482 4384 1606 4441 Haec
1644 4384 1798 4453 juxta

227 4482 470 4530 sanctum
518 4474 912 4545 Evangelium:
981 4472 1085 4530 Vel:
1134 4475 1280 4530 nobis
1325 4474 1513 4549 [vobis]
1564 4477 1798 4532 miseris!
1823 4477 1876 4537 D

225 4565 414 4623 Omnia
430 4569 829 4637 conspeximus.
856 4566 961 4623 Sed
979 4577 1036 4623 tu
1067 4570 1388 4625 immortalis
1408 4569 1548 4626 Deus
1566 4570 1796 4638 excelse,

221 4669 279 4714 et
310 4659 588 4723 terribilis,
641 4674 835 4730 magna
865 4661 1099 4739 potentia
1128 4668 1219 4716 tua
1260 4661 1406 4717 salva
1454 4677 1572 4717 nos.
1604 4662 1798 4720 Omnia

223 4754 341 4807 bam
370 4753 764 4823 perspeximus,
803 4762 859 4807 et
896 4762 1232 4810 tememotus
1258 4771 1354 4826 per
1399 4755 1533 4818 loca,
1569 4764 1624 4811 et
1646 4747 1796 4826 signa

221 4846 274 4900 in
300 4843 416 4898 sole
455 4852 509 4897 et
561 4843 709 4897 luna.
741 4842 848 4898 Sed
869 4844 995 4915 quia
1028 4844 1158 4900 dicit
1182 4846 1351 4916 ipsam
1378 4840 1800 4902 consummatio-

222 4950 348 4990 nem
377 4942 434 4988 et
459 4933 668 4999 horam,
698 4951 818 5004 quae
845 4935 1046 4990 sanctis
1069 4936 1271 5007 angelis
1293 4952 1398 4992 non
1428 4937 1662 4993 revelata
1711 4945 1798 4993 est

220 5028 517 5090 nescimus,
552 5028 646 5083 sed
671 5028 872 5084 scimus
904 5030 1045 5100 quod
1073 5044 1238 5099 prape
1270 5038 1372 5095 est,
1409 5039 1569 5099 atque
1597 5030 1783 5085 intelli«

222 5120 420 5191 gimus,
448 5117 573 5188 quia
619 5128 776 5173 vetus
825 5119 984 5173 homo
1012 5118 1307 5189 propinque
1367 5121 1664 5197 moriturus
1690 5131 1794 5188 est,

222 5221 278 5265 et
298 5211 515 5282 signum
542 5210 731 5269 mortis
780 5212 833 5266 in
863 5224 928 5266 eo
958 5211 1248 5267 cernimus.
1279 5211 1565 5269 Nescimus
1580 5230 1685 5283 qua
1710 5215 1799 5271 die

223 5302 308 5357 vel
334 5301 472 5357 hora
503 5301 678 5357 iturus
700 5311 812 5369 est;
838 5302 917 5358 sic
935 5309 992 5357 et
1022 5301 1202 5357 omnia
1225 5303 1377 5374 signa
1405 5320 1526 5374 quae
1552 5306 1802 5375 prredixit

227 5392 467 5459 Veritas,
498 5394 771 5458 eveniunt,
797 5394 937 5451 dies.
962 5392 1045 5449 vel
1087 5393 1217 5447 hora
1251 5392 1564 5449 abscondita
1585 5403 1670 5448 est
1704 5400 1797 5448 no-

229 5485 329 5540 bis.
378 5482 488 5541 Sed
521 5486 617 5541 tibi
645 5487 885 5556 cognitor
929 5492 1273 5556 peccatorum
1317 5482 1641 5557 [pectorum]
1676 5521 1694 5551 ,
1743 5493 1800 5540 et

228 5587 508 5634 scrutator
535 5579 781 5636 cordium
809 5580 987 5637 omnia
1014 5579 1252 5651 cognita,
1275 5588 1331 5634 et
1353 5579 1627 5650 possibilia
1649 5588 1794 5634 sunt.

230 5667 327 5725 llic
353 5678 640 5742 postquam
664 5671 1004 5729 beatissimus
1025 5673 1191 5728 vitam
1219 5672 1395 5727 ﬁnivit
1420 5689 1488 5727 xv
1513 5656 1630 5727 lia].
1657 5672 1796 5728 Mar-

1904 3186 2069 3241 fuisse
2100 3187 2306 3256 argenti
2334 3185 2527 3240 asserit
2550 3199 2615 3237 ex
2639 3184 2863 3254 Agnello
2884 3185 2998 3238 erui
3024 3184 3258 3248 Rnbeus,
3288 3201 3475 3241 verum

1902 3257 2005 3312 alia
2029 3258 2236 3328 Agnelli
2287 3272 2440 3312 mens
2463 3256 2729 3328 tradentis
2754 3256 3055 3328 cibarium,
3109 3273 3127 3305 α
3165 3256 3377 3328 sublato
3415 3257 3480 3311 li-

1900 3342 2037 3397 gneo
2064 3325 2291 3388 vetusto.
2331 3327 2549 3398 centies
2580 3325 2766 3395 viginti
2805 3325 3063 3398 librarum
3089 3327 3300 3398 argenti
3327 3327 3480 3398 justo

1900 3395 2136 3467 pandere
2185 3406 2449 3453 structum
2482 3395 2668 3457 fuisse,
2707 3416 2724 3447 ι
2753 3404 2805 3450 et
2837 3397 3055 3466 insuper
3078 3395 3378 3452 addentis't
3408 3414 3477 3454 ex

1901 3482 1966 3522 eo
2024 3468 2167 3538 quod
2229 3470 2490 3524 remansit
2552 3467 2763 3538 diversa
2837 3468 3052 3521 vascula
3110 3468 3176 3521 ad
3233 3484 3474 3523 mensam

1899 3536 2169 3608 pontiﬁcis
2222 3548 2515 3593 exstructa.
2558 3557 2576 3586 ι
2638 3536 2775 3591 Puto
2804 3552 2916 3608 ego
2969 3553 3066 3606 pro
3135 3539 3340 3591 centies
3394 3540 3477 3593 vi-

1900 3607 2057 3678 ginti,
2088 3609 2429 3664 scribendum
2457 3616 2674 3678 centum
2707 3607 2913 3678 viginti,
2948 3622 3049 3661 nec
3084 3608 3184 3662 ista
3214 3610 3280 3662 ad
3312 3609 3476 3678 italia:

1900 3676 2121 3733 censum
2154 3678 2345 3734 referri
2395 3693 2571 3749 posse.
2604 3676 2854 3749 Agnellus
2889 3692 3156 3749 rumorem
3188 3677 3472 3739 nonnullo-

1900 3766 2019 3803 rum
2051 3750 2315 3804 memoria
2358 3747 2861 3819 prodituur’rel‘crt,
2893 3747 2975 3799 cui
3015 3755 3192 3819 tamen
3225 3763 3283 3802 se
3312 3749 3470 3803 mini-

1900 3835 1986 3874 me
2014 3822 2274 3876 accedere
2321 3817 2476 3875 statis
2503 3817 2675 3871 innuit
2732 3820 2799 3873 de
2844 3818 3001 3871 unius
3050 3818 3175 3871 anni
3206 3833 3370 3873 censu
3399 3820 3468 3873 ab

1899 3891 2146 3961 Augusto
2193 3891 2410 3945 donato.
2444 3888 2613 3943 Porro
2663 3888 3003 3961 inscriptioa
3035 3887 3252 3961 Victore
3273 3889 3466 3959 posita,

1899 3958 2083 4014 votum
2116 3975 2147 4013 a
2188 3962 2459 4029 pontiﬁce,
2486 3966 2540 4014 et
2590 3974 2620 4011 a
2649 3958 2805 4029 plebe
2851 3959 3099 4029 positum]
3127 3959 3276 4023 dicit,
3323 3961 3466 4029 quod

1901 4032 2036 4085 satis
2058 4027 2293 4085 ostendit
2314 4030 2387 4084 uil
2412 4031 2461 4084 ei
2493 4029 2569 4083 ι·ίί
2601 4044 2630 4081 a
2674 4027 2977 4083 Justiniano
3005 4028 3279 4083 collatum.

1970 4100 2032 4155 Il.
2069 4100 2341 4155 Ciborium
2364 4115 2524 4170 porro
2552 4098 2679 4170 quid
2707 4108 2869 4159 esset.
2894 4099 2936 4152 si
2972 4099 3188 4170 aliunde
3213 4100 3345 4170 satis
3374 4115 3462 4155 su-

1900 4185 2102 4241 perque
2124 4186 2227 4225 non
2248 4169 2542 4241 constaret,
2561 4169 2932 4241 habereturrex
2956 4169 3201 4241 versibus
3224 4169 3470 4235 laudatis,

1900 4250 1954 4295 et
1986 4240 2039 4295 in
2073 4240 2262 4310 primis
2284 4257 2351 4296 ex
2381 4240 2589 4294 duobus
2617 4240 2918 4309 postremis,
2944 4240 3033 4309 qui
3061 4254 3164 4293 non
3195 4241 3353 4295 modo
3381 4257 3472 4295 os-

1903 4312 2143 4382 tendunt
2174 4311 2402 4382 tegendo
2444 4311 2601 4382 altari
2652 4310 2961 4371 inservisse,
2991 4325 3159 4379 quare
3185 4311 3471 4382 testudinis

1902 4397 2089 4437 vocem
2124 4380 2342 4436 Rubeus
2368 4381 2663 4445 substituit,
2691 4381 2784 4433 sed
2809 4382 3077 4450 prazcipue
3100 4381 3166 4435 ob
3188 4380 3237 4434 id
3267 4380 3491 4435 factum.

1903 4452 2089 4515 fuisse,
2117 4458 2178 4507 ut
2218 4452 2268 4505 in
2301 4466 2366 4506 eo
2391 4468 2543 4507 sacra
2577 4451 2920 4506 encb'aristiae
2947 4451 3202 4521 mysteria
3231 4466 3329 4520 pro
3370 4467 3469 4505 usu
3506 4476 3509 4483 -

1903 4524 2345 4588 reconderentur,
2393 4523 2459 4577 ad
2510 4522 2676 4577 alium
2727 4522 2871 4577 enim
2923 4538 3140 4577 sensum
3172 4523 3311 4576 trahi
3360 4536 3469 4577 non

1900 4603 2132 4666 possunt
2164 4608 2228 4648 ea
2257 4611 2269 4647 :
2498 4607 2504 4611 '

2024 4683 2277 4737 Catholica!
2301 4685 2425 4745 legis
2448 4686 2602 4735 venit.
2640 4720 2654 4734 .
2691 4719 2707 4735 .
2746 4724 2756 4733 .
2795 4720 2809 4733 .
2844 4685 3020 4746 siquis
3042 4693 3218 4733 amator

2080 4747 2190 4796 Mox
2216 4755 2469 4808 reparatus
2489 4748 2589 4795 abit
2611 4759 2834 4809 carpare,
2868 4745 3073 4804 Christe,
3099 4752 3194 4795 tuo.

1973 4831 2049 4912 pe
2071 4830 2289 4912 eiboriis
2304 4831 2475 4912 .plura‘
2492 4831 2794 4912 Drtcangitts
2816 4831 2889 4912 de
2924 4840 3152 4912 utroque
3162 4828 3465 4912 ﬁlossario,

1897 4911 1953 4960 et
1977 4902 2031 4956 in
2066 4900 2421 4972 descriptione
2443 4901 2499 4956 S.
2528 4900 2741 4971 Sophim
2766 4902 2830 4955 ad
2854 4902 3076 4972 Paulum
3100 4900 3464 4954 Silentiarium

1898 4992 1954 5030 n.
1983 4972 2071 5035 57,
2096 4972 2186 5026 ubi
2208 4970 2273 5028 de
2300 4972 2521 5027 cibariis
2550 4970 2840 5039 eorumque
2871 4970 3041 5025 forma
3071 4980 3125 5024 et
3154 4986 3274 5024 usu.

1970 5042 2054 5111 ιιι.
2094 5042 2239 5098 ldem
2288 5042 2591 5111 Ducangius
2644 5041 2711 5111 de
2757 5036 2977 5111 endothi
3031 5040 3253 5108 loquens
3296 5036 3464 5111 affert

1899 5114 2016 5169 loca
2034 5109 2233 5177 Rubei,
2264 5108 2540 5180 inquibus
2567 5110 2867 5179 bujusmodi
2896 5119 3212 5165 ornamenta
3235 5125 3264 5161 a
3296 5108 3466 5161 Maxi-

1902 5185 2085 5240 miano
2109 5184 2289 5239 oblata
2323 5197 2389 5237 ex
2437 5182 2672 5250 antiquis
2698 5180 3073 5244 monumentis,
3100 5180 3366 5248 praecipue
3394 5194 3462 5233 ex

1901 5253 2229 5335 egoen-etin
2277 5266 2643 5335 quoruurtmo
2665 5266 2915 5333 expressa
2965 5250 3244 5335 vialellatur
3285 5250 3463 5335 omnis

1903 5318 2103 5405 Christi
2127 5318 2372 5387 historia,
2397 5322 2451 5376 in
2473 5321 2644 5405 altero
2672 5318 3043 5405 episcoporum
3092 5318 3462 5400 Ravennatutn

1903 5395 2075 5450 series
2121 5410 2246 5450 cum
2299 5392 2609 5449 earumdem
2644 5389 2938 5460 eﬁigiebus,
2983 5402 3268 5460 monetque
3317 5389 3464 5444 viros

1903 5466 2091 5520 doctos
2110 5479 2333 5521 censere
2372 5463 2576 5522 ἕνδύτην
2613 5473 2705 5517 aut
2733 5460 2835 5533 legi
2876 5460 3204 5531 autintelligi
3229 5460 3460 5533 debere,

1843 5574 1850 5582 .
1903 5551 2026 5591 cum
2055 5543 2112 5590 et
2144 5535 2317 5590 Graeci
2368 5550 2434 5589 eo
2482 5534 2696 5588 nomine
2730 5530 2925 5602 vocent
2974 5530 3219 5602 mappam
3273 5530 3462 5587 altaris

1906 5605 2197 5676 majorem,
2215 5606 2291 5676 uti
2342 5604 2551 5660 Gnarus
2610 5603 2685 5676 ad
2722 5601 3105 5676 Euchologium
3151 5602 3461 5658 Grzccornm

1904 5673 2087 5731 sentit.
2121 5673 2284 5730 Addit
2316 5683 2519 5741 tamen,
2547 5674 2688 5746 quod
2738 5682 2945 5729 certum
2974 5673 3224 5735 videtur,
3256 5688 3321 5728 ex
3349 5688 3465 5727 ma-

296 5794 323 5827 ι
353 5782 479 5840 Not.
502 5799 696 5856 marg.,
723 5782 859 5840 Obiit
893 5782 1064 5841 Victor
1087 5784 1498 5858 archiepiscopus
1523 5786 1660 5841 circa
1679 5803 1769 5841 tm.
1806 5783 1961 5841 Dom.
1987 5784 2110 5842 563.
2142 5784 2338 5841 Bxccu.
