3936 6180
462 287 565 348 δοῦ

1170 286 1467 345 AGNELLI
1501 282 1791 343 ABBATIS
1831 287 1888 343 S.
1929 286 2035 344 MAI

2135 288 2299 345 B°AD
2336 289 2815 356 BLACHE’RNAS,
2855 289 3005 345 ETC.

3606 293 3723 345 01:3

466 407 626 467 teria,
654 418 761 474 qua
783 401 1114 474 Ravennatis
1142 402 1385 458 ecclesia:
1420 401 1684 474 endothis
1728 402 2033 467 constabat,
2064 403 2112 462 A
2139 403 2194 457 in
2223 393 2417 474 orbitis
2447 402 2707 474 disposita
2734 404 3052 474 legebantur
3077 403 3241 474 verba
3279 447 3289 458 .
3329 422 3347 452 α
3381 402 3544 458 Salvo
3571 406 3727 461 dum

463 472 751 546 significari
797 473 977 546 potius
1023 472 1199 546 velum
1229 488 1337 543 quo
1384 472 1593 546 altaris
1618 487 1745 541 pars
1794 474 2035 527 anterior

410 559 417 566 ‘
465 542 771 601 ornaretur.
802 542 1003 597 Monet
1048 544 1212 598 etiatn
1250 542 1323 597 se
1378 543 1444 596 de
1496 543 1685 597 eodem
1713 552 2034 611 argumento

463 631 623 686 agere
668 614 719 668 in
764 614 1124 683 descriptione
1170 613 1227 667 S.
1255 612 1489 686 Sophim,
1533 628 1585 665 η.
1611 611 1698 686 (iii,
1746 622 1800 665 et
1827 613 2034 686 nsum

466 683 766 741 masculino
804 699 1000 757 genere
1027 685 1295 757 construi.
1315 683 1485 737 Porro
1513 691 1570 738 et
1592 683 1819 757 Graecos
1847 684 1898 737 in
1933 685 2033 737 hu-

457 757 694 827 jusmodi
742 754 1005 818 instratis,
1037 771 1132 809 seu
1162 754 1331 808 auleis
1356 754 1695 827 expressisse
1720 769 1819 827 agi
1849 770 2035 827 sacras

463 822 717 883 historias
758 834 982 895 apparet
1008 842 1073 879 ex
1104 834 1323 880 auctore
1352 822 1559 879 incerto
1586 833 1707 895 post
1754 822 2035 895 Theopha-

463 915 606 961 nem,
640 913 759 967 pag.
785 894 908 959 459,
938 897 1103 951 relato
1126 898 1193 949 ab
1221 896 1410 950 eodem
1439 894 1711 963 Ducangio
1741 894 1793 947 iu
1820 894 2036 949 Glossa-

463 972 545 1040 rio
597 968 921 1029 Graecitatis,
963 968 1076 1021 haec
1107 967 1334 1040 habente
1364 984 1377 1018 :
1413 969 1501 1019 ttat
1529 967 1897 1040 προσεκύνησεν
1940 972 2033 1040 τήν

464 1039 669 1111 Mam
723 1044 813 1096 τήν
863 1040 1107 1111 ὶχούσαν-
1143 1044 1230 1095 τήν
1262 1037 1813 1111 ’ἁγίανΑγένέσινῌτοῦ-
1829 1039 2031 1111 ενρίᾳυ.

461 1109 604 1163 l.lem
651 1105 929 1169 nstruont,
968 1117 1023 1162 et
1059 1108 1209 1177 plura
1260 1105 1378 1162 loca
1428 1105 1719 1177 Anastasii.
1773 1105 2034 1161 Endothis

461 1196 646 1249 porro,
671 1178 737 1232 de
752 1195 857 1247 quo
884 1179 972 1233 hic
1011 1175 1214 1243 noster,
1239 1193 1306 1230 ex
1337 1192 1625 1249 auropuro
1650 1175 1814 1249 fuisse
1837 1177 2035 1231 dicitur

462 1247 637 1304 serico
666 1249 897 1304 stamine
941 1259 1141 1313 textus,
1190 1248 1240 1301 in
1264 1263 1368 1317 quo
1394 1248 1631 1316 quinque
1654 1247 2034 1317 imaginesex—

461 1335 679 1389 presse,
709 1334 921 1389 unaque
973 1318 1243 1374 Victorem
1286 1316 1704 1389 repraesentans,
1730 1316 1818 1389 'qui
1850 1316 2033 1371 infima

463 1388 614 1459 parte
643 1391 743 1445 sub
767 1388 991 1459 pedibus
1033 1389 1329 1443 Salvatoris
1363 1390 1595 1442 votivam
1629 1388 2032 1458 inscriptionem

464 1458 678 1531 adjecit,
711 1458 777 1515 ex
808 1477 915 1530 quo
959 1460 1332 1531 dignoscimus
1367 1459 1617 1531 oblatum
1668 1474 1862 1531 munns
1915 1458 2035 1531 ipso

468 1527 992 1611 S_.'Pascb.atisddie,
1020 1527 1112 1599 qui
1159 1547 1300 1611 anno
1319 1528 1444 1610 545.,
1469 1530 1659 1611 quinto
1691 1527 1940 1611 videlicet
1968 1529 2035 1582 ab

469 1600 584 1669 cjus
640 1601 1001 1664 ordinatione,
1038 1597 1113 1655 ‘ut
1160 1602 1211 1654 in
1242 1597 1506 1670 superiori
1543 1597 1926 1670 dissertatione
1950 1615 2036 1670 os-

470 1668 677 1725 tensum
706 1679 805 1733 est,
838 1671 1025 1725 incidit
1048 1672 1098 1725 in
1120 1671 1185 1725 l6
1226 1668 1442 1740 Aprilis,
1477 1670 1628 1740 cyclo
1673 1668 1800 1740 solis
1829 1668 1920 1734 2‘2,
1944 1669 2038 1740 ,lit-

465 1751 575 1795 tera
626 1740 939 1796 Dominicali
983 1742 1049 1806 Α,
1091 1738 1347 1813 cycloque
1373 1738 1630 1813 lumen:
1660 1739 1798 1806 Quid
1829 1738 2033 1810 signiti-

2138 490 2272 543 papa
2308 472 2543 528 Victore.
2579 494 2598 526 ι
2648 473 2703 526 In
2733 472 2958 528 camera
2990 473 3178 526 eadem
3221 484 3427 541 partem
3467 475 3724 528 virorum

2140 545 2545 615 mulierumque
2583 544 2880 615 distinguit,
2910 559 3045 614 quas
3078 560 3144 597 ex
3176 546 3362 597 ordine
3415 544 3628 613 legendi
3696 562 3728 597 ει

2139 615 2365 670 sinistra
2421 615 2488 684 ad
2517 614 2798 669 dexteram
2828 615 3204 684 cognoscimus
3231 615 3519 683 dispositas
3558 624 3623 667 ut
3659 615 3719 669 itI

2136 685 2394 740 basilicis.
2414 677 2638 740 F1mtem
2674 693 2853 738 autem
2882 677 3034 738 muro
3060 699 3159 738 suo
3186 677 3579 738 circumdatum
3643 694 3732 738 te-

2137 766 2362 825 tragono
2411 756 2465 809 in
2515 755 2691 809 media
2721 770 2934 826 camera
2960 769 3024 808 ex
3055 754 3201 808 Petri
3233 755 3560 826 itllirysologi
3590 753 3728 808 Vita

2137 824 2497 896 agnoscimus,
2522 826 2608 879 ubi
2636 824 2965 896 dieiturions
2983 825 3094 895 ipse
3123 825 3308 896 «mira
3340 824 3731 895 magnitudim

2136 894 2437 967 duplicibus
2490 896 2662 950 muris
2712 906 2766 950 et
2815 894 2937 967 altis
2983 895 3250 967 mamilius
3310 915 3330 948 ι
3383 894 3728 967 aedificatus.

2135 965 2321 1022 Fontis
2370 967 2588 1022 nomine
2632 975 2797 1020 totam
2829 966 2998 1020 :edem
3030 965 3298 1035 intelligit,
3329 967 3468 1019 muri
3502 967 3569 1019 ad
3602 966 3732 1018 fon-

2138 1046 2245 1092 tcm
2265 1038 2497 1091 medium
2515 1046 2873 1105 tetragonum,
2898 1036 3094 1089 muenia
3119 1036 3183 1088 ad
3198 1051 3464 1089 cameram
3479 1038 3732 1090 circunr

2134 1108 2458 1164 ambientem
2489 1106 2814 1161 referuntur.
2847 1106 2997 1173 Quod
3045 1106 3277 1174 pertinet
3317 1107 3385 1160 ad
3410 1108 3555 1161 {edes
3620 1107 3730 1159 bu-

2130 1177 2366 1248 jusmodi
2420 1177 2583 1232 fontis
2630 1179 2845 1232 nomine
2870 1177 2940 1231 ab
2965 1176 3382 1248 antiquioribus,
3407 1176 3729 1248 baptisterii

2136 1245 2264 1305 vero
2313 1250 2379 1303 ab
2422 1250 2617 1302 intima:
2652 1248 2826 1302 relatis
2870 1247 3223 1315 scriptoribus
3252 1245 3535 1308 vocitatas,
3556 1245 3731 1316 plura

2135 1320 2343 1374 erudite
2371 1319 2436 1373 de
2483 1334 2630 1372 more
2662 1318 2963 1389 Ducaugins
2994 1319 3045 1389 in
3078 1316 3349 1389 Glossario
3376 1327 3638 1389 uinique,
3675 1326 3735 1370 et

2137 1392 2191 1446 in
2224 1390 2584 1459 descriptione
2617 1388 2746 1443 aedis
2793 1386 2865 1441 S.‘
2896 1386 3129 1459 Sophize,
3163 1405 3218 1459 n.
3246 1388 3335 1450 8‘3,
3368 1386 3455 1442 85.
3487 1387 3729 1459 Patrum

2136 1457 2443 1515 nostrorum
2494 1459 2881 1514 recentioribus
2935 1458 3146 1513 szeculis
3181 1457 3377 1521 fontes,
3444 1457 3734 1512 seumdes

2137 1530 2441 1601 lmjusmodi
2469 1538 2827 1601 constructas,
2854 1529 2941 1582 ubi
2986 1544 3175 1601 omnes
3204 1528 3641 1601 baptizarentur,
3669 1539 3735 1581 ut

2139 1599 2319 1655 laudet
2342 1601 2538 1655 citatus
2565 1600 2899 1655 clarissimus
2931 1599 3187 1668 scriptor,
3216 1599 3412 1654 merito
3438 1614 3734 1652 commen-

2138 1673 2232 1726 dat
2281 1672 2549 1742 egregiam
2594 1671 2651 1725 ὃ.
2691 1669 2914 1742 Joannis
2944 1668 3215 1742 Baptista:
3238 1669 3736 1742 tedemflorentia‘.

2141 1744 2283 1813 apud
2320 1739 2707 1813 'cathedralem
2764 1740 3048 1813 ecclesiam
3102 1742 3282 1813 sitam.
3335 1739 3477 1813 Mihi
3526 1739 3739 1809 patria:

460 1822 582 1865 cent
608 1812 715 1875 illa,
744 1831 762 1861 ‹
799 1805 1520 1873 mediamhabeus'coccam,
1555 1829 1572 1862 i
1607 1805 1778 1864 fateor
1829 1805 1915 1865 me
1944 1824 2038 1881 ne-
2065 1805 2111 1864 B
2140 1805 2309 1868 ainori
2339 1812 2655 1881 obsequenti
2691 1812 2850 1881 liceat
2876 1811 3083 1864 Parmae
3106 1810 3313 1881 insigne
3335 1805 3731 1881 baptisterium

466 1883 629 1946 scire,
661 1883 887 1952 aliisque
928 1882 1159 1938 libenter
1191 1883 1437 1951 relinquo
1467 1881 1813 1952 divinandum
1843 1880 2043 1935 veteris

465 1954 708 2007 textrina:
784 1950 1059 2007 studiosis.
1107 1953 1292 2007 Balnei
1350 1950 1397 2006 7a
1466 1950 1685 2006 Victore
1740 1953 2041 2006 constructi

464 2023 689 2094 fabrica,
714 2039 835 2078 cum
864 2025 1102 2084 decreto,
1133 2025 1273 2093 quod
1308 2024 1476 2094 gratis
1507 2023 1561 2075 in
1592 2021 2044 2094 perpetuumcle-

422 2092 429 2099 ’
463 2093 558 2146 rici
592 2094 899 2148 lavarentur
922 2096 1101 2156 tertia,
1126 2092 1383 2164 sextaque
1400 2093 1559 2164 feria,
1586 2092 1833 2164 quamvis
1855 2092 2040 2147 utilem

464 2163 712 2218 notitiam
747 2163 908 2229 ferat,
959 2164 1203 2219 ulteriori
1257 2162 1436 2219 tamen
1490 2162 1868 2231 disquisitione
1931 2177 2039 2217 non

462 2234 681 2289 indiget.

528 2252 947 2361 llVg.u(:il)SCUI'illS
987 2305 1228 2359 nonnihil
1274 2305 1475 2360 habent
1524 2304 1723 2357 tradita
1776 2303 1845 2356 de
1887 2302 2036 2357 fonte

460 2371 769 2429 Classicano
796 2376 1133 2446 baptismali;
1160 2376 1487 2445 distinguere
1522 2374 1667 2427 enim
1704 2372 1918 2446 videtur
1943 2388 2036 2427 no-

460 2452 572 2498 ster
609 2447 807 2500 lontcm
858 2443 1052 2515 ipsum,
1109 2462 1268 2515 quem
1322 2443 1658 2515 tetragonum
1707 2443 1954 2515 designat
2003 2457 2034 2496 a

457 2529 696 2584 camera,
712 2516 824 2570 ante
843 2513 1090 2570 videlicet
1116 2513 1317 2568 fontem
1344 2513 1518 2584 ipsum
1534 2513 2032 2584 circumambiente,

461 2582 512 2637 in
539 2584 691 2653 cujus
719 2602 848 2640 arcu
878 2603 969 2640 seu
992 2587 1171 2641 altiori
1195 2582 1411 2656 fastigio
1437 2584 1724 2639 testudinis
1750 2583 1877 2637 hinc
1912 2583 2035 2638 inde

2100 1884 2105 1889 ’
2138 1883 2413 1938 laudarem
2440 1878 2809 1937 constructum
2842 1880 3051 1935 labente
3073 1878 3235 1935 tertio
3258 1880 3464 1935 decimo
3492 1878 3733 1933 saeculo.

2138 1954 2362 2009 Constat
2402 1954 2710 2008 universum
2747 1968 2813 2006 ex
2858 1948 3167 2019 ingentibus
3198 1951 3559 2005 marmoribus
3587 1950 3738 2004 mire

2140 2026 2456 2095 compactis,
2510 2025 2683 2093 ﬁgura
2737 2023 3002 2095 rotunda,_
3044 2037 3215 2095 quam
3255 2022 3443 2095 ingens
3506 2019 3740 2095 testudo

2140 2091 2281 2149 finit:
2310 2095 2368 2149 lu
2414 2091 2590 2149 medio
2640 2093 2857 2163 grandis
2902 2092 3038 2161 lapis
3080 2091 3377 2163 fornicibus
3403 2091 3732 2163 impositus,

2140 2166 2194 2220 in
2225 2181 2360 2235 quos
2378 2181 2513 2233 aqua
2537 2162 2889 2235 derivabatur
2915 2172 3037 2235 post
3066 2162 3397 2235 celebratum
3424 2162 3737 2235 baptisma,

2143 2231 2285 2305 quod
2335 2231 2534 2290 factum
2586 2251 2683 2306 per
2711 2231 3107 2306 iiumerSion_ein
3164 2249 3251 2287 res
3309 2234 3420 2306 ipsa
3455 2231 3734 2306 ostendit.

2143 2300 2297 2360 Nunc
2342 2306 2397 2359 in
2426 2307 2555 2360 tedis
2581 2300 2776 2375 angulo
2822 2305 2888 2358 ad
2940 2300 3151 2375 poijtam
3206 2300 3343 2373 (μιαί
3371 2302 3742 2359 Occidentem

2142 2385 2370 2446 spectat,
2400 2391 2499 2445 pro
2528 2373 2815 2446 recentiori
2842 2388 2993 2428 more
3020 2373 3349 2446 fastigiatum
3374 2389 3475 2446 vas
3518 2386 3740 2446 aquam

2139 2443 2303 2516 capit,
2336 2443 2441 2514 qua
2468 2462 2565 2516 per
2610 2445 2975 2516 aspersionem
3024 2443 3259 2500 infantes
3290 2445 3452 2499 totius
3478 2444 3741 2499 cintatis

2138 2518 2388 2587 baptizari
2398 2526 2501 2570 tur.

466 2751 3068 2777 Μ

1552 2906 1817 3026 νΙΤΑ,
1878 2905 1959 2983 s.
2044 2904 2642 2983 MAXIMIANI.

968 3156 1191 3214 CAPUT
1230 3154 1518 3212 PRIMUM.

457 3294 774 3355 Maximiani
801 3293 993 3364 patria.
1028 3288 1326 3364 Tliesanrus
1366 3289 1636 3364 invenias,
1665 3302 1817 3364 cuius
1852 3287 2033 3364 portio

517 3354 815 3440 jnsliniano
845 3362 1137 3440 exitibetnr,
1167 3357 1537 3440 altera-sagaci
1564 3354 1782 3438 consilio
1805 3354 2034 3410 στεπηα-

525 3427 631 3494 ἱιιν.
675 3433 968 3491 Ordinatur
993 3430 1282 3510 episcopus.
1315 3427 1641 3510 Ravennates
1662 3427 1718 3480 in
1746 3443 1800 3481 se
1826 3442 2033 3480 aversos

525 3523 726 3564 morum
752 3514 799 3559 et
829 3497 1041 3557 actuum
1073 3497 1285 3553 leuitate
1305 3497 1569 3552 conciliat.

526 3620 882 3677 Maximianus
907 3614 1345 3683 XXVlJongazva
1362 3620 1591 3675 statura,
1614 3610 1762 3666 tenui
1785 3623 2029 3680 corpore,

455 3714 777 3773 macilentus
819 3712 871 3766 in
912 3706 1296 3773 facie,calvus
1339 3704 1536 3775 capite,
1565 3703 1802 3758 modicos
1845 3701 2033 3756 habuit

456 3806 696 3879 capillos,
725 3801 913 3858 oculos
942 3799 1182 3871 glaucos,
1212 3805 1267 3853 et
1308 3797 1455 3852 omni
1508 3795 1680 3867 gratia
1720 3794 2031 3849 decoratus.

444 3897 558 3953 "llic
577 3911 683 3951 non
704 3909 771 3949 ex
799 3894 902 3947 hoc
924 3889 1022 3944 fttit
1046 3888 1204 3953 ovile,
1230 3888 1326 3942 sed
1368 3886 1542 3941 aliena
1570 3884 1688 3939 ovis
1715 3898 1779 3938 ex
1810 3883 2035 3937 Polense

455 3986 697 4043 Ecclesia
723 3985 983 4038 diaconus
1009 3996 1038 4034 a
1070 3995 1168 4035 suo
1202 3977 1446 4035 antistite
1493 3976 1778 4032 decoratus
1820 3973 2036 4028 ordina-

456 4086 544 4131 tus
571 4086 673 4131 est.
702 4073 809 4130 Sed
837 4088 935 4128 cur
963 4070 1264 4141 alienigena
1290 4065 1664 4138 pontificatum
1692 4064 1849 4119 istius
1877 4064 2028 4118 urbis

460 4169 665 4223 tenuit?
692 4165 963 4226 Indicabo,
990 4179 1095 4217 non
1124 4159 1477 4223 abscondam,
1510 4157 1606 4213 sed
1633 4155 1845 4227 publice
1886 4162 2039 4225 pate-

462 4259 658 4313 faciam
684 4259 823 4312 sicut
849 4273 878 4311 a
906 4253 1251 4309 narrantibus
1276 4265 1373 4320 per
1419 4249 1688 4305 curricula
1734 4256 2037 4319 temporum

460 4350 617 4420 longa
643 4348 845 4412 audivi,
876 4356 930 4401 et
952 4344 1153 4399 veritas
1178 4351 1261 4397 est
1286 4342 1486 4409 absque
1530 4339 1639 4395 ulla
1681 4338 2035 4394 dubitatione.

461 4440 706 4506 Quadam
732 4452 860 4491 vero
891 4435 977 4490 die
1005 4435 1131 4489 dum
1158 4442 1357 4488 terram
1383 4431 1612 4494 foderet,
1644 4439 1705 4485 ut
1725 4430 1931 4485 semina
1954 4427 2038 4497 ja-

2059 3159 2103 3222 C
2132 3147 2406 3226 profectus
2426 3152 2634 3215 fuisset,
2657 3165 2838 3205 secum
2861 3147 3070 3203 detulit.
3105 3145 3520 3218 Justinianoque
3547 3149 3735 3219 impe-

2133 3247 2299 3301 ratori
2322 3244 2529 3304 obtulit,
2554 3244 2715 3313 quod,
2732 3250 2793 3295 ut
2818 3241 2953 3295 vidit
2973 3240 3264 3309 Augustus,
3277 3248 3399 3309 post
3419 3242 3733 3311 gratiarum

2133 3340 2418 3402 actionem,
2446 3335 2730 3406 diligenter
2750 3349 2872 3389 eum
2897 3332 3271 3402 interrogavit,
3296 3332 3339 3386 si
3364 3330 3495 3411 plus
3506 3330 3728 3389 fuisset.

2132 3426 2202 3482 At
2226 3426 2313 3482 ille
2325 3424 2702 3495 jusjurandum
2739 3423 3027 3492 respondet
3065 3422 3376 3492 imperatori
3426 3434 3524 3492 per
3567 3423 3720 3477 salu-

2135 3526 2241 3572 tem
2265 3525 2445 3582 tuam,
2479 3516 2733 3579 Domine,
2765 3522 2820 3568 et
2863 3527 2961 3582 per
3010 3511 3236 3567 salutem
3288 3511 3481 3566 animae
3503 3525 3727 3578 vestras,

2134 3609 2260 3679 quia
2284 3623 2390 3663 non
2421 3605 2650 3677 amplius
2672 3603 2797 3659 inde
2821 3604 3016 3663 habeo.
3050 3602 3153 3656 nisi
3193 3609 3455 3670 quantum
3502 3602 3556 3656 in
3595 3618 3729 3658 vcn-

2136 3711 2292 3766 trem,
2319 3709 2374 3755 et
2401 3700 2453 3753 in
2488 3698 2725 3752 zauchas
2748 3694 2998 3765 expendi.
3029 3692 3121 3747 llle
3150 3691 3406 3764 cogitavit
3461 3693 3610 3762 quod
3660 3694 3728 3749 de

2136 3795 2278 3849 victu
2310 3792 2532 3848 dixisset
2560 3788 2820 3859 corporis.
2853 3794 2909 3841 et
2949 3786 3016 3840 de
3058 3783 3438 3840 calceamentis
3486 3784 3722 3853 pedum;

2137 3889 2224 3944 ille
2260 3898 2439 3942 autem
2478 3884 2693 3940 dicebat
2737 3883 2803 3936 de
2851 3897 2915 3937 eo
2959 3881 3101 3950 quod
3135 3877 3408 3933 occultum
3459 3876 3722 3931 habebat.

2136 3978 2470 4034 Justinianus
2498 3983 2673 4029 autem
2699 3972 2972 4042 cogitabat
2994 3968 3204 4039 qualem
3228 3967 3647 4023 retributionem
3672 3967 3722 4020 ei

2138 4069 2487 4136 dedissetpro
2510 4064 2602 4118 tali
2631 4062 2751 4123 ﬁde,
2768 4076 2929 4131 quam
2961 4060 3073 4128 ipse
3099 4057 3201 4113 sibi
3218 4056 3508 4111 detulerat.
3539 4054 3724 4109 Conti-

2139 4157 2215 4227 git
2238 4172 2303 4211 eo
2325 4163 2565 4225 tempore
2592 4161 2653 4206 ut
2677 4158 2977 4206 moreretur
3015 4146 3201 4203 Victor
3224 4146 3512 4216 episcopus
3558 4145 3722 4216 hujus

2140 4249 2373 4304 civitatis
2399 4247 2689 4311 Ravenna),
2718 4252 2772 4299 et
2790 4251 2978 4297 euntes
3000 4241 3148 4297 cives
3171 4239 3514 4294 Ravennates
3539 4253 3720 4294 sacer-

2142 4340 2295 4394 dotes
2321 4355 2440 4394 cum
2471 4338 2718 4391 universa
2752 4334 2906 4405 plebe
2950 4332 3014 4387 ad
3060 4333 3441 4402 imperatorem
3494 4330 3719 4401 pallium

2142 4430 2477 4501 postuiantes
2506 4429 2573 4483 ad
2599 4426 2915 4482 electionem
2942 4435 2990 4475 ιι.
3020 4420 3145 4476 Post
3169 4419 3721 4491 praecepitAugustus

452 4543 628 4598 ceret,
656 4532 888 4603 primum
922 4537 1074 4585 tonsa
1096 4526 1290 4582 cesalis
1320 4523 1527 4597 [Forte,
1544 4522 1789 4589 cerealis,
1817 4520 2036 4594 Baeda]
2066 4554 2116 4613 ι)
2144 4522 2464 4593 petitoribus
2513 4532 2692 4573 moras
2738 4516 2953 4570 habere.
3002 4513 3103 4581 Qui
3145 4512 3449 4584 excogitato
3492 4512 3720 4567 consilio

460 4620 642 4680 statim
691 4621 897 4676 invenit
924 4634 1018 4673 vas
1057 4630 1309 4687 magnum
1357 4629 1488 4669 auro
1536 4613 1774 4684 plenum,
1807 4620 1863 4666 et
1904 4611 2037 4666 alias

460 4715 657 4773 multas
681 4713 1003 4769 devitiarum
1034 4707 1261 4778 species.
1306 4704 1405 4772 Qui
1438 4703 1743 4775 excogitato
1781 4717 1811 4756 a
1847 4710 2038 4756 semet-

456 4809 583 4879 ipso
634 4803 880 4868 consilio,
911 4800 1055 4872 quod
1086 4797 1200 4868 jam
1244 4812 1351 4879 non
1395 4803 1608 4867 poterat
1660 4794 1847 4858 latere,
1873 4791 2036 4863 jussit

464 4874 651 4957 bovem
676 4912 927 4969 magnum
958 4892 1189 4959 deferri,
1215 4874 1269 4948 et
1317 4891 1509 4954 occidi,
1540 4898 1594 4946 et
1629 4897 1874 4943 ventrem
1919 4887 2035 4957 ejus

461 4999 846 5068 pervacuatum
877 4997 1178 5045 stercorare
1204 4982 1488 5059 [stercore]
1514 5024 1528 5048 ,
1550 4981 1712 5051 jussit
1738 4996 1800 5036 ex
1840 4980 2037 5035 numis-

462 5099 606 5145 mate
633 5100 799 5141 aureo
826 5083 914 5156 [ex
942 5080 1279 5137 numismatis
1321 5075 1463 5149 auri]
1492 5075 1720 5145 impleri.
1773 5072 2035 5129 Similiter

463 5170 749 5236 accersivit
771 5184 985 5231 sutores
1010 5172 1522 5233 calceamentorum,
1551 5166 1807 5238 prmcepit
1850 5164 1953 5219 illis
1977 5172 2034 5218 ut

465 5289 689 5345 magnas
710 5272 947 5326 zanchas
966 5284 1033 5323 ex
1065 5267 1340 5321 hircorum
1361 5263 1590 5333 pellibus
1610 5268 1921 5333 operarent,
1945 5259 2037 5328 qui

458 5373 520 5419 et
571 5365 716 5433 ipsas
743 5378 809 5417 ex
846 5358 1031 5416 solidis
1056 5355 1234 5410 aureis
1275 5353 1515 5423 replevit.
1547 5351 1836 5420 Reliquum
1885 5362 2037 5414 vero,

462 5454 609 5523 quod
638 5452 918 5517 remansit,
949 5464 1072 5504 cum
1094 5448 1147 5502 in
1169 5441 1815 5512 Constantinopolitanam
1850 5439 2039 5494 urbem

537 5551 563 5624 λι
594 5582 659 5636 Et
682 5583 771 5637 hic
797 5588 953 5636 caute
980 5576 1214 5649 lege,pie
1240 5575 1427 5638 lector,
1453 5572 1793 5649 schismatiea
1817 5569 2035 5649 fuligine

463 5653 686 5710 infecta.
716 5652 940 5706 Pallium
971 5641 1077 5704 non
1103 5641 1179 5701 ab
1201 5646 1545 5715 imperatore,
1591 5642 1684 5715 sed
1712 5660 1763 5715 an
1785 5641 2036 5715 pontiﬁce

463 5725 778 5795 petebatur,
836 5720 989 5791 cujus
1037 5719 1199 5776 etiam
1246 5713 1363 5773 erat
1422 5714 1657 5784 episcopi
1720 5713 2038 5771 electionem

2133 4616 2295 4688 jussit
2316 4612 2622 4669 consecrari
2643 4611 2701 4663 Β.
2728 4607 3107 4663 Maximianum
3125 4604 3407 4660 Polensem
3430 4604 3714 4658 diaconum

2136 4706 2443 4777 episcopum
2474 4718 2505 4756 a
2535 4700 2729 4772 Vigilio
2790 4712 2926 4767 papa
2973 4696 3026 4751 in
3072 4694 3293 4751 civitate
3338 4693 3530 4753 Patras
3571 4691 3712 4761 apud

2135 4797 2394 4852 Achaiam
2423 4782 2569 4847 Prid.
2587 4791 2709 4845 ldus
2724 4787 2994 4853 Octobris,
3011 4786 3122 4841 ind.
3139 4785 3225 4851 10,
3248 4784 3534 4854 quinquies
3556 4782 3621 4838 P.
3650 4780 3711 4838 C.

2135 4884 2597 4956 Basiliijunioris,
2629 4879 2815 4956 [anno]
2848 4879 3152 4934 nativitatis
3201 4892 3311 4933 sua:
3360 4876 3451 4942 48,
3481 4883 3537 4929 et
3580 4875 3710 4929 dato

2104 4979 2294 5049 ‘pallio
2318 4976 2629 5030 Ravennam
2660 4963 2931 5037 misiLQui
2961 4984 3085 5024 cum
3114 4967 3411 5022 noluissent
3453 4979 3577 5021 eum
3624 4963 3707 5018 sic

2138 5072 2299 5128 citius
2321 5068 2664 5122 Ravennates
2689 5063 2834 5119 cives
2880 5061 3121 5131 recipere
3144 5100 3160 5117 .
3194 5059 3513 5113 morabatur
3555 5064 3705 5110 extra

2138 5170 2345 5233 portam
2374 5157 2432 5213 S.
2465 5156 2698 5213 Victoris
2735 5169 2841 5209 non
2869 5153 3026 5224 longe
3070 5166 3100 5206 a
3144 5149 3307 5206 fluvio
3357 5149 3447 5219 qui
3491 5157 3709 5201 vocatur

2141 5254 2306 5309 Fossa
2342 5248 2526 5305 Sconti
2552 5248 2605 5301 in
2627 5246 2847 5301 basilica
2873 5243 2936 5298 Β.
2960 5241 3181 5299 Eusebii
3211 5244 3264 5296 in
3284 5240 3550 5312 episcopio
3567 5236 3708 5308 quod

2144 5341 2477 5401 Uvimundus
2508 5340 2790 5410 episcopus
2823 5335 3154 5407 temporibus
3198 5333 3518 5389 Theoderici
3560 5330 3705 5399 regis

2143 5432 2442 5491 aedificavit.
2488 5430 2750 5486 Similiter
2786 5436 2841 5483 et
2887 5426 2941 5480 in
2986 5424 3255 5495 episcopio
3303 5420 3591 5497 [ecclesir]
3643 5419 3702 5473 Β.

2084 5576 2089 5579 ‘
2134 5569 2364 5634 probare
2388 5607 2404 5634 ,
2435 5566 2773 5634 electumque
2814 5560 3083 5617 ordinare.
3132 5558 3264 5616 Vide
3307 5560 3700 5616 Ρωεῖίιιῐυιιυω.

2181 5654 2327 5695 λοοιι.

2144 5792 2149 5799 ι
