3906 6182
192 293 276 350 605

1189 290 1388 347 LIBER
1425 288 1910 349 PONTIFICALIS.
1937 324 2007 336 —
2044 293 2222 348 PARS
2256 294 2297 348 ll

3276 292 3378 346 606

192 402 383 472 Georgii,
409 402 554 472 quod
576 400 896 455 Arianorum
920 403 1248 471 temporibus
1273 402 1589 458 aediﬁcatum
1611 410 1714 467 est,
1743 408 1793 466 Α
1819 401 1961 457 ﬁliis.
1985 402 2393 473 IEdiﬁcavitque
2412 404 2693 458 ecclesiam
2720 384 2863 477 beati
2886 402 3141 471 Stephani
3164 404 3251 457 hic
3275 403 3380 457 Ra-

192 502 232 546 et
250 491 489 562 praedicta
526 491 800 561 episcopia
837 492 1093 562 usque-ad
1123 501 1304 546 nostra
1337 488 1575 561 tempora
1592 507 1715 562 per-

191 590 488 647 manserunt,
501 595 751 651 peneque
765 596 932 636 annos
944 596 1068 636 xxvi
1087 582 1337 637 demolita
1359 581 1717 649 suntjubcnte

193 671 363 729 Valerio
382 674 640 743 praesule,
669 689 735 728 ex
759 674 951 743 quibus
976 674 1192 729 domum
1230 690 1349 745 qua:
1394 690 1534 729 nunc
1554 690 1714 740 nova,

194 771 310 833 atque
333 763 518 834 potius
547 764 831 819 Valeriana
877 775 1255 834 nuncupatur,
1304 766 1540 821 construi
1588 763 1716 820 fecit

195 853 365 928 [jussit].
386 855 554 911 Plebs
585 857 771 945 igitur,
794 866 854 911 ut
877 858 1129 924 diximus,
1161 874 1282 912 cum
1307 858 1565 912 noluisset
1591 872 1715 912 eum

197 949 406 1017 recipere,
435 948 733 1004 voluerunt
756 950 854 1004 viri
877 964 943 1004 ex
965 960 1119 1021 parte
1142 950 1435 1021 pontiﬁcis,
1464 960 1520 1005 ut
1540 950 1717 1005 mitte-

199 1049 280 1092 rent
297 1038 501 1110 legatos
530 1040 601 1095 ad
630 1041 799 1109 ipsum
826 1038 1135 1095 nuntiantes
1153 1080 1168 1105 ,
1193 1041 1332 1111 quod
1355 1039 1579 1110 profana
1603 1039 1717 1109 ejus

194 1127 368 1182 fuissent
385 1127 568 1195 iussa,
600 1139 655 1183 et
690 1130 743 1185 in
788 1140 1022 1185 atrocem
1045 1132 1347 1200 superbiam
1378 1131 1717 1188 Ravennates

189 1219 503 1286 perdurantes
554 1219 840 1275 noluerunt
881 1218 1221 1292 [noluissent]
1263 1221 1566 1275 ordinatum
1635 1237 1718 1277 re-

189 1307 328 1376 cipere
351 1309 693 1378 pontiﬁcem,
725 1318 778 1366 et
804 1310 1019 1366 viduata
1044 1311 1285 1366 Ecclesia
1311 1313 1415 1387 huc
1437 1310 1557 1367 illuc
1587 1326 1718 1382 grex

186 1402 374 1469 vagabat
413 1400 638 1474 [greges
664 1403 960 1476 vagarent].
988 1403 1192 1472 Quibus
1224 1420 1352 1459 vero
1380 1405 1720 1462 beatissimus

188 1489 507 1547 ilaximianus
549 1509 657 1547 non
684 1496 975 1560 consensit,
1003 1494 1095 1551 sed
1117 1494 1379 1568 confregit
1402 1512 1495 1552 eos
1520 1513 1719 1553 sermo-

189 1578 323 1643 nibus,
347 1581 537 1636 dicens
564 1597 581 1636 :
608 1582 846 1651 Ccssate,
864 1585 1076 1653 fratres,
1090 1587 1259 1663 nolite
1278 1587 1411 1643 alios
1440 1603 1717 1654 accusare,

186 1671 313 1725 nolite
338 1671 516 1727 L'etari
547 1674 602 1728 in
630 1676 851 1732 alterius
878 1678 1033 1734 ruina
1064 1675 1343 1751 [ruinam].
1370 1680 1554 1747 Qualis
1591 1696 1719 1752 ergo

186 1773 330 1829 pastor
353 1781 477 1820 sum
510 1767 555 1821 si
582 1769 774 1825 ovibus
800 1770 933 1825 meis
955 1787 1062 1826 non
1088 1775 1418 1842 pepercere?
1440 1775 1613 1831 Vultis
1657 1783 1715 1830 ut

189 1856 343 1912 laniem
366 1861 500 1915 eos?
524 1860 643 1916 Non
672 1862 775 1917 hoc
815 1861 1014 1919 bonum
1042 1865 1347 1921 consilium.
1377 1866 1548 1923 Sinite
1595 1868 1716 1925 illos

191 1962 267 2000 non
286 1964 378 2018 per
402 1966 495 2006 me
520 1951 628 2005 ulla
654 1952 899 2008 molestia
925 1954 1049 2009 erit.
1078 1953 1336 2012 Voluntas
1356 1956 1566 2012 Domini
1601 1957 1713 2013 ﬁat.

186 2035 387 2093 Obsecro
411 2055 509 2094 vos
539 2042 763 2097 modicis
796 2043 983 2100 diebus
1004 2045 1108 2101 illis
1133 2045 1377 2101 inducias
1421 2048 1570 2102 dare.
1599 2046 1715 2103 Non

195 2136 284 2195 post
304 2128 495 2186 multos
521 2130 639 2188 dies
663 2134 810 2187 misit
845 2134 1053 2190 ﬁdelem
1090 2137 1337 2192 nuntium
1369 2152 1435 2192 ex
1478 2139 1589 2193 suis
1616 2138 1717 2193 lio-

204 2219 407 2287 tninibus,
432 2224 647 2278 vocavit
665 2240 834 2280 unum
857 2227 922 2282 de
944 2227 1309 2283 sacerdotibus
1330 2269 1344 2291 ,
1379 2236 1433 2284 et
1478 2230 1718 2299 primati—

202 2309 449 2368 bnsurbis.
473 2314 707 2386 Rogavit
746 2331 839 2371 eos
888 2331 1068 2373 secum
1103 2319 1386 2389 prandere.
1429 2318 1561 2375 Cum
1590 2334 1719 2376 vero

203 2404 446 2473 venissent,
476 2407 768 2463 laetiﬁcavit
789 2424 849 2464 se
878 2425 1000 2465 cum
1030 2410 1153 2477 illis,
1181 2419 1239 2467 et
1278 2421 1401 2483 post
1442 2406 1621 2468 cibum
1663 2423 1718 2468 et

205 2504 349 2561 potum
370 2497 558 2553 obtulit
591 2500 731 2554 dona
759 2516 822 2555 ex
852 2516 1002 2566 auro,
1029 2503 1172 2572 quod
1193 2502 1391 2558 dudum
1419 2503 1716 2559 invenerat.

207 2585 475 2645 Paeitlcatus
496 2606 621 2646 cum
650 2591 757 2647 illis
786 2607 905 2648 cum
930 2594 1299 2650 benedictione
1328 2594 1537 2649 remisit
1578 2593 1718 2651 infra

205 2677 314 2733 hanc
334 2683 593 2739 civitatem
623 2683 908 2751 Ravennae,
936 2694 991 2740 et
1020 2685 1311 2756 postulavit
1338 2685 1406 2740 ab
1430 2685 1508 2741 eis
1529 2693 1586 2739 ut
1614 2685 1721 2742 fre-

199 2778 388 2837 quenter
407 2774 686 2829 visitareut
727 2790 869 2830 eum.
900 2776 994 2833 Die
1034 2791 1162 2832 vero
1189 2778 1426 2833 crastina
1472 2777 1642 2845 misit,
1665 2787 1720 2833 et

197 2862 370 2929 rogavit
393 2863 524 2919 alios
556 2865 844 2934 primates,
867 2872 921 2919 et
942 2865 1068 2921 fecit
1087 2868 1228 2921 sicut
1251 2854 1402 2937 prius
1423 2908 1438 2933 ,
1473 2866 1721 2923 similiter

192 2958 237 3002 et
257 2954 396 3008 tertia
427 2957 560 3011 vice.
589 2957 741 3013 Tunc
761 2957 1059 3012 retulerunt
1092 2958 1231 3012 inter
1257 2973 1315 3028 se
1342 2960 1571 3014 invicem
1619 2959 1719 3013 bu-

187 3038 386 3105 iasmodi
409 3061 512 3112 res,
534 3055 591 3102 et
614 3047 895 3103 dixerunt:
921 3048 1058 3115 Quid
1080 3057 1182 3113 est,
1211 3050 1353 3119 quod
1375 3047 1551 3107 facere
1573 3049 1717 3107 nolu-

189 3146 293 3187 mus
313 3132 626 3210 [volumus]?
654 3137 748 3193 Vir
771 3140 871 3195 iste
893 3112 1065 3196 bonus
1091 3112 1191 3205 est,
1220 3112 1452 3210 prudens
1472 3150 1574 3197 est.
1606 3140 1715 3197 Nos
1744 3112 1789 3176 Ο

186 3224 505 3294 cogitavimus
535 3239 720 3283 contra
749 3244 870 3285 eum
892 3230 1105 3295 nociva,
1134 3230 1223 3287 ille
1243 3231 1410 3286 noluit
1430 3232 1584 3288 nobis
1605 3247 1719 3287 ma-

186 3308 284 3365 lum
310 3330 400 3384 pro
420 3317 556 3373 malo
588 3320 828 3376 reddere.
878 3322 992 3377 Non
1022 3337 1303 3393 possumus
1327 3325 1443 3380 sine
1469 3324 1720 3396 pontiﬁce

186 3408 235 3454 ct
250 3413 391 3472 patre
416 3424 550 3465 esse.
577 3411 714 3466 Ecce
737 3413 1045 3469 sacerdotes
1071 3422 1295 3486 vagam,
1317 3415 1543 3486 populus
1566 3415 1719 3470 clau-

182 3491 327 3560 dicat,
355 3498 586 3556 Ecclesia
607 3502 890 3559 decrescit.
922 3503 1217 3574 Surgamus
1265 3505 1517 3571 diluculo,
1550 3506 1722 3562 intro-

185 3585 438 3646 mittamus
474 3608 596 3648 eum
641 3594 695 3647 in
738 3595 1126 3660 eivitatem,et
1168 3595 1453 3651 adoremus
1498 3597 1721 3668 vestigia

184 3673 309 3741 eius.
337 3678 479 3735 Tunc
506 3694 759 3755 surgente
777 3700 972 3740 aurora
1000 3685 1178 3741 ierunt
1208 3687 1486 3743 unanimes
1512 3702 1718 3755 omnes,

179 3771 319 3834 quasi
343 3773 588 3839 virunus,
608 3784 663 3832 et
686 3777 984 3848 aperientes
1006 3786 1187 3846 portas
1207 3778 1439 3834 civitatis
1458 3794 1579 3834 cum
1599 3794 1722 3834 cru-

180 3858 343 3927 cibus,
364 3874 416 3919 et
440 3867 626 3938 signis,
653 3878 708 3923 et
731 3868 950 3933 bandis,
982 3877 1036 3924 et
1053 3869 1296 3924 laudibus
1316 3870 1724 3925 introduxerunt

178 3964 294 4006 cum
318 3954 599 4015 honoriﬁce
629 3959 765 4015 infra
791 3961 928 4016 hanc
955 3961 1225 4016 civitatem
1248 3960 1536 4027 Ravennae,
1561 3970 1616 4016 et
1636 3977 1723 4018 os—

179 4042 477 4104 enlaverunt
509 4051 674 4121 pedes
710 4049 845 4119 ejus,
872 4060 929 4106 et
949 4061 1276 4107 ornaverunt
1298 4051 1503 4121 plateas
1536 4052 1724 4108 civita-

182 4135 267 4199 ῑὶεν
293 4139 595 4197 decorantes
622 4143 852 4198 diversis
877 4145 1172 4200 ornatibus.
1225 4144 1528 4215 Omnesque
1571 4159 1724 4201 coro-

184 4240 369 4288 nantur
390 4237 545 4300 aedes,
580 4237 742 4313 ﬁebat
766 4236 1115 4292 militantibus
1143 4236 1348 4303 laetitia,
1373 4236 1597 4306 privatis
1617 4236 1726 4290 ala-

182 4318 356 4387 critas,
383 4332 432 4379 et
453 4325 654 4395 pusilli,
676 4334 730 4379 et
754 4325 933 4395 magni
958 4334 1199 4391 ovantes,
1222 4334 1279 4380 et
1317 4325 1614 4380 mediocres
1638 4324 1729 4379 la:-

185 4406 449 4470 titicantes.
486 4415 552 4470 Et
580 4417 767 4470 sedere
789 4424 1110 4485 rogaverunt
1138 4420 1259 4470 eum
1289 4415 1341 4468 in
1390 4415 1514 4469 sede
1541 4413 1723 4470 Eccle-

183 4497 294 4563 siae,
320 4509 373 4556 et
388 4506 574 4561 missas
599 4506 883 4559 audierunt
903 4504 971 4559 ab
991 4518 1077 4570 eo,
1092 4513 1146 4560 et
1166 4506 1393 4577 agebant
1411 4505 1560 4559 illum
1582 4506 1721 4560 diem

182 4589 520 4654 sulemuitatis
549 4612 671 4651 cum
713 4596 906 4668 gaudio
937 4611 1130 4667 magno
1154 4636 1169 4662 ,
1197 4604 1252 4651 et
1286 4595 1470 4651 latitia
1529 4596 1726 4668 sempi-

182 4687 349 4737 terna.

785 4774 1010 4832 CAPUT
1046 4775 1108 4831 ll.

181 4860 405 4918 Ecclesia
433 4864 492 4920 S.
526 4864 772 4927 Stephani
799 4865 1109 4934 aediﬁcatur.
1137 4864 1455 4919 Monasteria
1480 4866 1583 4920 sive
1607 4865 1746 4919 a'di-‘

240 4935 462 5007 miliaad
487 4935 711 4990 basilica:
732 4935 916 4989 latera.
937 4934 1173 4995 Materia:
1198 4936 1362 4989 noctis
1387 4936 1541 4989 unius
1562 4936 1728 5007 spatio

236 5005 530 5075 prodigiose
553 5015 771 5075 paratte.

237 5094 369 5149 Post
390 5095 504 5149 hinc
525 5105 703 5149 autem
735 5094 835 5148 fuit
863 5109 985 5149 cum
1006 5093 1212 5158 ovibus,
1244 5094 1395 5163 quasi
1423 5102 1576 5164 pater
1605 5109 1729 5151 cum

236 5218 261 5244 δ
279 5204 410 5259 Not.
426 5219 594 5275 marg.
623 5204 999 5275 Monasterium
1023 5202 1078 5257 S.
1097 5202 1368 5272 Stephani,
1384 5202 1507 5275 quia
1522 5202 1604 5275 Iric
1622 5200 1729 5275 Ra-

162 5291 353 5330 renm
366 5275 419 5327 in
432 5269 633 5328 civitate
650 5290 751 5326 non
764 5284 837 5327 est
852 5271 953 5326 nisi
965 5290 1124 5327 unum
1140 5269 1512 5326 monasterium
1526 5269 1583 5325 S.
1617 5271 1733 5326 Ste-

156 5346 333 5417 phani
346 5344 397 5396 in
409 5359 508 5414 quo
520 5353 656 5417 stant
672 5341 1001 5417 moniales,”
1013 5359 1104 5411 per
1118 5360 1178 5395 ea
1190 5358 1317 5414 quiet
1336 5341 1498 5395 videri
1505 5351 1727 5417 possunt

160 5410 271 5468 hau
292 5410 434 5483 αρρὰ
440 5424 508 5466 ret
529 5413 751 5466 detenta
762 5410 1124 5477 a'di/iCior’um,
1141 5422 1188 5465 et
1204 5410 1374 5464 rerum
1384 5410 1728 5483 pretiosarum

166 5479 447 5551 :truct'tira
463 5483 599 5551 quod
646 5483 1013 5536 monasterium
1041 5492 1115 5535 est
1157 5496 1312 5551 prope
1352 5479 1619 5551 ecclesiam
1646 5479 1726 5551 _S.

160 5555 400 5607 Andr-ea:
421 5544 725 5611 Gothorum,
748 5568 863 5621 quae
898 5544 1174 5621 vulgat-iter
1193 5544 1384 5621 dicitur
1400 5547 1612 5604 ecclesia
1629 5544 1732 5604 Go-

160 5625 344 5682 thica,
367 5622 519 5675 credo
543 5622 681 5690 quod
700 5621 838 5674 istud
863 5620 1233 5674 manasterium
1258 5658 1273 5690 η
1303 5620 1366 5671 de
1409 5636 1509 5690 quo
1555 5621 1635 5674 hic
1676 5622 1729 5675 in

161 5696 275 5746 ista
308 5693 528 5746 historia
554 5688 613 5760 ﬁt
639 5692 847 5751 mentio.
872 5692 970 5759 fuit
990 5706 1146 5760 prope
1168 5688 1435 5744 ecclesiam
1458 5688 1516 5744 S.
1539 5691 1732 5745 Barba-

1810 508 1996 547 venme
2024 494 2199 549 levita;
2236 503 2290 548 et
2332 495 2586 565 martyris
2624 504 2647 531 ⁸
2681 511 2786 549 non
2837 495 2992 564 longe
3040 511 3069 549 a
3111 495 3380 565 posterula

1812 580 2078 647 ovilionis,
2105 598 2135 637 a
2174 582 2565 655 fundamentis,
2596 586 2729 638 mira
2764 585 3127 654 magnitudine
3156 585 3380 640 decora-

1812 671 1907 738 vit,
1936 672 2396 742 pulclierrimeque
2422 674 2665 737 ornavit,
2696 682 2747 728 et
2774 674 2826 726 in
2875 674 3108 729 cameris
3152 675 3382 729 tribuum

1813 776 1909 817 sua
1954 761 2154 834 efﬁgies
2202 763 2427 818 tessellis
2470 758 2635 818 variis
2656 763 2815 817 inﬁxa
2843 772 2943 829 est,
2975 773 3029 820 et
3050 765 3102 818 in
3129 767 3245 836 giro
3280 766 3383 819 mi-

1813 851 1961 907 riﬁce
1985 866 2147 921 opere
2192 853 2365 907 vitreo
2411 861 2717 907 constructa
2755 861 2875 919 est,
2905 854 3206 925 multasque
3250 856 3379 911 reli-

1813 943 1966 1013 quias
1992 943 2189 999 ibidem
2209 943 2446 998 condidit
2469 944 2534 998 de
2562 953 2867 999 sanctorum
2891 945 3227 1015 corporibus,
3253 961 3384 1015 quo-

1815 1052 1934 1090 rum
1957 1036 2173 1090 nomina
2201 1036 2271 1090 ita
2302 1045 2520 1091 exarata
2547 1036 2829 1091 invenietis
2861 1055 2874 1090 :
2906 1036 2973 1090 In
2994 1038 3238 1090 honorem
3259 1056 3385 1092 san-

1816 1129 1885 1183 cti
1905 1145 1966 1182 ac
1988 1128 2267 1182 beatissimi
2293 1129 2447 1198 primi
2472 1129 2716 1199 martyris
2741 1128 3010 1207 Stephani,
3035 1146 3212 1183 servus
3232 1129 3387 1183 Clari-

1814 1215 1880 1275 s'ti
1912 1218 2264 1274 Maximianus
2289 1214 2560 1291 episcopus
2584 1221 2717 1275 hanc
2752 1221 3017 1275 basilicam
3066 1222 3175 1291 ipso
3225 1222 3384 1291 adju-

1816 1321 1966 1365 vante
1990 1328 2023 1364 a
2056 1311 2408 1381 fundamentis
2438 1314 2749 1378 construxit,
2779 1323 2825 1366 et
2848 1314 3106 1367 dedicavit
3156 1312 3241 1367 die
3272 1323 3379 1366 ter-

1818 1403 1889 1456 tio
1917 1401 2046 1456 Idus
2071 1403 2378 1468 Decembris,
2412 1404 2522 1464 ind.
2559 1403 2643 1467 M,
2668 1406 2839 1458 novies
2876 1403 2940 1458 Ρ.
2966 1403 3027 1459 C.
3059 1404 3245 1458 Basilii
3271 1404 3373 1457 Ju-

1818 1491 1999 1546 nioris.
2026 1492 2092 1547 Et
2118 1493 2332 1562 gavisus
2351 1501 2431 1548 est
2465 1494 2516 1547 in
2554 1494 2801 1559 Domino,
2832 1495 2919 1563 qui
2959 1495 3006 1548 ei
3055 1503 3202 1549 tanta
3246 1510 3381 1564 prae-

1818 1583 1955 1640 stitit
1977 1586 2134 1650 bona,
2163 1593 2360 1654 quanta
2395 1586 2569 1641 nullus
2596 1587 2868 1641 hominum
2923 1587 3080 1656 digne
3126 1603 3388 1643 enarrare

1819 1674 2013 1729 valeat.
2042 1675 2334 1731 Collocavit
2355 1684 2530 1730 autem
2559 1677 2646 1731 hic
2693 1677 2881 1730 merita
2926 1676 3286 1746 apostolorum
3331 1685 3386 1732 et

1743 1760 1789 1821 Β
1816 1776 2138 1839 martyrum,
2165 1768 2218 1823 id
2248 1776 2331 1823 est
2394 1767 2451 1822 8.
2480 1768 2643 1830 Petri,
2672 1767 2730 1823 8.
2756 1768 2929 1833 Pauli,
2967 1768 3024 1823 S.’
3048 1768 3295 1832 Androm,
3325 1767 3383 1822 8.

1818 1860 2147 1923 Zaccbariae,
2179 1859 2236 1915 S.
2266 1859 2489 1915 Joannis
2516 1860 2787 1931 Baptistae,
2824 1860 2880 1915 S.
2905 1859 3130 1916 Joannis
3154 1876 3385 1932 evange~

1816 1951 1972 2015 listae,
2008 1949 2064 2005 S.
2091 1949 2295 2017 Jacobi,
2329 1949 2386 2005 8.
2421 1950 2656 2015 Thomze,
2689 1950 2744 2006 8.
2772 1950 3038 2014 Μειιιιιωὶ,
3069 1950 3125 2005 8.
3157 1950 3382 2020 Stepha-

1816 2061 1893 2108 ni,
1923 2042 1980 2098 S.
2011 2041 2300 2109 Vincentii,
2329 2042 2387 2099 S.
2418 2043 2692 2099 Laurentii
2720 2085 2734 2108 ,
2765 2043 2822 2098 S.
2865 2043 3073 2111 Quirini
3099 2085 3112 2107 ,
3153 2043 3212 2099 8.
3259 2044 3384 2098 Flo-

1818 2135 1977 2201 riaui,
2008 2133 2066 2190 8.
2120 2134 2416 2199 Αζιηίιίιιηί,
2447 2134 2504 2189 8.
2548 2134 2892 2205 Apollinaris,
2930 2134 2987 2190 S.
3035 2135 3256 2206 Agathte
3281 2176 3295 2199 ,
3323 2134 3381 2190 8.

1817 2224 2134 2296 Euphimize,
2172 2223 2228 2279 S.
2258 2225 2481 2295 Agnetis
2505 2265 2519 2291 ,
2549 2223 2605 2279 8.
2631 2224 2879 2296 Eugeniae
2906 2265 2920 2291 ,
2948 2225 3037 2294 qui
3086 2233 3241 2279 orent
3284 2239 3384 2294 pro

1816 2320 1989 2381 nobis,
2016 2326 2072 2374 et
2099 2318 2152 2372 in
2182 2318 2466 2388 supercilio
2493 2333 2648 2373 arcus
2678 2319 2903 2372 tribuum
2944 2317 3224 2372 invenietis
3262 2331 3383 2371 ver-

1817 2424 1909 2465 sus
1938 2408 2210 2474 metricos,
2240 2408 2574 2463 continentes
2602 2407 2710 2463 ita:

1939 2520 2139 2584 Templa
2159 2525 2336 2573 micant.
2359 2523 2587 2582 Stephani
2613 2523 2798 2571 meritis
2811 2514 2865 2570 'et
2894 2523 3085 2570 nomine
3106 2533 3260 2575 sacra,

2001 2584 2092 2647 Qui
2118 2590 2298 2646 primus
2319 2585 2502 2647 (prius)
2524 2584 2754 2633 eximium
2779 2587 3004 2645 martyris
3026 2586 3127 2647 egit
3148 2596 3287 2645 opus.

1938 2643 2172 2695 Omnibus
2190 2660 2282 2694 una
2306 2643 2445 2694 datur
2465 2659 2602 2693 sacro
2628 2658 2713 2705 pro
2745 2643 2980 2705 sanguine
3007 2644 3181 2706 palma,

2001 2705 2113 2755 Plus
2146 2714 2306 2756 tamen
2327 2708 2403 2756 hic
2426 2707 2619 2763 fruitur,
2642 2714 2862 2766 tempore
2890 2720 2985 2767 quo
3011 2708 3138 2767 prior
3161 2711 3257 2754 est.

1938 2767 2050 2830 Ipse
2076 2767 2218 2816 tidem
2244 2776 2500 2830 votumque
2522 2777 2654 2816 tuum
2678 2780 2822 2823 nunc.
2849 2779 3024 2830 magne
3044 2769 3272 2816 sacerdos

1988 2829 2290 2877 Maximiano
2306 2828 2495 2888 juvaiis,
2519 2830 2607 2877 hoc
2629 2840 2749 2888 Opus
2774 2828 3027 2887 explicuit.

1937 2888 2057 2939 Nam
2083 2890 2228 2937 talem
2253 2887 2411 2937 subito
2434 2889 2643 2937 fundatis
2665 2887 2871 2935 molibus
2892 2888 3047 2935 attlam

2000 2951 2111 3000 Sola
2131 2963 2297 2997 manus
2320 2950 2561 2997 hominum
2583 2962 2674 2996 non
2706 2956 2896 3005 poterat
2921 2950 3080 2997 facere.
3121 2961 3134 2996 :

1944 3009 2261 3073 Undecimum
2286 3010 2479 3073 fulgens
2502 3016 2706 3073 renomt
2725 3011 2836 3073 dum
2863 3009 2971 3057 luna
2997 3021 3269 3073 recursum,

2002 3070 2065 3122 Et
2084 3081 2260 3134 empta,
2282 3082 2333 3121 et
2359 3072 2558 3134 pulchro
2584 3071 2771 3119 condita
2793 3070 2889 3119 ﬁne
2912 3073 3051 3120 nitet.

1886 3175 1968 3230 Ad
1997 3175 2162 3230 latera
2190 3189 2318 3229 vero
2371 3174 2536 3244 ipsius
2562 3174 2795 3229 basilicae
2851 3177 3168 3230 monasteria
3217 3192 3381 3245 parva

1817 3267 2106 3336 subjunxit,
2133 3281 2253 3337 quae
2275 3267 2453 3321 omnia
2480 3266 2633 3320 novis
2664 3265 2889 3321 tessellis
2935 3266 3139 3321 auratis
3161 3308 3175 3330 ,
3198 3267 3384 3321 simul-

1818 3374 1922 3429 que
1947 3358 2270 3427 promisquis
2293 3357 2414 3411 aliis
2458 3357 2591 3413 calci
2639 3357 2817 3412 inﬁxis
2865 3357 3181 3412 mirabiliter
3224 3374 3385 3428 appa-

1818 3456 1960 3512 rent,
1992 3462 2152 3517 super
2195 3446 2479 3516 capitaque
2523 3447 2760 3500 omnium
2801 3445 3169 3501 colunmarum
3218 3447 3388 3517 ipsius

1818 3536 2124 3592 Maximiani
2173 3552 2368 3592 nomen
2411 3537 2677 3607 scalptum
2721 3545 2823 3592 est.
2872 3536 3197 3591 Monasterio
3257 3553 3389 3593 vero

1822 3638 1974 3701 parte
2020 3631 2258 3685 virorum
2304 3646 2397 3685 sex
2438 3631 2643 3686 litteras
2688 3630 3020 3686 lithostratas
3067 3630 3388 3694 invenietis;

1820 3723 2127 3792 ignorantes
2148 3721 2213 3775 ad
2263 3736 2505 3777 errorem
2549 3721 2909 3790 perducuntur
2932 3760 2947 3783 ,
2977 3736 3100 3774 nam
3149 3730 3390 3773 scientes

1819 3813 2014 3868 ibidem
2037 3827 2155 3866 esse
2182 3812 2377 3881 scripta
2407 3811 2527 3867 MU.
2555 3811 2634 3866 Sl.
2663 3809 2750 3864 VA
2779 3825 2899 3865 esse
2923 3809 3240 3880 intelligunt.
3284 3812 3388 3865 As-

1819 3910 2005 3957 scrunt
2020 3900 2281 3966 nonnulli,
2298 3900 2442 3971 quod
2462 3898 2689 3969 quadam
2711 3899 2798 3954 die
2817 3899 3135 3953 accersitum
3157 3899 3393 3953 archier-

1821 4003 2002 4067 gntum
2026 3994 2078 4060 δ,
2109 4008 2171 4048 ac
2201 3992 2276 4065 [id
2298 3992 2400 4066 est]
2430 3992 2723 4063 principem
2751 3993 2929 4062 operis
2955 3990 3195 4061 pontifex
3220 3992 3387 4045 inter—

1822 4085 2049 4156 rogavit,
2077 4096 2131 4141 et
2152 4100 2247 4140 cur
2269 4084 2553 4153 aedilicium
2582 4084 2850 4154 praedictae
2873 4082 3121 4138 ecclesiae
3147 4096 3252 4136 non
3267 4096 3394 4150 per-

1823 4180 2025 4235 ﬁceret.
2054 4177 2125 4235 At
2149 4179 2237 4234 ille
2265 4168 2538 4249 respondit
2565 4179 2778 4233 dicens:
2806 4176 2882 4232 Eo
2907 4176 3049 4246 quod
3074 4184 3153 4241 tu,
3177 4174 3391 4230 domine

1824 4282 2029 4338 noster,
2054 4272 2360 4345 navigasses
2389 4270 2440 4324 in
2469 4271 2710 4339 partibus
2731 4268 3219 4338 Constantinopolis
3242 4308 3256 4330 ,
3285 4282 3391 4320 cre—

1827 4373 2085 4428 mentum,
2111 4372 2165 4418 et
2191 4363 2447 4418 latercula
2473 4361 2804 4426 defecerunt,
2830 4377 3003 4430 neque
3028 4367 3206 4414 tantos
3228 4356 3397 4413 habe-

1745 4454 1798 4513 D
1823 4469 1943 4509 mus
1963 4454 2181 4524 lapides,
2198 4462 2258 4508 ut
2280 4452 2523 4521 laborare
2535 4452 2909 4522 potuissemus.
2934 4447 3404 4518 Tuncjussupou~

1829 4545 1986 4601 tiﬁcis
2013 4554 2167 4600 nocte
2188 4560 2292 4599 una
2322 4551 2470 4598 tanta
2498 4541 2657 4596 allata
2686 4550 2811 4596 sunt
2834 4541 3013 4595 omnia
3055 4546 3399 4609 par-amenta,

1829 4638 2025 4704 calces,
2048 4647 2103 4692 et
2126 4635 2405 4698 latcrcula,
2452 4642 2632 4706 petras
2655 4644 2710 4688 et
2751 4632 2969 4696 bisalos,
2999 4631 3202 4701 lapides
3231 4638 3286 4684 et
3331 4630 3401 4683 li-

1830 4746 1953 4803 gna,
1980 4730 2253 4784 columnas
2303 4736 2359 4782 et
2379 4727 2590 4787 lustras,
2621 4709 2839 4781 arcnain
2866 4734 2922 4781 et
2962 4724 3180 4778 sabulos
3208 4723 3261 4776 in
3285 4737 3396 4776 una

1830 4833 2008 4881 nocte.
2038 4831 2098 4876 ut
2122 4822 2231 4877 dixi
2257 4826 2967 4892 przeparaveruntvectorcs,
2994 4824 3191 4886 quanta
3218 4815 3305 4868 vix
3337 4814 3391 4869 in

1831 4915 2077 4970 undecim
2101 4914 2298 4973 .luciuis
2322 4912 2486 4985 [Iunis
2509 4951 2524 4977 ,
2555 4907 2771 4980 Baeda]
2800 4907 3045 4961 laborare
3088 4914 3394 4976 potuerant.

1834 5209 1985 5271 tiani,
2011 5222 2127 5278 quin
2154 5219 2229 5259 est
2267 5218 2368 5255 non
2390 5199 2544 5278 .longe
2564 5215 2605 5278 α.
2624 5195 2964 5278 monasterio,
2983 5203 3035 5272 et
3059 5190 3274 5278 ecclesia
3311 5189 3390 5278 BS.

1837 5262 2159 5337 Zaccltaria',
2182 5280 2333 5343 prout
2357 5268 2457 5323 vidi
2480 5262 2526 5321 Et
2559 5268 2716 5343 videri
2760 5276 2921 5343 potest
2948 5262 3263 5343 inn'quoda‘m
3304 5262 3392 5343 in-

1835 5329 2119 5400 strumento
2151 5329 2352 5413 pablico
2382 5355 2537 5413 manu
2570 5329 2812 5413 Jlorandi
2841 5329 3058 5395 notarii,
3080 5329 3217 5413 quod
3242 5329 3391 5380 estin

1836 5398 1949 5485 ejus
1990 5398 2285 5485 protoc'ollis
2308 5409 2368 5485 in
2398 5408 2549 5485 129$,
2581 5409 2751 5460 die....
2791 5420 3024 5485 mens”...
3067 5398 3101 5454 tt
3146 5398 3289 5485 fol...
3331 5414 3391 5485 et

1834 5467 2002 5540 Satin“
2035 5479 2352 5537 chartulario
2396 5479 2721 5532 dominorum
2768 5472 3114 5527 cardinaliam
3146 5467 3393 5523 ecclesia:

1835 5554 2165 5610 Ravennatis.
2192 5550 2385 5604 Bacon.

1908 5608 1934 5667 ὃ
1960 5608 2131 5681 Caeut
2154 5635 2338 5676 eorum
2373 5618 2462 5689 qui
2484 5631 2676 5686 Operas
2701 5619 2907 5682 urgent.
2936 5608 3011 5665 In.
