3936 6180
510 333 610 386 607
1053 382 1059 389 ,
1082 380 1085 383 ,

1135 431 1361 487 CAPUT
1399 431 1481 485 Ill.

516 557 664 623 .S‘yt-ia
696 554 751 603 in
802 548 1002 603 Histria
1032 546 1263 623 ecclesia;
1291 546 1573 623 Ravennati
1603 554 1822 599 asserta.
1877 540 2065 596 Fricoli

962 617 1061 673 aedi
1083 617 1286 671 coronis
1310 618 1608 687 imponitur.

580 734 818 801 Dumque
856 732 907 785 in
937 730 1262 799 temporibus
1290 730 1444 785 istius
1487 730 1808 785 sanctissimi
1853 726 2068 798 pontifi—

508 824 585 877 cis
615 831 730 876 orta
761 831 902 876 esset
928 820 1200 875 contentio
1230 820 1294 873 de
1325 819 1483 882 silva,
1514 835 1631 889 qum
1660 819 2071 888 cognominatur

512 910 765 973 \‘istrum,
795 911 896 965 sita
926 908 1182 963 lstricatis
1209 909 1467 978 partibus,
1498 908 1578 963 bis
1605 910 1657 962 in
1694 907 2069 961 Constantino-

483 999 667 1069 .poliin
698 1016 754 1054 se
785 997 994 1063 detulit,
1027 1005 1083 1051 ut
1104 996 1263 1051 talem
1288 996 1572 1051 Iustiniani
1595 997 1817 1067 Augusti
1842 1012 2072 1067 praesen-

508 1092 587 1144 tia
608 1098 948 1145 consumeret
973 1088 1388 1143 contentionem.
1414 1088 1587 1142 Ambo
1630 1087 1827 1143 canitie
1873 1088 1928 1142 in
1979 1103 2071 1143 eo-

506 1184 625 1235 dem
651 1192 887 1253 tempore
915 1181 1179 1246 exornati,
1208 1190 1465 1250 quantuni
1490 1181 1789 1236 recolerent
1832 1197 1890 1236 se
1917 1198 1947 1236 a
1984 1181 2071 1250 ju-

506 1282 722 1327 ventuze
752 1270 999 1339 disjuncti
1033 1271 1107 1343 [in
1154 1279 1427 1326 senectute
1475 1269 1770 1343 conjuncti]
1815 1272 2072 1327 amantis-

505 1362 639 1417 sime
668 1363 971 1431 pariterque
1000 1371 1279 1431 cmperunt
1313 1361 1511 1432 lugere.
1547 1362 1747 1417 Dehinc
1781 1379 1910 1418 vero
1951 1364 2071 1433 pius

507 1452 796 1522 imperator
818 1452 1151 1507 Justinianns
1180 1452 1451 1522 Augustus
1479 1463 1804 1524 pneceptum
1846 1455 1955 1509 sibi
2002 1470 2071 1510 ex

506 1546 690 1598 eadem
717 1545 848 1598 silva
885 1544 1123 1599 condidit
1150 1554 1423 1615 perpetue,
1456 1545 1803 1617 legaliterque
1852 1548 1903 1601 in
1950 1564 2075 1602 san-

504 1647 591 1689 cta
617 1634 911 1689 Ravennati
938 1634 1163 1690 ecclesia
1186 1649 1324 1700 esse,
1356 1652 1518 1705 quam
1555 1635 1722 1705 juste,
1754 1654 1817 1691 ac
1841 1639 2075 1693 rationa-

505 1729 680 1783 biliter
707 1728 807 1784 sibi
834 1729 1102 1798 pertinere
1134 1737 1475 1796 cognoverat.
1505 1730 1611 1785 Iste
1633 1729 1829 1785 Tricnli
1862 1730 2073 1802 [Trico-

503 1817 619 1891 lim]
649 1818 761 1874 suis
808 1820 1135 1889 temporibus
1178 1820 1356 1874 omnia
1396 1819 1621 1875 tedilicia
1663 1820 1983 1890 complevit,
2018 1830 2073 1875 et

504 1909 593 1962 ubi
632 1909 746 1978 ipse
770 1924 894 1963 cum
921 1908 1031 1963 suis
1065 1907 1496 1963 antecessoribus
1524 1908 1769 1979 depictus
1794 1918 1899 1973 est,
1925 1909 1970 1965 si
1994 1910 2072 1966 le-

505 2016 630 2070 gere
659 2000 819 2055 vultis
852 2000 1188 2069 aspicientes,
1222 2001 1293 2054 ita
1318 2002 1573 2071 scriptum
1602 2001 1887 2058 invenietis
1916 2021 1929 2057 :

628 2135 910 2200 Hic_Petrus_
930 2135 1100 2200 Junior
1115 2135 1289 2200 Christi
1311 2144 1550 2197 praecepta
1575 2136 1855 2200 (concepta)
1874 2146 2073 2188 secutus

693 2196 751 2245 Ut
776 2197 938 2246 deruit
962 2198 1128 2260 (italu,
1150 2196 1336 2259 decuit)
1361 2200 1509 2246 sacris
1533 2196 2007 2249 morilius'exliibuit.

628 2259 767 2308 lianc
791 2258 1092 2322 (εἰκαίως)
1119 2272 1315 2321 quoque
1348 2260 1561 2309 fundavit
1598 2262 2074 2383 mirandistagtél'inbus

1836 2335 1996 2373 arcem

694 2380 906 2429 Nominis
932 2382 1035 2441 ipse
1057 2382 1131 2430 sui
1155 2381 1257 2429 haec
1277 2387 1590 2429 monumenta
1612 2381 1763 2431 dedit_
1815 2360 2018 2386 ι--υ,...,

630 2442 779 2506 Hujus
800 2450 905 2503 past
922 2440 1106 2491 obitum
1129 2443 1582 2506 Aurelianusgessii
1611 2440 1840 2506 lionores,

690 2504 802 2551 Post
822 2505 950 2552 hunc
972 2507 1173 2552 antistes
1191 2504 1379 2551 exstitit
1400 2504 1661 2553 Εοιειρεὶιιε.

628 2564 752 2612 Hinc
775 2564 864 2612 fuit
892 2564 1158 2625 Ursicinus,
1182 2565 1402 2622 sequitur
1427 2572 1530 2625 pust
1549 2567 1718 2613 ordine
1752 2564 1918 2615 Victor

686 2625 1004 2677 Temporibus
1021 2626 1178 2685 jnninr
1207 2625 1517 2673 Maximianus
1534 2626 1691 2676 adest.

628 2686 912 2748 lsAPolensis
933 2696 1032 2734 erat
1059 2687 1137 2735 Clu
1155 2688 1231 2734 isti
1259 2687 1403 2735 levita
1430 2687 1710 2748 profundus,

688 2746 823 2810 Lege
846 2747 955 2810 Dei,
979 2751 1233 2805 miserans,
1261 2754 1309 2810 et
1334 2749 1517 2809 pietate
1545 2746 1715 2810 bonus.

619 2808 783 2869 Queui
801 2808 1059 2871 Deus'ipse
1081 2811 1232 2858 virum
1255 2809 1505 2859 decoravit
1525 2808 1737 2861 culmine
1757 2822 1916 2871 sacra,

690 2870 1014 2929 Ecclesiaeque
1037 2885 1139 2921 suae
1159 2871 1435 2933 pontiﬁcem
1456 2873 1643 2921 statuit.

631 2932 741 2997 Ipse
760 2944 923 2997 autem
942 2932 1081 2984 fartis
1101 2932 1307 2996 proin-iis
1324 2933 1607 2997 εςὶιυίιιιν.ι
1619 2932 1698 2991 se)
1720 2946 1813 2984 non
1834 2935 2074 2987 meruisse

692 2994 892 3045 Culmen
915 2994 1243 3058 apostolicum,
1266 2996 1354 3044 sed
1381 2996 1569 3057 pietate
1595 2995 1707 3047 Dei.

1115 3120 1338 3177 CAPUT
1373 3121 1462 3176 IV.

504 3225 739 3280 Ecclesia
779 3226 844 3280 Β.
879 3226 1066 3282 Maria:
1094 3225 1353 3282 Polensis.
1396 3226 1630 3282 Ecclesia
1661 3227 1718 3285 S.
1753 3230 1972 3285 Andrea:
1997 3248 2078 3286 re—

574 3296 730 3364 fecta.
755 3295 954 3371 Corpus
985 3298 1045 3352 S.
1070 3298 1292 3371 éndreae
1326 3297 1794 3371 Constantinopoli.
1818 3300 2076 3371 Ejusdem

576 3368 797 3434 apostoli
828 3366 1007 3420 barba.
1041 3366 1266 3422 {Edium
1301 3367 1623 3422 diversarum
1660 3366 1873 3424 coronis
1900 3382 1948 3424 et
1987 3372 2079 3425 de-

572 3436 769 3492 dicatio

573 3551 985 3620 Aildilicavitque
1030 3550 1314 3606 ecclesiam
1355 3552 1416 3607 Β.
1462 3551 1644 3607 Mariae
1682 3554 1733 3607 in
1780 3553 1930 3621 Pola,
1960 3570 2080 3625 quae

508 3654 733 3701 vocatur
752 3641 1028 3705 Formosa,
1056 3643 1195 3697 unde
1235 3642 1495 3698 diaconus
1535 3641 1653 3710 fuit,
1682 3645 1818 3700 mira
1841 3646 2080 3716 pulchri-

511 3733 717 3797 tudine,
745 3741 802 3787 et
824 3732 1055 3787 diversis
1092 3733 1303 3786 ornavit
1346 3732 1627 3803 lapidibus.
1676 3734 1902 3791 Domum
1925 3747 2075 3807 vero,

505 3824 597 3879 ubi
627 3832 804 3879 rector
833 3823 992 3878 istius
1037 3822 1292 3877 Ecclesiae
1329 3824 1382 3878 in
1432 3824 1543 3893 ipsa
1588 3825 1807 3882 civitate
1849 3827 2076 3896 habitat,

503 3922 622 3993 ipse
647 3920 951 3987 aediﬁcavit,
987 3930 1042 3975 et
1065 3935 1252 3975 omnes
1278 3935 1408 3991 opes
1435 3936 1560 3977 suas
1586 3921 1884 3978 Ravennati
1913 3925 2081 3981 eccle-

501 4014 597 4069 sia:
627 4013 864 4079 tradidit,
914 4028 1050 4083 quas
1075 4026 1244 4081 usque
1285 4012 1445 4067 hodie
1488 4013 1840 4083 possidemus.
1889 4015 2077 4072 Eccle-

500 4106 635 4160 siam
661 4119 790 4160 vero
814 4104 876 4158 Β.
898 4104 1125 4159 Andreae
1145 4103 1368 4174 apostoli
1390 4105 1478 4159 hic
1501 4104 1768 4161 Ravenna:
1789 4121 1910 4161 cum
1930 4108 2078 4163 omni

498 4194 776 4257 diligentia
807 4211 910 4249 non
951 4195 1109 4263 longe
1137 4210 1168 4248 a
1212 4195 1430 4265 regione
1477 4194 1809 4251 llerculanea
1844 4195 2071 4269 [Hercu-

500 4285 648 4359 lana]
684 4286 949 4342 columnis
972 4286 1295 4341 marmoreis
1329 4284 1580 4353 suﬂ'ulsit,
1611 4287 1909 4358 ablatisque
1928 4299 2080 4344 vetu-

499 4380 598 4434 stis
625 4378 814 4449 ligneis
847 4378 913 4433 de
957 4378 1203 4442 nucibus,
1247 4378 1548 4447 proconisis
1593 4379 1883 4435 decoravit.
1926 4381 2079 4438 Tunc

500 4468 733 4523 ablatum
782 4483 979 4536 corpus
1030 4466 1198 4535 ipsius
1247 4466 1468 4536 apostoli
1518 4467 1828 4524 Ravennam
1879 4470 2076 4526 ducere

1194 312 1502 377 .‘AGNELLI
1539 317 1825 373 ABBATIS
1865 315 1923 370 S.
1965 312 2202 369 ΜΑΒΙᾸΞ
2242 313 2333 368 ΑΒ
2370 314 2843 403 BLAC’llERNAS,
2883 317 3032 372 ETC.

3635 317 3744 369 608

2108 442 2145 499 Α
2175 433 2282 478 tota
2313 434 2467 480 nocte
2484 426 2777 495 pervigiles
2798 430 3133 492 exstiterunt,
3164 440 3219 484 et
3246 442 3365 500 post
3384 443 3594 504 exucta
3624 451 3741 484 uin-

2167 516 2275 580 nia,
2314 516 2576 586 arripiens
2612 518 2864 586 gladium,
2889 522 3129 577 oratione
3165 524 3328 589 facta,
3361 525 3585 582 abscidit
3617 529 3750 582 Lar-

2166 610 2290 663 bam
2347 611 2569 680 apostoli
2629 627 2795 680 usque
2853 614 2919 666 ad
2969 624 3229 678 mentum,
3278 625 3333 670 et
3377 633 3446 672 ex
3498 619 3755 686 reliquiis

2167 699 2392 754 aliorum
2438 710 2744 756 sanctorum
2794 704 3080 761 multorum
3113 707 3365 775 reliquias
3402 709 3598 764 detulit
3622 727 3750 767 cum

2165 792 2390 862 Augusti
2417 792 2736 857 alacritate;
2785 796 2976 852 dehinc
3005 813 3217 868 quoque
3245 801 3311 853 ad
3355 804 3633 875 propriam
3666 822 3755 860 re

2167 898 2352 938 versus
2381 893 2464 938 est
2487 886 2688 939 sedem.
2713 897 2738 925 ει
2764 886 2827 939 Et
2858 903 3043 942 revera
3065 889 3282 954 fratres,
3312 893 3452 960 quod
3481 894 3526 948 si
3548 910 3756 965 wrptts

2168 970 2355 1045 [beati]
2383 972 2611 1028 Andreae
2629 977 2867 1044 germani
2892 977 3033 1032 Petri
3056 982 3312 1050 principis
3337 984 3422 1037 liic
3446 984 3755 1053 hiiinasset,

2170 1079 2505 1134 nequaquam
2538 1082 2634 1121 nos
2660 1067 2881 1122 Romani
2924 1072 3201 1127 nontilices
3242 1074 3321 1129 sic
3348 1075 3754 1148 subjugassent.

2170 1151 2514 1209 Consecravit
2563 1156 2843 1211 ecclesiam
2896 1159 2935 1211 Β
3009 1160 3327 1230 Apollinaris
3374 1168 3651 1224 “mtilicis
3696 1171 3755 1223 in

2169 1243 2353 1298 Classe
2382 1245 2561 1310 sitam,
2592 1256 2645 1300 et
2673 1247 2731 1300 Β.
2783 1248 2970 1303 Vitalis
3005 1254 3256 1324 martyris
3294 1255 3346 1308 in
3391 1236 3670 1321 Ravenna,
3702 1272 3761 1314 et

2170 1332 2232 1386 B.
2260 1334 2567 1405 archangeli
2594 1336 2864 1393 Michaelis
2888 1339 2975 1393 hic
3003 1340 3291 1407 Ravennae,
3318 1362 3476 1414 quam
3507 1347 3763 1421 Bachan-

2172 1424 2237 1478 da
2265 1440 2388 1479 cum
2416 1436 2619 1481 sancta)
2641 1430 3026 1486 recordationis
3046 1435 3300 1494 memoria
3323 1436 3534 1493 Juliano
3561 1456 3762 1512 argen-

2176 1515 2317 1571 tario
2344 1517 2628 1574 aediﬁcavit
2658 1520 2713 1574 in
2745 1522 2960 1591 regione
2996 1539 3113 1593 quae
3147 1526 3343 1582 dicitur
3366 1530 3432 1583 ad
3466 1531 3757 1603 Frigiselo.

2172 1604 2353 1674 ibique
2392 1607 2675 1664 invenietis
2705 1610 2758 1664 in
2812 1604 3031 1668 camera'
3074 1618 3298 1673 tribuum
3326 1620 3395 1673 ita
3442 1622 3755 1692 legentem:

2174 1693 2447 1751 Consecuti
2472 1700 2717 1769 beneficia
2758 1704 3055 1775 archangeli
3085 1706 3354 1764 Michaelis
3385 1711 3676 1768 Bacliaiida
3703 1727 3760 1769 et

2100 1797 2146 1857 B
2172 1785 2420 1844 Julianus
2447 1809 2478 1843 a
2504 1791 2854 1860 fundamentis
2890 1797 3143 1866 fecerunt,
3172 1812 3219 1854 et
3258 1802 3624 1861 dedicaverunt
3653 1812 3759 1863 sub

2171 1877 2256 1930 die
2280 1877 2424 1933 Non.
2454 1878 2584 1934 Maii
2609 1892 2797 1951 quater
2823 1884 2887 1939 P.
2917 1883 2977 1939 C.
3020 1887 3205 1943 Basilii
3246 1890 3485 1949 Junioris
3512 1896 3612 1951 viri
3648 1899 3764 1952 cla-

2172 1969 2364 2024 rissimi
2389 1987 2520 2036 cos.,
2549 1974 2660 2027 ind.
2692 1975 2745 2030 8.
2773 1975 2856 2039 Et,
2883 1986 2943 2032 ut
2968 1990 3216 2036 asserunt
3244 1984 3487 2053 quidam,
3518 1987 3608 2043 hic
3649 1989 3760 2045 Ba-

2172 2065 2381 2122 chauda
2429 2085 2595 2140 gener
2640 2072 2881 2142 praedicti
2934 2073 3129 2131 Iuliani
3187 2077 3391 2145 fuisset,
3436 2091 3492 2137 et
3542 2084 3595 2138 in
3626 2101 3760 2142 arca

2171 2174 2331 2213 saxea
2361 2175 2476 2219 non,
2504 2159 2659 2233 longe
2704 2164 2771 2218 ab
2815 2165 2928 2235 ipsa
2978 2170 3285 2240 archangeli
3332 2174 3583 2229 ecclesia
3614 2176 3760 2234 infra

2173 2259 2376 2306 turrem
2403 2252 2684 2308 Bachauda
2724 2257 3030 2327 requiescit.
3081 2261 3146 2315 Et
3172 2262 3223 2315 in
3255 2264 3473 2321 tribuna
3504 2267 3563 2321 Β.
3600 2267 3757 2323 Vita-

2171 2339 2239 2395 lis
2267 2340 2508 2410 ejusdem
2530 2344 2839 2401 Maximiani
2865 2348 3081 2420 efﬁgies,
3113 2359 3276 2423 atque
3310 2354 3534 2426 Augusti
3566 2366 3626 2412 et
3646 2358 3760 2414 Au-

2169 2442 2336 2501 gusta:
2386 2435 2611 2492 tessellis
2655 2438 2809 2493 valde
2856 2449 3175 2511 computata:
3229 2442 3437 2516 [Forte,
3492 2459 3752 2519 compte,

2171 2522 2390 2598 Bacch.]
2420 2535 2563 2580 sunt.
2595 2527 2841 2608 Quandiu
2865 2547 3149 2602 possumus
3179 2536 3244 2591 de
3274 2538 3378 2593 hoc
3402 2551 3591 2597 sancto
3633 2545 3759 2601 viro

2172 2620 2377 2669 tantam
2425 2617 2718 2675 bonitatem
2764 2621 2966 2678 referre
3002 2625 3180 2681 deﬁcit
3213 2629 3342 2682 mihi
3396 2639 3603 2701 tempus
3631 2652 3761 2691 nar-

2174 2707 2418 2762 rationis.
2450 2709 2555 2765 lste
2599 2705 3012 2781 plus‘ouinibus
3059 2717 3321 2775 laboravit
3369 2739 3531 2793 quam
3566 2731 3756 2785 caeteri

2170 2797 2451 2865 pontiﬁces
2488 2803 2909 2870 pmdecessores
2948 2809 3053 2862 sui.
3087 2808 3228 2864 illius
3273 2816 3606 2883 temporibus
3626 2820 3754 2873 atii-

2174 2887 2364 2945 ﬁcatiis
2395 2899 2478 2945 est
2507 2908 2766 2950 numerus
2794 2896 2999 2952 vicinus
3024 2898 3204 2955 domui
3245 2918 3396 2968 mete,
3435 2906 3525 2975 qui
3553 2907 3757 2962 dicitur
3800 2926 3807 2931 '

2172 2980 2413 3071 banclius
2443 2982 2587 3056 [Leg.
2620 2986 2848 3053 baculus,
2882 2988 3103 3063 Baccli.]
3153 2994 3363 3062 primus
3404 3014 3508 3051 non
3540 2998 3699 3071 longe
3730 3016 3763 3055 a

2176 3068 2425 3127 Milliario
2454 3090 2641 3140 aureo,
2669 3086 2725 3131 et
2747 3077 2889 3133 illius
2914 3095 3104 3135 nomen
3135 3084 3296 3139 etiam
3328 3087 3381 3139 in
3424 3088 3611 3157 tegulis
3637 3068 3762 3146 vcs-

2100 3151 2145 3215 C
2176 3169 2383 3216 aratum
2405 3163 2706 3222 invenimus
2729 3168 2802 3222 ita
2828 3184 2841 3222 :
2875 3168 3225 3227 HaIimiaims
3255 3177 3519 3245 epismpus
3558 3178 3762 3235 Raetii-

2182 3267 2283 3315 niz,
2325 3252 2464 3321 quod
2491 3269 2591 3323 ego
2618 3255 2748 3321 vidi,
2781 3266 2835 3312 et
2879 3258 3002 3329 legi.
3034 3249 3090 3315 lii
3126 3264 3416 3334 ardicaque
3444 3266 3505 3319 Β.
3553 3269 3756 3338 Apoll;-

2181 3343 2327 3397 naris
2362 3340 2428 3398 iet
2467 3341 2662 3401 Vitalis
2706 3348 2913 3404 tabulas
2958 3350 3256 3424 descriptas
3311 3358 3595 3413 invenietis
3641 3376 3760 3415 ma—

2180 3435 2300 3505 gnis
2323 3434 2518 3490 litteris
2541 3438 2874 3494 continentes
2900 3441 2974 3495 ita
2994 3461 3006 3495 :
3024 3441 3088 3497 Β.
3118 3445 3437 3512 Apollinaris
3463 3450 3755 3504 sacerdotis

2182 3523 2507 3599 [basilicam]
2547 3528 2826 3583 mandante
2871 3531 2977 3585 viro
3022 3533 3315 3589 beatissimo
3364 3534 3603 3591 Ursicino
3648 3541 3760 3610 epi-

2179 3633 2331 3688 scopo
2355 3636 2388 3671 a
2413 3618 2764 3688 fundamentis
2799 3620 3051 3677 Julianus
3094 3627 3419 3697 argentarius
3454 3628 3754 3697 a’diﬁcavit,

2179 3712 2400 3776 ornavit,
2429 3719 2581 3782 atque
2607 3711 2881 3777 dedicavit,
2933 3728 3261 3770 consecrante
3300 3735 3421 3771 vero
3464 3717 3530 3772 B.
3579 3719 3756 3774 Masi-

2179 3800 2354 3854 miano
2380 3818 2639 3872 episcopo,
2677 3803 2760 3856 die
2783 3803 2815 3858 9
2842 3802 3123 3867 Maiarum,
3149 3807 3259 3861 ind.
3294 3808 3377 3872 12,
3412 3810 3569 3864 octies
3598 3808 3666 3864 P.
3686 3808 3751 3864 C.

2177 3890 2387 3946 Basilii.
2421 3894 2478 3947 in
2507 3896 2690 3951 ardica
2719 3895 2779 3950 Β.
2801 3898 3011 3958 .Vitalis
3041 3900 3114 3954 ita
3145 3902 3429 3958 invenietis
3455 3921 3467 3956 :
3502 3902 3565 3957 Β.
3608 3922 3754 3957 mar-

2178 3986 2307 4054 tyris
2347 3983 2527 4041 Vitalis
2568 3988 2791 4044 basilica
2823 3988 3148 4064 [basilicam]
3193 3996 3473 4049 mandante
3516 3997 3753 4051 Ecclesia

2178 4076 2286 4128 viro
2324 4075 2615 4137 beatissimo
2655 4080 2891 4150 episcopo
2929 4098 2960 4135 a
2998 4082 3348 4151 fundamentis
3386 4085 3637 4141 Julianus
3666 4105 3755 4141 ar.

2176 4167 2442 4234 gentarius
2472 4168 2769 4238 a'diﬁcavit,
2799 4174 3023 4239 ornavit,
3068 4184 3222 4244 atque
3266 4175 3546 4241 dedicarit,
3576 4195 3754 4235 conse-

2178 4268 2355 4311 crante
2390 4274 2506 4312 vero
2551 4260 2972 4315 rererendissimo
3013 4262 3339 4319 Maximiano
3389 4268 3629 4339 episcopo
3656 4269 3749 4322 sub

2176 4346 2260 4401 die
2286 4347 2374 4414 l5,
2399 4350 2565 4403 sexies
2593 4347 2659 4403 P.
2689 4349 2749 4404 C.
2776 4350 2963 4406 Basilii
2990 4353 3248 4410 Junioris.
3289 4356 3492 4427 Corpus
3524 4374 3660 4413 vero
3684 4359 3744 4413 Β.

2178 4436 2337 4493 Probi
2363 4455 2485 4494 cum
2507 4442 2716 4497 eceteris
2745 4452 3050 4500 sanctorum
3081 4447 3391 4516 pontiﬁcum
3429 4454 3750 4522 corporibus

499 4558 816 4614 conabatur.
851 4528 983 4616 lium
1008 4528 1108 4616 hoc
1128 4528 1481 4631 persensisset
1504 4561 1794 4630 imperator
1814 4563 2075 4620 Constan-
2100 4542 2151 4603 D
2178 4528 2280 4631 is“?
2310 4539 2527 4631 sanctus
2551 4532 2646 4631 ir.
2663 4536 2992 4631 ammimius
3003 4539 3274 4631 ’ξυνίῃ
3297 4549 3351 4596 et
3375 4541 3510 4597 bene
3529 4543 3748 4608 boavi"

500 4649 901 4719 tinopolitanus,
923 4650 1085 4719 jussit
1120 4652 1339 4727 beatum
1371 4651 1750 4706 Maximianum
1775 4653 2075 4710 Constanti-

500 4740 736 4810 nopolim
764 4741 971 4807 venire,
997 4749 1053 4796 et
1098 4742 1245 4813 pium
1273 4741 1498 4812 apostoli
1545 4756 1741 4812 corpus
1767 4760 1949 4799 secum
1979 4745 2072 4800 de-

498 4829 662 4885 ferre.
693 4831 809 4899 Quo
837 4833 1051 4903 gavisus
1092 4834 1404 4903 imperator,
1452 4831 1529 4886 ait
1555 4833 1620 4887 ad
1650 4848 1772 4887 eum
1801 4849 1818 4888 :
1849 4833 1964 4890 Non
2001 4836 2070 4890 sit

498 4923 593 4978 tibi
614 4939 797 4995 grave,
820 4923 997 4987 Pater,
1023 4925 1165 4996 quod
1191 4926 1362 4996 prima
1387 4939 1549 4978 unum
1592 4932 1738 4979 tenet
1763 4925 1931 4980 Roma
1958 4925 2070 4982 fra-

500 5021 659 5079 trem,
696 5014 859 5070 istum
886 5030 1014 5079 vero
1046 5015 1276 5070 secunda
1305 5023 1505 5069 teneat.
1543 5014 1729 5070 Amba:
1751 5029 1984 5081 sorores,
2014 5026 2071 5071 et

496 5103 553 5158 hi
580 5105 740 5160 ambo
765 5105 1024 5176 germani.
1058 5104 1191 5159 Nolo
1236 5105 1331 5160 tibi
1360 5120 1482 5160 cum
1527 5105 1675 5169 dare,
1731 5106 1856 5176 quia
1899 5115 1953 5161 et
1978 5106 2068 5162 ubi

496 5195 653 5250 sedes
682 5195 974 5265 imperialis
1003 5204 1107 5259 est,
1133 5184 1349 5265 expedit
1391 5203 1447 5249 et
1472 5195 1542 5250 ibi
1570 5211 1766 5265 corpus
1794 5209 1912 5250 esse
1940 5210 2070 5266 apo-

496 5285 640 5341 stoli.
670 5285 740 5341 At
776 5286 1120 5341 beatissimus
1172 5283 1530 5339 Maximianus
1572 5285 1741 5338 dixit:
1775 5284 1831 5337 ~F
1836 5299 1899 5338 ac
1937 5300 2070 5354 quo-

497 5379 656 5434 modo
699 5378 894 5449 jubes;
941 5385 1148 5432 tantum
1191 5375 1421 5447 postulo,
1446 5385 1507 5430 ut
1552 5376 1605 5431 in
1633 5376 1733 5441 hac
1761 5384 1916 5430 nocte
1942 5391 2064 5430 cum

497 5469 634 5524 meis
659 5467 1029 5524 sacerdotibus
1070 5466 1138 5521 ad
1185 5466 1287 5520 hoc
1331 5475 1571 5521 sanctum
1616 5480 1814 5535 corpus
1838 5464 2068 5535 psalmo-

497 5558 640 5611 diam
667 5572 1003 5628 peragamus.
1034 5556 1330 5627 lmperator
1356 5570 1584 5625 moxque
1609 5556 1894 5627 concessit.
1918 5554 2067 5611 Tunc

568 5669 834 5742 {Votum
857 5672 1278 5733 schismaticum,
1318 5671 1459 5742 quod
1499 5671 1554 5727 in
1598 5672 2065 5731 observationibus

499 5737 791 5795 decidetur.
822 5741 1015 5796 Bsccn.

2173 4630 2228 4674 et
2256 4619 2308 4673 in
2343 4621 2519 4691 fronte
2548 4623 2714 4692 ipsius
2734 4625 2976 4681 ecclesiae
3002 4605 3063 4681 Β.
3100 4629 3282 4697 Probi,
3323 4640 3378 4687 et
3409 4605 3743 4698 Eleuchadii,

2170 4718 2226 4765 et
2252 4709 2489 4766 Caloceri
2512 4712 2712 4784 elligies
2738 4715 3008 4801 [tessellis]
3046 4721 3209 4776 variis
3237 4722 3534 4790 decoravit,
3558 4734 3616 4781 et
3648 4727 3744 4781 sub

2106 4799 2394 4870 .pedibus
2419 4816 2603 4858 eorum
2650 4799 2933 4862 invenietis

2784 4925 3011 4985 CAPUT
3050 4931 3112 4985 ν.

2174 4994 2487 5067 Maximiani
2509 5017 2702 5097 scripta
2728 5033 2859 5097 cunt
2870 5017 3158 5097 fragmento
3185 5023 3387 5097 ea:_ejus
3422 5024 3743 5096 Annalogia.

2549 5084 2795 5141 Historia:
2821 5084 3087 5145 Sécularis
3111 5084 3371 5163 quwdain.

2243 5192 2597 5265 Navigaverat
2624 5194 2737 5263 jam
2782 5196 2873 5252 hic
2920 5198 3259 5255 beatissimus
3298 5209 3455 5256 antea
3496 5202 3753 5271 partibus

2173 5283 2556 5350 Orientalibus,
2587 5286 2725 5341 sicut
2749 5287 2863 5357 ipse
2901 5289 2954 5343 in
2982 5291 3091 5346 suis
3120 5292 3476 5349 voluminibus
3505 5293 3744 5363 loquitur

2170 5376 2355 5431 dicens
2381 5394 2392 5429 :
2432 5392 2450 5425 ί
2480 5375 2536 5429 In
2562 5374 2882 5431 Alexandria
2913 5394 3039 5434 vero
3066 5381 3209 5434 nulla
3247 5383 3580 5439 extrinsecus
3607 5381 3739 5436 mali

2169 5483 2353 5532 causa,
2381 5467 2473 5522 sed
2499 5466 2641 5536 quod
2669 5483 2833 5536 genus
2867 5470 3138 5525 hominum
3180 5472 3352 5537 ferox,
3398 5474 3737 5541 seditiosum,

2170 5574 2381 5629 semper
2405 5558 2700 5629 inquietum
2722 5567 2824 5625 est,
2855 5561 3011 5618 civile
3045 5563 3185 5618 inter
3212 5579 3270 5621 se
3289 5575 3491 5622 motuin
3513 5574 3595 5623 est
3622 5564 3740 5622 bel-

2242 5674 2269 5713 δ
2304 5673 2457 5729 Deest
2480 5673 2774 5744 inscriptio.
2806 5674 2879 5729 lii.
