3936 6180
252 338 361 393 609

247 453 388 514 lum,
413 464 524 504 non
550 450 763 503 virtutis
788 456 998 512 merito,
1030 462 1202 518 neque
1233 450 1303 501 ob
1327 449 1709 511 defensionem,
1735 448 1827 503 sed
1856 451 1906 509 Α

242 545 320 596 nh
341 557 530 596 necem
566 549 727 610 atque
764 540 1035 593 interitum
1057 539 1273 593 civium.
1302 539 1565 594 Commbti
1590 539 1824 595 universi

242 632 565 702 praefectum
611 646 766 684 suum
803 631 940 683 intra
993 630 1272 684 ecclesiam
1302 631 1633 695 occiderunt,
1684 631 1824 698 quod

237 722 350 791 jam
373 732 535 776 antea
568 721 822 789 aliquanti
857 719 1104 775 similiter
1131 720 1436 789 episcopum
1475 736 1629 775 suum
1656 737 1825 779 accu-

243 823 429 869 santes
472 815 781 868 haereticum
835 811 1238 867 interiecerant.
1270 814 1384 879 Quo
1414 822 1692 882 comperto
1719 813 1820 866 im-

245 916 466 976 perator
514 907 568 959 in
622 904 763 960 iram‘
806 919 996 958 versus
1053 902 1293 959 funditus
1343 904 1614 959 civitatem
1662 905 1823 974 jussit

250 998 438 1053 everti.
484 998 726 1066 Denique
776 997 940 1051 misso
979 996 1084 1050 alio
1112 995 1365 1067 praefecto
1390 997 1605 1051 nomine
1629 996 1823 1052 Laudi-

249 1090 324 1143 cio
350 1090 497 1142 intra
535 1089 702 1157 ipsam
750 1085 1018 1141 civitatem
1049 1104 1114 1141 xi.
1160 1087 1303 1143 viros
1350 1102 1444 1157 per
1473 1088 1706 1158 singulas
1738 1103 1821 1143 re-

244 1182 427 1248 giones
478 1179 536 1232 in
596 1178 738 1248 ligno
792 1178 1088 1247 suspendit.
1145 1177 1251 1233 Sed
1320 1187 1445 1234 tunc
1505 1179 1821 1234 allabomvit

240 1270 536 1324 Dioscurus
583 1266 819 1335 ejusdem
867 1269 1015 1322 urbis
1061 1269 1379 1338 episcopus,
1429 1277 1484 1323 et
1538 1268 1819 1324 manifeste

238 1360 419 1431 posuit
458 1360 693 1413 animam
724 1374 876 1412 suam
916 1373 1013 1428 pro
1039 1358 1230 1413 ovibus
1255 1357 1405 1422 suis;
1458 1357 1724 1426 electique
1748 1373 1814 1411 cx

220 1464 421 1505 eremo
447 1448 697 1503 monachi
723 1448 861 1516 apud
889 1447 1268 1517 imperatorem
1310 1444 1620 1518 properant,
1655 1457 1816 1519 atque

236 1541 484 1595 execssui
527 1540 724 1594 civium
776 1539 986 1594 veniam
1032 1548 1275 1595 exorant.
1327 1539 1476 1595 Tunc
1521 1540 1815 1609 imperator

234 1634 397 1687 cessit
418 1632 808 1697 sacerdotibus,
829 1641 883 1686 et
907 1632 1157 1702 deinceps
1184 1633 1360 1687 caveri
1388 1647 1419 1686 a
1444 1632 1642 1687 talibus
1661 1649 1813 1687 man-

230 1724 398 1778 davit.
431 1723 568 1778 Huic
606 1723 858 1793 episcopo
901 1724 1040 1792 apud
1082 1723 1465 1778 Alexandriam
1494 1722 1810 1780 Timotheus

1296 334 1493 390 LIBER
1530 333 2013 395 I’ONTIFICMJS.
2054 363 2123 374 -—
2160 331 2339 387 PARS
2377 334 2433 388 ll.

3381 341 3484 397 610

2530 447 2756 504 CAPUT
2810 448 2869 505 Vl

1940 562 2159 636 vascula
2186 565 2569 636 chrismataria,
2601 565 2858 636 gendothes
2885 566 3078 636 plures.
3119 568 3263 623 Crux
3308 586 3491 624 aurea.

1995 635 2136 717 [silui
2164 635 2495 715 ecclesiastici
2519 634 2913 713 a'Maximiano
2939 639 3222 693 emendati.
3264 639 3495 694 Insecta-

1992 715 2063 758 tio
2084 715 2346 759 vitiorum.
2413 756 2421 766 ,

1994 816 2248 886 Fecitque
2274 816 2379 871 duo
2415 816 2793 871 chrismataria
2835 833 3076 885 vascula,
3106 836 3331 890 quorum
3357 841 3496 880 unus

1922 909 2086 964 libras
2114 908 2299 962 habuit
2331 906 2734 981 quatuordccim
2784 910 3011 966 miriﬁce
3056 914 3300 982 anagrila
3345 915 3494 987 [ana-

1920 1000 2210 1071 glyphtica,
2235 998 2454 1070 Bacch.]
2500 1000 2829 1069 operatione,
2875 1002 2968 1057 sed
2993 1011 3118 1057 ante
3146 1005 3248 1060 hoc
3288 1015 3495 1077 tempus

1922 1107 2089 1160 nuper
2134 1091 2310 1161 periit,
2350 1089 2662 1144 Petronacis
2705 1091 3094 1162 archiepiscopi
3143 1098 3489 1166 temporibus,

1919 1180 2063 1235 aliud
2094 1179 2266 1253 [vero]
2310 1190 2587 1250 permanet
2615 1182 2667 1234 in
2695 1183 2945 1250 praesenti
2982 1183 3340 1252 pulcherrime
3366 1204 3493 1257 ope-

1918 1281 2116 1337 ratum,
2144 1272 2197 1326 in
2239 1287 2346 1341 quo
2380 1271 2608 1342 legitur:
2664 1270 2857 1325 Servus
2898 1270 3091 1327 Christi
3138 1273 3492 1331 Maximianus

1916 1343 2331 1435 archiepiscopus
2372 1363 2467 1417 hoc
2518 1364 2939 1417 chrismatarium
2981 1366 3050 1418 ad
3092 1383 3218 1420 usus
3260 1367 3492 1436 ﬁdelium

1916 1455 2035 1525 fecit
2056 1455 2190 1525 ﬁeri.
2220 1453 2387 1509 Jussit
2410 1454 2523 1525 ipse
2546 1454 2819 1509 endothim
2863 1455 3135 1526 hyssinam
3173 1458 3493 1527 pretiosissi-

1914 1562 2077 1613 mam,
2109 1548 2192 1602 cui
2225 1546 2453 1602 similem
2486 1562 2772 1615 nunquam
2800 1547 2981 1602 videre
3010 1549 3297 1617 potuimus,
3325 1550 3494 1606 aculis

1915 1635 2122 1707 [Forte,
2143 1634 2388 1709 aciculis]
2412 1635 2633 1701 factam,
2655 1652 2868 1692 omnem
2892 1636 3187 1694 Salvatoris
3210 1642 3380 1703 nostri
3412 1644 3492 1696 hi-

1913 1724 2137 1778 storiam
2167 1724 2549 1779 continentem.
2581 1724 2638 1778 In
2670 1734 2857 1780 sancto
2881 1725 2966 1780 die
2994 1726 3305 1795 Epiphaniae
3330 1743 3492 1799 super

228 1814 517 1876 successit,
554 1828 713 1883 quem
755 1829 855 1885 ego
896 1815 1155 1885 navigans
1199 1815 1254 1868 in
1295 1813 1666 1869 Orientem.in
1711 1831 1806 1870 sua
1840 1793 1886 1853 Β
1912 1815 2160 1869 altarium
2194 1814 2436 1871 Ursianaa
2473 1816 2713 1872 ecclesia:
2759 1817 2993 1887 ponitur,
3031 1819 3124 1873 sed
3167 1834 3273 1874 non
3322 1828 3486 1875 totam

226 1909 453 1963 civitate
484 1908 624 1963 bene
645 1908 1108 1963 administrantem
1128 1907 1254 1962 vidi.
1285 1928 1304 1960 ι
1338 1904 1443 1962 Sed
1463 1916 1587 1962 ante
1606 1922 1801 1978 pauca:

230 2023 251 2055 ι
280 2003 539 2059 Nazarba
568 2004 759 2059 civitas
788 2002 989 2058 Cilicia:
1016 2011 1327 2059 terrzemotu
1376 2001 1519 2057 facto
1552 2001 1805 2067 concidit,

224 2095 279 2149 in
316 2110 434 2164 qua
487 2094 716 2163 periisse
772 2092 952 2148 lerunt
996 2094 1224 2163 amplius
1279 2108 1385 2147 xxx
1433 2093 1600 2147 millia
1638 2092 1808 2147 homi—

222 2200 375 2240 num.
413 2203 433 2236 »
470 2182 597 2238 Haec
633 2182 902 2253 pontificis
923 2185 1084 2238 verba
1113 2192 1256 2239 sunt.
1284 2182 1413 2238 Post
1453 2183 1514 2237 B.
1542 2183 1807 2255 Hierony-

219 2290 396 2339 mum,
423 2282 481 2329 et
509 2271 784 2339 Orosium,
811 2273 895 2329 vel
930 2273 1063 2329 alios
1089 2274 1570 2345 historiographos,
1612 2275 1713 2330 iste
1752 2274 1805 2329 in

219 2364 518 2420 Chronicis
562 2364 842 2430 laboravit,
873 2373 931 2419 et
975 2366 1119 2435 ipsos
1169 2376 1387 2421 secutus
1431 2382 1529 2438 per
1565 2367 1808 2422 diversos

217 2456 396 2511 libros
448 2455 777 2511 nobiliorum
823 2457 1145 2527 principum,
1194 2475 1297 2514 non
1342 2460 1514 2515 solum
1565 2462 1806 2532 priorum

220 2546 525 2620 [ipsorum]
551 2548 959 2617 imperatorum,
990 2550 1085 2603 sed
1115 2559 1169 2604 et
1204 2566 1387 2622 regum
1429 2561 1484 2606 et
1525 2551 1805 2621 praelecto-

218 2656 344 2695 rum
408 2654 567 2693 suam
630 2640 900 2708 propriam
960 2640 1269 2695 chronicam
1326 2642 1587 2697 exaravit.
1651 2642 1808 2697 Istius

219 2746 355 2785 vero
383 2731 722 2799 temporibus
740 2747 919 2801 pugna
950 2730 1092 2786 facta
1121 2744 1205 2787 est
1234 2734 1372 2788 inter
1399 2733 1606 2790 Gothos
1634 2743 1688 2789 et
1710 2734 1808 2788 mi-

220 2819 374 2874 lites.
413 2820 638 2874 Exierat
663 2820 847 2875 Narsis
880 2822 931 2874 in
974 2822 1092 2875 Kal.
1138 2821 1386 2877 Octobris
1414 2824 1467 2877 in
1496 2823 1804 2893 Campania,

215 2923 271 2967 et
296 2914 430 2967 cesi
480 2923 604 2967 sunt
627 2914 805 2976 Gothi,
839 2923 894 2969 et
920 2930 1144 2984 corpora
1193 2916 1466 2970 hominum
1511 2916 1806 2971 Gothorum

218 3005 397 3058 multa
420 3012 633 3057 mortua
661 3013 805 3068 sunt,
839 3014 894 3058 et
935 3005 1145 3059 occisus
1175 3015 1259 3060 est
1284 3004 1450 3073 Theja
1479 3021 1571 3059 rex
1601 3003 1807 3059 Gotho-

221 3114 342 3152 rum
373 3113 403 3150 a
436 3096 616 3159 Narsi,
644 3106 698 3151 et
730 3111 981 3151 reversus
1019 3105 1103 3151 est
1142 3096 1193 3151 in
1243 3112 1393 3167 pace,
1434 3096 1661 3152 etvenit
1698 3096 1804 3150 Lu-

217 3204 370 3251 cam,
402 3195 460 3241 et
490 3186 693 3256 expulit
726 3186 850 3241 inde
888 3186 1094 3243 Gothos
1126 3201 1309 3241 mense
1349 3185 1699 3257 Septembris.
1737 3188 1804 3242 Et

217 3282 482 3335 restituta
496 3280 778 3334 cstcivitas
794 3279 916 3335 Fori
929 3280 1158 3335 Cornelii
1173 3281 1240 3335 ab
1252 3282 1516 3337 Antiocho
1529 3282 1802 3351 praelecto,

215 3380 272 3425 et
314 3370 519 3423 iterum
550 3369 697 3424 venit
723 3369 1034 3424 Ravennam
1061 3372 1347 3440 predictus
1376 3371 1561 3428 Narsis
1581 3388 1701 3427 cum
1724 3373 1805 3427 vi-

216 3462 400 3518 ctoria
417 3477 628 3532 magna,
643 3461 837 3516 deinde
850 3462 997 3515 venit
1011 3458 1231 3516 Romam
1242 3504 1257 3528 ,
1274 3472 1329 3517 et
1341 3465 1579 3534 perrexit
1589 3465 1640 3518 in
1655 3463 1806 3519 Gam-

215 3554 450 3624 paniam
486 3553 539 3607 in
569 3560 809 3606 castrum
838 3551 1057 3617 Cumas,
1086 3561 1142 3606 et
1183 3552 1255 3606 ibi
1284 3560 1523 3607 moratus
1542 3561 1647 3607 est.
1678 3552 1806 3617 Post

217 3648 343 3702 haec
372 3652 555 3698 autem
604 3643 1013 3699 Manichaeorum
1046 3644 1268 3698 hazresis
1287 3652 1470 3698 exorta
1493 3653 1577 3698 est
1600 3645 1654 3698 in
1677 3645 1806 3699 civi-

218 3745 335 3791 tate
387 3734 668 3800 Ravenna,
719 3749 879 3804 quam
926 3733 1209 3789 orthodoxi
1258 3734 1549 3789 Christiani
1578 3735 1805 3791 convin-

216 3829 436 3882 cientes
479 3823 750 3891 ejecerunt
771 3832 920 3878 extra
949 3823 1241 3889 civitatem,
1268 3824 1320 3878 in
1348 3824 1467 3880 loco
1495 3826 1584 3894 qui
1614 3825 1809 3879 dicitur

219 3914 636 3979 Fossa-Scordi,
666 3918 821 3983 juxta
864 3913 1080 3970 ﬂuvium
1106 3916 1373 3986 lapidibus
1398 3918 1710 3981 obruerunt,
1752 3924 1807 3971 et

219 4007 430 4064 mortui
453 4015 577 4060 sunt
599 4006 651 4060 in
664 4006 897 4074 peccatis
918 4006 1048 4072 suis,
1065 4016 1121 4061 et
1133 4007 1307 4062 ablata
1334 4017 1461 4062 sunt
1478 4008 1618 4062 mala
1649 4023 1679 4061 a
1702 4007 1809 4061 Ra-

216 4113 425 4155 venna.
443 4096 572 4152 Post
586 4098 799 4152 tertium
820 4113 948 4153 vero
971 4114 1168 4153 annum
1192 4100 1399 4170 signum
1415 4100 1626 4154 ruboris
1645 4116 1809 4171 appa-

219 4191 341 4246 ruit
360 4191 413 4243 in
437 4188 573 4244 caelo
594 4188 679 4244 die
695 4189 751 4243 11
780 4190 980 4244 mensis
1001 4189 1338 4255 Novembris,
1357 4198 1705 4259 mortuusque
1725 4199 1811 4245 est

219 4296 370 4354 papa
401 4280 648 4351 Pelagius
675 4281 761 4335 die
790 4280 824 4334 3
850 4281 1051 4337 mensis
1080 4280 1274 4334 Martii.
1304 4280 1454 4335 Tunc
1495 4279 1678 4334 Narsis
1709 4278 1808 4334 Pa-

221 4373 426 4429 tricius
454 4362 575 4427 cum
603 4373 845 4427 exercitu
876 4388 975 4428 suo
999 4373 1224 4427 Romam
1253 4373 1510 4443 perrexit,
1535 4383 1589 4428 et
1615 4374 1668 4427 in
1692 4374 1808 4444 ipso

1908 1905 2214 1975 cumplevit.
2256 1905 2547 1962 Successor
2580 1907 2748 1977 ipsius
2792 1908 3023 1977 explevit
3067 1926 3228 1964 unam
3258 1922 3484 1981 partem.

1908 1993 2039 2061 Quis
2066 1994 2295 2049 similem
2330 1996 2512 2051 videre
2538 1996 2754 2066 potuit?
2781 1996 2894 2052 Non
2941 2008 3118 2068 potest
3147 2000 3308 2056 aliter
3337 2004 3485 2058 testi-

1906 2102 2055 2142 mare
2078 2088 2222 2157 ipsas
2245 2088 2523 2157 imagines,
2551 2097 2644 2143 aut
2688 2089 2911 2154 bestias,
2942 2097 3037 2143 aut
3073 2090 3335 2160 volucres,
3365 2109 3485 2164 qua:

1905 2176 1978 2231 ibi
2005 2176 2157 2232 facta:
2184 2186 2329 2243 sunt,
2365 2180 2469 2234 nisi
2492 2180 2634 2250 quod
2684 2180 2739 2235 in
2765 2195 2928 2235 carne
2952 2197 3140 2239 omnes
3173 2185 3306 2240 viva:
3350 2187 3476 2241 sint.

1907 2269 1973 2324 Et
2001 2270 2169 2341 ipsius
2197 2269 2505 2325 Maximiani
2527 2270 2730 2343 eﬂigies
2756 2273 2810 2327 in
2841 2274 3048 2329 duobus
3068 2275 3199 2329 locis
3226 2277 3483 2346 praeclare

1907 2360 2062 2416 factae
2096 2372 2239 2428 sunt,
2271 2378 2377 2417 una
2420 2360 2615 2432 major,
2670 2371 2726 2418 et
2778 2363 2947 2419 altera
2979 2366 3175 2431 minor,
3217 2367 3311 2423 sed
3337 2367 3482 2423 nulla

1906 2454 2047 2508 inter
2085 2452 2344 2523 majorem
2384 2463 2440 2510 et
2476 2455 2738 2510 minorem
2770 2457 3022 2511 distantia
3060 2465 3160 2511 est.
3189 2457 3245 2512 ln
3274 2460 3482 2515 minore

1906 2546 2069 2601 habet
2117 2546 2303 2601 literas
2345 2555 2593 2602 exaratas
2638 2548 2975 2602 continentes
3003 2547 3118 2603 ita:
3150 2547 3485 2618 Magniﬁcate

1906 2636 2186 2693 Dominum
2218 2656 2439 2704 mecum,
2464 2641 2553 2710 qui
2580 2656 2661 2692 me
2683 2640 2746 2692 de
2765 2650 2989 2694 stercore
3012 2640 3275 2695 exultavit.
3315 2641 3491 2696 Fecit-

1906 2743 2011 2799 que
2036 2728 2192 2782 aliam
2233 2730 2505 2801 engiothim
2536 2744 2602 2785 ex
2648 2745 2780 2783 auro
2819 2730 2908 2784 ubi
2956 2741 3083 2785 sunt
3120 2746 3307 2785 omnes
3350 2747 3484 2802 prae-

1907 2817 2220 2872 decessores
2243 2819 2325 2872 sui
2352 2835 2367 2882 ;
2396 2834 2525 2872 auro
2556 2819 2740 2874 textile
2772 2818 3030 2897 [textiles]
3082 2820 3343 2891 imagines
3364 2823 3480 2877 ﬁeri
3536 2876 3541 2883 ,

1899 2907 2079 2975 jussit.
2108 2908 2365 2977 Fecitque
2390 2908 2602 2962 tertiam
2631 2918 2685 2964 et
2722 2918 2969 2979 quartam
2991 2925 3113 2966 cum
3154 2914 3479 2984 margaritis,

1906 2999 1959 3053 in
1989 3014 2093 3069 qua
2123 2998 2357 3069 legitur:
2391 2996 2582 3063 Parce,
2625 2990 3078 3070 Domine,'populo
3128 3010 3237 3066 tuo,
3284 3011 3331 3056 et
3375 3018 3482 3056 me-

1904 3101 2074 3146 mento
2108 3092 2208 3146 mei
2235 3093 2543 3161 peccatoris,
2595 3108 2745 3163 quem
2785 3091 2849 3147 de
2889 3102 3114 3147 stercore
3152 3094 3394 3148 exaltasti
3428 3096 3483 3156 iu

1906 3201 2059 3255 regno
2084 3194 2192 3238 tuo.
2219 3183 2442 3239 Crucem
2471 3198 2600 3238 vero
2645 3198 2863 3238 auream
2911 3182 3165 3250 majorem
3215 3184 3327 3254 ipse
3371 3184 3485 3238 ﬁeri

1898 3277 2080 3349 jussit,
2109 3286 2162 3331 et
2188 3275 2592 3347 pretiosissimis
2629 3276 2876 3345 gemmis,
2903 3285 2956 3328 et
2996 3275 3299 3345 margaritis
3322 3289 3480 3329 orna-

1903 3370 1981 3423 vit
2009 3367 2346 3439 hyacinthos,
2374 3375 2429 3422 et
2463 3366 2801 3430 amethistos,
2828 3376 2883 3419 et
2905 3365 3134 3431 sardios,
3162 3374 3216 3421 et
3243 3381 3485 3436 smarag-

1904 3462 2023 3526 dos,
2062 3467 2117 3514 et
2136 3458 2275 3514 infra
2300 3474 2491 3523 aurum
2518 3458 2695 3512 medio
2737 3456 2852 3512 loco
2892 3458 2958 3512 de
2986 3457 3129 3528 ligno
3168 3464 3368 3513 sancta:
3398 3472 3486 3510 re-

1905 3551 2229 3622 demptionis
2260 3558 2457 3603 nostra:
2480 3548 2683 3612 crucis,
2714 3549 2802 3601 ubi
2825 3563 3021 3617 corpus
3049 3547 3258 3603 Domini
3290 3562 3488 3617 pepen-

1905 3643 2004 3705 dit,
2043 3641 2350 3695 occultavit.
2403 3640 2500 3694 Est
2545 3648 2725 3694 autem
2769 3640 2886 3692 auri
2934 3640 3226 3693 maximum
3256 3640 3484 3709 pondus.

1906 3729 2164 3800 Fecitque
2193 3745 2381 3785 omnes
2419 3730 2813 3803 ecclesiasticos
2853 3730 3041 3795 libros,
3072 3731 3124 3785 id
3153 3738 3238 3784 est
3262 3738 3484 3800 septua-

1908 3824 2053 3894 ginta
2083 3824 2210 3888 duo,
2240 3823 2442 3893 optime
2472 3822 2734 3886 scribere,
2772 3836 2906 3890 quos
2940 3821 3051 3887 diu,
3085 3829 3141 3876 et
3177 3821 3489 3877 cautissime

1908 3914 2054 3987 legit,
2102 3915 2308 3985 absque
2352 3911 2773 3983 reprehensione
2821 3912 2977 3966 nobis
3026 3912 3261 3981 reliquit,
3292 3912 3403 3981 qui!
3426 3927 3489 3966 us

1908 4020 2077 4073 usque
2115 4003 2276 4058 hodie
2312 4001 2534 4065 utimur,
2582 4009 2638 4055 et
2682 4000 2871 4056 ultimo
2922 4000 3039 4056 loco
3074 4000 3487 4070 Evangeliorum

1908 4104 1964 4150 et
1987 4094 2346 4165 apostolorum
2368 4092 2737 4162 epistolarum.
2767 4092 2823 4147 Si
2850 4092 3125 4161 requirere
3137 4091 3299 4146 vultis
3320 4091 3489 4163 ipsius

1909 4185 2108 4244 literas.
2144 4184 2429 4239 invenietis
2475 4184 2547 4237 ita
2580 4183 2846 4237 monentis
2892 4180 3258 4254 [monentes]:
3291 4180 3489 4237 Emen‘

1909 4277 2027 4331 dari
2053 4276 2349 4330 cautissime
2394 4291 2513 4328 cum
2544 4274 2626 4327 his
2670 4289 2787 4342 qua:
2835 4272 3178 4341 Augustinus,
3213 4280 3259 4324 et
3298 4288 3484 4325 secun-

1909 4371 2033 4424 dum
2061 4367 2345 4439 Evangelia
2390 4383 2506 4438 qua:
2534 4366 2713 4427 beatus
2765 4362 3112 4434 Hieronymus
3142 4362 3363 4417 Romam
3388 4364 3487 4417 mi-

224 4478 479 4534 tempore
498 4463 663 4519 multa
694 4466 844 4535 signa
868 4473 921 4520 et
945 4466 1186 4536 prodigia
1219 4464 1359 4522 facta
1387 4475 1514 4522 sunt
1542 4467 1686 4523 circa
1708 4466 1809 4521 Ra-
1833 4495 1886 4554 D
1910 4461 1998 4523 δίε,
2026 4469 2073 4513 ει
2106 4456 2464 4531 [Parentibus]
2493 4457 2604 4511 δαῖε
2633 4456 2847 4520 direxit,
2874 4464 3075 4554 ‘g'ffufn
3104 4470 3166 4507 ηε
3193 4453 3257 4507 αθ
3283 4453 3482 4554 {dt-(39:8.

223 4571 488 4621 vennam,
519 4557 594 4610 ita
622 4565 680 4611 ut
719 4556 871 4612 multi
898 4559 1175 4629 signarent
1207 4572 1292 4613 res
1328 4572 1473 4622 suas,
1499 4567 1553 4613 et
1595 4558 1801 4624 domos,

223 4660 281 4704 et
314 4663 467 4713 vasa,
518 4656 575 4701 ut
602 4660 1037 4719 agnoscerentur,
1067 4659 1118 4705 et
1159 4651 1339 4707 multis
1370 4651 1701 4722 apparebant
1727 4652 1808 4706 vi-

224 4746 422 4799 siones
459 4742 512 4795 in
540 4742 624 4795 die
665 4742 820 4811 quasi
859 4743 1103 4800 homines
1132 4760 1312 4800 secum
1350 4745 1630 4815 loquentes
1672 4744 1808 4800 facie

223 4833 297 4887 ad
334 4832 546 4886 faciem.
580 4830 647 4886 Et
666 4842 1038 4903 pugnaverunt
1064 4842 1252 4888 contra
1280 4833 1615 4890 Veronenses
1641 4835 1804 4900 cives,

223 4938 281 4982 et
318 4936 478 4997 capta
504 4936 588 4981 est
616 4928 825 4983 Verona
876 4929 1066 4983 civitas
1099 4944 1130 4982 a
1174 4929 1430 4985 militibus
1455 4929 1525 4984 20
1553 4930 1638 4986 die
1662 4943 1807 4984 men-

226 5021 312 5076 sis
357 5017 506 5073 Julii.
544 5018 611 5074 Et
659 5021 834 5074 visum
884 5026 969 5074 est
1017 5019 1159 5074 aliud
1192 5020 1724 5092 signumunagnum,
1752 5030 1806 5076 et

230 5107 504 5175 terribile,
539 5118 595 5164 et
640 5126 767 5166 ecce
820 5110 875 5163 in
933 5125 1056 5165 acre
1110 5112 1261 5180 quasi
1316 5111 1592 5167 hominum
1631 5128 1804 5183 pugna

231 5202 385 5257 inter
414 5216 473 5255 se
506 5201 869 5256 dimicantium
894 5200 1054 5256 veluti
1105 5203 1156 5255 in
1186 5202 1371 5272 prazlio
1407 5218 1501 5256 vni
1546 5202 1662 5256 Kal.
1694 5202 1806 5256 Au-

233 5290 544 5361 gusti‘hora
582 5292 684 5347 diei
722 5294 900 5357 tertia,
929 5292 1156 5347 secunda
1190 5292 1341 5356 feria,
1369 5303 1423 5348 et
1467 5294 1659 5348 exinde
1699 5303 1805 5349 ter-

239 5382 329 5436 riti
360 5389 485 5435 sunt
511 5381 679 5436 multi.
710 5380 851 5437 Hora
891 5391 974 5437 est
1012 5381 1123 5451 jain
1152 5382 1430 5437 claudendi
1462 5383 1601 5437 hanc
1631 5382 1813 5437 lectio-

240 5487 396 5527 ueni.
423 5484 482 5528 ut
504 5475 647 5542 quod
671 5476 912 5544 sequitur
937 5479 1169 5529 ensum
1199 5474 1495 5529 audiamus.

865 5625 895 5656 ι

1911 4549 1989 4604 vel
2013 4549 2164 4603 malis
2211 4547 2549 4617 scriptoribus
2582 4546 2845 4599 vitientur.
2887 4544 3064 4605 Edilit
3105 4558 3337 4614 namque
3365 4543 3488 4600 Mis-

1911 4640 2051 4695 sales
2091 4654 2187 4710 per
2213 4647 2381 4693 totum
2431 4637 2691 4693 circulum
2737 4636 2884 4702 anni,
2925 4644 2980 4690 et
3020 4644 3327 4691 sanctorum
3367 4652 3484 4693 om-

1912 4735 2061 4789 nium
2101 4751 2115 4798 ;
2167 4734 2493 4805 quotidianis
2548 4750 2781 4805 namque
2830 4742 2886 4790 et
2935 4734 3485 4804 quadragesimalibus

1913 4823 2263 4893 temporibus,
2292 4822 2377 4879 vel
2398 4823 2654 4894 quidquid
2674 4825 2738 4877 ad
2767 4824 3019 4879 Ecclesiae
3041 4824 3200 4878 ritum
3224 4824 3477 4894 pertinet,

1913 4916 2091 4971 omnia
2142 4915 2215 4971 ibi
2268 4917 2386 4972 sine
2423 4916 2586 4971 dubio
2621 4915 2924 4969 invenietis.
2971 4914 3188 4970 Grande
3233 4916 3483 4970 volumen

1907 5008 2043 5064 mire
2069 5015 2367 5063 exaratum.
2402 5006 2666 5061 Modicum
2708 5006 2773 5059 de
2800 5005 2903 5060 illis
2930 5006 3206 5070 habemus,
3234 4998 3482 5076 dictaque

1908 5098 2074 5171 [illius
2102 5100 2364 5154 habemus
2386 5097 2546 5153 dictis
2570 5095 2710 5167 quae]
2737 5096 2957 5151 Romam
2984 5107 3311 5154 transmeata
3335 5106 3476 5161 sunt,

1904 5198 1962 5245 et
1985 5198 2243 5259 quantum
2275 5188 2470 5243 ibidem
2508 5187 2709 5258 cogniti
2751 5195 2874 5242 sunt
2908 5186 3236 5252 Romulidcs,
3282 5188 3372 5256 qui
3401 5188 3482 5241 vi-

1906 5281 2103 5335 derunt
2130 5297 2204 5335 xu
2241 5278 2405 5332 libros
2430 5279 2529 5332 sub
2555 5292 2661 5333 uno
2685 5278 2952 5332 volumine
2987 5288 3256 5333 exaratos.
3301 5276 3479 5333 Pauca

1916 5371 1985 5426 de
2010 5370 2193 5425 multis
2219 5367 2472 5433 diximus,
2500 5367 2651 5438 plura
2682 5371 2748 5422 de
2775 5382 2840 5422 eo
2869 5367 3170 5433 invenietis,
3197 5382 3359 5437 quam
3387 5368 3477 5423 hic
3508 5414 3513 5421 ,

1914 5460 2140 5531 legistis.
2170 5459 2452 5528 Nunquam
2478 5474 2605 5513 suas
2626 5457 2849 5512 laniavit
2881 5473 3032 5521 oves,
3060 5471 3330 5527 nunquam
3362 5470 3478 5513 mo-

1914 5552 2133 5616 mordit,
2162 5565 2435 5620 nunquam
2464 5549 2750 5620 percussit,
2773 5548 2865 5602 sed
2893 5546 3085 5602 refovit
3106 5548 3358 5619 eloquiis.
3379 5565 3479 5604 nu—

1912 5641 2057 5695 trivit
2100 5641 2388 5705 alimentis,
2431 5640 2637 5697 monuit
2673 5654 2856 5708 vagos,
2896 5638 3164 5693 revocavit
3208 5648 3473 5707 errantes,

1910 5731 2125 5801 collegit
2152 5721 2442 5801 dispersos,
2476 5729 2799 5785 ministravit
2825 5729 2987 5799 inopi,
3013 5729 3302 5786 condolivit
3327 5730 3477 5801 [con-
