3936 6180
486 324 587 378 (ili)

1188 320 1474 375 AGNELLI
1511 320 1797 375 ABBATIS
1838 320 1894 374 S.
1934 318 2167 371 MANLF.
2208 318 2296 371 Ai)
2337 316 2800 382 BLACHERNAS,
2845 318 2992 372 ΕΤΕΙ.

3597 312 3704 367 (:20

485 440 706 501 diutius,
745 437 799 489 id
826 446 899 489 est
929 406 1122 501 serius,
1153 434 1369 507 Bacch.]
1405 451 1549 491 mors
1598 435 1904 490 intervenit.
1939 432 2043 487 Sed
2073 436 2119 493 Λ
2146 431 2203 484 lu
2248 432 2413 502 ipsius
2438 430 2613 486 fronte
2662 432 2980 485 intrinsecus
3003 431 3046 484 si
3079 427 3392 498 aspcxcritis
3419 426 3708 485 Justiuiaui

485 527 833 599 qumreudum
845 525 1001 579 nobis
1020 534 1099 579 est
1119 538 1219 580 cur
1246 525 1346 579 iste
1365 524 1681 596 coniugatus
1704 525 1861 579 talem
1887 538 2043 593 egre-

482 618 622 689 giam
667 614 899 671 obtinuit
928 616 1128 670 sedem.
1158 613 1216 669 Si
1246 614 1557 685 iutelligatis
1602 622 1872 669 auctorem
1900 613 2043 683 Apo-

476 698 676 764 stolum
732 705 998 761 dicentem
1052 706 1211 761 unius
1238 707 1422 760 uxoris
1450 706 1647 770 virum,
1685 715 1738 760 et
1769 705 1904 759 filios
1931 704 2048 779 .ha—

478 807 713 864 Dantem,
745 799 1027 869 episcopus
1065 798 1322 851 ordinari.
1352 798 1517 852 Recta
1544 797 1899 866 providentia,
1918 812 2043 851 cum

481 902 537 950 et
558 895 659 948 hoc
682 906 914 946 canones
928 890 1258 960 praecipiant.
1281 890 1387 943 Sed
1407 890 1688 944 redeamus
1700 888 1767 943 ad
1780 886 2044 953 ordinem,

476 992 532 1040 et
560 985 626 1040 de
654 980 967 1037 mulieribus
990 988 1174 1050 postea
1195 980 1550 1049 disputemus.

1102 1087 1327 1144 CAPUT
1365 1086 1428 1141 ll.

478 1181 764 1237 Gothorum
799 1179 1028 1234 ecclesia:
1078 1188 1127 1234 et
1182 1196 1260 1233 res
1310 1197 1342 1233 a
1393 1179 1694 1234 Iustiniano
1752 1178 2043 1233 Ravennati

551 1250 796 1304 Ecclesiae
855 1250 1137 1303 donantur.
1202 1246 1391 1303 Plures
1455 1266 1633 1302 earum
1694 1258 2039 1303 recensentur.

544 1319 845 1390 Singularia
886 1319 949 1372 de
987 1317 1198 1390 ecclesia
1247 1317 1303 1373 S.
1336 1318 1572 1373 Martini.
1618 1317 1847 1373 Pictura:
1897 1319 1951 1372 in
1980 1334 2042 1372 ea

545 1391 770 1444 extantis
806 1390 1024 1459 mystica
1053 1389 1430 1457 interpretatio.

544 1499 895 1569 Temporibus
923 1498 1078 1559 istius
1105 1496 1457 1560 Justinianus,
1504 1504 1663 1551 rectae
1694 1496 1816 1550 fidei
1855 1495 2039 1567 Augu-

471 1598 608 1654 stus,
635 1604 820 1643 omnes
844 1587 1142 1642 Gothorum
1183 1586 1513 1641 substantias
1550 1586 1674 1641 huic
1714 1585 1954 1641 ecclesia:
1989 1590 2044 1640 et

469 1679 529 1732 Β.
560 1677 783 1747 Agnello
811 1677 1061 1746 episcopo
1084 1674 1282 1730 habere
1311 1676 1596 1738 concessit,
1630 1690 1736 1728 non
1765 1674 1938 1729 solum
1984 1673 2037 1726 in

2146 524 2370 595 Augusti
2394 522 2643 594 efﬁgiem,
2682 523 2958 592 reperietis
2996 530 3050 574 et
3082 519 3287 598 Agnelli
3318 517 3587 588 pontificis
3611 533 3711 573 au—

2146 614 2277 667 ratis
2314 613 2620 668 decoratam
2669 612 2913 667 tessellis.
2954 610 3106 665 Nulla
3138 609 3365 664 ecclesia
3392 609 3475 663 vel
3513 608 3717 664 domus

2146 702 2335 757 similis
2382 702 2435 757 in
2484 701 2825 771 laquearibus
2856 701 2938 755 vel
2969 701 3021 754 in
3051 699 3290 755 trabibus
3318 699 3427 753 isti.
3465 699 3531 752 Et
3553 708 3711 769 pest—

2143 810 2302 863 quam
2346 795 2717 857 censecravit,
2768 794 2821 847 in
2869 792 3032 862 ipsius
3077 789 3402 845 confessoris
3434 790 3718 859 eplscopio

2146 884 2386 956 [ibidem]
2414 884 2661 953 epulatus
2704 892 2805 937 est.
2831 882 2886 935 ln
2917 880 3167 935 tribunali
3199 893 3329 934 vero
3357 880 3403 933 si
3425 880 3719 950 diligenter

2143 978 2513 1046 inquisieritis,
2546 992 2705 1046 supra
2759 973 3023 1030 fenestras
3056 972 3341 1027 invenietis
3380 987 3445 1025 ex
3484 972 3718 1042 lapideis

2142 1069 2311 1124 literis
2358 1077 2637 1124 exaratum
2685 1068 2801 1121 ita:
2836 1064 3179 1118 Theodericus
3230 1079 3322 1117 rex
3366 1062 3500 1116 hanc
3546 1064 3721 1118 eccle-

2139 1160 2273 1212 siam
2321 1174 2352 1212 a
2378 1158 2733 1229 fundamentis
2788 1157 2844 1209 in
2880 1156 3083 1209 nomine
3124 1154 3334 1208 Domini
3373 1154 3534 1207 nostri
3575 1153 3719 1207 Iesu

2142 1249 2334 1303 Christi
2382 1248 2524 1317 fecit.
2574 1248 2650 1301 De
2694 1244 2947 1316 praedicta
2987 1258 3115 1298 vero
3158 1242 3383 1298 ecclesia
3409 1283 3424 1307 ,
3459 1259 3555 1297 cur
3582 1244 3719 1297 latis

2140 1341 2323 1393 stratis
2351 1340 2429 1394 sic
2456 1338 2781 1411 communita
2815 1335 2907 1401 sit,
2958 1335 3097 1390 sicut
3128 1335 3450 1396 audivimus,
3482 1334 3717 1388 uuncie—

2141 1445 2278 1485 mus.
2308 1430 2437 1483 Erat
2465 1428 2680 1497 quidam
2708 1427 2796 1480 illo
2849 1433 3091 1492 tempore
3125 1440 3230 1477 non
3257 1422 3493 1491 perfecte
3518 1424 3719 1477 ortho-

2138 1519 2310 1573 dexus
2333 1533 2423 1573 rex
2452 1516 2811 1571 Vandalerum
2864 1523 3121 1581 tempore,
3147 1513 3237 1582 qui
3268 1528 3333 1565 ex
3364 1512 3475 1580 ipsa
3506 1510 3715 1565 voluis-

2137 1620 2221 1663 set
2245 1607 2471 1663 ecclesia
2504 1605 2808 1674 pavimenta
2836 1616 3043 1669 eruere,
3069 1612 3120 1657 et
3163 1603 3228 1655 ad
3253 1617 3403 1656 suam
3433 1602 3714 1671 propriam

2140 1699 2420 1767 deportare
2457 1697 2659 1751 sedem.
2706 1693 2838 1748 Nam
2869 1689 3084 1763 quidem
3119 1693 3244 1747 dum
3294 1693 3471 1746 omnia
3516 1704 3717 1762 parata

468 1767 711 1831 urbibus,
743 1766 838 1820 sed
868 1765 923 1819 in
952 1764 1272 1819 suburbanis
1300 1764 1458 1826 villis,
1485 1771 1540 1817 et
1564 1763 1754 1818 viculis
1776 1763 1960 1828 etiam,
1984 1771 2038 1815 et
2065 1771 2112 1831 Β
2139 1763 2222 1843 ad‘
2245 1784 2574 1842 evellendum
2620 1786 2815 1841 Iasum
2857 1784 3102 1846 fuissent,
3137 1784 3313 1838 subito
3354 1782 3563 1837 turb-me
3592 1785 3717 1838 dies

469 1856 687 1926 templa,
721 1863 776 1910 et
800 1868 941 1919 aras,
977 1867 1180 1917 servos,
1215 1862 1271 1907 et
1298 1848 1540 1917 ancillas,
1568 1852 1826 1922 quidquid
1854 1853 1922 1907 ad
1948 1866 2040 1906 eo-

469 1961 588 1999 rum
610 1945 720 2015 jus,
746 1943 832 1999 vel
860 1946 1019 1998 ritum
1042 1942 1381 2013 Paganorum
1408 1943 1678 2011 pertinere
1702 1943 1894 2010 potuit,
1926 1958 2040 1998 om-

469 2039 556 2092 nia
585 2037 709 2091 huic
748 2036 1092 2098 condonavit,
1125 2044 1179 2089 et
1215 2035 1499 2098 concessit,
1550 2043 1601 2089 et
1644 2050 1739 2104 per
1764 2034 2039 2104 privilegia

466 2127 821 2191 conﬁrmavit,
847 2135 902 2180 et
929 2126 1282 2194 corporaliter
1301 2139 1396 2194 per
1412 2125 1691 2193 epistolam
1724 2125 1859 2178 tradi
1888 2124 2035 2189 fecit,

464 2234 531 2274 ex
581 2226 736 2287 parte
786 2217 859 2271 ita
911 2216 1272 2270 Continentem
1302 2229 1317 2267 :
1348 2212 1405 2268 S.
1447 2214 1617 2268 Mater
1645 2214 1880 2268 Ecclesia
1926 2213 2035 2268 Ra-

464 2326 612 2364 uenn.
649 2325 762 2363 rere
783 2317 969 2371 mater,
1003 2322 1116 2360 vere
1140 2305 1450 2371 orthodoxa,
1480 2323 1600 2383 nam
1634 2316 1834 2360 caetera:
1860 2304 2038 2359 multa:

468 2400 715 2453 Ecclesia:
744 2398 936 2469 falsam
962 2407 1172 2468 propter
1195 2406 1389 2450 metum
1417 2406 1465 2450 et
1499 2406 1718 2450 terrores
1746 2396 2037 2465 principum

462 2490 937 2561 superinduxerunt
977 2489 1294 2542 doctrinam.
1330 2488 1461 2541 Haec
1514 2504 1631 2542 vero
1687 2497 1735 2541 et
1770 2502 1942 2541 veram
1989 2497 2035 2541 et

463 2583 669 2636 unicam
715 2588 949 2634 sanctam
1003 2577 1316 2633 catholicam
1360 2579 1522 2631 tenuit
1543 2578 1721 2646 ﬁdem,
1771 2592 2035 2647 nunquam

468 2672 686 2735 nutavit,
718 2668 794 2724 vel
817 2671 1182 2739 ﬂuctuationes
1204 2670 1472 2734 sustinuit,
1503 2688 1535 2722 a
1561 2678 1857 2738 tempestate
1880 2686 2037 2741 quas-

460 2772 575 2816 sata
599 2760 875 2815 immobilis
904 2761 1208 2832 permansit.
1237 2760 1398 2830 igitur
1420 2758 1522 2813 iste
1547 2759 1887 2815 beatissimus
1921 2776 2036 2814 em—

460 2867 558 2905 ncs
605 2849 901 2907 Gothorum
950 2849 1218 2905 Ecelesias
1266 2850 1653 2915 reconciliavit,
1690 2865 1809 2920 quae
1832 2849 2035 2906 Gotho-

461 2960 582 3000 rum
642 2943 971 3014 temporibus
1014 2943 1097 2997 vel
1151 2944 1292 3014 regis
1349 2943 1666 2999 Theoderici
1713 2952 2037 2999 constructae

460 3046 614 3101 sunt,
668 3052 788 3103 quin
845 3035 1045 3088 Ariana
1091 3034 1314 3103 perfidia
1361 3043 1415 3089 ct
1458 3035 1832 3089 hmreticorum
1887 3028 2035 3090 sec’ta

2138 1878 2451 1932 tenebrosus
2480 1876 2598 1940 fuit,
2648 1884 2803 1930 nocte
2830 1890 2959 1929 vero
2989 1874 3155 1943 ipsius
3184 1875 3558 1943 subsequentis
3600 1875 3713 1927 dici

2137 1976 2329 2020 ventus
2368 1964 2574 2019 validus
2620 1979 2717 2032 per
2758 1963 2928 2032 ipsam
2978 1960 3271 2017 Ecclesium
3326 1963 3663 2017 discurrebat
3693 2006 3711 2028 ,

2137 2058 2370 2127 mugitus
2397 2057 2572 2111 ferens
2597 2070 2778 2113 locum
2811 2056 3031 2109 validos.
3061 2055 3280 2109 Sonitus
3302 2055 3476 2109 factus
3518 2066 3603 2110 est
3626 2059 3715 2111 in—

2136 2156 2267 2215 gens
2306 2160 2402 2215 per
2446 2154 2609 2199 totam
2638 2145 2805 2214 ipsius
2850 2144 3155 2199 ecclesiam.
3188 2143 3339 2198 Tunc
3368 2162 3495 2199 vero
3518 2162 3713 2200 omnes

2136 2235 2327 2289 exinde
2364 2241 2789 2305 concrepuerunt
2840 2250 3141 2290 marmores
3216 2251 3280 2289 ac
3326 2236 3430 2289 sia
3484 2238 3713 2292 mallea-

2137 2327 2342 2380 toribus
2390 2325 2574 2380 fracta:
2606 2340 2671 2379 ac
2710 2326 3050 2380 comminutae
3083 2325 3336 2392 fuissent;
3382 2337 3558 2381 tamen
3606 2329 3713 2382 hoc

2136 2417 2332 2470 intueri
2379 2416 2602 2485 potestis
2650 2416 2704 2469 in
2733 2416 2960 2484 pariete.
3016 2415 3093 2469 lbi
3130 2432 3278 2482 vero,
3313 2427 3370 2470 ut
3420 2418 3551 2479 dixi,
3589 2419 3715 2472 duae

2136 2505 2290 2561 factze
2337 2514 2463 2560 sunt
2491 2506 2756 2559 civitates.
2790 2506 2867 2559 Ex
2904 2498 3158 2560 Ravenna
3184 2507 3531 2577 egrediuntur
3565 2525 3717 2561 mar-

2135 2606 2279 2668 tyres
2308 2605 2458 2666 parte
2484 2597 2721 2650 virorum
2750 2597 2816 2649 ad
2848 2596 3120 2652 Christum
3153 2608 3371 2665 euntes;
3430 2616 3497 2655 ex
3525 2601 3715 2656 Classe

2134 2689 2369 2757 virgines
2416 2688 2712 2756 procedunt
2740 2688 2808 2741 ad
2840 2698 3080 2742 sanctam
3125 2688 3396 2759 Virginem
3439 2692 3711 2763 virginum

2132 2780 2514 2850 procedentes,
2577 2786 2631 2831 et
2665 2778 2806 2848 magi
2873 2780 3250 2834 antecedentes
3295 2794 3519 2835 munera
3566 2782 3706 2837 olle-

2137 2878 2339 2923 rentes.
2375 2867 2478 2923 Sed
2503 2879 2680 2922 tamen
2728 2884 2850 2922 cum
2895 2869 3058 2945 variis
3102 2854 3458 2933 vestimentis,
3494 2880 3548 2925 et
3598 2888 3711 2926 non

2134 2976 2322 3015 omnes
2348 2976 2511 3014 unum
2562 2962 2927 3016 indumentum
2968 2962 3278 3017 habuissent
3304 2964 3496 3033 depicti
3554 2977 3711 3029 sunt,

2137 3050 2337 3104 idcirco
2364 3051 2487 3120 quia
2524 3050 2636 3119 ipse
2666 3050 2900 3104 divinam
2925 3051 3098 3120 pictor
3120 3063 3335 3106 secutus
3355 3062 3437 3107 est
3463 3053 3714 3124 Scriptu-

463 3128 852 3216 [Ρόνιενὲειένθν
877 3125 977 3197 δάο]
1006 3120 1675 3216 ἀοεῐνῖᾴηειτθῑλεῗβάυιίῑθιθ
1692 3124 2030 3181 ίεηθικιηιῑιΐσ
2061 3115 2105 3178 C
2136 3156 2272 3193 ram.
2461 3115 2667 3211 Gaspar
2693 3157 2882 3195 aurum
2913 3115 3105 3195 obtulit
3144 3142 3197 3196 in
3224 3144 3544 3199 vestimento
3574 3115 3714 3216 hya-

461 3214 1141 3273 Recenciliavitecclesiam
1164 3212 1222 3268 S.
1249 3214 1462 3269 Eusebii
1488 3215 1783 3269 sacerdotis
1812 3226 1867 3270 et
1894 3222 2034 3271 mar-

459 3309 615 3380 tyris,
653 3318 775 3376 qua:
817 3307 920 3359 sita
965 3314 1047 3360 est
1094 3320 1202 3360 non
1249 3305 1404 3376 longe
1453 3321 1483 3359 a
1509 3320 1701 3375 campo
1750 3306 2035 3362 Coriaudri

460 3409 617 3453 extra
665 3399 851 3452 urbem
882 3397 958 3451 id.
990 3395 1321 3457 Novembris,
1382 3410 1541 3466 quam
1589 3397 2031 3453 aedilicavitUni-

461 3490 694 3545 mundus
717 3489 998 3558 episcopus
1035 3503 1179 3543 anno
1202 3488 1273 3543 ‘25
1293 3486 1613 3549 Theoderici
1639 3491 1801 3560 regis,
1833 3493 2033 3560 absque

356 3560 368 3575 ’
462 3577 840 3635 hindainentis.
883 3575 1143 3631 Similiter
1168 3584 1227 3631 et
1249 3577 1529 3632 ecclesiam
1564 3580 1627 3633 B.
1687 3578 1899 3651 Georgii
1949 3597 2033 3636 rc-

460 3667 765 3722 cenciliavit
794 3667 1125 3735 teu~perihus
1152 3666 1334 3721 Basilii
1356 3667 1618 3732 Junioris,
1647 3670 1788 3724 sicut
1826 3672 1879 3725 in
1913 3673 2031 3741 ipso

462 3761 711 3833 relegitur
756 3761 1027 3816 tribunali.
1072 3760 1458 3817 Reconciliavit
1484 3765 1770 3819 ecclesiam
1794 3767 1854 3820 Β.
1899 3766 2027 3821 Ser--

459 3853 551 3925 gii,
576 3869 693 3922 qua:
730 3854 833 3908 sita
862 3861 945 3907 est
975 3853 1029 3907 in
1051 3855 1266 3910 civitate
1294 3854 1495 3910 Classis
1523 3855 1670 3915 iuxta
1694 3859 2026 3927 viridarimn,

461 3952 515 3999 et
540 3943 600 3996 Β.
626 3943 862 3998 Zenonis
886 3945 939 3998 in
960 3944 1227 4000 Czesarea.
1271 3944 1413 4000 Infra
1439 3948 1628 4002 urbem
1658 3964 1790 4005 vero
1816 3950 2029 4005 Raven-

460 4050 582 4089 nam
611 4034 890 4089 ecclesiam
921 4034 977 4088 S.
1022 4033 1285 4091 Theodori
1314 4052 1421 4091 non
1448 4037 1603 4110 longe
1625 4056 1655 4093 a
1680 4029 1840 4097 deme
1868 4043 2030 4098 Drue-

460 4125 634 4188 donis,
660 4140 778 4194 qua:
803 4125 992 4179 domus
1029 4142 1134 4180 una
1182 4143 1303 4181 cum
1331 4128 1543 4194 balneo,
1572 4138 1628 4184 et
1662 4132 1835 4187 sancti
1871 4131 2032 4203 Apol-

461 4214 645 4269 linaris
695 4217 1042 4280 monasterio,
1092 4217 1233 4285 quod
1286 4218 1338 4271 in
1370 4221 1649 4289 superiora
1674 4223 1863 4279 domus
1886 4235 2029 4280 stru-

460 4316 607 4362 ctum
642 4307 969 4377 episcOpium
1010 4309 1175 4376 ipsius
1216 4309 1458 4366 ecclesia:
1502 4311 1619 4366 fuit.
1668 4314 1736 4368 Et
1762 4316 1853 4370 ubi
1890 4333 2031 4374 nunc

2134 3231 2395 3295 cinthine,
2440 3238 2495 3285 et
2540 3231 2594 3284 in
2639 3230 2755 3299 ipso
2798 3232 3117 3286 vestimento
3145 3233 3456 3304 coniugium
3494 3235 3709 3306 signifi-

2131 3332 2308 3387 catur,
2344 3322 2624 3377 Balthasar
2683 3323 2809 3377 thus
2850 3320 3041 3378 obtulit
3084 3324 3140 3377 in
3174 3326 3495 3381 vestimento
3541 3328 3709 3391 flavo,

2131 3421 2187 3467 et
2233 3413 2287 3466 in
2335 3413 2449 3482 ipso
2494 3413 2812 3468 vestimento
2832 3414 3197 3490 virginitatem
3244 3417 3530 3487 significat.
3576 3417 3711 3475 Mcl-

2131 3503 2282 3558 chior
2310 3503 2569 3557 mirrham
2600 3503 2789 3558 obtulit
2813 3505 2866 3558 in
2892 3506 3212 3561 vestimento
3234 3509 3403 3573 vario,
3425 3518 3479 3564 et
3506 3510 3559 3564 in
3590 3511 3711 3581 ipso

2130 3595 2454 3650 vestimento
2488 3596 2857 3664 pmuitentiam
2881 3596 3172 3667 significat.
3203 3596 3322 3668 Ipse
3350 3599 3441 3668 qui
3471 3602 3710 3668 praevius

2129 3696 2247 3741 erat
2273 3696 2565 3757 purpurato
2610 3700 2736 3757 sago
2766 3687 3013 3753 indutus,
3057 3697 3111 3743 et
3138 3705 3234 3760 per
3267 3693 3497 3745 eundem
3536 3694 3706 3763 signi-

2130 3778 2255 3833 ficat
2293 3779 2463 3847 ipsum
2492 3778 2692 3847 Regem
2718 3787 2923 3845 natum,
2957 3788 3011 3834 et
3037 3796 3275 3850 passum.
3308 3781 3410 3849 Qui
3438 3796 3621 3838 autem
3650 3788 3705 3840 in

2130 3870 2278 3922 varie
2320 3883 2449 3938 sago
2480 3884 2674 3923 munus
2703 3878 2830 3924 nato
2857 3872 3068 3937 obtulit,
3106 3873 3376 3944 signiﬁcat
3416 3876 3469 3929 in
3509 3878 3703 3931 eodem

2130 3972 2316 4013 omnes
2336 3957 2616 4028 languidos
2644 3958 2919 4015 Christum
2945 3976 3154 4027 curare,
3185 3972 3240 4017 et
3273 3966 3436 4020 variis
3467 3964 3703 4033 injuriis,

2128 4056 2183 4102 et
2220 4049 2446 4104 diversis
2492 4048 2796 4106 Judaeerum
2868 4054 3179 4110 verberibus
3227 4055 3499 4126 flagellari.
3552 4058 3704 4114 Scri-

2130 4152 2277 4212 ptum
2311 4143 2375 4197 de
2405 4141 2494 4196 illo
2532 4152 2614 4197 est
2643 4159 2656 4195 :
2687 4140 2808 4211 Ipse
2833 4142 3161 4202 inﬁrmitates
3205 4157 3408 4200 nostras
3440 4151 3698 4218 suscepit,

2130 4242 2177 4286 ct
2200 4232 2471 4302 languores
2496 4233 2738 4302 portavit,
2785 4241 2834 4285 et
2852 4234 3147 4302 putavimus
3183 4252 3299 4289 eam
3339 4247 3608 4303 tamquam
3628 4240 3704 4293 le-

2129 4339 2338 4393 prosum
2380 4321 2557 4395 [etc.],
2587 4332 2641 4377 et
2662 4332 2783 4393 post
2812 4339 2828 4377 :
2861 4323 3183 4380 .Vulneratus
3231 4338 3306 4382 est
3334 4340 3544 4399 propter
3578 4349 3703 4401 pec-

459 4404 542 4450 est
591 4395 977 4488 monasterium
1001 4404 1280 4488 sancheet
1306 4413 1518 4466 semper
1542 4401 1767 4471 virginis
1804 4404 2106 4488 interno-1“
2131 4424 2248 4466 cata
2286 4425 2486 4478 nostra,
2530 4413 2713 4483 afﬁxus
2750 4424 2825 4467 est
2871 4426 3078 4485 propter
3105 4417 3300 4471 scelera
3335 4395 3539 4473 nostra.
3578 4395 3699 4488 'Qui

461 4494 590 4539 ratae
619 4483 817 4546 Mariae,
848 4483 1021 4539 fontes
1062 4487 1328 4554 prmdicta:
1377 4463 1617 4545 metricis
1630 4463 1883 4549 ecclesia:
1915 4495 2031 4553 fue-
2054 4463 2106 4523 Β

463 4582 606 4628 runt.
641 4573 745 4629 Sed
791 4575 857 4629 de
905 4575 1009 4629 hoc
1051 4575 1166 4631 fere
1196 4576 1285 4648 [Id
1335 4588 1407 4632 est
1438 4581 1630 4647 sentio,
1667 4582 1766 4654 ἑά]
1813 4587 2030 4642 nomine

460 4661 753 4716 Cosntedim
787 4665 926 4732 quod
950 4664 1199 4720 Latinum
1222 4668 1291 4721 sit
1311 4666 1473 4740 (unde
1495 4687 1601 4726 non
1629 4672 1799 4727 solum
1826 4673 2030 4742 Latini,

460 4753 631 4809 sedet
676 4754 854 4810 Graeci
880 4756 1179 4826 aliquantus
1210 4760 1591 4817 altercationes
1640 4764 1781 4820 inter
1826 4781 1884 4821 se
1928 4769 2026 4823 ha-

460 4847 734 4921 buerunt),
765 4858 890 4904 nam
917 4850 1033 4906 sine
1056 4854 1204 4907 οιηηί
1226 4857 1640 4925 reprehensione
1664 4864 1846 4928 cosmi,
1871 4863 1923 4917 id
1945 4876 2029 4920 est

458 4944 671 5001 ornata,
699 4938 841 4993 unde
866 4946 921 4993 et
949 4941 1177 4995 mundus
1206 4940 1344 5011 apud
1372 4943 1588 5000 Grmcos
1614 4963 1811 5003 cosmus
1841 4953 2023 5020 appel-

460 5028 623 5082 latur.
653 5028 819 5099 igitur
842 5031 1209 5087 reconciliavit
1250 5035 1594 5091 beatissimus
1619 5038 1871 5109 Agnellus
1896 5059 2027 5113 pen-

2132 4516 2260 4554 vero
2291 4501 2343 4555 in
2370 4502 2597 4556 candida
2626 4518 2821 4556 munus
2873 4504 3086 4569 obtulit,
3134 4506 3402 4575 significat
3428 4524 3555 4563 eum
3577 4522 3700 4580 post

2133 4590 2580 4645 resurrectionem
2605 4591 2658 4645 in
2704 4591 2948 4647 claritate
2994 4609 3114 4648 esse
3141 4596 3346 4663 divina,
3377 4598 3521 4653 sicut
3548 4602 3696 4655 enim

2131 4679 2221 4735 illa
2246 4681 2347 4734 tria
2369 4682 2602 4750 pretiosa
2633 4698 2851 4737 munera
2881 4684 3060 4739 divina
3092 4686 3144 4739 in
3166 4702 3225 4741 se
3245 4691 3495 4757 mysteria
3520 4694 3691 4751 conti-

2131 4780 2282 4836 nent,
2334 4772 2386 4825 id
2430 4781 2512 4826 est
2537 4787 2633 4842 per
2660 4786 2847 4827 aurum
2878 4789 3007 4843 epes
3051 4776 3280 4850 regales,
3306 4794 3405 4853 per
3435 4790 3565 4843 mus
3606 4803 3697 4844 sa-

2131 4861 2363 4944 cerdotis
2391 4859 2636 4929 ﬁguram,
2663 4878 2758 4932 per
2787 4864 3049 4928 mirrbam
3076 4884 3224 4929 mors
3250 4873 3590 4948 intelligitur,
3639 4890 3701 4937 ut

2124 4970 2220 5024 per
2238 4956 2413 5009 omnia
2443 4956 2555 5009 haec
2574 4957 2923 5016 ostenderent
2950 4979 3073 5018 eum
3093 4958 3230 5030 esse,
3259 4968 3351 5039 qui
3381 4969 3697 5040 iniqmtates

2125 5047 2400 5101 hominum
2450 5050 2707 5120 suscepit,
2741 5052 2794 5108 id
2840 5063 2923 5109 est
2951 5055 3252 5125 Chrismm;
3288 5059 3369 5115 sic
3395 5070 3451 5115 et
3472 5062 3526 5116 in
3550 5064 3695 5132 sagis

460 5118 591 5176 tifex
621 5118 761 5176 infra
815 5119 954 5176 hanc
991 5124 1178 5178 urbem
1207 5126 1490 5181 ecclesiam
1526 5125 1583 5183 S.
1624 5130 1839 5188 Martini
1898 5126 2029 5191 con-
2123 5152 2332 5203 eorum,
2392 5147 2449 5193 ut
2501 5118 2771 5208 diximus,
2826 5148 2927 5200 tria
2982 5150 3095 5204 haec
3139 5118 3279 5206 dona
3322 5118 3687 5209 continentur.

460 5210 702 5279 tesseris,
743 5228 903 5284 quam
946 5214 1310 5279 Theodericus
1339 5234 1431 5272 rex
1472 5218 1732 5287 fundavit,
1778 5240 1899 5293 qua:
1932 5244 2026 5281 vo-

457 5312 613 5360 catur
638 5304 844 5361 leum
868 5320 1114 5371 aureum,
1145 5307 1399 5372 tribunal,
1430 5319 1483 5364 et
1514 5321 1769 5383 utrasque
1794 5318 2026 5384 ptirietes

458 5397 527 5451 de
564 5397 883 5469 imaginibus
911 5407 1204 5470 martyrum
1250 5401 1624 5473 virginumque
1665 5406 2019 5462 incedentium

460 5485 668 5540 tesselis
715 5487 1006 5553 decoravit,
1034 5487 1220 5544 sufﬁxa
1249 5506 1379 5545 vero
1423 5495 1635 5549 metalla
1670 5512 1835 5567 gypso
1860 5514 2024 5558 aurea

461 5588 622 5641 super
648 5574 839 5639 inﬁxit,
890 5575 1154 5645 lapidibus
1187 5594 1316 5633 vero
1342 5580 1568 5638 diversis
1598 5586 1886 5653 parietibus
1926 5595 2024 5644 ad—

463 5662 640 5726 haesit,
678 5674 733 5719 et
760 5667 1119 5734 pavimentum
1164 5669 1501 5739 lythnstratis
1535 5675 1669 5728 mire
1702 5682 2019 5748 composuit.

2125 5228 2303 5295 Quare
2335 5244 2443 5289 non
2486 5244 2731 5304 quattuor,
2763 5246 2855 5291 aut
2879 5253 2986 5292 non
3014 5254 3127 5304 sex,
3157 5251 3253 5296 aut
3278 5255 3387 5297 non
3413 5243 3536 5303 duo.
3585 5246 3689 5300 nisi

2124 5331 2333 5378 tantum
2375 5334 2485 5381 tres
2536 5329 2603 5381 ab
2649 5326 2866 5386 Oriente
2893 5333 3192 5386 venerunt?
3231 5331 3301 5388 Ut
3324 5333 3693 5405 significarent

2126 5418 2290 5471 totius
2316 5415 2595 5474 Trinitatis
2616 5420 2902 5488 perfectam
2933 5422 3334 5491 plenitudinem,
3368 5441 3437 5482 ex
3457 5442 3685 5497 quorum

2125 5524 2306 5564 amore
2354 5508 2466 5595 iste.
2492 5510 2832 5565 beatissimus
2870 5512 3120 5580 Agnellus
3167 5527 3378 5583 partem
3423 5519 3685 5587 endothys

2124 5596 2352 5665 byssina:
2377 5595 2686 5669 [entlothym
2729 5599 3046 5672 byssinam],
3098 5606 3240 5659 unde
3277 5608 3521 5676 superius
3546 5606 3677 5662 feci-

2126 5702 2244 5740 mus
2298 5691 2661 5756 mentionem,
2711 5705 2869 5760 quam
2920 5690 3275 5753 Maximianus
3319 5701 3686 5768 pnedecessor

3444 5906 3473 5923 1
