3936 6180
290 311 395 365 625

1327 305 1522 361 LIBER
1555 303 1798 359 PONTIF
1803 302 2037 358 ICALIS.
2077 333 2148 343 —
2184 302 2360 357 PARS
2399 303 2457 357 ll.

3392 283 3422 332 li
3435 280 3501 333 2&3

288 422 341 477 id
369 428 453 477 est
479 419 757 478 ecclesiam
779 423 843 478 Β.
874 423 1076 488 Severi,
1108 423 1208 477 iste
1232 419 1641 483 consummavit,
1671 428 1723 473 et
1745 433 1833 471 us-
1858 419 1907 479 Α
1935 419 2001 488 de
2020 433 2082 472 ea
2103 432 2162 471 re
2188 417 2372 471 nuntio
2393 414 2922 488 Constantinopolim,
2942 413 3104 488 dilata
3126 420 3209 488 est
3232 414 3497 488 ordinatio

285 507 393 561 que
426 492 490 545 ad
512 490 759 547 effectum
786 495 1051 560 perduxit.
1096 513 1114 544 ι
1156 491 1323 545 Porro
1362 490 1577 546 Rubeus
1602 497 1836 542 veterem

286 560 682 632 inscriptionem
724 564 960 627 exhibet,
1008 577 1124 632 qum
1151 561 1276 615 olim
1322 560 1586 632 exstabat,
1615 572 1838 626 qumque

285 631 376 685 hic
401 632 749 687 describenda
777 642 887 697 est;
926 630 1121 686 annum
1145 632 1287 685 enim
1316 630 1569 700 exprimit
1594 643 1699 698 quo
1748 642 1837 681 cc-

282 699 464 754 clesiaa
491 701 566 756 illi
595 703 807 757 coronis
828 711 910 757 est
934 702 1201 771 imposita.

342 796 599 847 Multorum
619 799 785 849 lucens
805 800 965 847 divino
981 798 1152 846 fabrica
1173 795 1301 845 cultu

404 858 527 910 Esse
542 863 867 920 sacerdotem,
890 874 945 907 se
969 858 1239 907 manifestat
1258 869 1409 920 opus.
1496 901 1501 905 .

339 920 571 983 (φρει-ει
593 924 826 983 egregius
848 918 935 969 hoc
956 918 1359 983 Petrusrcondere
1381 923 1559 979 pastor,

407 980 463 1030 In
483 996 581 1042 quo
602 980 754 1032 n'escit
778 994 888 1030 eum
905 994 1030 1029 mors
1048 982 1270 1042 retinere
1295 981 1466 1028 virum.

336 1042 442 1091 Sed
463 1038 573 1101 qua:
590 1051 715 1091 tecta
738 1057 890 1091 senex
917 1054 1007 1089 nec
1029 1041 1138 1088 dum
1162 1038 1369 1099 perfecta
1404 1040 1618 1102 reliquit,

408 1104 569 1152 Romae
593 1106 666 1154 vir
692 1114 830 1152 natus
852 1105 1001 1151 hocce
1025 1105 1216 1163 peregit
1239 1114 1373 1161 opus.
1448 1131 1458 1143 ,

336 1165 599 1215 Successor
617 1167 825 1227 prudens
848 1164 999 1216 Petri.
1025 1162 1280 1227 pastnrque
1305 1162 1535 1227 Joannes,

402 1227 513 1288 Qui,
532 1220 660 1288 quod
683 1229 812 1275 inest
832 1232 965 1275 tanto
1008 1220 1115 1288 tulit
1140 1220 1321 1271 honore
1340 1225 1506 1288 (lectis.

337 1283 454 1347 Ipse
483 1283 627 1336 Pater
646 1289 803 1348 populi
826 1290 1030 1334 veniens
1057 1285 1294 1333 Romanus
1315 1283 1375 1332 ab
1394 1288 1537 1348 urbe,

402 1349 559 1410 Digna
582 1346 683 1398 suis
712 1346 901 1397 meritis
923 1348 1026 1395 hac
1049 1356 1351 1393 monumenta
1376 1346 1525 1410 dedit,

337 1409 457 1459 Hmc
472 1409 558 1458 est
580 1414 730 1470 prisca
754 1410 923 1457 domus
944 1416 1109 1455 sancto
1134 1414 1362 1454 reumate
1386 1409 1590 1467 Sesero,

335 1470 485 1533 Cujus
505 1469 685 1533 honore
711 1469 814 1519 Deo
830 1470 1099 1533 psalluntu‘r
1131 1470 1313 1515 cantica
1336 1482 1469 1518 vero.

334 1530 628 1593 quingentis
652 1530 837 1580 Domini
857 1532 947 1593 sub
967 1530 1104 1593 denis
1122 1537 1307 1588 septies
1331 1535 1468 1578 auius

334 1590 557 1653 Arrlpfius
581 1594 651 1640 bis
668 1595 902 1652 quinque,
930 1592 1055 1638 bone
1079 1590 1249 1654 iector,
1280 1595 1326 1637 in
1345 1594 1515 1640 ordine
1541 1591 1697 1654 junge

338 1656 365 1681 ⁸
394 1652 608 1714 Virginis
631 1667 657 1701 ι
679 1661 837 1715 partu,
863 1665 971 1711 qua:
996 1656 1186 1715 [nepetit
1207 1652 1389 1715 absque
1412 1652 1548 1703 reatu

334 1712 602 1775 Imperium
621 1712 865 1763 retinente
882 1713 1093 1775 secundo
1114 1712 1378 1761 Justiniauo

332 1778 493 1825 Annis
515 1775 721 1824 undenis
738 1774 985 1835 regnando
1007 1776 1142 1821 vivus
1158 1776 1207 1821 in
1223 1775 1359 1822 orbe.

339 1866 408 1921 II.
468 1865 652 1920 Placet
699 1864 788 1920 hic
844 1864 971 1918 illud
1033 1861 1460 1917 animadvertere
1510 1878 1614 1918 non
1666 1878 1828 1917 unam

271 1937 679 2006 inscriptionem
724 1936 865 1989 hanc
908 1948 1050 2006 esse,
1097 1933 1191 2006 sed
1220 1932 1277 2006 in_
1304 1947 1411 1988 uno
1455 1933 1630 2006 lapide
1674 1933 1830 2006 duas,

269 2002 762 2077 quamimsecunda
796 2004 1060 2077 recentior
1088 2002 1374 2056 admodum
1418 2002 1582 2072 priori
1618 2010 1728 2077 est.
1775 2002 1832 2057 Id

268 2072 475 2131 evincit
502 2074 725 2129 Leonini
755 2073 993 2130 nonnihil
1021 2073 1074 2126 in
1105 2087 1175 2127 ea
1197 2086 1477 2136 resonans,
1509 2072 1699 2127 modus
1734 2090 1831 2126 nu-

271 2146 517 2201 merandi
567 2161 595 2199 a
640 2154 796 2214 partu
845 2143 1100 2213 Virginis,
1159 2153 1219 2214 et
1259 2142 1521 2214 stribiligo
1567 2142 1829 2211 inspersa,

271 2233 404 2283 qua,
452 2224 513 2268 ut
544 2210 734 2269 versus
764 2215 863 2268 sibi
894 2210 1116 2283 constet,
1161 2210 1403 2265 Justinus
1451 2210 1590 2283 inter
1637 2210 1831 2283 caetera

273 2281 606 2346 justinianus
659 2283 873 2338 dicitur.
938 2281 1032 2336 His
1091 2290 1265 2335 tamen
1318 2297 1423 2334 non
1477 2281 1829 2345 obstantibus,

270 2371 392 2423 qua:
440 2355 508 2407 ad
561 2354 956 2423 chronologiam
1007 2352 1306 2423 pertinent,
1364 2351 1831 2423 cunctauinvicem

270 2420 568 2495 congruere
608 2420 1104 2495 a_rbitr9r;_eten_im
1133 2422 1344 2495 invietis
1395 2421 1691 2475 rationibus
1740 2420 1833 2495 de_-

271 2491 592 2562 monstravit
614 2491 747 2547 C.V.
771 2492 965 2562 Pagius
988 2491 1200 2562 dissert.
1227 2491 1430 2562 Hypata
1444 2499 1582 2562 part.
1612 2505 1695 2562 ut,
1717 2492 1825 2562 n.,I

270 2573 326 2645 et
353 2578 539 2646 seqq:
561 2559 1104 2646 lustio-iuilrﬁpcrantis
1140 2559 1289 2646 initia
1414 2559 1731 2646 Nevembris
1772 2561 1832 2615 [i-

272 2631 481 2687 trientis
491 2632 601 2687 dies
622 2634 742 2686 anni
766 2632 867 2687 565
889 2642 1145 2699 spectare.
1167 2631 1296 2684 Post
1315 2631 1451 2685 diem
1476 2631 1654 2700 itaque
1672 2647 1831 2700 quar-

273 2709 383 2757 tam
416 2702 672 2757 decimam
703 2702 1016 2757 Novembris
1042 2702 1165 2755 anni
1191 2700 1313 2764 575,
1350 2700 1617 2755 numerari
1658 2716 1832 2770 coepe-

274 2781 361 2825 rat
396 2771 514 2840 ejus
552 2771 755 2841 imperii
798 2770 1335 2841 undecimusalgitur
1362 2770 1663 2841 postremis
1704 2771 1831 2825 anni

270 2842 417 2897 illius
438 2839 863 2898 diebus—basilica
888 2840 944 2895 S.
974 2840 1156 2894 Severi
1184 2839 1326 2892 [inita
1350 2839 1523 2894 fuerat
1548 2857 1577 2894 a
1604 2839 1827 2904 Joanne,

268 2913 363 2983 qui
395 2912 629 2983 proinde
639 2910 749 2980 jam
785 2910 1019 2983 pontifex
1050 2910 1303 2983 sedebat,
1328 2908 1488 2964 Petro
1517 2909 1581 2983 ad
1611 2909 1829 2983 meliora

270 2977 557 3037 translato.
589 2977 849 3036 mortuum
898 2980 1118 3049 proinde
1156 2977 1389 3049 arbitror
1427 2978 1670 3049 eumdem
1715 2981 1830 3048 ipso

270 3068 416 3105 anno
438 3051 561 3115 575,
587 3068 671 3104 xvi
709 3051 826 3106 Kal.
858 3046 1204 3119 Séptembris.
1240 3046 1307 3119 Ut
1336 3056 1514 3119 autem
1542 3046 1828 3119 anni,qui-

268 3123 371 3177 bus
399 3138 466 3176 ex
497 3120 715 3190 Agnello
737 3115 944 3176 sedisse
964 3118 1516 3190 dicitur,_subs_istant,
1546 3115 1741 3190 electio
1761 3120 1829 3175 ab
1856 3115 1899 3175 C

266 3188 607 3261 ordinatione
643 3191 1015 3261 distinguenda
1046 3188 1256 3261 est_.AlAta
1280 3188 1499 3261 electus
1526 3204 1668 3242 anno
1690 3188 1819 3261 567,

268 3262 355 3314 die
379 3261 449 3314 28
482 3260 626 3325 Maii,
650 3257 927 3315 ordinatus
951 3274 1088 3313 anno
1116 3257 1236 3328 568,,
1262 3259 1347 3312 die
1376 3259 1441 3312 15
1471 3258 1820 3328 Septembris,

266 3341 518 3385 mortuus
540 3330 624 3384 die
647 3329 712 3384 I6
732 3330 954 3398 Augusti
981 3330 1105 3383 anni
1126 3327 1247 3391 575,
1263 3330 1461 3383 sederit
1484 3331 1548 3383 ab
1569 3328 1827 3387 electione

264 3399 508 3471 quidem,
536 3410 595 3454 ut
629 3397 881 3471 Agnellus
910 3406 1182 3471 numerat,
1212 3399 1365 3451 annis
1394 3415 1518 3471 vui,
1558 3402 1827 3456 mensibus

266 3485 304 3524 ιι
324 3511 339 3534 ,
368 3470 554 3524 diebus
572 3469 767 3533 xxx,'ab
786 3470 1119 3524 ordinatione
1138 3482 1267 3520 vero
1287 3469 1439 3523 annis
1457 3484 1529 3527 vi.
1558 3472 1827 3527 mensibus

269 3554 345 3595 xi.
372 3538 566 3603 Causa,
590 3556 685 3594 cur
702 3539 769 3593 ab
789 3539 1045 3593 electione
1066 3538 1132 3591 ad
1152 3535 1537 3592 ordinationem
1559 3542 1827 3596 sexdecim

268 3613 385 3664 fere
411 3608 672 3678 mensium
700 3625 845 3663 mora
889 3607 1240 3662 interﬂuxerit
1271 3622 1336 3661 ex
1365 3623 1429 3663 eo
1454 3609 1681 3677 petenda
1710 3621 1826 3678 est,

265 3677 579 3760 quod‘Petri
604 3679 793 3734 electio
816 3687 870 3733 et
888 3677 1093 3760 Agnelli
1114 3678 1829 3760 praedecessoris.trtors.tunc

265 3749 490 3813 accidit,
517 3764 636 3803 eum
677 3765 798 3802 mox
820 3748 1059 3804 omnium
1077 3748 1433 3801 exarcharum
1456 3749 1660 3817 primus
1685 3750 1827 3804 Lon-

266 3820 428 3888 ginus
456 3833 597 3873 anno
622 3820 737 3888 ipso
761 3818 862 3872 575
890 3817 1193 3888 Ravennam
1221 3816 1357 3870 mitti
1383 3816 1624 3888 debebat.
1665 3819 1827 3875 Facta

265 3886 531 3942 electione
559 3886 869 3943 mittebatur
895 3888 960 3941 de
981 3901 1042 3940 ea
1074 3899 1132 3938 re
1156 3886 1667 3956 Constantinopolim
1696 3906 1829 3945 nun-

266 3959 399 4028 tius,
434 3967 488 4011 et
507 3959 861 4028 exspectanda
891 3966 1007 4010 erat
1032 3955 1491 4028 principisjussio,
1510 3955 1580 4011 ex
1600 3973 1704 4028 quo
1724 3975 1826 4013 non

270 4027 431 4081 modo
454 4025 638 4097 hujus,
670 4028 762 4082 sed
787 4036 841 4082 et
862 4025 1273 4097 praecedentium
1294 4025 1827 4095 interpontificiorum

270 4113 421 4151 mora
451 4096 659 4167 longior
684 4106 785 4161 est,
813 4095 989 4167 (ιιιειιιι⁸
1020 4096 1071 4148 in
1115 4095 1578 4167 subsequentibus.
1619 4097 1828 4152 Etenim

268 4164 563 4220 constituta
583 4164 931 4221 exarcharum
958 4164 1225 4218 Ravennm
1254 4165 1651 4219 consistentium
1682 4169 1828 4233 sede,

269 4250 380 4289 non
412 4235 481 4289 ab
518 4234 991 4306 Constantinopoli
1012 4234 1398 4306 exSpectandus
1441 4242 1558 4288 erat
1603 4235 1831 4305 impera-

268 4306 404 4360 toris
432 4320 741 4369 consensus,
769 4307 860 4360 sed
872 4303 950 4358 ab
980 4304 1096 4373 ipso
1120 4303 1346 4356 exarcha
1371 4303 1741 4374 prtestahattir.
1776 4307 1829 4362 Id

269 4384 325 4427 et
356 4376 407 4428 in
441 4390 771 4430 summorum
795 4374 1102 4444 pontiﬁcum
1140 4375 1461 4444 chronotaxi
1492 4374 1830 4431 observatum

1937 487 2194 564 ejusdem,
2226 501 2501 564 quousque
2531 486 2895 564 ingruentibus
2923 484 3123 564 eircum
3166 486 3308 538 circa
3351 484 3493 539 Lan-

1937 555 2207 626 gobardis,
2238 556 2507 626 Longinus
2536 555 2739 626 primus
2775 555 3003 626 exordia
3040 569 3158 626 cum
3197 566 3492 623 opportuna

1937 623 2253 681 auctoritate
2285 623 2496 689 missus,
2530 623 2644 693 ipso
2682 640 2820 678 anno
2852 623 2952 678 568
2989 623 3236 688 veniens,
3271 640 3500 679 assensu

1936 696 2274 765 imperatoris
2300 695 2511 749 nomine
2542 694 2798 764 praestita,
2829 694 3016 747 Petrus
3044 694 3222 747 Romae
3258 704 3341 748 est
3366 709 3496 750 cen-

1935 781 2086 821 SBCI‘iI
2095 776 2146 819 [II
2154 778 2203 819 S.‘

2007 836 2089 889 IlI.
2114 834 2362 899 Joannis,
2386 834 2476 904 qui
2503 833 2665 904 Petro
2699 832 2892 904 seniori
2926 834 3399 904 successit.rinitiis
3426 833 3492 887 ad

1935 905 2073 960 diem
2095 912 2295 959 certam
2317 902 2721 966 constituendis,
2736 902 2877 955 nulla
2906 903 3095 970 aptior.
3109 903 3497 970 probabiliorve

1934 976 2017 1029 via
2045 974 2227 1028 haberi
2249 983 2441 1041 potest,
2471 989 2629 1037 quam
2656 972 2707 1025 in
2739 973 2861 1025 anni
2892 971 3099 1039 dieique
3127 989 3232 1040 quo
3259 974 3390 1029 obiit
3417 974 3496 1028 in-

1932 1040 2272 1114 quisitionem
2297 1043 2665 1114 incumbendo.
2697 1041 2841 1114 Diem
2871 1056 2933 1094 ex
2967 1040 3199 1114 Aguello
3212 1043 3490 1114 habemus.

1930 1110 2271 1168 undecimam
2312 1112 2559 1166 videlicet
2590 1110 2869 1173 Januarii;
2911 1110 3108 1164 annum
3155 1111 3325 1181 Magni
3363 1112 3489 1167 Gre—

1932 1184 2067 1254 gorii
2095 1182 2343 1254 epistola
2362 1182 2617 1254 in_dicant_.
2645 1180 2854 1254 Etenim
2879 1191 3025 1254 certo
3046 1180 3263 1254 certius?
3278 1192 3488 1254 constat

1932 1249 2301 1308 obiisseillum
2332 1252 2515 1309 indict.
2547 1250 2633 1315 l5,
2664 1250 2715 1304 in
2739 1249 2889 1317 cujus
2916 1249 3203 1303 Februario
3226 1253 3376 1306 datas
3398 1253 3492 1305 ba«

1932 1323 2121 1378 bemus
2161 1321 2412 1391 epistolas
2450 1320 2516 1373 64
2550 1319 2742 1391 Joanni
2778 1320 3028 1390 episcopo
3056 1319 3402 1391 Squillntino,
3442 1330 3495 1375 et

1933 1392 2001 1472 55
2028 1392 2191 1472 clero,
2221 1392 2395 1472 ordini
2432 1400 2486 1445 et
2511 1390 2649 1472 plebi
2670 1391 3094 1472 consistentibus
3125 1390 3420 1472 Ita_venna:._
3438 1391 3496 1472 In

1933 1463 2034 1517 hac
2075 1462 2217 1517 enim
2260 1459 2397 1514 infra
2428 1457 2628 1529 scripta
2670 1457 2956 1531 leguntui‘:
2990 1479 3017 1531 «ί
3039 1462 3208 1515 Vestri
3240 1462 3496 1515 antistitis

1930 1533 2134 1587 obitum
2177 1537 2590 1594 cognoscentes,
2634 1530 2778 1583 cura:
2806 1530 2958 1584 nobis
2996 1530 3094 1583 fuit
3133 1531 3492 1585 visitationem

1931 1603 2198 1657 destitutae
2226 1599 2479 1654 Ecclesiae
2502 1599 2652 1653 fratri
2673 1606 2729 1653 et
2748 1599 3062 1668 coepiscOpo
3083 1608 3268 1654 nostro
3297 1600 3494 1655 Severo

1928 1670 2152 1726 Paulino
2174 1669 2485 1725 solemniter
2520 1668 2787 1737 delegare,
2814 1669 2897 1723 cui
2926 1669 3167 1723 dedimus
3194 1671 3244 1723 in
3277 1670 3494 1724 manda-

1860 1771 1909 1830 Β
1934 1742 2005 1797 tis
2036 1749 2097 1830 ut
2138 1740 2268 1822 nihil
2296 1739 2361 1830 de
2389 1738 2822 1820 provectionibus
2865 1738 3200 1820 clericorurn,
3248 1740 3456 1830 redditu
3479 1780 3493 1804 ,

1935 1818 2148 1871 ornatu,
2183 1809 2492 1864 ministeriis
2526 1824 2557 1862 a
2597 1823 2862 1877 quoquam
2896 1810 3144 1877 usurpari
3182 1810 3432 1876 patiatur.
3472 1831 3488 1859 ι

1929 1880 2095 1948 Igitur
2124 1879 2208 1933 die
2242 1878 2521 1933 undecima
2546 1876 2895 1948 praecedentis
2927 1876 3165 1948 Januarii
3199 1879 3323 1948 anni
3353 1878 3458 1933 595
3477 1918 3491 1943 ,

1969 1945 2036 2004 uo
2075 1949 2261 2003 indict.
2295 1948 2360 2001 15
2383 1945 2671 2011 currebat,
2717 1945 2947 2002 Joannes
2984 1947 3266 2005 defunctus
3296 1947 3489 2001 fuerat.

1969 1966 2036 2004 uo
2075 1965 2261 2003 mmet.
2295 1965 2360 2001 ιο
2383 1965 2635 2002 currebat
2657 1988 2671 2011 ,
2717 1965 2947 2002 Joannes
2984 1965 3266 2005 aetnnctus
3296 1965 3489 2001 luerat.

1929 1965 2025 2074 iis
2052 2018 2268 2082 habitis,
2297 2019 2362 2072 ad
2389 2026 2597 2087 tempus
2625 2018 2767 2072 sedis
2794 2017 2931 2087 idem
2971 2016 3038 2070 ab
3065 2019 3283 2086 Agnello
3323 2019 3494 2072 tribu-

1929 2098 2040 2143 tum
2069 2088 2457 2143 convertendus
2483 2084 2568 2141 est
2597 2102 2800 2150 sermo,
2846 2084 2998 2155 cujus
3033 2084 3371 2142 characteres
3415 2087 3487 2141 fa-

1930 2159 2031 2213 cile
2055 2158 2123 2212 ab
2146 2157 2564 2226 exscriptoribus
2584 2157 2818 2226 corrupti
2844 2156 3329 2226 deprehenduntur.
3354 2158 3489 2211 Anni

1929 2229 2073 2282 enim
2098 2243 2204 2281 non
2234 2243 2342 2291 va,
2378 2227 2472 2281 sed
2500 2242 2611 2290 xix,
2641 2235 2993 2281 numerantur
3015 2241 3045 2279 a
3072 2226 3174 2280 575
3208 2228 3274 2281 ad
3296 2227 3491 2281 Janua-

1931 2298 2071 2352 rium
2093 2297 2219 2352 595.
2245 2297 2489 2351 Retentis
2514 2296 2694 2365 itaque
2719 2296 2904 2351 diebus
2928 2312 3039 2359 XIX,
3068 2305 3122 2350 et
3147 2311 3327 2351 mense
3361 2314 3489 2358 uno,

1931 2369 2343 2437 assumptisque,
2369 2366 2491 2437 loco
2512 2382 2775 2437 annorum
2805 2382 2914 2437 xvi,
2942 2366 3097 2437 annis
3123 2381 3236 2437 xix,
3260 2376 3491 2437 retroce-

1933 2434 2202 2491 dendo‘ab
2235 2434 2516 2490 emortuali
2554 2434 2778 2490 Joannis
2817 2435 2902 2490 die
2945 2435 3225 2490 undecima
3252 2435 3490 2491 Januarii

1931 2506 2208 2571 anni595,
2239 2521 2411 2575 eaque
2437 2522 2539 2559 non
2572 2513 2873 2574 computata
2893 2546 2908 2571 ,
2934 2506 3213 2559 devenitur
3247 2505 3312 2559 ad
3351 2506 3491 2560 diem

1927 2574 1999 2631 25
2026 2574 2338 2630 Novembris
2362 2576 2490 2646 anni,
2511 2576 2752 2646 praedicti
2773 2575 2896 2646 575,
2923 2584 3100 2646 aptam
3124 2575 3492 2646 episcoporum

1930 2646 2374 2714 ordinationibus,
2407 2643 2625 2699 Sabbati
2658 2645 2926 2711 videlicet,
2955 2643 3105 2714 cyclo
3132 2644 3260 2701 solis
3283 2643 3372 2711 Ἠ,
3403 2645 3492 2699 lit-

1930 2724 2044 2769 tera
2086 2715 2239 2770 Dom.
2268 2713 2363 2785 F._
2380 2714 2607 2768 Basilica
2656 2716 2835 2785 itaque
2860 2716 2922 2769 D.
2956 2713 3136 2769 Severi
3168 2730 3303 2783 pene
3344 2715 3489 2770 reﬁci

1931 2785 2160 2849 ﬁnierat,
2187 2800 2307 2839 cum
2335 2782 2569 2839 Joannes
2589 2782 2888 2847 ordinatus,
2909 2792 2964 2837 et
2989 2785 3126 2836 intra
3153 2782 3353 2838 mensis
3374 2800 3494 2854 spa-

1930 2855 2064 2908 tium
2092 2863 2216 2908 ante
2246 2854 2371 2907 anni
2409 2854 2566 2907 linem
2585 2894 2599 2917 ,
2632 2854 2786 2923 juxta
2816 2853 3102 2921 praemissa:
3131 2853 3490 2923 inscriptionis

1931 2932 2194 2987 tenorem,
2221 2932 2307 2978 est
2331 2922 2783 2991 completa.llaec
2828 2931 3002 2975 autem
3046 2938 3112 2977 ex
3158 2922 3490 2977 saecularium

1930 3008 2110 3047 rerum
2146 2993 2368 3061 Agnello
2395 2992 2447 3045 in
2472 2991 2726 3060 cujusque
2750 2992 2983 3061 episcopi
3011 2993 3131 3047 Vita
3152 3004 3488 3047 narratarum

1931 3062 2176 3117 examine
2198 3061 2536 3116 manifestam
2567 3061 2737 3116 lucem
2764 3062 3045 3130 accipient.

2544 3150 2769 3205 CAPUT
2803 3151 2886 3204 IIl.

1930 3242 2389 3312 Langobardorum
2427 3243 2482 3312 in
2520 3240 3032 3312 Italiamingressus.
3065 3240 3303 3312 Narsetis
3326 3259 3484 3296 mors.
3542 3292 3547 3301 ,

2002 3310 2213 3383 Epeo/ta
2241 3313 2389 3383 regni
2426 3310 2804 3383 Langobardici
2838 3311 3036 3383 diuersa
3067 3311 3140 3383 ab
3175 3315 3368 3380 epocha
3403 3329 3492 3383 eo—

2001 3380 2235 3451 rumdem
2269 3380 2324 3435 in
2362 3380 2575 3435 Italiam
2610 3382 3021 3450 ingredientium.
3055 3380 3295 3451 Sigonius
3327 3400 3358 3435 a
3387 3380 3487 3436 Ca-

1998 3452 2131 3504 milli
2160 3450 2430 3520 Peregrini
2457 3467 2674 3504 censura
2702 3451 3009 3504 vindicatus.
3120 3450 3125 3451 ί
3262 3466 3264 3468 ⁷

1999 3540 2040 3596 I.
2078 3541 2160 3595 Ad
2200 3541 2345 3595 Petri
2382 3540 2857 3612 Seniorisaatatem
2888 3542 3005 3612 haec
3041 3542 3153 3596 fere
3179 3543 3247 3597 ab
3271 3542 3492 3612 Agncllo

1930 3618 2220 3666 narrantur
2265 3610 2579 3679 spectantia.
2625 3610 2780 3664 Anno
2806 3626 2910 3678 quo
2954 3610 3043 3665 ille
3086 3610 3366 3665 ordinatus
3409 3622 3492 3667 est

1931 3680 2183 3751 Venetias
2207 3695 2239 3751 a_
2265 3678 2632 3751 Langobardis
2660 3680 2952 3751 invasas_et
2987 3691 3293 3751 occupatas.
3335 3680 3490 3751 Anno

1929 3749 2124 3805 Justini
2153 3748 2339 3817 quinto
2367 3749 2525 3804 boum
2553 3748 2848 3813 interitum,
2880 3748 3137 3804 Tusciam'
3152 3750 3315 3804 armis
3337 3750 3493 3804 obru-

1931 3828 2062 3884 tam,
2091 3818 2333 3873 Ticinum
2360 3818 2635 3873 obsidione
2665 3818 2920 3882 cinctum,
2944 3828 3000 3871 et
3020 3835 3049 3872 a
3074 3818 3311 3884 Longino
3334 3834 3489 3873 exar-

1931 3890 2031 3961 cha
2061 3888 2359 3961 Caesaream
2392 3888 2527 3957 palis
2559 3888 3141 3961 munitam.‘Narsetcm
3182 3888 3489 3961 Romaest;-

1930 3959 2077 4013 iisse.
2118 3956 2405 4011 Alboinum’
2444 3958 2626 4027 uxoris
2674 3956 2792 4010 dolo
2835 3956 3228 4027 interemptum.
3275 3957 3332 4012 In
3376 3956 3488 4013 huic

1930 4029 2108 4083 omnia
2146 4027 2539 4097 inquirendum.
2587 4026 2885 4097 [ingressum
2927 4026 3391 4097 Langobardorum
3432 4029 3486 4081 in

1931 4097 2137 4152 Italiam
2184 4095 2369 4166 narrat
2413 4095 2609 4166 Paulus
2654 4095 2971 4166 Warnefridi
3016 4095 3257 4166 (mense
3284 4095 3485 4166 Aprili,
3573 4097 3579 4103 ’

1931 4168 2042 4221 ind.
2078 4167 2130 4231 I,
2156 4165 2372 4235 aliogdie
2395 4172 2515 4235 post
2540 4165 2764 4229 Pascha,
2794 4165 2945 4234 cujus
2972 4165 3230 4235 festivitas
3257 4182 3323 4221 eo
3336 4165 3486 4221 anno

1923 4237 2077 4316 juxta
2112 4233 2327 4316 ealculi.
2349 4233 2612 4316 rationem
2639 4235 2768 4303 ipsis
2798 4235 3144 4316 Κιμώλῳ-ΗΕ
3184 4234 3337 4316 fuit,_
3363 4253 3483 4316 cum

1925 4304 2035 4375 jam
2062 4322 2091 4358 a
2121 4304 2327 4358 Domini
2354 4304 2869 4375 Incarnationeianni
2901 4304 3007 4361 568
3027 4314 3204 4361 essent
3223 4305 3440 4360 evoluti.
3465 4325 3483 4357 ι

1932 4373 2153 4445 Constat
2181 4376 2293 4445 tunc
2312 4375 2490 4445 ortinia
2512 4390 2654 4428 anno
2675 4373 2776 4429 568
2795 4376 3028 4445 vulgaris
3047 4375 3262 4445 epochaz
3283 4392 3313 4429 a
3334 4376 3489 4430 Chri-

269 4444 405 4499 viris
432 4445 604 4517 doctis
624 4485 638 4508 ,
686 4442 813 4498 licet
847 4444 1016 4499 serius
1037 4443 1120 4517 _ab
1148 4442 1831 4517 exarcbisRavennatibus
1858 4458 1908 4517 Ι)
1933 4446 2001 4517 sti
2048 4444 2573 4517 Natali_c_onvenirc,
2621 4460 2728 4513 quo
2754 4442 3093 4517 _ind.'prima
3132 4445 3335 4517 Pascha
3367 4445 3485 4517 Kal.

272 4515 563 4583 expetitum
594 4529 909 4569 consensum
938 4512 1199 4583 probent,
1229 4526 1346 4583 qua:
1388 4514 1453 4568 de
1488 4514 1665 4583 magni
1692 4514 1828 4571 Gre-

272 4581 410 4650 gorii
435 4584 694 4639 electione
723 4581 1007 4638 narrantur
1026 4583 1096 4652 in
1129 4582 1243 4652 ejus
1271 4582 1386 4652 Vita
1417 4599 1445 4636 a
1474 4581 1679 4639 Joanne
1708 4585 1830 4639 Dia-

272 4668 437 4723 cono,
469 4661 522 4707 et
565 4654 799 4723 ejusdem
845 4651 1110 4723 pontificis
1153 4651 1311 4723 epist.
1337 4651 1370 4705 4
1409 4652 1529 4708 libri
1560 4654 1715 4721 primi
1763 4657 1829 4709 ad

267 4722 529 4778 Joannem
562 4722 1202 4793 Constantinopolitanmn
1233 4722 1570 4793 episcopum,
1609 4724 1830 4793 aliaeque

266 4794 325 4847 in
376 4792 608 4863 Regesto
644 4790 992 4862 legendaﬁln
1036 4791 1324 4863 Ravennati
1369 4790 1548 4846 autem
1592 4790 1827 4849 Ecclesia

265 4863 439 4929 iussio
463 4860 723 4931 principis
766 4862 832 4915 ab
875 4860 1104 4914 exarcha
1148 4862 1380 4929 prmstita
1419 4871 1504 4915 est
1546 4865 1722 4917 statim
1765 4880 1829 4919 ac

269 4934 525 4987 exarclne
557 4947 766 5011 cqepere
795 4931 1060 5011 Ravenna:
1086 4931 1297 5011 degere,
1326 4932 1463 5011 quod
1489 4932 1827 5011 primurnfa-

269 5011 420 5055 etum
450 5010 537 5055 est
568 4997 795 5055 obeunte
834 4999 993 5054 Petro
1028 4998 1079 5051 in
1110 4997 1327 5053 JOannis
1345 4997 1629 5056 electione.
1673 5001 1827 5058 Obti-

272 5072 461 5125 nuisse
489 5079 662 5142 autem
684 5071 791 5139 jam
807 5078 946 5142 tunc
974 5083 1080 5142 non
1107 5068 1262 5142 modo
1280 5068 1339 5142 in
1366 5069 1688 5142 Ravennatis
1713 5072 1826 5142 epi-

271 5142 445 5209 scopi,
474 5140 568 5195 sed
609 5148 664 5195 et
684 5136 758 5194 'in
805 5136 1028 5209 Romani
1055 5136 1323 5209 pontiﬁcis
1362 5136 1830 5207 ordinationefut

268 5205 675 5280 exspectaretur
703 5208 959 5280 principis
983 5205 1170 5275 jussio,
1199 5215 1407 5280 constat
1431 5223 1495 5262 ex
1522 5205 1826 5280 Anastasio,

273 5296 367 5351 qui
408 5280 466 5333 in
503 5275 718 5351 Pelagio
742 5279 783 5333 II
810 5275 1105 5351 notat‘eum
1128 5275 1431 5351 pontificem
1474 5278 1828 5351 «ordinatum

272 5345 483 5418 absque
496 5345 737 5417 iussione
755 5346 1030 5418 principis,
1062 5358 1126 5398 eo
1154 5345 1293 5418 quod
1326 5346 1658 5418 Langobardi
1685 5349 1830 5402 o‘bsi-

272 5415 470 5475 derent
490 5415 1137 5487 civitatem—Romanam.)
1163 5415 1285 5487 Haec
1299 5415 1449 5487 enim
1469 5432 1595 5487 vero
1616 5416 1830 5471 ferenda

277 5497 433 5543 erant
475 5503 575 5557 per
615 5503 677 5542 ea
727 5483 958 5557 tempora
1003 5483 1368 5557 quibus_Italia
1407 5500 1437 5557 a
1471 5485 1832 5557 Langobardis

273 5552 532 5627 occupa-ri
563 5567 735 5627 empta
775 5552 1145 5627 etiiciebat,_ut
1177 5554 1256 5627 de
1273 5568 1369 5607 suo
1398 5552 1521 5627 jure
1548 5552 1828 5627 admodum

273 5622 542 5682 sollicitus
566 5622 709 5682 esset
732 5628 1036 5696 imperator.
1060 5623 1217 5677 Petro
1243 5622 1422 5693 itaque
1449 5624 1639 5690 electo,
1670 5626 1832 5680 misso

1931 4515 2145 4585 {Aprilis
2166 4513 2489 4585 celebratum
2522 4525 2620 4576 est,
2655 4513 2804 4585 cyclo
2830 4513 2968 4570 lunae
2996 4516 3092 4579 18,
3121 4515 3248 4585 solis
3279 4516 3341 4569 17
3360 4556 3376 4581 ,
3406 4516 3485 4570 Iit.

1933 4580 2086 4638 Dom.
2115 4584 2190 4647 A,
2222 4580 2284 4636 ϐ.
2327 4583 2669 4652 Respondent
2688 4580 2856 4638 etiam
2886 4585 3075 4639 calculi
3107 4601 3137 4638 a
3166 4580 3433 4639 Rubeoet
3455 4601 3485 4639 a

1931 4653 2164 4725 Baronio
2209 4653 2324 4706 initi
2366 4670 2430 4725 ex
2447 4654 2727 4725 _episto|is
2753 4652 2999 4725 Gregorii
3029 4654 3093 4708 ad
3119 4654 3485 4725 Constantiam

1932 4723 2223 4792 Angustam
2250 4731 2305 4776 et
2352 4724 2418 4776 ad
2446 4722 2677 4778 Pbocam
2717 4722 3110 4792 imperatorem.
3153 4725 3222 4777 At
3267 4724 3486 4792 Agnello

1933 4801 2190 4862 repugnat
2214 4793 2353 4861 quod
2391 4792 2605 4848 Rubeus
2639 4793 2845 4860 inquit:
2898 4813 2915 4844 ι
2950 4794 3244 4862 Longinum
3279 4813 3297 4844 ι
3332 4793 3483 4848 vidc-

1931 4861 2055 4916 IiCet
2079 4879 2097 4911 ι
2130 4863 2195 4915 ad
2223 4862 2565 4931 excipiendos
2591 4878 2653 4915 ac
2688 4863 3049 4929 impertiendos
3074 4861 3258 4931 potius
3282 4863 3486 4931 Lango-

1930 4931 2217 5002 bardorum
2246 4931 2475 5002 impetus
2496 4932 2845 5002 prioreanno
2877 4933 2928 4984 in
2957 4931 3163 4985 Italiam
3184 4932 3485 5002 ,cxarcbum

1930 5001 2159 5054 venisse.
2194 5020 2212 5052 ι
2245 4999 2777 5068 Αειιεὶιιιέεὶιιυὶἁειιι
2803 5000 2854 5052 in
2881 5001 3197 5069 praecedenti
3222 5001 3340 5055 Vita
3362 5016 3485 5053 nar-

1931 5078 2035 5134 rat,
2058 5070 2294 5140 Longino
2315 5069 2623 5140 Ravennam
2644 5068 2906 5132 veniente,
2932 5069 3287 5140 Narsctemea
3307 5084 3488 5140 egres-

1930 5153 2048 5193 sum
2079 5137 2236 5193 tertio
2259 5137 2451 5191 Justini
2484 5153 2623 5193 anno
2655 5145 2830 5206 empto
2871 5156 2901 5193 a
2942 5138 3223 5193 Novembri
3259 5137 3391 5202 567,
3430 5145 3486 5191 et

1932 5218 2344 5263 consentaneum
2371 5222 2546 5261 rerum
2568 5207 2741 5262 ordini
2763 5217 2864 5273 est,
2891 5209 3203 5263 adveniente
3223 5207 3480 5276 Longino,

1932 5276 2147 5331 Petrum
2191 5276 2497 5347 episcopum
2541 5277 2877 5347 ordinatum,
2925 5278 3075 5347 utin
3122 5277 3485 5347 superioribus

1933 5344 2350 5401 observavimus.
2380 5363 2400 5396 ί
2428 5348 2583 5401 Anno
2605 5349 2790 5415 quinto
2810 5346 3022 5412 Justini,
3054 5365 3073 5397 ι
3104 5344 3263 5400 tradit
3282 5353 3479 5411 noster,

1940 5432 2022 5487 tua
2052 5415 2412 5487 Langobardis
2437 5416 2685 5487 Tusciam
2717 5417 3044 5487 devastatam
3064 5456 3079 5480 ,
3109 5430 3303 5484 eosque
3329 5415 3483 5471 obse-

1933 5484 2076 5556 disse
2102 5484 2363 5556 Ticinum.
2407 5505 2424 5536 ι
2458 5486 2643 5540 Annus
2683 5487 2897 5556 quintus
2936 5485 3129 5556 Justini
3170 5493 3484 5556 coeptusest

1934 5554 2215 5609 Novembri
2245 5570 2424 5609 mense
2447 5557 2568 5609 anni
2604 5554 2726 5611 569‘.
2762 5556 2957 5609 Paulus
2992 5554 3349 5619 Warnefridi,
3386 5554 3479 5607 lib.

1933 5640 2001 5687 ιι,
2029 5642 2145 5695 cap.
2174 5624 2244 5679 25
2292 5624 2469 5694 habet,
2500 5626 2785 5681 Alboinum
2818 5625 3085 5695 Liguriam
3127 5626 3491 5682 introeuntem-

351 5754 377 5784 ι
415 5739 515 5796 llic
546 5757 780 5797 versusa
807 5748 1076 5812 postremo
1114 5738 1229 5792 loco
1260 5736 1310 5791 in
1359 5737 1499 5792 hunc
1547 5738 1822 5793 restitutus
1861 5746 1958 5793 cst.
1985 5736 2176 5792 auten.
