3936 6180
517 320 612 375 631

1214 313 1502 390 AG’A‘ELLI
1543 312 1828 366 ABBATlS
1869 311 1927 367 S.
1970 311 2085 366 MAI

2189 313 2206 365 Ξ
2248 313 2338 368 AD
2376 313 2848 380 BLACHERNAS,
2890 315 3037 404 E'l'C.

3631 315 3731 370 632

519 443 572 488 et
614 426 1078 486 serenissimorum
1107 425 1444 495 dominorum
1490 423 1722 478 Mauritii
1743 464 1759 495 ,
1800 423 2002 477 Tiberii
2028 431 2080 495 et
2111 427 2157 483 Α
2183 423 2379 476 Paulus
2404 423 2727 478 Warnel‘ridi
2774 424 2865 480 lib.
2887 441 2983 495 _1v,
3009 439 3128 492 cap.
3178 423 3263 495 15,
3292 435 3508 495 narrata
3537 442 3737 495 praece-

523 497 807 574 Ibeodosii
851 497 1234 574 Augustorum,
1259 493 1496 574 ejusdem
1518 494 1717 574 dpminj
1743 492 2081 574 imperatoris

521 569 753 625 Mauritii
799 564 958 620 anno'
992 565 1151 619 tertio
1203 567 1428 624 decimo,
1483 564 1592 616 iud.
1648 565 1743 625 15,
1773 564 1959 632 quinto
1996 564 2082 617 die

521 640 722 695 mensis
774 636 920 697 Julii,
972 633 1263 704 Gregorius
1301 649 1459 704 papa,
1503 643 1604 687 etc.
1644 653 1660 683 ι
1705 635 1747 686 Α
1777 633 1864 704 die
1904 642 2080 704 autem

521 706 800 764 emortuali
843 705 1065 760 Joannis
1085 701 1158 756 ad
1188 701 1465 758 Mariniani
1497 703 1953 756 consecrationem
1985 701 2083 755 ali-

521 777 664 849 quod
701 792 804 830 non
836 775 1101 849 modicum
1130 782 1361 849 tempus
1382 772 1597 849 ﬂuxisse
1625 788 1689 849 εξ
1733 787 1796 825 eo
1843 772 2084 849 agnosci-

458 866 466 898 :
521 842 668 903 mus.
721 847 862 914 quod
913 844 994 897 bis
1032 844 1221 914 electio
1253 843 1455 914 variata
1500 844 1598 905 sit,
1649 842 1773 914 licet
1805 842 2083 912 principiis

515 917 690 986 jussio
740 912 1030 986 haberetur
1063 913 1130 966 ab
1155 914 1387 986 esarcbo
1411 913 1678 986 Ravenna:
1722 912 2000 986 degentet
2027 922 2084 964 ut

515 981 753 1044 bstemlit
783 983 1024 1051 Gregorii
1057 998 1140 1052 ep.
1179 984 1266 1046 89,
1299 982 1390 1052 lib.
1432 998 1506 1052 tv,
1535 982 1599 1036 ad
1630 982 1898 1035 Andream
1927 981 2084 1052 scho-

521 1058 788 1110 lasticum.
821 1053 874 1107 In
899 1068 959 1106 ea
985 1051 1180 1107 etenim
1209 1051 1444 1121 pontifex
1467 1051 1684 1119 jubente
1721 1053 1952 1106 exarcho
1982 1051 2084 1104 Do-

523 1136 704 1180 natum
749 1123 877 1176 dicit
915 1123 1346 1176 archidiaconum
1389 1122 1684 1176 exhibitum
1718 1135 1776 1174 ut
1805 1122 2082 1175 ordinare-

522 1193 788 1259 tur,inde
831 1193 1088 1271 Joannem
1115 1192 1525 1271 presbyterum_,
1567 1207 1792 1271 quorum
1836 1193 2080 1271 .priorem

521 1282 579 1320 se
603 1277 876 1319 recusasse
902 1262 977 1315 ait
1003 1277 1342 1325 consecrare,
1372 1262 1510 1330 quod
1542 1261 1703 1316 multa
1727 1261 1778 1314 in
1803 1261 1916 1328 ejus
1947 1262 2081 1316 actis

519 1332 956 1403 reprehensibilia
1016 1332 1328 1403 invenisset,
1386 1331 1614 1403 alterum
1670 1331 1793 1403 quia
1849 1333 2083 1403 psalmos

521 1400 1266 1482 nesciebat.__lrudecommuni
1296 1402 1656 1482 concordique
1684 1400 1938 1482 suffragio
1980 1402 2084 1454 Ra-

519 1472 778 1536 vennates
808 1472 1161 1525 Marinianum
1188 1472 1314 1526 olim
1360 1472 1412 1526 in
1458 1472 1782 1525 monasterio
1825 1471 1913 1524 diu
1958 1487 2081 1525 cum

520 1542 779 1612 Gregorio
810 1543 1320 1612 ipseconversatum
1347 1550 1402 1595 et
1430 1540 1820 1612 presbyterum,
1851 1541 2080 1612 elegere,

520 1613 612 1681 qui
636 1609 1055 1681 i'eluctansﬁlicet
1080 1613 1358 1665 ordinatus
1391 1619 1491 1665 est.
1527 1609 1691 1680 Igitur
1720 1627 1840 1665 cum
1871 1611 2081 1664 laudata

519 1680 742 1752 epistola
794 1681 844 1734 in
901 1680 1130 1752 Regiesto
1177 1681 1480 1752 immediate
1536 1689 1655 1749 post
1694 1681 1969 1752 synodum
2010 1681 2080 1752 sit

2182 495 2328 546 denti
2373 495 2547 561 capite
2577 495 2854 549 undecimo
2876 493 3095 561 Joannis
3124 493 3356 561 episcopi
3405 493 3736 554 Ravennatis

2181 572 2370 624 morte,
2390 560 2498 616 ait:
2530 583 2548 634 ᾳ
2577 560 2934 631 Subsequenti
2953 574 3190 632 tempore
3205 560 3386 617 rurSus
3398 563 3736 634 Ravennam,

2181 642 2235 686 et
2260 649 2351 686 eos
2385 634 2473 702 qui
2495 633 2636 687 circa
2665 648 2814 686 oram
2840 634 3000 686 maris
3027 641 3199 695 erant,
3229 635 3393 700 pestis
3415 635 3737 702 gravissima

2183 703 2431 757 vastavit.
2486 703 2740 772 Sequenti
2793 718 3002 771 quoque
3053 717 3194 772 anno
3241 703 3536 758 mortalitas
3566 705 3739 760 valida

2217 773 2403 836 opulos
2423 771 2807 826 Veronensium
2837 773 3057 825 attrivit.
3093 791 3110 822 ι
3143 771 3420 836 Baronius,
3447 775 3514 826 ad
3538 789 3740 830 annum

2217 789 2248 826 ο
2289 787 2403 826 ulos
2432 787 2807 826 veronensmm
2837 787 3057 825 aurivu.
3093 791 3110 822 ι
3143 787 3420 836 uaromus,
3447 787 3514 826 aa
3538 789 3740 830 annum

2180 787 2303 903 E93,
2328 843 2393 896 de
2413 850 2559 910 peste
2579 842 2880 909 hujusmodi
2901 843 3140 910 loquens,
3163 851 3217 892 et
3235 842 3489 895 Antharit
3510 854 3740 900 mortem

2181 912 2246 966 ad
2272 910 2507 978 ejusdem
2531 913 2654 965 anui
2683 910 3046 981 Septembrem
3073 911 3412 981 consignans,
3441 929 3596 967 suam
3624 932 3744 970 sen-

2182 982 2400 1035 tentiam
2424 981 2489 1034 de
2516 991 2687 1035 morte
2711 981 2920 1034 Alboini
2945 998 3086 1035 anno
3110 982 3206 1035 571
3243 982 3563 1040 assignanda
3592 999 3746 1040 ever-

2185 1052 2268 1122 tit,
2303 1067 2424 1106 cum
2453 1052 2594 1105 enim
2624 1059 2832 1105 constet
2868 1067 2931 1105 ex
2964 1051 3127 1105 Paulo
3157 1060 3275 1122 post
3307 1051 3593 1107 Alboinum
3627 1055 3747 1110 Cle-

2181 1121 2327 1192 pbim
2375 1136 2626 1192 regnasse
2650 1136 2794 1192 anno
2841 1138 2946 1175 uno
2973 1138 3093 1176 cum
3126 1123 3376 1192 dimidio,
3406 1124 3594 1176 decem
3624 1126 3750 1179 inde

2182 1190 2336 1261 annis
2376 1190 2473 1243 sub
2522 1191 2742 1244 ducibus
2769 1190 3144 1261 Langobardos
3173 1190 3363 1257 fuisse,
3417 1201 3470 1246 et
3524 1196 3746 1249 tandem

2181 1260 2433 1314 Autbarit
2461 1275 2553 1314 sex
2581 1262 2736 1315 annis
2775 1260 3098 1314 dominatum
3119 1303 3132 1324 ,
3164 1262 3208 1315 si
3239 1277 3498 1315 annorum
3530 1278 3744 1319 summa

2183 1330 2483 1400 colligatur,
2501 1330 2624 1384 ﬁent
2654 1331 2777 1384 anni
2803 1347 2930 1392 xvn,
2958 1347 3169 1385 menses
3191 1347 3265 1393 vl,
3289 1333 3377 1400 qui
3402 1332 3568 1385 additi
3594 1335 3754 1389 annis

2183 1416 2374 1464 num,
2420 1400 2704 1469 conficient
2749 1400 3001 1454 Antbarit
3030 1410 3296 1455 mortuum
3328 1411 3445 1469 post
3483 1401 3754 1461 Paschale

2183 1469 2401 1534 festum,
2430 1485 2523 1524 seu
2572 1468 2868 1537 Septembri
2898 1485 3081 1526 mense
3112 1472 3237 1525 anni
3264 1468 3383 1531 588,
3415 1487 3537 1525 cum
3569 1482 3756 1530 tamen

2182 1540 2440 1610 Baconius
2469 1539 2582 1610 ipse
2611 1541 2786 1610 tradat
2809 1539 3008 1594 obiisse
3037 1555 3178 1594 anno
3203 1542 3454 1610 praedicto
3480 1541 3612 1595 590.

2249 1609 2310 1664 11.
2329 1609 2458 1664 Post
2471 1609 2672 1678 aliquot
2695 1624 2724 1662 a
2742 1608 3017 1664 Mariniani
3038 1608 3372 1664 ordinatione
3389 1626 3560 1664 annos
3582 1611 3756 1666 bella-

2183 1687 2296 1750 tum
2317 1689 2398 1733 est
2411 1680 2547 1750 inter
2563 1679 2890 1750 Francorum
2911 1696 3063 1750 reges
3078 1680 3502 1748 Theodepertum
3517 1692 3574 1734 et
3587 1681 3760 1737 Theo-

520 1748 726 1830 posita,
771 1748 1022 1830 consequi
1057 1751 1267 1830 videtur
1295 1751 1476 1804 statim
1504 1748 1568 1830 ac
1608 1748 1997 1830 ordinatus-est
2025 1751 2079 1830 in_
2109 1771 2155 1830 Β
2183 1749 2432 1830 dorictmr
2468 1748 3494 1830 fratres,_ac.Clotharium‘patruelem;
3536 1759 3759 1830 ξιξ-ρος-

521 1819 723 1901 syriodo
749 1819 950 1901 setisse
969 1861 982 1880 ,
1014 1836 1076 1874 ac
1101 1829 1382 1901 propterea
1427 1821 1816 1901 ordinationem
1855 1821 1994 1901 ejus_
2015 1823 2081 1874 ad

563 1885 730 1946 riores
750 1885 871 1944 Julii
902 1891 1014 1960 dies
1039 1885 1298 1959 spectare.
1322 1889 1473 1960 Quod
1498 1891 1727 1960 pertinet
1749 1891 1813 1944 ad
1845 1885 2083 1958 ejusdem

563 1907 730 1946 nores
750 1907 871 1944 Jlllll
902 1907 1014 1944 «nes
1039 1907 1298 1959 speetare.
1322 1907 1473 1957 uuou
1498 1907 1727 1960 pertinet
1749 1907 1813 1944 aa
1845 1907 2083 1958 ejusdem

523 1907 806 2015 Κίρτξηίεηὶ
836 1959 1038 2013 obitum
1062 2002 1076 2023 ,
1105 1959 1312 2031 videtur
1343 1959 1594 2029 Agnellus
1627 1977 1750 2015 eum
1773 1961 2087 2031 consignare

523 2031 708 2084 eodem
741 2045 902 2101 anno,
923 2045 1032 2101 quo
1060 2030 1237 2101 magni
1263 2029 1506 2101 Gregorii
1529 2032 1707 2085 obitus
1728 2029 1943 2094 occidit,
1966 2047 2089 2086 nar-

529 2101 820 2171 rataenint
849 2097 1006 2166 hujus
1033 2097 1227 2163 morie,
1271 2097 1576 2171 immediate
1603 2102 1779 2155 subdit
1805 2116 1817 2154 :
1849 2121 1867 2152 ι
1904 2101 2085 2171 igitur,

525 2179 587 2223 ut
625 2169 858 2223 diximus
878 2209 893 2234 ,
934 2178 1174 2223 mortuus
1199 2179 1279 2223 est
1309 2170 1394 2223 hic
1414 2171 1754 2225 beatissimus
1776 2171 1862 2225 die
1890 2169 1943 2224 xi
1964 2171 2082 2224 Kal.

531 2237 873 2294 Novembris.
924 2257 941 2288 ι
985 2239 1069 2292 Nil
1124 2240 1176 2292 in
1218 2241 1642 2308 praecedentibus
1688 2240 1752 2294 de
1807 2241 2086 2294 Mariniaui

527 2309 674 2363 obitu
719 2309 928 2362 dixerat
939 2325 965 2381 _:_
1006 2309 1266 2381 itaquegé
1297 2319 1350 2381 ut
1379 2309 1608 2381 diximus
1653 2311 1793 2364 idem
1825 2311 2089 2381 significat

525 2393 611 2440 ac,
635 2395 772 2431 anno
787 2395 890 2450 quo
913 2379 1159 2432 diximus.
1180 2378 1352 2450 magni
1375 2378 1617 2450 Gregorii
1639 2391 1864 2450 mortem
1882 2378 2088 2450 eisdem

525 2448 868 2518 peneiverbis
893 2456 1130 2518 enarrat,
1160 2448 1351 2516 quibus
1372 2448 1610 2503 eamdem
1643 2449 1859 2515 Paulus,
1889 2449 1980 2503 lib.
2012 2464 2087 2513 tv,

525 2517 644 2585 cap.
673 2517 759 2580 50,
795 2532 936 2588 anno
959 2517 1207 2588 videlicet
1235 2519 1466 2571 secundo
1487 2518 1676 2574 Phocaa
1710 2520 1859 2588 imp.,
1883 2519 1994 2572 ind.
2033 2519 2085 2580 8,

525 2587 917 2656 sexcentesimo
959 2587 1207 2641 videlicet
1248 2587 1452 2656 quinto.
1489 2589 1684 2642 Verum
1735 2587 1799 2643 si,
1827 2589 2090 2643 secundus

524 2655 722 2728 Phoce
747 2659 1212 2728 annuscurrebat,
1238 2672 1357 2709 cum
1386 2657 1447 2710 D.
1473 2656 1761 2728 Gregorius
1783 2659 1933 2722 obiit,
1965 2666 2018 2714 et
2044 2659 2090 2713 si

523 2726 653 2781 obiit
677 2727 763 2780 die
789 2725 854 2779 12
884 2725 1078 2790 Martii,
1107 2727 1325 2780 iudictio
1355 2743 1460 2780 non
1483 2729 1515 2782 8
1534 2769 1547 2791 ,
1571 2725 1662 2782 sed
1687 2729 1718 2782 7
1749 2730 2086 2792 decurrebat,

527 2797 602 2850 uti
625 2794 858 2850 Joannes
885 2796 1150 2851 Diaconus
1178 2806 1231 2850 et
1263 2795 1422 2859 Beda,
1456 2799 1595 2866 quod
1623 2799 1814 2853 merito
1848 2799 1900 2853 in
1928 2798 2092 2854 Paulo

530 2867 814 2936 castigavit
870 2867 1134 2921 Baronius
1184 2867 1248 2920 ad
1294 2883 1490 2920 annum
1548 2869 1650 2923 604
1681 2910 1696 2932 ,
1767 2869 2093 2924 Marinianus

526 2938 742 3058 quidem
776 2946 1023 3020 mortuus
1044 2937 1202 2991 fuerit
1225 2937 1333 2990 iud.
1367 2940 1421 3001 8,
1464 2937 1660 3012 fluente
1697 2939 1805 3006 jam
1837 2954 1867 2992 a
1893 2954 2094 3008 praece-

569 3015 676 3058 entl
723 3004 1025 3058 Septembri
1061 3007 1246 3058 eodem
1289 3023 1428 3058 anno
1458 3007 1591 3058 604.
1638 3010 1870 3058 secundo
1919 3011 2093 3058 adhuc

569 3007 676 3059 enti
723 3004 1025 3074 Septembri
1061 3007 1246 3061 eodem
1289 3023 1428 3059 anno
1458 3007 1591 3070 604,
1638 3004 1870 3064 secundo
1896 3004 2093 3064 'adhuc

531 3075 759 3148 durante
800 3075 996 3148 Phocze
1026 3093 1182 3148 anno,
1212 3091 1309 3129 nec
1353 3077 1584 3148 finiendo
1624 3081 1724 3134 nisi
1752 3081 1821 3134 25
1863 3081 2090 3148 proximi

525 3142 861 3208 Novembris,
891 3147 1102 3209 obicrit,
1140 3147 1378 3212 inquam,
1409 3147 1494 3200 die
1533 3149 1603 3200 25
1627 3142 1907 3211 Octobris,
1948 3151 2088 3218 quod

525 3213 688 3267 tradit
722 3224 922 3267 noster.

523 3213 688 3267 tradit
722 3224 922 3267 noster.

594 3282 655 3352 ll.
680 3281 918 3346 Rubeus,
944 3282 1032 3352 qui
1059 3282 1336 3338 Mariuiani
1361 3285 1562 3338 obitum
1587 3303 1731 3341 anno
1751 3287 1855 3342 606
1868 3289 2089 3344 ascribit

527 3351 659 3423 nihil
686 3352 849 3406 habet
869 3351 974 3422 quo
999 3368 1129 3406 mea
1151 3367 1266 3406 mea
1294 3356 1557 3408 sententia
1582 3367 1884 3423 removeat;
1915 3369 1969 3411 at
1991 3375 2088 3414 nec

526 3420 651 3485 sibi,
683 3436 784 3475 nec
810 3420 1022 3476 veritati
1053 3424 1341 3488 consentit,
1372 3439 1491 3478 cum
1524 3427 1664 3480 hunc
1706 3420 2089 3483 tradit'sedisse

525 3492 996 3569 annosundecim,
1036 3500 1093 3545 et
1119 3509 1354 3569 mensem
1385 3510 1570 3569 unum,
1605 3507 1996 3569 mortuumque.
2033 3509 2091 3553 ut

524 3559 779 3636 A‘gnellus
812 3562 1020 3636 liabet,
1072 3579 1102 3636 _x
1136 3562 1249 3615 Kal.
1285 3562 1630 3636 Novembris,
1691 3559 1952 3636 siquide'm
2004 3569 2090 3624 his

524 3630 776 3685 admissis
811 3632 1091 3686 Mariniani
1137 3635 1471 3688 consecratio
1499 3639 1715 3691 caderet
1754 3630 1805 3692 in
1848 3640 1988 3692 diem
2018 3639 2102 3694 23/

526 3697 876 3772 Septembris,
898 3702 1029 3755 feria
1055 3701 1104 3762 6,
1136 3703 1287 3772 cyclo
1314 3705 1441 3758 solis
1456 3708 1806 3770 currente26,
1831 3709 1910 3762 lit.
1931 3709 2082 3763 Dom.

525 3769 610 3844 .,
633 3770 804 3844 tribus
820 3772 933 3826 fere
958 3769 1230 3844 mensibus
1245 3777 1636 3844 postisynolum
1655 3769 1970 3840 Romanam,
1999 3779 2086 3834 cui

522 3838 902 3916 Mariuianum_
936 3838 1314 3911 subscripsisse
1366 3838 1582 3916 R'ubeus
1612 3847 1754 3916 iipse
1807 3838 2087 3903 notaverat

525 3924 643 3984 pag.
701 3910 820 3984 180.
850 3910 1395 3984 ᾃΡιξξειεξιιεείθκίειθῃς
1437 3910 1703 3984 ορὶειοιιιέ,
1750 3916 1842 3972 lib.
1875 3935 1946 3982 tv,
1994 3921 2081 3980 89.

523 3979 751 4057 Andreae
777 3979 1134 4057 scholastice,
1155 3991 1208 4034 et
1228 3983 1314 4057 98,
1344 3979 1638 4057 Mari'uiano
1667 3987 1786 4055 ipsi,
1820 3979 1941 4057 quae
1962 4004 2084 4043 cum

525 4049 662 4125 data;
682 4051 788 4104 sint
815 4050 1002 4125 indict.
1033 4053 1118 4115 15,
1149 4054 1378 4125 probant
1410 4054 1556 4125 nullo
1581 4049 1737 4110 modo
1757 4049 1871 4125 ejus
1899 4074 2084 4113 conse-

527 4119 816 4195 crationem
841 4122 906 4174 ad
930 4119 1298 4195 Septembrem
1327 4124 1624 4189 transferri,
1649 4141 1756 4195 quo
1777 4119 1995 4183 indictio
2020 4130 2085 4183 14

527 4189 712 4308 erepit.
730 4186 990 4245 Remanet
1002 4186 1176 4261 igitur
1195 4201 1430 4262 tempora
1452 4186 1787 4265 episcOpatus
1802 4197 2084 4254 Mariniani

527 4272 610 4308 lita
635 4273 665 4308 e
689 4275 717 4308 a
744 4260 926 4308 Ruben
941 4271 1241 4308 sunnutata-
1267 4273 1320 4308 et
1336 4263 1531 4308 nnllnm
1555 4281 1768 4308 patinam
1792 4283 1908 4308 nec»
1929 4284 2031 4308 mm
2055 4287 2080 4308 ο

525 4260 665 4311 male
689 4275 717 4312 a
743 4260 926 4337 Rubeo
941 4260 1242 4337 supputata,
1267 4260 1532 4337 et_nullam
1555 4260 1768 4337 causam
1792 4283 1909 4322 esse
1929 4284 2032 4337 qua
2053 4287 2084 4324 a

528 4341 691 4408 supra
734 4329 1281 4408 discussisjrecedam.
1315 4333 1810 4408 Postremaablagni
1840 4329 2083 4408 Gregorii

524 4394 716 4474 littera:
758 4400 840 4474 ad
869 4399 1218 4474 Marinytnum
1249 4413 1420 4474 sputo
1450 4394 2080 4474 sanguinisvlaboratiteIn

2188 1827 2270 1890 ter
2297 1819 2380 1873 hic
2402 1820 2465 1873 de
2487 1819 2801 1890 praecedenti
2831 1819 3381 1890 eertamineloquitur
3407 1821 3550 1875 inter
3581 1821 3760 1877 Theo-

2185 1887 2460 1959 depcrtum
2489 1899 2540 1942 et
2565 1888 2894 1959 Glotharium
2938 1887 3231 1959 patruelem
3249 1931 3262 1950 ,
3301 1891 3366 1943 de
3394 1905 3504 1958 quo
3530 1890 3758 1953 Paulus.

2185 1957 2275 2012 lib.
2306 1975 2377 2021 IV,
2403 1974 2519 2026 cap.
2549 1957 2604 2021 4,
2631 1975 2800 2027 caque
2828 1957 3139 2023 occasione,
3166 1969 3225 2014 ut
3257 1957 3460 2023 noster,
3493 1969 3764 2016 meteoro-

2191 2043 2313 2101 r‘um
2342 2029 2686 2101 ﬂtmltomena
2717 2039 2996 2092 memorat,
3024 2045 3142 2101 quae
3169 2030 3430 2101 appendix
3459 2031 3528 2083 ad
3551 2029 3765 2101 Grego-

2187 2098 2324 2152 rium
2357 2098 2723 2152 Turonensem
2750 2115 2870 2168 cap.
2896 2101 2961 2154 19
2986 2108 3040 2154 et
3063 2099 3153 2164 20,
3183 2098 3523 2168 et’Rbegino,
3551 2099 3648 2154 lib.
3676 2098 3760 2166 in,

2186 2183 2303 2236 cap.
2338 2168 2405 2222 87
2439 2177 2491 2223 et
2525 2169 2621 2229 88,
2650 2177 2960 2238 comparant
3004 2185 3123 2224 cum
3157 2170 3616 2236 subsequentibus
3641 2185 3762 2225 eer-

2187 2239 2488 2312 tamini_bus
2531 2239 2670 2292 inter
2698 2239 2830 2292 duos
2859 2239 3092 2312 fratres_,_
3126 2248 3179 2292 et
3200 2238 3541 2312 Patruelem,
3599 2255 3760 2312 quem

2187 2307 2325 2377 male
2361 2307 2556 2361 Paulus
2584 2318 2793 2377 patrem
2842 2319 3014 2363 vocat.
3049 2308 3173 2362 Haec
3201 2318 3479 2364 notaverat
3501 2307 3766 2365 Camillus

2188 2376 2512 2448 Peregrinus
2537 2376 2590 2431 in
2617 2379 2967 2448 Chronologia
2997 2381 3189 2433 ducum
3218 2379 3729 2434 Beneventanorum
3747 2422 3762 2441 ,

2187 2461 2307 2518 quae
2358 2447 2536 2518 lumen
2588 2449 2711 2518 huic
2761 2447 2964 2518 Agnelli
3013 2449 3128 2502 loco
3172 2448 3420 2502 afferunt.
3475 2449 3766 2505 Aimoinus

2187 2517 2366 2588 etiam,
2385 2517 2449 2570 de
2469 2515 2645 2571 Gestis
2667 2515 2993 2588 Francorum
3017 2518 3108 2572 lib.
3136 2535 3212 2579 ιιι,
3238 2533 3356 2587 cap.
3379 2519 3468 2581 87,
3489 2521 3766 2588 posterius

2187 2585 2382 2640 bellum
2412 2595 2614 2659 narrat,
2635 2596 2703 2659 et
2733 2585 2964 2642 refertur
2992 2585 3322 2659 temporibus
3356 2585 3675 2659 supputatis
3703 2592 3764 2644 ad

2188 2655 2530 2728 allllllmAGOZr,
2555 2657 2646 2726 qui
2673 2672 2792 2728 eum
2818 2655 3216 2728 praecessit'quo
3240 2655 3573 2713 Mariui'a‘uus
3602 2660 3760 2715 obiit.

2259 2725 2341 2798 Ill.
2371 2725 2609 2798 Celebris
2635 2735 2716 2798 est
2743 2725 3019 2798 doetorum
3051 2725 3375 2798 scriptorum
3401 2739 3660 2793 conatus,
3710 2740 3764 2784 ut

2191 2795 2411 2849 Paulum
2437 2795 2760 2851 Warnefridi
2804 2813 2922 2850 cum
2959 2796 3138 2853 Leone
3162 2795 3433 2863 ‘Ostiensi,
3468 2809 3523 2852 et
3549 2798 3757 2854 Ostieno

2192 2881 2303 2920 sem
2346 2867 2518 2934 ipsum
2553 2883 2675 2920 cum
2706 2866 2936 2922 Ostiensi
2976 2876 3322 2937 componant,
3347 2869 3436 2922 ubi
3471 2869 3537 2922 de
3579 2885 3759 2924 mona-

2193 2937 2344 2990 sterii
2376 2937 2684 2992 Casinensis
2719 2951 2814 3006 per
2838 2937 3216 3008 Langobardos
3255 2940 3557 3003 eversione,
3595 2950 3660 2994 et
3704 2941 3766 2994 de

2196 3008 2451 3075 temporis
2479 3007 2652 3076 spatio
2686 3005 2824 3076 quod
2867 3005 3004 3061 inter
3027 3005 3142 3074 ejus
3169 3009 3551 3063 desolationem
3583 3020 3642 3064 et
3675 3009 3754 3064 Pe

2197 3077 2434 3131 tronacis
2460 3093 2620 3146 opera
2650 3076 2843 3130 factam
2891 3079 3284 3132 restitutionem
3325 3077 3544 3133 eﬂluxit.
3595 3079 3767 3134 Porro

2196 3156 2394 3210 noster,
2427 3147 2516 3215 qui
2557 3147 2778 3200 Paulum
2821 3147 3095 3210 exscribit,
3144 3148 3365 3202 Paulum
3397 3159 3617 3204 secutus
3660 3161 3766 3213 est,

2191 3225 2243 3269 et
2264 3217 2404 3270 circa
2437 3225 2762 3285 postremum
2791 3216 3070 3271 Mariniani
3091 3235 3289 3271 annum
3313 3218 3427 3286 ejus
3448 3221 3766 3274 monasterii

2189 3287 2520 3339 eversionem
2569 3286 2764 3340 factam
2793 3287 3002 3341 videtur
3033 3289 3337 3344 ostendere.
3385 3287 3582 3343 Verum
3641 3290 3766 3343 illud

2189 3354 2240 3408 in
2271 3358 2693 3430 controversiam
2742 3357 2964 3430 minime
2989 3358 3122 3412 verti
3154 3374 3310 3430 posse
3328 3359 3521 3430 credo,
3547 3359 3771 3430 Pelagio

2189 3439 2396 3478 summo
2425 3427 2674 3494 pontiﬁce
2701 3427 2938 3491 sedente,
2970 3429 3283 3482 monasterii
3314 3428 3631 3483 Casinensis
3655 3427 3773 3484 nio-

2190 3494 2392 3568 nachos
2416 3495 2945 3568 Romammigrasse,
2974 3505 3028 3552 et
3053 3497 3188 3567 apud
3221 3499 3545 3552 Lateranum
3582 3515 3774 3554 mona-

2187 3564 2408 3618 sterium
2455 3564 2784 3630 obtinuisse}
2847 3567 2899 3620 id
2956 3564 3101 3621 enini
3148 3577 3203 3621 et
3248 3567 3355 3622 Leo
3395 3569 3669 3624 Ostiensis
3713 3570 3764 3622 in

2187 3633 2454 3705 Chronico
2483 3635 2686 3698 Casin.,
2725 3636 2817 3691 lib.
2857 3652 2934 3705 p.,
2979 3652 3096 3705 cap.
3135 3637 3196 3702 2;
3235 3649 3289 3692 et
3321 3638 3650 3693 Anastasius
3678 3638 3765 3692 Bi-

2186 3703 2571 3776 bli_othecarips
2599 3707 2650 3760 in
2675 3703 2874 3776 Pelagii
2898 3703 3256 3762 V’itaILeonis
3277 3709 3389 3762 haec
3417 3710 3582 3764 verba
3615 3720 3760 3763 sunt:

2193 3793 2211 3825 σ
2246 3773 2475 3846 Fratres,
2492 3775 2713 3830 Romam
2743 3773 2968 3846 profecti
3016 3785 3274 3841 sunt.....,
3315 3787 3478 3846 atque
3527 3794 3595 3833 ex
3638 3795 3764 3833 con-

2187 3844 2429 3917 cessione
2465 3845 2690 3899 Romani
2736 3844 3004 3917 pontificis
3049 3847 3270 3917 Pelagii,
3323 3844 3412 3917 qui
3465 3857 3599 3902 tunc
3654 3849 3762 3903 sedi

2187 3914 2492 3988 apostolicae
2526 3925 2758 3983 praeerat
2797 3915 2950 3985 juxta
2982 3914 3356 3988 Lateranense
3378 3919 3762 3988 patriarchium

2188 3985 2573 4057 monasterium
2617 3996 3067 4051 construxerunt,
3122 3987 3304 4056 ibique
3334 3985 3429 4057 per
3459 3999 3685 4042 centum
3715 3997 3766 4041 et

2187 4053 2404 4124 triginta
2435 4070 2624 4118 annos,
2657 4057 2798 4125 quod
2825 4057 3115 4111 Casinense
3144 4053 3531 4112 monasterium
3556 4062 3766 4113 destru-

2185 4133 2330 4177 ctum
2374 4126 2692 4193 permansit,
2719 4127 3112 4180 habitaverunt.
3152 4146 3168 4177 ι
3209 4128 3574 4182 Anastasius:
3616 4149 3633 4178 ι
3668 4128 3766 4180 Fu-

2185 4194 2412 4262 gientes,
2448 4195 2640 4264 inquit,
2672 4212 2736 4250 ex
2772 4197 3016 4250 coenobio
3055 4196 3247 4251 fratres
3274 4198 3498 4251 Romam
3530 4198 3758 4266 profecti

2185 4273 2671 4336 s'tnt.......,:atqtie
2697 4281 2762 4320 ex
2793 4267 3136 4320 concessione
3165 4267 3221 4319 S.
3249 4267 3444 4336 Pelagii
3473 4284 3634 4336 papa:
3673 4269 3763 4322 Se-

2185 4334 2368 4398 cundi,
2406 4342 2460 4386 et
2485 4335 2681 4406 Tiberii
2711 4336 2939 4389 Mauritii
2982 4337 3318 4406 imperatoris
3353 4334 3509 4405 juxta
3542 4334 3764 4392 Latera—

2187 4418 2352 4457 nense
2375 4404 2753 4473 patriarchium
2779 4404 3160 4460 monasterium
3181 4404 3622 4462 construxerunt.
3637 4430 3655 4459 ι
3675 4409 3764 4463 Ca.

527 4467 664 4546 data:
684 4476 807 4546 sunt
814 4468 938 4546 ind.
960 4470 1012 4522 6.
1038 4469 1226 4546 Paucis
1248 4467 1424 4546 itaque
1448 4467 1717 4528 mensibus
1740 4479 2080 4546 superstitem
2111 4475 2159 4532 D
2185 4467 2711 4546 millusiPercgrinus
2756 4477 2950 4543 smpius
2997 4476 3238 4530 laudatus
3271 4479 3512 4532 omnium
3553 4481 3761 4546 primus

525 4532 784 4600 Gregorio
811 4536 993 4601 fuisse,
1023 4547 1074 4590 et
1104 4539 1212 4592 ind.
1245 4541 1276 4594 8
1314 4532 1602 4605 mortuum,
1642 4532 1834 4600 rationi
1864 4532 2091 4603 consen-

529 4613 740 4681 taneum
769 4607 999 4661 videtur.
1036 4608 1246 4662 Sederit
1275 4611 1455 4681 itaque
1487 4615 1644 4668 annis
1674 4632 1862 4670 novem
1892 4628 1948 4672 et
1977 4619 2089 4675 fere

531 4674 804 4730 mensibus
831 4685 1079 4744 quatuor.

1145 4770 1368 4828 CAPUT
1406 4772 1466 4826 V.

524 4857 671 4940 Lites
697 4861 1012 4940 ing'nmaria.
1050 4862 1250 4919 Rursus
1272 4866 1337 4940 de
1377 4869 1570 4940 epioclta
1617 4867 1842 4923 Alboim’.
1892 4867 2091 4940 Pugna

597 4929 1090 5003 interiFrancorum
1116 4953 1272 5003 reges.
1299 4929 1622 4990 Cussinensis
1649 4942 1949 4992 monasterii
1976 4929 2092 4994 des-

597 5001 784 5077 tructis
834 5003 1040 5070 quando
1082 5001 1346 5077 agciderit.
1401 5007 1663 5076 Agilulplii
1723 5011 1855 5074 regis
1898 5009 2010 5077 filia
2057 5029 2089 5063 a

597 5067 1061 5150 (Ipliuica'captd._
1104 5072 1326 5128 Reddita
1376 5067 1497 5130 inde
1549 5067 1688 5130 circa
1735 5067 1933 5148 tempus
1986 5097 2088 5150 quo

597 5135 928 5193 Illarinianus
939 5135 948 5140 ’
959 5141 1078 5194 obiit
1089 5180 1102 5193 .

533 5225 634 5304 ul.
669 5226 823 5304 Plura
865 5229 952 5284 bic
980 5230 1351 5304 complectitur
1381 5234 1630 5304 Agnellus
1664 5237 1731 5290 ad
1776 5237 2085 5292 szecularem

527 5295 828 5376 historiam
859 5295 1154 5376 spectantia
1183 5316 1213 5352 a
1262 5295 1455 5376 Paulo“
1480 5304 1617 5376 fere,
1642 5307 1918 5376 desumpta
1953 5347 1966 5369 ,
2021 5310 2085 5362 de

526 5365 718 5430 quibus
742 5365 1027 5421 videndum
1050 5378 1129 5422 est
1178 5387 1246 5423 an
1275 5373 1453 5426 omnia
1473 5375 1540 5428 ad
1573 5365 1849 5429 Mariniani
1872 5365 2081 5432 aetatem

527 5432 808 5511 referenda
844 5438 970 5490 sint.
1003 5437 1140 5512 Lues
1161 5441 1680 5512 itaqueiuguinaria,
1712 5461 1829 5512 qum
1858 5445 2083 5500 Romam

525 5507 779 5596 primum],
800 5522 942 5570 cum,
975 5507 1044 5596 ob
1071 5507 1309 5596 e'arudein
1337 5507 1862 5596 Pelagionesstincto,
1886 5516 2086 5596 Grego-

527 5575 639 5654 Eius
671 5575 855 5654 sedere
879 5578 1217 5654 cm_j‘iit,_in_de
1254 5575 1490 5654 Italiam:
1536 5583 1765 5647 Gallias,
1802 5575 2086 5654 Hispanias

528 5636 803 5696 funeribus
831 5645 932 5696 late
956 5636 1221 5715 implevit,
1267 5636 1562 5706 Mariniauo
1591 5636 2083 5710 *aniiiiht‘d’iia‘tiéﬁl

531 5721 678 5772 nam,
708 5722 762 5763 et
787 5715 1052 5769 maritima
1077 5718 1214 5787 loca,
1245 5721 1365 5775 inde
1392 5723 1652 5777 Veronam
1677 5725 1880 5778 alllixit.
1912 5726 1999 5780 Sic
2029 5737 2083 5781 et

2190 4544 2423 4596 ostendit
2448 4543 2795 4598 Petronacem
2825 4546 3000 4598 Casini
3048 4546 3098 4598 in
3140 4548 3462 4601 monasterio
3513 4543 3763 4602 restituto

2191 4613 2400 4687 (legisse
2431 4629 2571 4666 anno
2596 4614 2715 4675 720,
2748 4616 2892 4687 eer.
2927 4615 3222 4687 Willibaldi
3245 4617 3541 4671 itinerario.
3579 4620 3760 4687 Itaque

2192 4683 2509 4760 restitut.uu_t_
2546 4686 2946 4760 inouasteriums
2981 4685 3262 4760 cst_paulo
3291 4697 3409 4760 post
3443 4683 3699 4760 Gregorii
3725 4687 3761 4740 ll

2189 4766 2339 4874 papae
2395 4753 2807 4816 ordinationem,
2859 4757 2950 4822 qui
3002 4757 3191 4810 sedere
3240 4753 3402 4825 ccepit
3444 4753 3595 4812 anno
3639 4760 3751 4812 7H.

2219 4821 2317 4874 hec
2354 4821 2496 4874 clara
2543 4831 2686 4874 sunt.
2718 4823 2786 4874 At
2807 4826 2895 4874 oui
2925 4824 3124 4874 factum
3153 4834 3234 4874 est
3264 4837 3321 4874 ut
3346 4826 3474 4874 Leo-
3506 4830 3602 4874 nui
3651 4829 3751 4874 lam

2219 4821 2317 4896 hec
2354 4821 2496 4896 clara
2543 4831 2686 4877 sunt.
2718 4821 2895 4896 Atqui
2925 4824 3124 4896 factum
3153 4834 3234 4879 est
3264 4821 3474 4889 ιιιίρο,
3506 4830 3602 4896 qui
3651 4829 3760 4881 loco

2191 4891 2402 4944 laudato
2446 4892 2512 4943 ab
2557 4891 2837 4947 eversione
2886 4895 2951 4947 ad
3003 4896 3396 4948 restitutionem
3447 4891 3760 4952 monasterii

2192 4969 2439 5033 numerat
2483 4977 2652 5033 annos
2686 4979 2848 5023 exn,
2890 4964 2942 5016 in
2984 4964 3291 5033 prmfatione
3319 4966 3574 5020 Cbronici
3619 4967 3763 5021 Pauli

2190 5032 2465 5084 sententia:
2504 5032 2774 5086 adhaerere
2802 5032 3062 5096 videatur,
3093 5051 3260 5089 annos
3289 5044 3496 5089 tantum
3522 5054 3590 5090 cx
3619 5053 3766 5091 com-

2189 5102 2422 5168 putans?
2453 5101 2758 5155 Breviorem
2788 5105 2947 5156 etiam
2991 5120 3248 5158 annorum
3277 5105 3634 5161 desolationis
3665 5123 3764 5160 nu-

2190 5186 2394 5243 merum
2424 5170 2651 5243 amplexi
2681 5183 2804 5226 sunt
2827 5173 3158 5228 Adrevaldus
3184 5174 3541 5230 Floriacensis
3567 5177 3637 5232 de
3666 5178 3762 5230 mi-

2189 5240 2384 5294 raculis
2418 5240 2474 5312 S.
2501 5241 2790 5312 Benedicti,
2843 5243 2932 5297 lib.
2981 5261 3019 5305 ι,
3049 5260 3168 5312 cap.
3201 5244 3318 5308 115,
3363 5255 3417 5298 et
3451 5247 3623 5300 abbas
3656 5245 3761 5300 Ur-

2189 5311 2492 5380 spergensis
2536 5311 2587 5364 in
2613 5312 2898 5368 Chronico.
2926 5313 3020 5367 Vir
3047 5311 3307 5368 emunctae
3334 5316 3483 5370 naris
3503 5315 3761 5371 Camillus

2187 5379 2508 5460 Peregrinus
2554 5381 2797 5436 laudatus
2837 5384 2899 5460 in_
2919 5385 3057 5438 serie
3101 5385 3352 5460 abbatum
3383 5386 3762 5460 Gasinensium

2186 5450 2456 5504 existimat
2484 5467 2761 5506 numerum
2790 5455 3050 5506 variatum
3090 5469 3193 5506 non
3221 5452 3453 5511 Ostiensi
3489 5457 3763 5511 inmutan-

2188 5519 2333 5594 dum,
2379 5521 2470 5574 sed
2511 5521 2593 5575 vel
2619 5521 2777 5576 Petro
2800 5523 3191 5594 Diacono,_vel
3245 5525 3420 5594 alteri,
3469 5519 3579 5594 qur
3611 5526 3758 5580 sicut

2189 5589 2321 5661 alias
2346 5605 2641 5661 numerum
2685 5608 2748 5644 cx
2797 5593 2846 5645 in
2884 5591 3198 5661 praefatione
3237 5609 3303 5647 ex
3333 5589 3767 5650 Paulo-Diacono

2185 5660 2539 5713 substituerit.
2601 5660 2832 5720 Angelus
2883 5660 2947 5715 de
2993 5661 3135 5715 Nuce
3183 5664 3234 5716 in
3265 5665 3646 5720 dissertatione
3690 5673 3760 5718 ad

2187 5743 2304 5797 cap.
2334 5744 2372 5782 ιι
2399 5727 2650 5785 Chronici
2694 5727 2908 5796 Leonis,
2959 5741 3012 5786 et
3043 5732 3326 5790 Bollandus
3360 5734 3412 5788 in
3444 5735 3595 5790 Actis
3648 5734 3758 5790 SS.
