  <div class='ocr_page' id='page_1' title='image "/cluster/home/n/w/nwhite01/storage/ocr_20150623/106/hvd.32044054759717/323.png"; bbox 0 0 3936 6180; ppageno 0'>
   <div class='ocr_carea' id='block_1_1' title="bbox 484 260 588 315">
    <p class='ocr_par' dir='ltr' id='par_1_1' title="bbox 484 260 588 315">
     <span class='ocr_line' id='line_1_1' title="bbox 484 260 588 315; baseline 0 0"><span class='ocrx_word' id='word_1_1' title='bbox 484 260 588 315; x_wconf 75' lang='lat'><strong>635</strong></span> 
     </span>
    </p>
   </div>
   <div class='ocr_carea' id='block_1_2' title="bbox 491 371 1731 430">
    <p class='ocr_par' dir='ltr' id='par_1_2' title="bbox 491 371 1731 430">
     <span class='ocr_line' id='line_1_2' title="bbox 491 371 1731 430; baseline -0.001 -4"><span class='ocrx_word' id='word_1_2' title='bbox 491 385 597 430; x_wconf 76' lang='lat' dir='ltr'><strong>tota</strong></span> <span class='ocrx_word' id='word_1_3' title='bbox 643 372 813 429; x_wconf 98' lang='lat' dir='ltr'><strong>Italia.</strong></span> <span class='ocrx_word' id='word_1_4' title='bbox 847 393 867 425; x_wconf 72' lang='grc' dir='ltr'><strong>ο</strong></span> <span class='ocrx_word' id='word_1_5' title='bbox 922 373 1125 429; x_wconf 85' lang='lat' dir='ltr'><strong>Rursus</strong></span> <span class='ocrx_word' id='word_1_6' title='bbox 1169 373 1224 427; x_wconf 92' lang='lat' dir='ltr'><strong>in</strong></span> <span class='ocrx_word' id='word_1_7' title='bbox 1269 371 1389 427; x_wconf 92' lang='lat' dir='ltr'><strong>Vita</strong></span> <span class='ocrx_word' id='word_1_8' title='bbox 1418 371 1674 428; x_wconf 85' lang='lat' dir='ltr'><strong>Bonifacii</strong></span> <span class='ocrx_word' id='word_1_9' title='bbox 1719 390 1731 425; x_wconf 92' lang='lat'>:</span> 
     </span>
    </p>
   </div>
   <div class='ocr_carea' id='block_1_3' title="bbox 483 441 2031 514">
    <p class='ocr_par' dir='ltr' id='par_1_3' title="bbox 483 441 2031 514">
     <span class='ocr_line' id='line_1_3' title="bbox 483 441 2031 514; baseline -0.005 -11"><span class='ocrx_word' id='word_1_10' title='bbox 483 459 721 514; x_wconf 80' lang='lat' dir='ltr'><strong>tempore</strong></span> <span class='ocrx_word' id='word_1_11' title='bbox 757 452 883 498; x_wconf 90' lang='lat' dir='ltr'><strong>ante</strong></span> <span class='ocrx_word' id='word_1_12' title='bbox 908 443 1021 514; x_wconf 85' lang='lat' dir='ltr'><strong>dies</strong></span> <span class='ocrx_word' id='word_1_13' title='bbox 1044 442 1392 497; x_wconf 72' lang='lat' dir='ltr'><strong>ordinationis</strong></span> <span class='ocrx_word' id='word_1_14' title='bbox 1414 441 1533 514; x_wconf 88' lang='lat' dir='ltr'><strong>ejus</strong></span> <span class='ocrx_word' id='word_1_15' title='bbox 1555 442 1893 514; x_wconf 84' lang='lat' dir='ltr'><strong>Eleutherius</strong></span> <span class='ocrx_word' id='word_1_16' title='bbox 1936 457 2031 511; x_wconf 89' lang='lat' dir='ltr'><strong>pa-</strong></span> 
     </span>
    </p>
   </div>
   <div class='ocr_carea' id='block_1_4' title="bbox 485 511 2030 580">
    <p class='ocr_par' dir='ltr' id='par_1_4' title="bbox 485 511 2030 580">
     <span class='ocr_line' id='line_1_4' title="bbox 485 511 2030 580; baseline -0.003 -11"><span class='ocrx_word' id='word_1_17' title='bbox 485 511 674 569; x_wconf 82' lang='lat' dir='ltr'><strong>tricius</strong></span> <span class='ocrx_word' id='word_1_18' title='bbox 709 521 763 567; x_wconf 93' lang='lat' dir='ltr'><strong>et</strong></span> <span class='ocrx_word' id='word_1_19' title='bbox 796 513 1071 567; x_wconf 87' lang='lat' dir='ltr'><strong>eunuchus</strong></span> <span class='ocrx_word' id='word_1_20' title='bbox 1097 514 1376 572; x_wconf 83' lang='lat' dir='ltr'><strong>exarchus,</strong></span> <span class='ocrx_word' id='word_1_21' title='bbox 1410 513 1602 565; x_wconf 88' lang='lat' dir='ltr'><strong>intrata</strong></span> <span class='ocrx_word' id='word_1_22' title='bbox 1639 511 1922 580; x_wconf 80' lang='lat' dir='ltr'><strong>assumpsit</strong></span> <span class='ocrx_word' id='word_1_23' title='bbox 1946 527 2030 565; x_wconf 89' lang='lat' dir='ltr'><strong>re-</strong></span> 
     </span>
    </p>
   </div>
   <div class='ocr_carea' id='block_1_5' title="bbox 481 581 2031 654">
    <p class='ocr_par' dir='ltr' id='par_1_5' title="bbox 481 581 2031 654">
     <span class='ocr_line' id='line_1_5' title="bbox 481 581 2031 654; baseline -0.003 -16"><span class='ocrx_word' id='word_1_24' title='bbox 481 599 666 654; x_wconf 84' lang='lat' dir='ltr'><strong>gnum,</strong></span> <span class='ocrx_word' id='word_1_25' title='bbox 697 594 751 637; x_wconf 81' lang='lat' dir='ltr'><strong>et</strong></span> <span class='ocrx_word' id='word_1_26' title='bbox 784 582 1121 654; x_wconf 84' lang='lat' dir='ltr'><strong>veniente_eo</strong></span> <span class='ocrx_word' id='word_1_27' title='bbox 1147 582 1507 654; x_wconf 39' lang='lat' dir='ltr'><strong>adhcivitatem</strong></span> <span class='ocrx_word' id='word_1_28' title='bbox 1534 581 1826 654; x_wconf 78' lang='lat' dir='ltr'><strong>Romanam</strong></span> <span class='ocrx_word' id='word_1_29' title='bbox 1858 582 1912 634; x_wconf 92' lang='lat' dir='ltr'><strong>in</strong></span> <span class='ocrx_word' id='word_1_30' title='bbox 1927 595 2031 654; x_wconf 85' lang='lat' dir='ltr'><strong>_ca-</strong></span> 
     </span>
    </p>
   </div>
   <div class='ocr_carea' id='block_1_6' title="bbox 483 650 2031 723">
    <p class='ocr_par' dir='ltr' id='par_1_6' title="bbox 483 650 2031 723">
     <span class='ocr_line' id='line_1_6' title="bbox 483 650 2031 723; baseline -0.003 -15"><span class='ocrx_word' id='word_1_31' title='bbox 483 650 595 708; x_wconf 72' lang='lat' dir='ltr'><strong>stro</strong></span> <span class='ocrx_word' id='word_1_32' title='bbox 631 654 773 723; x_wconf 87' lang='lat' dir='ltr'><strong>quod</strong></span> <span class='ocrx_word' id='word_1_33' title='bbox 808 652 1009 723; x_wconf 86' lang='lat' dir='ltr'><strong>dicitur</strong></span> <span class='ocrx_word' id='word_1_34' title='bbox 1032 650 1296 715; x_wconf 90' lang='lat' dir='ltr'><strong>Luceolis,</strong></span> <span class='ocrx_word' id='word_1_35' title='bbox 1346 650 1541 723; x_wconf 88' lang='lat' dir='ltr'><strong>ibidem</strong></span> <span class='ocrx_word' id='word_1_36' title='bbox 1587 667 1617 705; x_wconf 93' lang='lat' dir='ltr'><strong>a</strong></span> <span class='ocrx_word' id='word_1_37' title='bbox 1642 651 1898 723; x_wconf 77' lang='lat' dir='ltr'><strong>militibus</strong></span> <span class='ocrx_word' id='word_1_38' title='bbox 1926 650 2031 704; x_wconf 91' lang='lat' dir='ltr'><strong>Ra-</strong></span> 
     </span>
    </p>
   </div>
   <div class='ocr_carea' id='block_1_7' title="bbox 481 718 2033 791">
    <p class='ocr_par' dir='ltr' id='par_1_7' title="bbox 481 718 2033 791">
     <span class='ocr_line' id='line_1_7' title="bbox 481 718 2033 791; baseline -0.001 -16"><span class='ocrx_word' id='word_1_39' title='bbox 481 718 774 778; x_wconf 77' lang='lat' dir='ltr'><strong>vennaticis</strong></span> <span class='ocrx_word' id='word_1_40' title='bbox 803 721 1113 776; x_wconf 78' lang='lat' dir='ltr'><strong>interfectus</strong></span> <span class='ocrx_word' id='word_1_41' title='bbox 1150 728 1252 782; x_wconf 87' lang='lat' dir='ltr'><strong>est,</strong></span> <span class='ocrx_word' id='word_1_42' title='bbox 1289 718 1440 789; x_wconf 90' lang='lat' dir='ltr'><strong>cujus</strong></span> <span class='ocrx_word' id='word_1_43' title='bbox 1481 729 1640 791; x_wconf 90' lang='lat' dir='ltr'><strong>caput</strong></span> <span class='ocrx_word' id='word_1_44' title='bbox 1689 721 1901 791; x_wconf 84' lang='lat' dir='ltr'><strong>ductu_m</strong></span> <span class='ocrx_word' id='word_1_45' title='bbox 1940 728 2033 791; x_wconf 82' lang='lat' dir='ltr'><strong>est</strong></span> 
     </span>
    </p>
   </div>
   <div class='ocr_carea' id='block_1_8' title="bbox 480 788 2031 862">
    <p class='ocr_par' dir='ltr' id='par_1_8' title="bbox 480 788 2031 862">
     <span class='ocr_line' id='line_1_8' title="bbox 480 788 2031 862; baseline -0.003 -14"><span class='ocrx_word' id='word_1_46' title='bbox 480 791 991 862; x_wconf 83' lang='lat' dir='ltr'><strong>Constantinopolim</strong></span> <span class='ocrx_word' id='word_1_47' title='bbox 1019 792 1084 845; x_wconf 89' lang='lat' dir='ltr'><strong>ad</strong></span> <span class='ocrx_word' id='word_1_48' title='bbox 1109 788 1403 862; x_wconf 85' lang='lat' dir='ltr'><strong>piissimum</strong></span> <span class='ocrx_word' id='word_1_49' title='bbox 1429 788 1742 862; x_wconf 77' lang='lat' dir='ltr'><strong>principem.</strong></span> <span class='ocrx_word' id='word_1_50' title='bbox 1778 809 1817 862; x_wconf 56' lang='grc' dir='ltr'><strong>ι-</strong></span> <span class='ocrx_word' id='word_1_51' title='bbox 1831 788 2031 862; x_wconf 52' lang='lat' dir='ltr'><strong>Proba;</strong></span> 
     </span>
    </p>
   </div>
   <div class='ocr_carea' id='block_1_9' title="bbox 483 858 2031 929">
    <p class='ocr_par' dir='ltr' id='par_1_9' title="bbox 483 858 2031 929">
     <span class='ocr_line' id='line_1_9' title="bbox 483 858 2031 929; baseline -0.003 -13"><span class='ocrx_word' id='word_1_52' title='bbox 483 863 700 917; x_wconf 88' lang='lat' dir='ltr'><strong>biliores</strong></span> <span class='ocrx_word' id='word_1_53' title='bbox 739 858 929 917; x_wconf 81' lang='lat' dir='ltr'><strong>calculi</strong></span> <span class='ocrx_word' id='word_1_54' title='bbox 960 858 1245 915; x_wconf 85' lang='lat' dir='ltr'><strong>Deusdedit</strong></span> <span class='ocrx_word' id='word_1_55' title='bbox 1288 858 1445 915; x_wconf 79' lang='lat' dir='ltr'><strong>initia</strong></span> <span class='ocrx_word' id='word_1_56' title='bbox 1477 860 1543 914; x_wconf 92' lang='lat' dir='ltr'><strong>ad</strong></span> <span class='ocrx_word' id='word_1_57' title='bbox 1566 858 1766 929; x_wconf 82' lang='lat' dir='ltr'><strong>primos</strong></span> <span class='ocrx_word' id='word_1_58' title='bbox 1788 858 2031 913; x_wconf 82' lang='lat' dir='ltr'><strong>Januarii</strong></span> 
     </span>
    </p>
   </div>
   <div class='ocr_carea' id='block_1_10' title="bbox 480 929 2030 998">
    <p class='ocr_par' dir='ltr' id='par_1_10' title="bbox 480 929 2030 998">
     <span class='ocr_line' id='line_1_10' title="bbox 480 929 2030 998; baseline -0.002 -13"><span class='ocrx_word' id='word_1_59' title='bbox 480 932 593 985; x_wconf 88' lang='lat' dir='ltr'><strong>dies</strong></span> <span class='ocrx_word' id='word_1_60' title='bbox 625 933 749 987; x_wconf 91' lang='lat' dir='ltr'><strong>anni</strong></span> <span class='ocrx_word' id='word_1_61' title='bbox 783 930 904 994; x_wconf 75' lang='lat'><strong>616,</strong></span> <span class='ocrx_word' id='word_1_62' title='bbox 936 930 1192 985; x_wconf 81' lang='lat' dir='ltr'><strong>Bonifacii</strong></span> <span class='ocrx_word' id='word_1_63' title='bbox 1220 931 1262 985; x_wconf 91' lang='lat' dir='ltr'><strong>V</strong></span> <span class='ocrx_word' id='word_1_64' title='bbox 1292 930 1679 985; x_wconf 84' lang='lat' dir='ltr'><strong>ordinationem</strong></span> <span class='ocrx_word' id='word_1_65' title='bbox 1710 930 1775 984; x_wconf 91' lang='lat' dir='ltr'><strong>ad</strong></span> <span class='ocrx_word' id='word_1_66' title='bbox 1796 929 2030 998; x_wconf 76' lang='lat' dir='ltr'><strong>Aprilem</strong></span> 
     </span>
    </p>
   </div>
   <div class='ocr_carea' id='block_1_11' title="bbox 480 997 2032 1069">
    <p class='ocr_par' dir='ltr' id='par_1_11' title="bbox 480 997 2032 1069">
     <span class='ocr_line' id='line_1_11' title="bbox 480 997 2032 1069; baseline 0 -16"><span class='ocrx_word' id='word_1_67' title='bbox 480 1002 603 1055; x_wconf 83' lang='lat' dir='ltr'><strong>anni</strong></span> <span class='ocrx_word' id='word_1_68' title='bbox 629 1002 750 1065; x_wconf 81' lang='lat'><strong>6‘20,</strong></span> <span class='ocrx_word' id='word_1_69' title='bbox 782 1000 1043 1055; x_wconf 80' lang='lat' dir='ltr'><strong>referunt.</strong></span> <span class='ocrx_word' id='word_1_70' title='bbox 1095 999 1346 1069; x_wconf 81' lang='lat' dir='ltr'><strong>Sequitur</strong></span> <span class='ocrx_word' id='word_1_71' title='bbox 1392 1016 1458 1053; x_wconf 87' lang='lat' dir='ltr'><strong>ex</strong></span> <span class='ocrx_word' id='word_1_72' title='bbox 1485 1000 1568 1054; x_wconf 88' lang='lat' dir='ltr'><strong>his</strong></span> <span class='ocrx_word' id='word_1_73' title='bbox 1605 1013 1787 1054; x_wconf 87' lang='lat' dir='ltr'><strong>necem</strong></span> <span class='ocrx_word' id='word_1_74' title='bbox 1812 997 2032 1053; x_wconf 83' lang='lat' dir='ltr'><strong>Joannis</strong></span> 
     </span>
    </p>
   </div>
   <div class='ocr_carea' id='block_1_12' title="bbox 479 1069 2033 1140">
    <p class='ocr_par' dir='ltr' id='par_1_12' title="bbox 479 1069 2033 1140">
     <span class='ocr_line' id='line_1_12' title="bbox 479 1069 2033 1140; baseline 0.001 -18"><span class='ocrx_word' id='word_1_75' title='bbox 479 1072 697 1125; x_wconf 83' lang='lat' dir='ltr'><strong>exarchi</strong></span> <span class='ocrx_word' id='word_1_76' title='bbox 731 1079 994 1140; x_wconf 90' lang='lat' dir='ltr'><strong>patratam</strong></span> <span class='ocrx_word' id='word_1_77' title='bbox 1029 1086 1169 1123; x_wconf 88' lang='lat' dir='ltr'><strong>anno</strong></span> <span class='ocrx_word' id='word_1_78' title='bbox 1197 1070 1317 1140; x_wconf 75' lang='lat'><strong>615,</strong></span> <span class='ocrx_word' id='word_1_79' title='bbox 1349 1069 1709 1124; x_wconf 74' lang='lat' dir='ltr'><strong>Eleutlierium</strong></span> <span class='ocrx_word' id='word_1_80' title='bbox 1752 1083 1892 1140; x_wconf 81' lang='lat' dir='ltr'><strong>anno</strong></span> <span class='ocrx_word' id='word_1_81' title='bbox 1948 1083 2033 1140; x_wconf 89' lang='lat' dir='ltr'><strong>se-</strong></span> 
     </span>
    </p>
   </div>
   <div class='ocr_carea' id='block_1_13' title="bbox 478 1138 2032 1208">
    <p class='ocr_par' dir='ltr' id='par_1_13' title="bbox 478 1138 2032 1208">
     <span class='ocr_line' id='line_1_13' title="bbox 478 1138 2032 1208; baseline -0.003 -14"><span class='ocrx_word' id='word_1_82' title='bbox 478 1141 660 1208; x_wconf 90' lang='lat' dir='ltr'><strong>quenti</strong></span> <span class='ocrx_word' id='word_1_83' title='bbox 691 1138 794 1194; x_wconf 69' lang='lat'><strong>616</strong></span> <span class='ocrx_word' id='word_1_84' title='bbox 818 1140 1085 1194; x_wconf 69' lang='lat' dir='ltr'><strong>Ravenna:</strong></span> <span class='ocrx_word' id='word_1_85' title='bbox 1131 1140 1185 1194; x_wconf 91' lang='lat' dir='ltr'><strong>in</strong></span> <span class='ocrx_word' id='word_1_86' title='bbox 1213 1139 1433 1194; x_wconf 87' lang='lat' dir='ltr'><strong>Joannis</strong></span> <span class='ocrx_word' id='word_1_87' title='bbox 1485 1140 1776 1208; x_wconf 18' lang='lat' dir='ltr'><strong>occisoresi</strong></span> <span class='ocrx_word' id='word_1_88' title='bbox 1789 1138 2032 1208; x_wconf 80' lang='lat' dir='ltr'><strong>animad-</strong></span> 
     </span>
    </p>
   </div>
   <div class='ocr_carea' id='block_1_14' title="bbox 476 1206 2030 1278">
    <p class='ocr_par' dir='ltr' id='par_1_14' title="bbox 476 1206 2030 1278">
     <span class='ocr_line' id='line_1_14' title="bbox 476 1206 2030 1278; baseline -0.001 -15"><span class='ocrx_word' id='word_1_89' title='bbox 476 1206 723 1275; x_wconf 79' lang='lat' dir='ltr'><strong>vertisse,</strong></span> <span class='ocrx_word' id='word_1_90' title='bbox 762 1211 885 1265; x_wconf 91' lang='lat' dir='ltr'><strong>inde</strong></span> <span class='ocrx_word' id='word_1_91' title='bbox 926 1218 1047 1278; x_wconf 90' lang='lat' dir='ltr'><strong>post</strong></span> <span class='ocrx_word' id='word_1_92' title='bbox 1087 1209 1288 1278; x_wconf 85' lang='lat' dir='ltr'><strong>aliquot</strong></span> <span class='ocrx_word' id='word_1_93' title='bbox 1330 1224 1543 1264; x_wconf 86' lang='lat' dir='ltr'><strong>menses</strong></span> <span class='ocrx_word' id='word_1_94' title='bbox 1568 1209 1733 1263; x_wconf 86' lang='lat' dir='ltr'><strong>Roma</strong></span> <span class='ocrx_word' id='word_1_95' title='bbox 1759 1206 2030 1277; x_wconf 77' lang='lat' dir='ltr'><strong>Neapolim</strong></span> 
     </span>
    </p>
   </div>
   <div class='ocr_carea' id='block_1_15' title="bbox 477 1278 2027 1350">
    <p class='ocr_par' dir='ltr' id='par_1_15' title="bbox 477 1278 2027 1350">
     <span class='ocr_line' id='line_1_15' title="bbox 477 1278 2027 1350; baseline 0 -19"><span class='ocrx_word' id='word_1_96' title='bbox 477 1279 659 1343; x_wconf 91' lang='lat' dir='ltr'><strong>ivisse,</strong></span> <span class='ocrx_word' id='word_1_97' title='bbox 696 1282 787 1334; x_wconf 90' lang='lat' dir='ltr'><strong>ubi</strong></span> <span class='ocrx_word' id='word_1_98' title='bbox 829 1278 1050 1335; x_wconf 79' lang='lat' dir='ltr'><strong>Joannis</strong></span> <span class='ocrx_word' id='word_1_99' title='bbox 1097 1279 1319 1350; x_wconf 88' lang='lat' dir='ltr'><strong>Consini</strong></span> <span class='ocrx_word' id='word_1_100' title='bbox 1348 1280 1698 1350; x_wconf 73' lang='lat' dir='ltr'><strong>tyrannidem</strong></span> <span class='ocrx_word' id='word_1_101' title='bbox 1743 1278 2027 1350; x_wconf 71' lang='lat' dir='ltr'><strong>exstinxit;</strong></span> 
     </span>
    </p>
   </div>
   <div class='ocr_carea' id='block_1_16' title="bbox 475 1343 2033 1419">
    <p class='ocr_par' dir='ltr' id='par_1_16' title="bbox 475 1343 2033 1419">
     <span class='ocr_line' id='line_1_16' title="bbox 475 1343 2033 1419; baseline -0.002 -15"><span class='ocrx_word' id='word_1_102' title='bbox 475 1351 692 1419; x_wconf 80' lang='lat' dir='ltr'><strong>tandem</strong></span> <span class='ocrx_word' id='word_1_103' title='bbox 720 1358 843 1405; x_wconf 87' lang='lat' dir='ltr'><strong>ante</strong></span> <span class='ocrx_word' id='word_1_104' title='bbox 858 1349 1090 1419; x_wconf 83' lang='lat' dir='ltr'><strong>Aprilem</strong></span> <span class='ocrx_word' id='word_1_105' title='bbox 1116 1349 1239 1403; x_wconf 92' lang='lat' dir='ltr'><strong>anni</strong></span> <span class='ocrx_word' id='word_1_106' title='bbox 1265 1343 1398 1414; x_wconf 52' lang='lat'><strong>6&amp;0;</strong></span> <span class='ocrx_word' id='word_1_107' title='bbox 1416 1343 1661 1404; x_wconf 86' lang='lat' dir='ltr'><strong>eumdem</strong></span> <span class='ocrx_word' id='word_1_108' title='bbox 1690 1348 1757 1402; x_wconf 89' lang='lat' dir='ltr'><strong>ad</strong></span> <span class='ocrx_word' id='word_1_109' title='bbox 1784 1348 2033 1419; x_wconf 84' lang='lat' dir='ltr'><strong>Castrum</strong></span> 
     </span>
    </p>
   </div>
   <div class='ocr_carea' id='block_1_17' title="bbox 474 1418 2033 1487">
    <p class='ocr_par' dir='ltr' id='par_1_17' title="bbox 474 1418 2033 1487">
     <span class='ocr_line' id='line_1_17' title="bbox 474 1418 2033 1487; baseline -0.002 -14"><span class='ocrx_word' id='word_1_110' title='bbox 474 1418 732 1474; x_wconf 89' lang='lat' dir='ltr'><strong>Luceolos</strong></span> <span class='ocrx_word' id='word_1_111' title='bbox 771 1418 1117 1474; x_wconf 66' lang='lat' dir='ltr'><strong>exstinctum:</strong></span> <span class='ocrx_word' id='word_1_112' title='bbox 1161 1419 1436 1473; x_wconf 84' lang='lat' dir='ltr'><strong>Pertinent</strong></span> <span class='ocrx_word' id='word_1_113' title='bbox 1482 1419 1660 1487; x_wconf 83' lang='lat' dir='ltr'><strong>itaque</strong></span> <span class='ocrx_word' id='word_1_114' title='bbox 1703 1419 1815 1472; x_wconf 64' lang='lat' dir='ltr'><strong>haec</strong></span> <span class='ocrx_word' id='word_1_115' title='bbox 1853 1418 2033 1487; x_wconf 84' lang='lat' dir='ltr'><strong>omnia</strong></span> 
     </span>
    </p>
   </div>
   <div class='ocr_carea' id='block_1_18' title="bbox 478 1485 2035 1558">
    <p class='ocr_par' dir='ltr' id='par_1_18' title="bbox 478 1485 2035 1558">
     <span class='ocr_line' id='line_1_18' title="bbox 478 1485 2035 1558; baseline 0 -18"><span class='ocrx_word' id='word_1_116' title='bbox 478 1489 544 1543; x_wconf 87' lang='lat' dir='ltr'><strong>ad</strong></span> <span class='ocrx_word' id='word_1_117' title='bbox 574 1489 886 1558; x_wconf 86' lang='lat' dir='ltr'><strong>posterioris</strong></span> <span class='ocrx_word' id='word_1_118' title='bbox 906 1488 1126 1544; x_wconf 82' lang='lat' dir='ltr'><strong>Joannis</strong></span> <span class='ocrx_word' id='word_1_119' title='bbox 1159 1498 1392 1542; x_wconf 70' lang='lat' dir='ltr'><strong>aetatem.</strong></span> <span class='ocrx_word' id='word_1_120' title='bbox 1420 1488 1548 1555; x_wconf 74' lang='lat' dir='ltr'><strong>Qua:</strong></span> <span class='ocrx_word' id='word_1_121' title='bbox 1575 1485 1871 1557; x_wconf 77' lang='lat' dir='ltr'><strong>sequuntur</strong></span> <span class='ocrx_word' id='word_1_122' title='bbox 1897 1485 2035 1557; x_wconf 90' lang='lat' dir='ltr'><strong>apud</strong></span> 
     </span>
    </p>
   </div>
   <div class='ocr_carea' id='block_1_19' title="bbox 473 1558 2035 1629">
    <p class='ocr_par' dir='ltr' id='par_1_19' title="bbox 473 1558 2035 1629">
     <span class='ocr_line' id='line_1_19' title="bbox 473 1558 2035 1629; baseline -0.001 -17"><span class='ocrx_word' id='word_1_123' title='bbox 473 1558 695 1613; x_wconf 91' lang='lat' dir='ltr'><strong>Paulum</strong></span> <span class='ocrx_word' id='word_1_124' title='bbox 735 1571 790 1613; x_wconf 92' lang='lat' dir='ltr'><strong>et</strong></span> <span class='ocrx_word' id='word_1_125' title='bbox 812 1559 1091 1629; x_wconf 79' lang='lat' dir='ltr'><strong>Agnellum</strong></span> <span class='ocrx_word' id='word_1_126' title='bbox 1137 1558 1420 1629; x_wconf 80' lang='lat' dir='ltr'><strong>manifesto</strong></span> <span class='ocrx_word' id='word_1_127' title='bbox 1459 1559 1525 1612; x_wconf 92' lang='lat' dir='ltr'><strong>ad</strong></span> <span class='ocrx_word' id='word_1_128' title='bbox 1554 1559 1749 1629; x_wconf 81' lang='lat' dir='ltr'><strong>prioris</strong></span> <span class='ocrx_word' id='word_1_129' title='bbox 1794 1566 2035 1629; x_wconf 85' lang='lat' dir='ltr'><strong>tempora</strong></span> 
     </span>
    </p>
   </div>
   <div class='ocr_carea' id='block_1_20' title="bbox 474 1628 2036 1698">
    <p class='ocr_par' dir='ltr' id='par_1_20' title="bbox 474 1628 2036 1698">
     <span class='ocr_line' id='line_1_20' title="bbox 474 1628 2036 1698; baseline -0.002 -17"><span class='ocrx_word' id='word_1_130' title='bbox 474 1639 744 1698; x_wconf 87' lang='lat' dir='ltr'><strong>spectant,</strong></span> <span class='ocrx_word' id='word_1_131' title='bbox 771 1630 879 1684; x_wconf 91' lang='lat' dir='ltr'><strong>imo</strong></span> <span class='ocrx_word' id='word_1_132' title='bbox 928 1628 1181 1684; x_wconf 88' lang='lat' dir='ltr'><strong>nonnulla</strong></span> <span class='ocrx_word' id='word_1_133' title='bbox 1211 1628 1491 1698; x_wconf 82' lang='lat' dir='ltr'><strong>Gregorio,</strong></span> <span class='ocrx_word' id='word_1_134' title='bbox 1536 1639 1590 1682; x_wconf 89' lang='lat' dir='ltr'><strong>et</strong></span> <span class='ocrx_word' id='word_1_135' title='bbox 1615 1628 1912 1683; x_wconf 85' lang='lat' dir='ltr'><strong>Mariniano</strong></span> <span class='ocrx_word' id='word_1_136' title='bbox 1946 1641 2036 1698; x_wconf 84' lang='lat' dir='ltr'><strong>su-</strong></span> 
     </span>
    </p>
   </div>
   <div class='ocr_carea' id='block_1_21' title="bbox 511 1695 2105 1786">
    <p class='ocr_par' dir='ltr' id='par_1_21' title="bbox 511 1695 2105 1786">
     <span class='ocr_line' id='line_1_21' title="bbox 511 1695 2105 1786; baseline 0 -36"><span class='ocrx_word' id='word_1_137' title='bbox 511 1695 953 1786; x_wconf 33' lang='lat' dir='ltr'><strong>crstitibushacta</strong></span> <span class='ocrx_word' id='word_1_138' title='bbox 1001 1708 1145 1786; x_wconf 54' lang='lat' dir='ltr'><strong>sunt,</strong></span> <span class='ocrx_word' id='word_1_139' title='bbox 1174 1700 1251 1753; x_wconf 91' lang='lat' dir='ltr'><strong>uti</strong></span> <span class='ocrx_word' id='word_1_140' title='bbox 1273 1695 1528 1786; x_wconf 49' lang='lat' dir='ltr'><strong>Mauricii</strong></span> <span class='ocrx_word' id='word_1_141' title='bbox 1555 1695 2033 1786; x_wconf 46' lang='lat' dir='ltr'><strong>ﬁlioruntque&#39;ejus</strong></span> <span class='ocrx_word' id='word_1_142' title='bbox 2060 1729 2105 1786; x_wconf 77' lang='grc' dir='ltr'><strong>Β</strong></span> 
     </span>
    </p>
   </div>
   <div class='ocr_carea' id='block_1_22' title="bbox 495 1767 2030 1839">
    <p class='ocr_par' dir='ltr' id='par_1_22' title="bbox 495 1767 2030 1839">
     <span class='ocr_line' id='line_1_22' title="bbox 495 1767 2030 1839; baseline -0.001 -18"><span class='ocrx_word' id='word_1_143' title='bbox 495 1770 703 1839; x_wconf 85' lang='lat' dir='ltr'><strong>aniena,</strong></span> <span class='ocrx_word' id='word_1_144' title='bbox 732 1769 993 1839; x_wconf 88' lang='lat' dir='ltr'><strong>initiaque</strong></span> <span class='ocrx_word' id='word_1_145' title='bbox 1024 1768 1235 1823; x_wconf 82' lang='lat' dir='ltr'><strong>Phocae.</strong></span> <span class='ocrx_word' id='word_1_146' title='bbox 1272 1769 1402 1823; x_wconf 91' lang='lat' dir='ltr'><strong>Illud</strong></span> <span class='ocrx_word' id='word_1_147' title='bbox 1431 1770 1718 1839; x_wconf 80' lang='lat' dir='ltr'><strong>notandum</strong></span> <span class='ocrx_word' id='word_1_148' title='bbox 1741 1767 2030 1839; x_wconf 7' lang='lat' dir='ltr'><strong>estgeidem</strong></span> 
     </span>
    </p>
   </div>
   <div class='ocr_carea' id='block_1_23' title="bbox 472 1837 2033 1907">
    <p class='ocr_par' dir='ltr' id='par_1_23' title="bbox 472 1837 2033 1907">
     <span class='ocr_line' id='line_1_23' title="bbox 472 1837 2033 1907; baseline -0.001 -17"><span class='ocrx_word' id='word_1_149' title='bbox 472 1837 745 1893; x_wconf 80' lang='lat' dir='ltr'><strong>Bonifacio</strong></span> <span class='ocrx_word' id='word_1_150' title='bbox 795 1837 976 1902; x_wconf 81' lang='lat' dir='ltr'><strong>tribui,</strong></span> <span class='ocrx_word' id='word_1_151' title='bbox 1035 1840 1176 1907; x_wconf 90' lang='lat' dir='ltr'><strong>quod</strong></span> <span class='ocrx_word' id='word_1_152' title='bbox 1222 1847 1478 1892; x_wconf 86' lang='lat' dir='ltr'><strong>statutum</strong></span> <span class='ocrx_word' id='word_1_153' title='bbox 1535 1837 1696 1893; x_wconf 80' lang='lat' dir='ltr'><strong>fuerit</strong></span> <span class='ocrx_word' id='word_1_154' title='bbox 1737 1837 2033 1892; x_wconf 85' lang='lat' dir='ltr'><strong>Ecclesiam</strong></span> 
     </span>
    </p>
   </div>
   <div class='ocr_carea' id='block_1_24' title="bbox 476 1908 2038 1978">
    <p class='ocr_par' dir='ltr' id='par_1_24' title="bbox 476 1908 2038 1978">
     <span class='ocr_line' id='line_1_24' title="bbox 476 1908 2038 1978; baseline -0.001 -16"><span class='ocrx_word' id='word_1_155' title='bbox 476 1908 771 1963; x_wconf 78' lang='lat' dir='ltr'><strong>Romanam</strong></span> <span class='ocrx_word' id='word_1_156' title='bbox 794 1917 1045 1978; x_wconf 88' lang='lat' dir='ltr'><strong>tanquam</strong></span> <span class='ocrx_word' id='word_1_157' title='bbox 1067 1910 1304 1963; x_wconf 92' lang='lat' dir='ltr'><strong>omnium</strong></span> <span class='ocrx_word' id='word_1_158' title='bbox 1319 1909 1673 1964; x_wconf 84' lang='lat' dir='ltr'><strong>Ecclesiarum</strong></span> <span class='ocrx_word' id='word_1_159' title='bbox 1696 1918 1856 1977; x_wconf 88' lang='lat' dir='ltr'><strong>caput</strong></span> <span class='ocrx_word' id='word_1_160' title='bbox 1879 1908 2038 1978; x_wconf 66' lang='lat' dir='ltr'><strong>h_onos</strong></span> 
     </span>
    </p>
   </div>
   <div class='ocr_carea' id='block_1_25' title="bbox 478 1976 2035 2047">
    <p class='ocr_par' dir='ltr' id='par_1_25' title="bbox 478 1976 2035 2047">
     <span class='ocr_line' id='line_1_25' title="bbox 478 1976 2035 2047; baseline 0 -18"><span class='ocrx_word' id='word_1_161' title='bbox 478 1979 719 2042; x_wconf 90' lang='lat' dir='ltr'><strong>randam,</strong></span> <span class='ocrx_word' id='word_1_162' title='bbox 766 1987 819 2033; x_wconf 88' lang='lat' dir='ltr'><strong>et</strong></span> <span class='ocrx_word' id='word_1_163' title='bbox 848 1976 1122 2033; x_wconf 78' lang='lat' dir='ltr'><strong>obtentum</strong></span> <span class='ocrx_word' id='word_1_164' title='bbox 1155 1980 1295 2047; x_wconf 88' lang='lat' dir='ltr'><strong>quod</strong></span> <span class='ocrx_word' id='word_1_165' title='bbox 1322 1988 1476 2034; x_wconf 90' lang='lat' dir='ltr'><strong>vetus</strong></span> <span class='ocrx_word' id='word_1_166' title='bbox 1506 1976 1866 2032; x_wconf 84' lang='lat' dir='ltr'><strong>Romanorum</strong></span> <span class='ocrx_word' id='word_1_167' title='bbox 1898 1976 2035 2029; x_wconf 91' lang='lat' dir='ltr'><strong>Pan-</strong></span> 
     </span>
    </p>
   </div>
   <div class='ocr_carea' id='block_1_26' title="bbox 474 2047 2033 2119">
    <p class='ocr_par' dir='ltr' id='par_1_26' title="bbox 474 2047 2033 2119">
     <span class='ocr_line' id='line_1_26' title="bbox 474 2047 2033 2119; baseline 0.001 -20"><span class='ocrx_word' id='word_1_168' title='bbox 474 2047 637 2102; x_wconf 86' lang='lat' dir='ltr'><strong>theon</strong></span> <span class='ocrx_word' id='word_1_169' title='bbox 667 2049 735 2102; x_wconf 87' lang='lat' dir='ltr'><strong>ad</strong></span> <span class='ocrx_word' id='word_1_170' title='bbox 761 2049 1016 2103; x_wconf 88' lang='lat' dir='ltr'><strong>honorem</strong></span> <span class='ocrx_word' id='word_1_171' title='bbox 1047 2047 1108 2102; x_wconf 84' lang='grc' dir='ltr'><strong>Β.</strong></span> <span class='ocrx_word' id='word_1_172' title='bbox 1136 2049 1370 2119; x_wconf 76' lang='lat' dir='ltr'><strong>Virginis</strong></span> <span class='ocrx_word' id='word_1_173' title='bbox 1397 2058 1452 2102; x_wconf 87' lang='lat' dir='ltr'><strong>et</strong></span> <span class='ocrx_word' id='word_1_174' title='bbox 1474 2048 1713 2104; x_wconf 87' lang='lat' dir='ltr'><strong>omnium</strong></span> <span class='ocrx_word' id='word_1_175' title='bbox 1737 2056 2033 2117; x_wconf 89' lang='lat' dir='ltr'><strong>martyrum</strong></span> 
     </span>
    </p>
   </div>
   <div class='ocr_carea' id='block_1_27' title="bbox 1174 251 2987 323">
    <p class='ocr_par' dir='ltr' id='par_1_27' title="bbox 1174 251 2987 323">
     <span class='ocr_line' id='line_1_27' title="bbox 1174 251 2987 323; baseline -0.002 -9"><span class='ocrx_word' id='word_1_176' title='bbox 1174 251 1468 316; x_wconf 79' lang='lat' dir='ltr'><strong>AGNELLI</strong></span> <span class='ocrx_word' id='word_1_177' title='bbox 1502 259 1788 315; x_wconf 76' lang='lat' dir='ltr'><strong>ABBATIS</strong></span> <span class='ocrx_word' id='word_1_178' title='bbox 1827 259 1885 315; x_wconf 91' lang='lat' dir='ltr'><strong>S.</strong></span> <span class='ocrx_word' id='word_1_179' title='bbox 1925 259 2162 315; x_wconf 73' lang='lat' dir='ltr'><strong>MARUE</strong></span> <span class='ocrx_word' id='word_1_180' title='bbox 2200 260 2292 314; x_wconf 79' lang='lat' dir='ltr'><strong>AD</strong></span> <span class='ocrx_word' id='word_1_181' title='bbox 2328 256 2799 323; x_wconf 81' lang='lat' dir='ltr'><strong>BLACHERNAS,</strong></span> <span class='ocrx_word' id='word_1_182' title='bbox 2839 256 2987 312; x_wconf 85' lang='lat' dir='ltr'><strong>ETC.</strong></span> 
     </span>
    </p>
   </div>
   <div class='ocr_carea' id='block_1_28' title="bbox 1780 371 2105 437">
    <p class='ocr_par' dir='ltr' id='par_1_28' title="bbox 1780 371 2105 437">
     <span class='ocr_line' id='line_1_28' title="bbox 1780 371 2105 437; baseline 0.006 -14"><span class='ocrx_word' id='word_1_183' title='bbox 1780 391 1799 423; x_wconf 69' lang='grc' dir='ltr'>ί</span> <span class='ocrx_word' id='word_1_184' title='bbox 1833 371 2029 426; x_wconf 89' lang='lat' dir='ltr'><strong>Eodem</strong></span> <span class='ocrx_word' id='word_1_185' title='bbox 2058 379 2105 437; x_wconf 79' lang='grc' dir='ltr'>Λ</span> 
     </span>
    </p>
   </div>
   <div class='ocr_carea' id='block_1_29' title="bbox 3584 249 3682 304">
    <p class='ocr_par' dir='ltr' id='par_1_29' title="bbox 3584 249 3682 304">
     <span class='ocr_line' id='line_1_29' title="bbox 3584 249 3682 304; baseline -0.01 0"><span class='ocrx_word' id='word_1_186' title='bbox 3584 249 3682 304; x_wconf 70' lang='grc'><strong>656</strong></span> 
     </span>
    </p>
   </div>
   <div class='ocr_carea' id='block_1_30' title="bbox 2131 365 3685 437">
    <p class='ocr_par' dir='ltr' id='par_1_30' title="bbox 2131 365 3685 437">
     <span class='ocr_line' id='line_1_30' title="bbox 2131 365 3685 437; baseline -0.006 -12"><span class='ocrx_word' id='word_1_187' title='bbox 2131 371 2241 426; x_wconf 92' lang='lat' dir='ltr'><strong>Deo</strong></span> <span class='ocrx_word' id='word_1_188' title='bbox 2266 372 2563 435; x_wconf 86' lang='lat' dir='ltr'><strong>dicaretur;</strong></span> <span class='ocrx_word' id='word_1_189' title='bbox 2595 378 2803 425; x_wconf 87' lang='lat' dir='ltr'><strong>constat</strong></span> <span class='ocrx_word' id='word_1_190' title='bbox 2829 377 3004 424; x_wconf 90' lang='lat' dir='ltr'><strong>tamen</strong></span> <span class='ocrx_word' id='word_1_191' title='bbox 3034 384 3101 425; x_wconf 84' lang='lat' dir='ltr'><strong>ex</strong></span> <span class='ocrx_word' id='word_1_192' title='bbox 3126 366 3427 430; x_wconf 82' lang='lat' dir='ltr'><strong>Anastasio,</strong></span> <span class='ocrx_word' id='word_1_193' title='bbox 3452 365 3685 437; x_wconf 66' lang='lat' dir='ltr'><strong>primum</strong></span> 
     </span>
    </p>
   </div>
   <div class='ocr_carea' id='block_1_31' title="bbox 2131 435 3693 501">
    <p class='ocr_par' dir='ltr' id='par_1_31' title="bbox 2131 435 3693 501">
     <span class='ocr_line' id='line_1_31' title="bbox 2131 435 3693 501; baseline -0.005 -5"><span class='ocrx_word' id='word_1_194' title='bbox 2131 441 2232 496; x_wconf 90' lang='lat' dir='ltr'><strong>sub</strong></span> <span class='ocrx_word' id='word_1_195' title='bbox 2264 438 2539 496; x_wconf 82' lang='lat' dir='ltr'><strong>Bonifacio</strong></span> <span class='ocrx_word' id='word_1_196' title='bbox 2581 440 2647 494; x_wconf 92' lang='lat' dir='ltr'><strong>Ill</strong></span> <span class='ocrx_word' id='word_1_197' title='bbox 2702 448 2878 493; x_wconf 88' lang='lat' dir='ltr'><strong>autem</strong></span> <span class='ocrx_word' id='word_1_198' title='bbox 2919 438 3102 501; x_wconf 79' lang='lat' dir='ltr'><strong>fuisse,</strong></span> <span class='ocrx_word' id='word_1_199' title='bbox 3136 437 3427 493; x_wconf 88' lang='lat' dir='ltr'><strong>secundum</strong></span> <span class='ocrx_word' id='word_1_200' title='bbox 3454 435 3693 488; x_wconf 55' lang='lat' dir='ltr'><strong>&#39;Bonita-</strong></span> 
     </span>
    </p>
   </div>
   <div class='ocr_carea' id='block_1_32' title="bbox 2129 505 3683 578">
    <p class='ocr_par' dir='ltr' id='par_1_32' title="bbox 2129 505 3683 578">
     <span class='ocr_line' id='line_1_32' title="bbox 2129 505 3683 578; baseline -0.005 -13"><span class='ocrx_word' id='word_1_201' title='bbox 2129 511 2213 566; x_wconf 94' lang='lat' dir='ltr'><strong>cio</strong></span> <span class='ocrx_word' id='word_1_202' title='bbox 2238 511 2305 565; x_wconf 87' lang='lat' dir='ltr'><strong>IV</strong></span> <span class='ocrx_word' id='word_1_203' title='bbox 2319 525 2649 565; x_wconf 89' lang='lat' dir='ltr'><strong>concessum.</strong></span> <span class='ocrx_word' id='word_1_204' title='bbox 2664 509 2885 578; x_wconf 83' lang='lat' dir='ltr'><strong>Reliqua</strong></span> <span class='ocrx_word' id='word_1_205' title='bbox 2908 508 3059 563; x_wconf 88' lang='lat' dir='ltr'><strong>facile</strong></span> <span class='ocrx_word' id='word_1_206' title='bbox 3073 509 3185 563; x_wconf 90' lang='lat' dir='ltr'><strong>suis</strong></span> <span class='ocrx_word' id='word_1_207' title='bbox 3206 505 3539 578; x_wconf 82' lang='lat' dir='ltr'><strong>temporibus</strong></span> <span class='ocrx_word' id='word_1_208' title='bbox 3557 506 3683 559; x_wconf 50' lang='lat' dir='ltr'><strong>assi.</strong></span> 
     </span>
    </p>
   </div>
   <div class='ocr_carea' id='block_1_33' title="bbox 2128 575 3691 661">
    <p class='ocr_par' dir='ltr' id='par_1_33' title="bbox 2128 575 3691 661">
     <span class='ocr_line' id='line_1_33' title="bbox 2128 575 3691 661; baseline -0.005 -26"><span class='ocrx_word' id='word_1_209' title='bbox 2128 590 2375 661; x_wconf 74' lang='lat' dir='ltr'><strong>gnantur.</strong></span> <span class='ocrx_word' id='word_1_210' title='bbox 2407 579 2688 661; x_wconf 33' lang='lat' dir='ltr'><strong>l_Jnumoest</strong></span> <span class='ocrx_word' id='word_1_211' title='bbox 2710 575 3059 661; x_wconf 35' lang='lat' dir='ltr'><strong>quod‘ignoro</strong></span> <span class='ocrx_word' id='word_1_212' title='bbox 3085 578 3179 660; x_wconf 74' lang='lat' dir='ltr'><strong>cui</strong></span> <span class='ocrx_word' id='word_1_213' title='bbox 3199 575 3691 661; x_wconf 62' lang='lat' dir='ltr'><strong>anno_cousignan-</strong></span> 
     </span>
    </p>
   </div>
   <div class='ocr_carea' id='block_1_34' title="bbox 2129 642 3694 718">
    <p class='ocr_par' dir='ltr' id='par_1_34' title="bbox 2129 642 3694 718">
     <span class='ocr_line' id='line_1_34' title="bbox 2129 642 3694 718; baseline -0.004 -14"><span class='ocrx_word' id='word_1_214' title='bbox 2129 642 2254 705; x_wconf 74' lang='lat' dir='ltr'><strong>dum</strong></span> <span class='ocrx_word' id='word_1_215' title='bbox 2297 651 2386 715; x_wconf 91' lang='lat' dir='ltr'><strong>sit,</strong></span> <span class='ocrx_word' id='word_1_216' title='bbox 2412 648 2634 704; x_wconf 88' lang='lat' dir='ltr'><strong>Joannis</strong></span> <span class='ocrx_word' id='word_1_217' title='bbox 2668 642 2869 704; x_wconf 86' lang='lat' dir='ltr'><strong>scilicet</strong></span> <span class='ocrx_word' id='word_1_218' title='bbox 2894 642 3213 718; x_wconf 75' lang='lat' dir='ltr'><strong>posterioris</strong></span> <span class='ocrx_word' id='word_1_219' title='bbox 3266 642 3694 718; x_wconf 38' lang='lat' dir='ltr'><strong>inclitumjiaci-</strong></span> 
     </span>
    </p>
   </div>
   <div class='ocr_carea' id='block_1_35' title="bbox 2128 714 3693 790">
    <p class='ocr_par' dir='ltr' id='par_1_35' title="bbox 2128 714 3693 790">
     <span class='ocr_line' id='line_1_35' title="bbox 2128 714 3693 790; baseline -0.004 -16"><span class='ocrx_word' id='word_1_220' title='bbox 2128 737 2248 784; x_wconf 90' lang='lat' dir='ltr'><strong>nus,</strong></span> <span class='ocrx_word' id='word_1_221' title='bbox 2281 720 2422 790; x_wconf 84' lang='lat' dir='ltr'><strong>quod</strong></span> <span class='ocrx_word' id='word_1_222' title='bbox 2460 719 2670 790; x_wconf 84' lang='lat' dir='ltr'><strong>scilicet</strong></span> <span class='ocrx_word' id='word_1_223' title='bbox 2697 737 2715 769; x_wconf 72' lang='grc' dir='ltr'>ι</span> <span class='ocrx_word' id='word_1_224' title='bbox 2741 714 3030 790; x_wconf 13' lang='grc' dir='ltr'><strong>ξοίγίιέιεῐῃ</strong></span> <span class='ocrx_word' id='word_1_225' title='bbox 3061 717 3262 790; x_wconf 77' lang='lat' dir='ltr'><strong>Classis</strong></span> <span class='ocrx_word' id='word_1_226' title='bbox 3293 715 3360 769; x_wconf 89' lang='lat' dir='ltr'><strong>ab</strong></span> <span class='ocrx_word' id='word_1_227' title='bbox 3387 714 3570 790; x_wconf 80' lang='lat' dir='ltr'><strong>hostili</strong></span> <span class='ocrx_word' id='word_1_228' title='bbox 3596 730 3693 783; x_wconf 93' lang='lat' dir='ltr'><strong>po-</strong></span> 
     </span>
    </p>
   </div>
   <div class='ocr_carea' id='block_1_36' title="bbox 2126 785 3699 860">
    <p class='ocr_par' dir='ltr' id='par_1_36' title="bbox 2126 785 3699 860">
     <span class='ocr_line' id='line_1_36' title="bbox 2126 785 3699 860; baseline -0.007 -16"><span class='ocrx_word' id='word_1_229' title='bbox 2126 790 2252 860; x_wconf 90' lang='lat' dir='ltr'><strong>pulo</strong></span> <span class='ocrx_word' id='word_1_230' title='bbox 2286 785 2385 858; x_wconf 79' lang='lat' dir='ltr'><strong>ope</strong></span> <span class='ocrx_word' id='word_1_231' title='bbox 2431 789 2597 860; x_wconf 84' lang='lat' dir='ltr'><strong>multa</strong></span> <span class='ocrx_word' id='word_1_232' title='bbox 2633 788 2909 860; x_wconf 70' lang='lat' dir='ltr'><strong>Ecclesiae</strong></span> <span class='ocrx_word' id='word_1_233' title='bbox 2929 789 3100 860; x_wconf 84' lang='lat' dir='ltr'><strong>tribus</strong></span> <span class='ocrx_word' id='word_1_234' title='bbox 3126 787 3349 860; x_wconf 86' lang='lat' dir='ltr'><strong>_vicibus</strong></span> <span class='ocrx_word' id='word_1_235' title='bbox 3370 785 3609 860; x_wconf 84' lang='lat' dir='ltr'><strong>_emerit,</strong></span> <span class='ocrx_word' id='word_1_236' title='bbox 3640 792 3699 837; x_wconf 80' lang='lat' dir='ltr'><strong>et</strong></span> 
     </span>
    </p>
   </div>
   <div class='ocr_carea' id='block_1_37' title="bbox 2128 854 3697 921">
    <p class='ocr_par' dir='ltr' id='par_1_37' title="bbox 2128 854 3697 921">
     <span class='ocr_line' id='line_1_37' title="bbox 2128 854 3697 921; baseline -0.005 -8"><span class='ocrx_word' id='word_1_237' title='bbox 2128 854 2234 914; x_wconf 76' lang='lat' dir='ltr'><strong>non</strong></span> <span class='ocrx_word' id='word_1_238' title='bbox 2284 854 2455 914; x_wconf 82' lang='lat' dir='ltr'><strong>solum</strong></span> <span class='ocrx_word' id='word_1_239' title='bbox 2500 857 2792 921; x_wconf 86' lang='lat' dir='ltr'><strong>civitatem,</strong></span> <span class='ocrx_word' id='word_1_240' title='bbox 2820 858 2912 912; x_wconf 93' lang='lat' dir='ltr'><strong>sed</strong></span> <span class='ocrx_word' id='word_1_241' title='bbox 2935 865 2991 911; x_wconf 86' lang='lat' dir='ltr'><strong>et</strong></span> <span class='ocrx_word' id='word_1_242' title='bbox 3017 857 3318 910; x_wconf 85' lang='lat' dir='ltr'><strong>habitantes</strong></span> <span class='ocrx_word' id='word_1_243' title='bbox 3368 854 3423 907; x_wconf 88' lang='lat' dir='ltr'><strong>in</strong></span> <span class='ocrx_word' id='word_1_244' title='bbox 3447 868 3535 916; x_wconf 88' lang='lat' dir='ltr'><strong>ea,</strong></span> <span class='ocrx_word' id='word_1_245' title='bbox 3566 868 3697 907; x_wconf 80' lang='lat' dir='ltr'><strong>cum</strong></span> 
     </span>
    </p>
   </div>
   <div class='ocr_carea' id='block_1_38' title="bbox 2128 924 3699 992">
    <p class='ocr_par' dir='ltr' id='par_1_38' title="bbox 2128 924 3699 992">
     <span class='ocr_line' id='line_1_38' title="bbox 2128 924 3699 992; baseline -0.005 -10"><span class='ocrx_word' id='word_1_246' title='bbox 2128 928 2451 983; x_wconf 88' lang='lat' dir='ltr'><strong>suburbanis</strong></span> <span class='ocrx_word' id='word_1_247' title='bbox 2498 929 2609 982; x_wconf 91' lang='lat' dir='ltr'><strong>suis</strong></span> <span class='ocrx_word' id='word_1_248' title='bbox 2649 929 2914 992; x_wconf 91' lang='lat' dir='ltr'><strong>omnibus,</strong></span> <span class='ocrx_word' id='word_1_249' title='bbox 2950 934 3004 980; x_wconf 90' lang='lat' dir='ltr'><strong>et</strong></span> <span class='ocrx_word' id='word_1_250' title='bbox 3032 925 3231 980; x_wconf 78' lang='lat' dir='ltr'><strong>factum</strong></span> <span class='ocrx_word' id='word_1_251' title='bbox 3262 939 3417 977; x_wconf 89' lang='lat' dir='ltr'><strong>suum</strong></span> <span class='ocrx_word' id='word_1_252' title='bbox 3450 924 3699 976; x_wconf 88' lang='lat' dir='ltr'><strong>redeme—</strong></span> 
     </span>
    </p>
   </div>
   <div class='ocr_carea' id='block_1_39' title="bbox 2129 993 3697 1052">
    <p class='ocr_par' dir='ltr' id='par_1_39' title="bbox 2129 993 3697 1052">
     <span class='ocr_line' id='line_1_39' title="bbox 2129 993 3697 1052; baseline -0.004 -1"><span class='ocrx_word' id='word_1_253' title='bbox 2129 999 2219 1052; x_wconf 89' lang='lat' dir='ltr'><strong>rit.</strong></span> <span class='ocrx_word' id='word_1_254' title='bbox 2259 1017 2278 1050; x_wconf 86' lang='grc'><strong>›</strong></span> <span class='ocrx_word' id='word_1_255' title='bbox 2336 997 2552 1052; x_wconf 91' lang='lat' dir='ltr'><strong>Rubeus</strong></span> <span class='ocrx_word' id='word_1_256' title='bbox 2592 1013 2621 1050; x_wconf 88' lang='lat' dir='ltr'><strong>a</strong></span> <span class='ocrx_word' id='word_1_257' title='bbox 2655 996 3041 1051; x_wconf 88' lang='lat' dir='ltr'><strong>Saracenorum</strong></span> <span class='ocrx_word' id='word_1_258' title='bbox 3081 994 3472 1050; x_wconf 81' lang='lat' dir='ltr'><strong>incursionibus</strong></span> <span class='ocrx_word' id='word_1_259' title='bbox 3502 993 3697 1045; x_wconf 81' lang='lat' dir='ltr'><strong>urbem</strong></span> 
     </span>
    </p>
   </div>
   <div class='ocr_carea' id='block_1_40' title="bbox 2128 1060 3699 1136">
    <p class='ocr_par' dir='ltr' id='par_1_40' title="bbox 2128 1060 3699 1136">
     <span class='ocr_line' id='line_1_40' title="bbox 2128 1060 3699 1136; baseline -0.004 -16"><span class='ocrx_word' id='word_1_260' title='bbox 2128 1067 2407 1123; x_wconf 89' lang='lat' dir='ltr'><strong>liberatam</strong></span> <span class='ocrx_word' id='word_1_261' title='bbox 2434 1067 2531 1131; x_wconf 88' lang='lat' dir='ltr'><strong>ait,</strong></span> <span class='ocrx_word' id='word_1_262' title='bbox 2577 1075 2633 1119; x_wconf 90' lang='lat' dir='ltr'><strong>at</strong></span> <span class='ocrx_word' id='word_1_263' title='bbox 2668 1082 2733 1121; x_wconf 90' lang='lat' dir='ltr'><strong>eo</strong></span> <span class='ocrx_word' id='word_1_264' title='bbox 2764 1077 3000 1136; x_wconf 90' lang='lat' dir='ltr'><strong>tempore</strong></span> <span class='ocrx_word' id='word_1_265' title='bbox 3027 1066 3258 1119; x_wconf 91' lang='lat' dir='ltr'><strong>nondum</strong></span> <span class='ocrx_word' id='word_1_266' title='bbox 3288 1060 3545 1136; x_wconf 68' lang='lat' dir='ltr'><strong>Saraceni</strong></span> <span class='ocrx_word' id='word_1_267' title='bbox 3576 1061 3699 1136; x_wconf 85' lang='lat' dir='ltr'><strong>_Ra-</strong></span> 
     </span>
    </p>
   </div>
   <div class='ocr_carea' id='block_1_41' title="bbox 2127 1132 3700 1206">
    <p class='ocr_par' dir='ltr' id='par_1_41' title="bbox 2127 1132 3700 1206">
     <span class='ocr_line' id='line_1_41' title="bbox 2127 1132 3700 1206; baseline -0.005 -14"><span class='ocrx_word' id='word_1_268' title='bbox 2127 1154 2314 1193; x_wconf 74' lang='lat' dir='ltr'><strong>vennse</strong></span> <span class='ocrx_word' id='word_1_269' title='bbox 2338 1139 2517 1191; x_wconf 89' lang='lat' dir='ltr'><strong>littora</strong></span> <span class='ocrx_word' id='word_1_270' title='bbox 2545 1136 2853 1206; x_wconf 81' lang='lat' dir='ltr'><strong>attigerant.</strong></span> <span class='ocrx_word' id='word_1_271' title='bbox 2872 1132 3166 1206; x_wconf 65' lang='lat' dir='ltr'><strong>Tribulum</strong></span> <span class='ocrx_word' id='word_1_272' title='bbox 3191 1135 3367 1204; x_wconf 89' lang='lat' dir='ltr'><strong>potius</strong></span> <span class='ocrx_word' id='word_1_273' title='bbox 3386 1132 3700 1206; x_wconf 79' lang='lat' dir='ltr'><strong>Langobar-</strong></span> 
     </span>
    </p>
   </div>
   <div class='ocr_carea' id='block_1_42' title="bbox 2129 1203 3697 1286">
    <p class='ocr_par' dir='ltr' id='par_1_42' title="bbox 2129 1203 3697 1286">
     <span class='ocr_line' id='line_1_42' title="bbox 2129 1203 3697 1286; baseline -0.005 -23"><span class='ocrx_word' id='word_1_274' title='bbox 2129 1209 2211 1286; x_wconf 65' lang='grc' dir='ltr'><strong>αξξ.</strong></span> <span class='ocrx_word' id='word_1_275' title='bbox 2254 1208 2497 1286; x_wconf 75' lang='lat' dir='ltr'><strong>solutum</strong></span> <span class='ocrx_word' id='word_1_276' title='bbox 2533 1203 2949 1286; x_wconf 46' lang='lat' dir='ltr'><strong>reor—Ecclesiae</strong></span> <span class='ocrx_word' id='word_1_277' title='bbox 2995 1203 3201 1286; x_wconf 71' lang='lat' dir='ltr'><strong>Opibus</strong></span> <span class='ocrx_word' id='word_1_278' title='bbox 3229 1203 3464 1285; x_wconf 76' lang='lat' dir='ltr'><strong>erogatis</strong></span> <span class='ocrx_word' id='word_1_279' title='bbox 3492 1242 3540 1286; x_wconf 47' lang='grc' dir='ltr'><strong>,Ι</strong></span> <span class='ocrx_word' id='word_1_280' title='bbox 3564 1216 3697 1282; x_wconf 71' lang='lat' dir='ltr'><strong>cum</strong></span> 
     </span>
    </p>
   </div>
   <div class='ocr_carea' id='block_1_43' title="bbox 2128 1270 3699 1343">
    <p class='ocr_par' dir='ltr' id='par_1_43' title="bbox 2128 1270 3699 1343">
     <span class='ocr_line' id='line_1_43' title="bbox 2128 1270 3699 1343; baseline -0.005 -12"><span class='ocrx_word' id='word_1_281' title='bbox 2128 1278 2346 1333; x_wconf 89' lang='lat' dir='ltr'><strong>aliunde</strong></span> <span class='ocrx_word' id='word_1_282' title='bbox 2412 1285 2597 1331; x_wconf 90' lang='lat' dir='ltr'><strong>notum</strong></span> <span class='ocrx_word' id='word_1_283' title='bbox 2648 1276 2721 1330; x_wconf 88' lang='lat' dir='ltr'><strong>sit</strong></span> <span class='ocrx_word' id='word_1_284' title='bbox 2763 1285 2976 1343; x_wconf 85' lang='lat' dir='ltr'><strong>gentem</strong></span> <span class='ocrx_word' id='word_1_285' title='bbox 3023 1270 3167 1328; x_wconf 82' lang='lat' dir='ltr'><strong>illam</strong></span> <span class='ocrx_word' id='word_1_286' title='bbox 3213 1270 3436 1343; x_wconf 76' lang='lat' dir='ltr'><strong>pecunia</strong></span> <span class='ocrx_word' id='word_1_287' title='bbox 3465 1270 3699 1343; x_wconf 77' lang='lat' dir='ltr'><strong>placari</strong></span> 
     </span>
    </p>
   </div>
   <div class='ocr_carea' id='block_1_44' title="bbox 2129 1340 3704 1414">
    <p class='ocr_par' dir='ltr' id='par_1_44' title="bbox 2129 1340 3704 1414">
     <span class='ocr_line' id='line_1_44' title="bbox 2129 1340 3704 1414; baseline -0.006 -12"><span class='ocrx_word' id='word_1_288' title='bbox 2129 1348 2363 1413; x_wconf 87' lang='lat' dir='ltr'><strong>solitam,</strong></span> <span class='ocrx_word' id='word_1_289' title='bbox 2390 1354 2451 1400; x_wconf 91' lang='lat' dir='ltr'><strong>ut</strong></span> <span class='ocrx_word' id='word_1_290' title='bbox 2483 1340 2773 1400; x_wconf 81' lang='lat' dir='ltr'><strong>ostendunt</strong></span> <span class='ocrx_word' id='word_1_291' title='bbox 2784 1340 3033 1413; x_wconf 78' lang='lat' dir='ltr'><strong>Gregorii</strong></span> <span class='ocrx_word' id='word_1_292' title='bbox 3066 1340 3241 1414; x_wconf 74' lang='lat' dir='ltr'><strong>Magni</strong></span> <span class='ocrx_word' id='word_1_293' title='bbox 3289 1340 3531 1414; x_wconf 65' lang='lat' dir='ltr'><strong>epistola:</strong></span> <span class='ocrx_word' id='word_1_294' title='bbox 3579 1340 3704 1414; x_wconf 81' lang='lat' dir='ltr'><strong>plu-</strong></span> 
     </span>
    </p>
   </div>
   <div class='ocr_carea' id='block_1_45' title="bbox 2128 1410 3703 1479">
    <p class='ocr_par' dir='ltr' id='par_1_45' title="bbox 2128 1410 3703 1479">
     <span class='ocr_line' id='line_1_45' title="bbox 2128 1410 3703 1479; baseline -0.005 -8"><span class='ocrx_word' id='word_1_295' title='bbox 2128 1433 2238 1479; x_wconf 86' lang='lat' dir='ltr'><strong>res,</strong></span> <span class='ocrx_word' id='word_1_296' title='bbox 2267 1426 2322 1472; x_wconf 91' lang='lat' dir='ltr'><strong>et</strong></span> <span class='ocrx_word' id='word_1_297' title='bbox 2348 1410 2559 1472; x_wconf 82' lang='lat' dir='ltr'><strong>eonstet</strong></span> <span class='ocrx_word' id='word_1_298' title='bbox 2601 1430 2708 1469; x_wconf 91' lang='lat' dir='ltr'><strong>non</strong></span> <span class='ocrx_word' id='word_1_299' title='bbox 2749 1410 2926 1469; x_wconf 55' lang='lat' dir='ltr'><strong>modo&#39;</strong></span> <span class='ocrx_word' id='word_1_300' title='bbox 2957 1416 3023 1469; x_wconf 89' lang='lat' dir='ltr'><strong>ab</strong></span> <span class='ocrx_word' id='word_1_301' title='bbox 3051 1410 3284 1468; x_wconf 74' lang='lat' dir='ltr'><strong>exarcho</strong></span> <span class='ocrx_word' id='word_1_302' title='bbox 3322 1410 3559 1466; x_wconf 79' lang='lat' dir='ltr'><strong>solutam</strong></span> <span class='ocrx_word' id='word_1_303' title='bbox 3616 1410 3703 1463; x_wconf 90' lang='lat' dir='ltr'><strong>in-</strong></span> 
     </span>
    </p>
   </div>
   <div class='ocr_carea' id='block_1_46' title="bbox 2129 1480 3707 1557">
    <p class='ocr_par' dir='ltr' id='par_1_46' title="bbox 2129 1480 3707 1557">
     <span class='ocr_line' id='line_1_46' title="bbox 2129 1480 3707 1557; baseline -0.005 -16"><span class='ocrx_word' id='word_1_304' title='bbox 2129 1496 2341 1557; x_wconf 84' lang='lat' dir='ltr'><strong>gentem</strong></span> <span class='ocrx_word' id='word_1_305' title='bbox 2384 1487 2496 1557; x_wconf 80' lang='lat' dir='ltr'><strong>auri</strong></span> <span class='ocrx_word' id='word_1_306' title='bbox 2523 1486 2652 1557; x_wconf 81' lang='lat' dir='ltr'><strong>vim,</strong></span> <span class='ocrx_word' id='word_1_307' title='bbox 2697 1485 2871 1557; x_wconf 77' lang='lat' dir='ltr'><strong>sedet</strong></span> <span class='ocrx_word' id='word_1_308' title='bbox 2915 1500 3011 1554; x_wconf 89' lang='lat' dir='ltr'><strong>pro</strong></span> <span class='ocrx_word' id='word_1_309' title='bbox 3042 1484 3279 1557; x_wconf 81' lang='lat' dir='ltr'><strong>exercitu</strong></span> <span class='ocrx_word' id='word_1_310' title='bbox 3306 1481 3577 1557; x_wconf 69' lang='lat' dir='ltr'><strong>Ravennae</strong></span> <span class='ocrx_word' id='word_1_311' title='bbox 3603 1480 3707 1534; x_wconf 82' lang='lat' dir='ltr'><strong>de-</strong></span> 
     </span>
    </p>
   </div>
   <div class='ocr_carea' id='block_1_47' title="bbox 2129 1553 3704 1627">
    <p class='ocr_par' dir='ltr' id='par_1_47' title="bbox 2129 1553 3704 1627">
     <span class='ocr_line' id='line_1_47' title="bbox 2129 1553 3704 1627; baseline -0.004 -17"><span class='ocrx_word' id='word_1_312' title='bbox 2129 1553 2284 1627; x_wconf 74' lang='lat' dir='ltr'><strong>gente</strong></span> <span class='ocrx_word' id='word_1_313' title='bbox 2313 1553 2961 1627; x_wconf 30' lang='lat' dir='ltr'><strong>sacellariosuexstitisse,</strong></span> <span class='ocrx_word' id='word_1_314' title='bbox 2993 1554 3098 1623; x_wconf 73' lang='lat' dir='ltr'><strong>qui</strong></span> <span class='ocrx_word' id='word_1_315' title='bbox 3110 1553 3361 1627; x_wconf 79' lang='lat' dir='ltr'><strong>expensis</strong></span> <span class='ocrx_word' id='word_1_316' title='bbox 3420 1559 3579 1627; x_wconf 61' lang='lat' dir='ltr'><strong>extra</strong></span> <span class='ocrx_word' id='word_1_317' title='bbox 3608 1565 3704 1605; x_wconf 85' lang='lat' dir='ltr'><strong>or-</strong></span> 
     </span>
    </p>
   </div>
   <div class='ocr_carea' id='block_1_48' title="bbox 2132 1620 3701 1698">
    <p class='ocr_par' dir='ltr' id='par_1_48' title="bbox 2132 1620 3701 1698">
     <span class='ocr_line' id='line_1_48' title="bbox 2132 1620 3701 1698; baseline -0.004 -18"><span class='ocrx_word' id='word_1_318' title='bbox 2132 1620 2327 1698; x_wconf 29' lang='lat' dir='ltr'><strong>dinem‘</strong></span> <span class='ocrx_word' id='word_1_319' title='bbox 2376 1625 2697 1698; x_wconf 82' lang='lat' dir='ltr'><strong>praestandis</strong></span> <span class='ocrx_word' id='word_1_320' title='bbox 2753 1620 3336 1698; x_wconf 29' lang='lat' dir='ltr'><strong>paratam—Asergabant</strong></span> <span class='ocrx_word' id='word_1_321' title='bbox 3386 1620 3701 1698; x_wconf 77' lang='lat' dir='ltr'><strong>pecuniam.</strong></span> 
     </span>
    </p>
   </div>
   <div class='ocr_carea' id='block_1_49' title="bbox 2132 1691 3704 1770">
    <p class='ocr_par' dir='ltr' id='par_1_49' title="bbox 2132 1691 3704 1770">
     <span class='ocr_line' id='line_1_49' title="bbox 2132 1691 3704 1770; baseline -0.006 -19"><span class='ocrx_word' id='word_1_322' title='bbox 2132 1697 2264 1770; x_wconf 79' lang='lat' dir='ltr'><strong>Vide</strong></span> <span class='ocrx_word' id='word_1_323' title='bbox 2293 1691 2551 1770; x_wconf 73' lang='lat' dir='ltr'><strong>Gregorii</strong></span> <span class='ocrx_word' id='word_1_324' title='bbox 2565 1696 2721 1770; x_wconf 83' lang='lat' dir='ltr'><strong>epist.</strong></span> <span class='ocrx_word' id='word_1_325' title='bbox 2750 1691 2838 1755; x_wconf 73' lang='lat'><strong>54,</strong></span> <span class='ocrx_word' id='word_1_326' title='bbox 2870 1694 2981 1770; x_wconf 85' lang='lat' dir='ltr'><strong>ind.</strong></span> <span class='ocrx_word' id='word_1_327' title='bbox 3013 1693 3098 1747; x_wconf 79' lang='lat' dir='ltr'><strong>I5.</strong></span> <span class='ocrx_word' id='word_1_328' title='bbox 3132 1692 3481 1770; x_wconf 74' lang='lat' dir='ltr'><strong>Redemptam</strong></span> <span class='ocrx_word' id='word_1_329' title='bbox 3509 1691 3704 1770; x_wconf 65' lang='lat' dir='ltr'><strong>itaque</strong></span> 
     </span>
    </p>
   </div>
   <div class='ocr_carea' id='block_1_50' title="bbox 2134 1762 3705 1834">
    <p class='ocr_par' dir='ltr' id='par_1_50' title="bbox 2134 1762 3705 1834">
     <span class='ocr_line' id='line_1_50' title="bbox 2134 1762 3705 1834; baseline -0.004 -15"><span class='ocrx_word' id='word_1_330' title='bbox 2134 1766 2384 1830; x_wconf 86' lang='lat' dir='ltr'><strong>arbitror,</strong></span> <span class='ocrx_word' id='word_1_331' title='bbox 2409 1762 2554 1834; x_wconf 68' lang='lat' dir='ltr'><strong>quod</strong></span> <span class='ocrx_word' id='word_1_332' title='bbox 2594 1762 2763 1828; x_wconf 80' lang='lat' dir='ltr'><strong>aiunt,</strong></span> <span class='ocrx_word' id='word_1_333' title='bbox 2791 1765 3126 1834; x_wconf 83' lang='lat' dir='ltr'><strong>vexationem</strong></span> <span class='ocrx_word' id='word_1_334' title='bbox 3151 1762 3407 1834; x_wconf 53' lang='lat' dir='ltr'><strong>Ecclesia:</strong></span> <span class='ocrx_word' id='word_1_335' title='bbox 3450 1762 3705 1834; x_wconf 75' lang='lat' dir='ltr'><strong>pecuniis</strong></span> 
     </span>
    </p>
   </div>
   <div class='ocr_carea' id='block_1_51' title="bbox 2132 1830 3706 1897">
    <p class='ocr_par' dir='ltr' id='par_1_51' title="bbox 2132 1830 3706 1897">
     <span class='ocr_line' id='line_1_51' title="bbox 2132 1830 3706 1897; baseline -0.004 -8"><span class='ocrx_word' id='word_1_336' title='bbox 2132 1836 2306 1889; x_wconf 88' lang='lat' dir='ltr'><strong>tribus</strong></span> <span class='ocrx_word' id='word_1_337' title='bbox 2351 1830 2577 1897; x_wconf 82' lang='lat' dir='ltr'><strong>vicibus,</strong></span> <span class='ocrx_word' id='word_1_338' title='bbox 2610 1850 2729 1889; x_wconf 90' lang='lat' dir='ltr'><strong>cum</strong></span> <span class='ocrx_word' id='word_1_339' title='bbox 2776 1850 2861 1888; x_wconf 88' lang='lat' dir='ltr'><strong>res</strong></span> <span class='ocrx_word' id='word_1_340' title='bbox 2881 1843 2934 1888; x_wconf 87' lang='lat' dir='ltr'><strong>et</strong></span> <span class='ocrx_word' id='word_1_341' title='bbox 2978 1833 3123 1888; x_wconf 88' lang='lat' dir='ltr'><strong>salus</strong></span> <span class='ocrx_word' id='word_1_342' title='bbox 3150 1833 3345 1887; x_wconf 79' lang='lat' dir='ltr'><strong>civium</strong></span> <span class='ocrx_word' id='word_1_343' title='bbox 3394 1831 3452 1885; x_wconf 87' lang='lat' dir='ltr'><strong>in</strong></span> <span class='ocrx_word' id='word_1_344' title='bbox 3503 1830 3706 1885; x_wconf 84' lang='lat' dir='ltr'><strong>discri-</strong></span> 
     </span>
    </p>
   </div>
   <div class='ocr_carea' id='block_1_52' title="bbox 2132 1897 3706 1979">
    <p class='ocr_par' dir='ltr' id='par_1_52' title="bbox 2132 1897 3706 1979">
     <span class='ocr_line' id='line_1_52' title="bbox 2132 1897 3706 1979; baseline -0.004 -20"><span class='ocrx_word' id='word_1_345' title='bbox 2132 1906 2295 1979; x_wconf 75' lang='lat' dir='ltr'><strong>mine</strong></span> <span class='ocrx_word' id='word_1_346' title='bbox 2323 1915 2759 1979; x_wconf 63' lang='lat' dir='ltr'><strong>essent,_opera_</strong></span> <span class='ocrx_word' id='word_1_347' title='bbox 2776 1902 2996 1979; x_wconf 75' lang='lat' dir='ltr'><strong>Joannis</strong></span> <span class='ocrx_word' id='word_1_348' title='bbox 3044 1902 3298 1972; x_wconf 80' lang='lat' dir='ltr'><strong>episcopi,</strong></span> <span class='ocrx_word' id='word_1_349' title='bbox 3345 1897 3706 1979; x_wconf 70' lang='lat' dir='ltr'><strong>comparandi</strong></span> 
     </span>
    </p>
   </div>
   <div class='ocr_carea' id='block_1_53' title="bbox 2131 1969 3700 2057">
    <p class='ocr_par' dir='ltr' id='par_1_53' title="bbox 2131 1969 3700 2057">
     <span class='ocr_line' id='line_1_53' title="bbox 2131 1969 3700 2057; baseline -0.004 -28"><span class='ocrx_word' id='word_1_350' title='bbox 2131 1976 2216 2057; x_wconf 41' lang='lat' dir='ltr'><strong>ob.</strong></span> <span class='ocrx_word' id='word_1_351' title='bbox 2246 1976 2299 2056; x_wconf 76' lang='lat' dir='ltr'><strong>id</strong></span> <span class='ocrx_word' id='word_1_352' title='bbox 2345 1991 2468 2057; x_wconf 79' lang='lat' dir='ltr'><strong>cum</strong></span> <span class='ocrx_word' id='word_1_353' title='bbox 2506 1969 2695 2045; x_wconf 77' lang='lat' dir='ltr'><strong>Magno</strong></span> <span class='ocrx_word' id='word_1_354' title='bbox 2722 1973 3001 2044; x_wconf 83' lang='lat' dir='ltr'><strong>Gregorio,</strong></span> <span class='ocrx_word' id='word_1_355' title='bbox 3050 1969 3363 2040; x_wconf 74' lang='lat' dir='ltr'><strong>summaque</strong></span> <span class='ocrx_word' id='word_1_356' title='bbox 3407 1969 3573 2025; x_wconf 82' lang='lat' dir='ltr'><strong>laude</strong></span> <span class='ocrx_word' id='word_1_357' title='bbox 3619 1969 3700 2023; x_wconf 84' lang='lat' dir='ltr'><strong>di-</strong></span> 
     </span>
    </p>
   </div>
   <div class='ocr_carea' id='block_1_54' title="bbox 2132 2061 2393 2116">
    <p class='ocr_par' dir='ltr' id='par_1_54' title="bbox 2132 2061 2393 2116">
     <span class='ocr_line' id='line_1_54' title="bbox 2132 2061 2393 2116; baseline -0.004 -19"><span class='ocrx_word' id='word_1_358' title='bbox 2132 2061 2393 2116; x_wconf 80' lang='lat' dir='ltr'><strong>guISSImi.</strong></span> 
     </span>
    </p>
   </div>
   <div class='ocr_carea' id='block_1_55' title="bbox 1512 2347 2663 2427">
    <p class='ocr_par' dir='ltr' id='par_1_55' title="bbox 1512 2347 2663 2427">
     <span class='ocr_line' id='line_1_55' title="bbox 1512 2347 2663 2427; baseline -0.002 -1"><span class='ocrx_word' id='word_1_359' title='bbox 1512 2349 1758 2427; x_wconf 81' lang='lat' dir='ltr'><strong>VITA</strong></span> <span class='ocrx_word' id='word_1_360' title='bbox 1812 2348 2110 2424; x_wconf 83' lang='lat' dir='ltr'><strong>PETRI</strong></span> <span class='ocrx_word' id='word_1_361' title='bbox 2171 2347 2353 2424; x_wconf 82' lang='lat' dir='ltr'><strong>SEN</strong></span> <span class='ocrx_word' id='word_1_362' title='bbox 2364 2348 2663 2424; x_wconf 79' lang='lat' dir='ltr'><strong>IORIS.</strong></span> 
     </span>
    </p>
   </div>
   <div class='ocr_carea' id='block_1_56' title="bbox 980 2585 1525 2643">
    <p class='ocr_par' dir='ltr' id='par_1_56' title="bbox 980 2585 1525 2643">
     <span class='ocr_line' id='line_1_56' title="bbox 980 2585 1525 2643; baseline 0 -1"><span class='ocrx_word' id='word_1_363' title='bbox 980 2585 1204 2643; x_wconf 75' lang='lat' dir='ltr'><strong>CAPUT</strong></span> <span class='ocrx_word' id='word_1_364' title='bbox 1239 2586 1525 2642; x_wconf 81' lang='lat' dir='ltr'><strong>PRIMUM.</strong></span> 
     </span>
    </p>
   </div>
   <div class='ocr_carea' id='block_1_57' title="bbox 470 2698 2025 2770">
    <p class='ocr_par' dir='ltr' id='par_1_57' title="bbox 470 2698 2025 2770">
     <span class='ocr_line' id='line_1_57' title="bbox 470 2698 2025 2770; baseline 0.001 -13"><span class='ocrx_word' id='word_1_365' title='bbox 470 2701 699 2757; x_wconf 74' lang='lat' dir='ltr'><strong>Basilica</strong></span> <span class='ocrx_word' id='word_1_366' title='bbox 733 2699 791 2756; x_wconf 89' lang='lat' dir='ltr'><strong>S.</strong></span> <span class='ocrx_word' id='word_1_367' title='bbox 824 2699 998 2770; x_wconf 80' lang='lat' dir='ltr'><strong>Severi</strong></span> <span class='ocrx_word' id='word_1_368' title='bbox 1027 2700 1259 2770; x_wconf 83' lang='lat' dir='ltr'><strong>reparari</strong></span> <span class='ocrx_word' id='word_1_369' title='bbox 1292 2710 1473 2770; x_wconf 72' lang='lat' dir='ltr'><strong>coepta.</strong></span> <span class='ocrx_word' id='word_1_370' title='bbox 1518 2698 1706 2755; x_wconf 82' lang='lat' dir='ltr'><strong>Petrus</strong></span> <span class='ocrx_word' id='word_1_371' title='bbox 1737 2700 1917 2757; x_wconf 76' lang='lat' dir='ltr'><strong>Roma:</strong></span> <span class='ocrx_word' id='word_1_372' title='bbox 1944 2718 2025 2759; x_wconf 84' lang='lat' dir='ltr'><strong>or-</strong></span> 
     </span>
    </p>
   </div>
   <div class='ocr_carea' id='block_1_58' title="bbox 540 2769 2027 2828">
    <p class='ocr_par' dir='ltr' id='par_1_58' title="bbox 540 2769 2027 2828">
     <span class='ocr_line' id='line_1_58' title="bbox 540 2769 2027 2828; baseline 0 -2"><span class='ocrx_word' id='word_1_373' title='bbox 540 2774 769 2826; x_wconf 81' lang='lat' dir='ltr'><strong>dinatus.</strong></span> <span class='ocrx_word' id='word_1_374' title='bbox 800 2769 1053 2826; x_wconf 86' lang='lat' dir='ltr'><strong>Ordinato</strong></span> <span class='ocrx_word' id='word_1_375' title='bbox 1082 2769 1400 2827; x_wconf 78' lang='lat' dir='ltr'><strong>Ravennates</strong></span> <span class='ocrx_word' id='word_1_376' title='bbox 1424 2788 1540 2825; x_wconf 84' lang='lat' dir='ltr'><strong>cum</strong></span> <span class='ocrx_word' id='word_1_377' title='bbox 1570 2770 2027 2828; x_wconf 75' lang='lat' dir='ltr'><strong>acclamationibus</strong></span> 
     </span>
    </p>
   </div>
   <div class='ocr_carea' id='block_1_59' title="bbox 446 2842 999 2907">
    <p class='ocr_par' dir='ltr' id='par_1_59' title="bbox 446 2842 999 2907">
     <span class='ocr_line' id='line_1_59' title="bbox 446 2842 999 2907; baseline -0.004 -10"><span class='ocrx_word' id='word_1_378' title='bbox 446 2894 452 2907; x_wconf 82' lang='lat'><strong>,</strong></span> <span class='ocrx_word' id='word_1_379' title='bbox 542 2842 742 2897; x_wconf 82' lang='lat' dir='ltr'><strong>obviam</strong></span> <span class='ocrx_word' id='word_1_380' title='bbox 775 2843 999 2897; x_wconf 84' lang='lat' dir='ltr'><strong>veniunt.</strong></span> 
     </span>
    </p>
   </div>
   <div class='ocr_carea' id='block_1_60' title="bbox 540 2951 2026 3021">
    <p class='ocr_par' dir='ltr' id='par_1_60' title="bbox 540 2951 2026 3021">
     <span class='ocr_line' id='line_1_60' title="bbox 540 2951 2026 3021; baseline -0.003 -13"><span class='ocrx_word' id='word_1_381' title='bbox 540 2953 731 3009; x_wconf 86' lang='lat' dir='ltr'><strong>Petrus</strong></span> <span class='ocrx_word' id='word_1_382' title='bbox 767 2952 959 3008; x_wconf 89' lang='lat' dir='ltr'><strong>Senior</strong></span> <span class='ocrx_word' id='word_1_383' title='bbox 987 2951 1214 3007; x_wconf 81' lang='lat' dir='ltr'><strong>XXVIII.</strong></span> <span class='ocrx_word' id='word_1_384' title='bbox 1253 2952 1356 3006; x_wconf 83' lang='lat' dir='ltr'><strong>Iste</strong></span> <span class='ocrx_word' id='word_1_385' title='bbox 1390 2953 1702 3021; x_wconf 75' lang='lat' dir='ltr'><strong>grandzcvus</strong></span> <span class='ocrx_word' id='word_1_386' title='bbox 1723 2959 1880 3007; x_wconf 56' lang='lat' dir='ltr'><strong>attate</strong></span> <span class='ocrx_word' id='word_1_387' title='bbox 1909 2951 2026 3007; x_wconf 82' lang='lat' dir='ltr'><strong>fuit.</strong></span> 
     </span>
    </p>
   </div>
   <div class='ocr_carea' id='block_1_61' title="bbox 471 3024 2101 3115">
    <p class='ocr_par' dir='ltr' id='par_1_61' title="bbox 471 3024 2101 3115">
     <span class='ocr_line' id='line_1_61' title="bbox 471 3024 2101 3115; baseline 0.002 -21"><span class='ocrx_word' id='word_1_388' title='bbox 471 3044 663 3098; x_wconf 79' lang='lat' dir='ltr'><strong>Senior</strong></span> <span class='ocrx_word' id='word_1_389' title='bbox 702 3056 882 3108; x_wconf 87' lang='lat' dir='ltr'><strong>sensu,</strong></span> <span class='ocrx_word' id='word_1_390' title='bbox 927 3053 981 3097; x_wconf 91' lang='lat' dir='ltr'><strong>et</strong></span> <span class='ocrx_word' id='word_1_391' title='bbox 1029 3059 1272 3112; x_wconf 87' lang='lat' dir='ltr'><strong>corpore,</strong></span> <span class='ocrx_word' id='word_1_392' title='bbox 1329 3044 1503 3113; x_wconf 88' lang='lat' dir='ltr'><strong>capite</strong></span> <span class='ocrx_word' id='word_1_393' title='bbox 1556 3043 1790 3115; x_wconf 88' lang='lat' dir='ltr'><strong>[capitis]</strong></span> <span class='ocrx_word' id='word_1_394' title='bbox 1837 3046 2031 3099; x_wconf 89' lang='lat' dir='ltr'><strong>canitia</strong></span> <span class='ocrx_word' id='word_1_395' title='bbox 2058 3024 2101 3085; x_wconf 66' lang='grc' dir='ltr'>(ἶ</span> 
     </span>
    </p>
   </div>
   <div class='ocr_carea' id='block_1_62' title="bbox 471 3133 2032 3195">
    <p class='ocr_par' dir='ltr' id='par_1_62' title="bbox 471 3133 2032 3195">
     <span class='ocr_line' id='line_1_62' title="bbox 471 3133 2032 3195; baseline 0.004 -12"><span class='ocrx_word' id='word_1_396' title='bbox 471 3133 774 3195; x_wconf 81' lang='lat' dir='ltr'><strong>decoratus,</strong></span> <span class='ocrx_word' id='word_1_397' title='bbox 805 3139 1043 3185; x_wconf 88' lang='lat' dir='ltr'><strong>sanctam</strong></span> <span class='ocrx_word' id='word_1_398' title='bbox 1069 3141 1122 3185; x_wconf 90' lang='lat' dir='ltr'><strong>et</strong></span> <span class='ocrx_word' id='word_1_399' title='bbox 1150 3141 1479 3186; x_wconf 88' lang='lat' dir='ltr'><strong>mansuetam</strong></span> <span class='ocrx_word' id='word_1_400' title='bbox 1508 3134 1672 3189; x_wconf 88' lang='lat' dir='ltr'><strong>vitam</strong></span> <span class='ocrx_word' id='word_1_401' title='bbox 1700 3134 1869 3189; x_wconf 90' lang='lat' dir='ltr'><strong>duxit.</strong></span> <span class='ocrx_word' id='word_1_402' title='bbox 1894 3136 2032 3193; x_wconf 75' lang='lat' dir='ltr'><strong>Vere</strong></span> 
     </span>
    </p>
   </div>
   <div class='ocr_carea' id='block_1_63' title="bbox 371 3214 2032 3295">
    <p class='ocr_par' dir='ltr' id='par_1_63' title="bbox 371 3214 2032 3295">
     <span class='ocr_line' id='line_1_63' title="bbox 371 3214 2032 3295; baseline 0.004 -23"><span class='ocrx_word' id='word_1_403' title='bbox 371 3272 387 3295; x_wconf 62' lang='grc'><em>,</em></span> <span class='ocrx_word' id='word_1_404' title='bbox 472 3214 686 3285; x_wconf 69' lang='lat' dir='ltr'><strong>Petrus,</strong></span> <span class='ocrx_word' id='word_1_405' title='bbox 716 3221 835 3288; x_wconf 89' lang='lat' dir='ltr'><strong>quia</strong></span> <span class='ocrx_word' id='word_1_406' title='bbox 874 3236 1033 3290; x_wconf 89' lang='lat' dir='ltr'><strong>supra</strong></span> <span class='ocrx_word' id='word_1_407' title='bbox 1078 3220 1284 3274; x_wconf 81' lang='lat' dir='ltr'><strong>ﬁrmam</strong></span> <span class='ocrx_word' id='word_1_408' title='bbox 1312 3230 1520 3291; x_wconf 84' lang='lat' dir='ltr'><strong>petram</strong></span> <span class='ocrx_word' id='word_1_409' title='bbox 1562 3224 1817 3290; x_wconf 87' lang='lat' dir='ltr'><strong>templum</strong></span> <span class='ocrx_word' id='word_1_410' title='bbox 1845 3239 2032 3293; x_wconf 85' lang='lat' dir='ltr'><strong>corpo-</strong></span> 
     </span>
    </p>
   </div>
   <div class='ocr_carea' id='block_1_64' title="bbox 476 3310 2032 3382">
    <p class='ocr_par' dir='ltr' id='par_1_64' title="bbox 476 3310 2032 3382">
     <span class='ocr_line' id='line_1_64' title="bbox 476 3310 2032 3382; baseline 0.003 -19"><span class='ocrx_word' id='word_1_411' title='bbox 476 3310 548 3364; x_wconf 85' lang='lat' dir='ltr'><strong>ris</strong></span> <span class='ocrx_word' id='word_1_412' title='bbox 578 3311 659 3365; x_wconf 90' lang='lat' dir='ltr'><strong>sui</strong></span> <span class='ocrx_word' id='word_1_413' title='bbox 689 3310 989 3365; x_wconf 65' lang='lat' dir='ltr'><strong>aediﬁcavit.</strong></span> <span class='ocrx_word' id='word_1_414' title='bbox 1028 3310 1375 3381; x_wconf 89' lang='lat' dir='ltr'><strong>Temporibus</strong></span> <span class='ocrx_word' id='word_1_415' title='bbox 1401 3310 1707 3382; x_wconf 85' lang='lat' dir='ltr'><strong>Symmachi</strong></span> <span class='ocrx_word' id='word_1_416' title='bbox 1735 3327 1899 3382; x_wconf 89' lang='lat' dir='ltr'><strong>prope</strong></span> <span class='ocrx_word' id='word_1_417' title='bbox 1928 3314 2032 3368; x_wconf 90' lang='lat' dir='ltr'><strong>Ro-</strong></span> 
     </span>
    </p>
   </div>
   <div class='ocr_carea' id='block_1_65' title="bbox 474 3402 2028 3473">
    <p class='ocr_par' dir='ltr' id='par_1_65' title="bbox 474 3402 2028 3473">
     <span class='ocr_line' id='line_1_65' title="bbox 474 3402 2028 3473; baseline 0.003 -18"><span class='ocrx_word' id='word_1_418' title='bbox 474 3417 612 3456; x_wconf 86' lang='lat' dir='ltr'><strong>mam</strong></span> <span class='ocrx_word' id='word_1_419' title='bbox 654 3403 707 3456; x_wconf 91' lang='lat' dir='ltr'><strong>in</strong></span> <span class='ocrx_word' id='word_1_420' title='bbox 744 3402 968 3458; x_wconf 85' lang='lat' dir='ltr'><strong>concilio</strong></span> <span class='ocrx_word' id='word_1_421' title='bbox 1001 3402 1158 3465; x_wconf 86' lang='lat' dir='ltr'><strong>sedit,</strong></span> <span class='ocrx_word' id='word_1_422' title='bbox 1191 3415 1213 3443; x_wconf 77' lang='grc' dir='ltr'><strong><em>ο</em></strong></span> <span class='ocrx_word' id='word_1_423' title='bbox 1241 3402 1594 3473; x_wconf 86' lang='lat' dir='ltr'><strong>~I&#39;undavitque</strong></span> <span class='ocrx_word' id='word_1_424' title='bbox 1643 3404 1921 3459; x_wconf 86' lang='lat' dir='ltr'><strong>ecclesiam</strong></span> <span class='ocrx_word' id='word_1_425' title='bbox 1968 3404 2028 3460; x_wconf 88' lang='lat' dir='ltr'><strong>B.</strong></span> 
     </span>
    </p>
   </div>
   <div class='ocr_carea' id='block_1_66' title="bbox 473 3492 2032 3567">
    <p class='ocr_par' dir='ltr' id='par_1_66' title="bbox 473 3492 2032 3567">
     <span class='ocr_line' id='line_1_66' title="bbox 473 3492 2032 3567; baseline 0.003 -20"><span class='ocrx_word' id='word_1_426' title='bbox 473 3492 655 3548; x_wconf 87' lang='lat' dir='ltr'><strong>Severi</strong></span> <span class='ocrx_word' id='word_1_427' title='bbox 696 3493 1017 3550; x_wconf 83' lang='lat' dir='ltr'><strong>confessoris</strong></span> <span class='ocrx_word' id='word_1_428' title='bbox 1058 3494 1257 3549; x_wconf 86' lang='lat' dir='ltr'><strong>Christi</strong></span> <span class='ocrx_word' id='word_1_429' title='bbox 1283 3496 1310 3535; x_wconf 71' lang='grc' dir='ltr'>δ</span> <span class='ocrx_word' id='word_1_430' title='bbox 1342 3496 1395 3549; x_wconf 93' lang='lat' dir='ltr'><strong>in</strong></span> <span class='ocrx_word' id='word_1_431' title='bbox 1423 3497 1636 3566; x_wconf 78' lang='lat' dir='ltr'><strong>regione</strong></span> <span class='ocrx_word' id='word_1_432' title='bbox 1666 3512 1783 3567; x_wconf 67' lang='lat' dir='ltr'><strong>qua:</strong></span> <span class='ocrx_word' id='word_1_433' title='bbox 1808 3507 2032 3551; x_wconf 77' lang='lat' dir='ltr'><strong>vocatur</strong></span> 
     </span>
    </p>
   </div>
   <div class='ocr_carea' id='block_1_67' title="bbox 476 3583 2030 3642">
    <p class='ocr_par' dir='ltr' id='par_1_67' title="bbox 476 3583 2030 3642">
     <span class='ocr_line' id='line_1_67' title="bbox 476 3583 2030 3642; baseline 0.002 -3"><span class='ocrx_word' id='word_1_434' title='bbox 476 3584 604 3639; x_wconf 90' lang='lat' dir='ltr'><strong>Vico</strong></span> <span class='ocrx_word' id='word_1_435' title='bbox 636 3583 915 3639; x_wconf 90' lang='lat' dir='ltr'><strong>Salutaris.</strong></span> <span class='ocrx_word' id='word_1_436' title='bbox 958 3585 1061 3640; x_wconf 86' lang='lat' dir='ltr'><strong>Iste</strong></span> <span class='ocrx_word' id='word_1_437' title='bbox 1095 3586 1325 3640; x_wconf 82' lang='lat' dir='ltr'><strong>secunda</strong></span> <span class='ocrx_word' id='word_1_438' title='bbox 1366 3583 1654 3640; x_wconf 88' lang='lat' dir='ltr'><strong>indictione</strong></span> <span class='ocrx_word' id='word_1_439' title='bbox 1689 3594 2030 3642; x_wconf 88' lang='lat' dir='ltr'><strong>consecratus</strong></span> 
     </span>
    </p>
   </div>
   <div class='ocr_carea' id='block_1_68' title="bbox 469 3672 2031 3748">
    <p class='ocr_par' dir='ltr' id='par_1_68' title="bbox 469 3672 2031 3748">
     <span class='ocr_line' id='line_1_68' title="bbox 469 3672 2031 3748; baseline 0.001 -19"><span class='ocrx_word' id='word_1_440' title='bbox 469 3683 553 3730; x_wconf 89' lang='lat' dir='ltr'><strong>est</strong></span> <span class='ocrx_word' id='word_1_441' title='bbox 591 3675 773 3731; x_wconf 76' lang='lat' dir='ltr'><strong>Romzc</strong></span> <span class='ocrx_word' id='word_1_442' title='bbox 800 3675 999 3746; x_wconf 87' lang='lat' dir='ltr'><strong>absque</strong></span> <span class='ocrx_word' id='word_1_443' title='bbox 1020 3675 1221 3748; x_wconf 88' lang='lat' dir='ltr'><strong>jejunio</strong></span> <span class='ocrx_word' id='word_1_444' title='bbox 1247 3692 1357 3733; x_wconf 81' lang='lat' dir='ltr'><strong>xvu</strong></span> <span class='ocrx_word' id='word_1_445' title='bbox 1395 3672 1513 3729; x_wconf 85' lang='lat' dir='ltr'><strong>Kal.</strong></span> <span class='ocrx_word' id='word_1_446' title='bbox 1541 3675 1807 3741; x_wconf 90' lang='lat' dir='ltr'><strong>Octobris,</strong></span> <span class='ocrx_word' id='word_1_447' title='bbox 1851 3684 1906 3731; x_wconf 91' lang='lat' dir='ltr'><strong>et</strong></span> <span class='ocrx_word' id='word_1_448' title='bbox 1946 3691 2031 3731; x_wconf 87' lang='lat' dir='ltr'><strong>re-</strong></span> 
     </span>
    </p>
   </div>
   <div class='ocr_carea' id='block_1_69' title="bbox 470 3768 2030 3838">
    <p class='ocr_par' dir='ltr' id='par_1_69' title="bbox 470 3768 2030 3838">
     <span class='ocr_line' id='line_1_69' title="bbox 470 3768 2030 3838; baseline 0.001 -16"><span class='ocrx_word' id='word_1_449' title='bbox 470 3783 659 3823; x_wconf 87' lang='lat' dir='ltr'><strong>versus</strong></span> <span class='ocrx_word' id='word_1_450' title='bbox 685 3768 736 3821; x_wconf 90' lang='lat' dir='ltr'><strong>in</strong></span> <span class='ocrx_word' id='word_1_451' title='bbox 763 3783 892 3838; x_wconf 90' lang='lat' dir='ltr'><strong>pace</strong></span> <span class='ocrx_word' id='word_1_452' title='bbox 918 3783 1037 3821; x_wconf 88' lang='lat' dir='ltr'><strong>cum</strong></span> <span class='ocrx_word' id='word_1_453' title='bbox 1073 3770 1235 3823; x_wconf 89' lang='lat' dir='ltr'><strong>nimia</strong></span> <span class='ocrx_word' id='word_1_454' title='bbox 1272 3770 1550 3824; x_wconf 89' lang='lat' dir='ltr'><strong>alacritate</strong></span> <span class='ocrx_word' id='word_1_455' title='bbox 1575 3769 1720 3825; x_wconf 85' lang='lat' dir='ltr'><strong>cives</strong></span> <span class='ocrx_word' id='word_1_456' title='bbox 1753 3769 2030 3826; x_wconf 89' lang='lat' dir='ltr'><strong>Ravenna-</strong></span> 
     </span>
    </p>
   </div>
   <div class='ocr_carea' id='block_1_70' title="bbox 470 3857 2029 3928">
    <p class='ocr_par' dir='ltr' id='par_1_70' title="bbox 470 3857 2029 3928">
     <span class='ocr_line' id='line_1_70' title="bbox 470 3857 2029 3928; baseline 0.002 -17"><span class='ocrx_word' id='word_1_457' title='bbox 470 3867 554 3913; x_wconf 84' lang='lat' dir='ltr'><strong>tes</strong></span> <span class='ocrx_word' id='word_1_458' title='bbox 582 3874 704 3913; x_wconf 91' lang='lat' dir='ltr'><strong>eum</strong></span> <span class='ocrx_word' id='word_1_459' title='bbox 729 3867 1094 3928; x_wconf 88' lang='lat' dir='ltr'><strong>susceperunt.</strong></span> <span class='ocrx_word' id='word_1_460' title='bbox 1123 3857 1317 3914; x_wconf 85' lang='lat' dir='ltr'><strong>Classis</strong></span> <span class='ocrx_word' id='word_1_461' title='bbox 1345 3876 1472 3916; x_wconf 89' lang='lat' dir='ltr'><strong>vero</strong></span> <span class='ocrx_word' id='word_1_462' title='bbox 1494 3861 1727 3917; x_wconf 89' lang='lat' dir='ltr'><strong>occurrit</strong></span> <span class='ocrx_word' id='word_1_463' title='bbox 1748 3860 1795 3914; x_wconf 91' lang='lat' dir='ltr'><strong>ei</strong></span> <span class='ocrx_word' id='word_1_464' title='bbox 1816 3861 2029 3915; x_wconf 88' lang='lat' dir='ltr'><strong>obviam</strong></span> 
     </span>
    </p>
   </div>
   <div class='ocr_carea' id='block_1_71' title="bbox 467 3950 2024 4011">
    <p class='ocr_par' dir='ltr' id='par_1_71' title="bbox 467 3950 2024 4011">
     <span class='ocr_line' id='line_1_71' title="bbox 467 3950 2024 4011; baseline 0.002 -6"><span class='ocrx_word' id='word_1_465' title='bbox 467 3951 538 4005; x_wconf 86' lang='lat' dir='ltr'><strong>ad</strong></span> <span class='ocrx_word' id='word_1_466' title='bbox 570 3950 797 4005; x_wconf 88' lang='lat' dir='ltr'><strong>Nonum.</strong></span> <span class='ocrx_word' id='word_1_467' title='bbox 844 3950 992 4011; x_wconf 88' lang='lat' dir='ltr'><strong>Tunc</strong></span> <span class='ocrx_word' id='word_1_468' title='bbox 1032 3968 1218 4008; x_wconf 91' lang='lat' dir='ltr'><strong>omnes</strong></span> <span class='ocrx_word' id='word_1_469' title='bbox 1247 3953 1491 4009; x_wconf 68' lang='lat' dir='ltr'><strong>laetantes</strong></span> <span class='ocrx_word' id='word_1_470' title='bbox 1516 3955 1766 4011; x_wconf 85' lang='lat' dir='ltr'><strong>dicebant</strong></span> <span class='ocrx_word' id='word_1_471' title='bbox 1802 3955 2024 4010; x_wconf 87' lang='lat' dir='ltr'><strong>laudes:</strong></span> 
     </span>
    </p>
   </div>
   <div class='ocr_carea' id='block_1_72' title="bbox 471 4040 2030 4106">
    <p class='ocr_par' dir='ltr' id='par_1_72' title="bbox 471 4040 2030 4106">
     <span class='ocr_line' id='line_1_72' title="bbox 471 4040 2030 4106; baseline 0.004 -11"><span class='ocrx_word' id='word_1_472' title='bbox 471 4040 613 4095; x_wconf 88' lang='lat' dir='ltr'><strong>Deus</strong></span> <span class='ocrx_word' id='word_1_473' title='bbox 646 4047 697 4095; x_wconf 88' lang='lat' dir='ltr'><strong>te</strong></span> <span class='ocrx_word' id='word_1_474' title='bbox 734 4041 888 4095; x_wconf 91' lang='lat' dir='ltr'><strong>nobis</strong></span> <span class='ocrx_word' id='word_1_475' title='bbox 921 4041 1087 4106; x_wconf 89' lang='lat' dir='ltr'><strong>dedit,</strong></span> <span class='ocrx_word' id='word_1_476' title='bbox 1135 4042 1396 4099; x_wconf 86' lang='lat' dir='ltr'><strong>Divinitas</strong></span> <span class='ocrx_word' id='word_1_477' title='bbox 1442 4053 1496 4100; x_wconf 88' lang='lat' dir='ltr'><strong>te</strong></span> <span class='ocrx_word' id='word_1_478' title='bbox 1536 4053 1835 4100; x_wconf 88' lang='lat' dir='ltr'><strong>conservet.</strong></span> <span class='ocrx_word' id='word_1_479' title='bbox 1881 4044 2030 4101; x_wconf 89' lang='lat' dir='ltr'><strong>Tunc</strong></span> 
     </span>
    </p>
   </div>
   <div class='ocr_carea' id='block_1_73' title="bbox 473 4131 2029 4203">
    <p class='ocr_par' dir='ltr' id='par_1_73' title="bbox 473 4131 2029 4203">
     <span class='ocr_line' id='line_1_73' title="bbox 473 4131 2029 4203; baseline 0.003 -19"><span class='ocrx_word' id='word_1_480' title='bbox 473 4131 622 4198; x_wconf 87' lang='lat' dir='ltr'><strong>pueri</strong></span> <span class='ocrx_word' id='word_1_481' title='bbox 652 4138 775 4185; x_wconf 90' lang='lat' dir='ltr'><strong>ante</strong></span> <span class='ocrx_word' id='word_1_482' title='bbox 804 4147 926 4186; x_wconf 79' lang='lat' dir='ltr'><strong>eum</strong></span> <span class='ocrx_word' id='word_1_483' title='bbox 967 4147 1086 4186; x_wconf 91' lang='lat' dir='ltr'><strong>cum</strong></span> <span class='ocrx_word' id='word_1_484' title='bbox 1122 4131 1365 4188; x_wconf 90' lang='lat' dir='ltr'><strong>laudibus</strong></span> <span class='ocrx_word' id='word_1_485' title='bbox 1403 4135 1681 4203; x_wconf 63' lang='lat' dir='ltr'><strong>praribant,</strong></span> <span class='ocrx_word' id='word_1_486' title='bbox 1717 4143 1776 4189; x_wconf 88' lang='lat' dir='ltr'><strong>ut</strong></span> <span class='ocrx_word' id='word_1_487' title='bbox 1802 4150 1908 4188; x_wconf 86' lang='lat' dir='ltr'><strong>non</strong></span> <span class='ocrx_word' id='word_1_488' title='bbox 1942 4149 2029 4189; x_wconf 89' lang='lat' dir='ltr'><strong>so-</strong></span> 
     </span>
    </p>
   </div>
   <div class='ocr_carea' id='block_1_74' title="bbox 472 4221 1956 4297">
    <p class='ocr_par' dir='ltr' id='par_1_74' title="bbox 472 4221 1956 4297">
     <span class='ocr_line' id='line_1_74' title="bbox 472 4221 1956 4297; baseline 0.005 -24"><span class='ocrx_word' id='word_1_489' title='bbox 472 4221 581 4277; x_wconf 87' lang='lat' dir='ltr'><strong>lum</strong></span> <span class='ocrx_word' id='word_1_490' title='bbox 610 4221 842 4292; x_wconf 85' lang='lat' dir='ltr'><strong>majores</strong></span> <span class='ocrx_word' id='word_1_491' title='bbox 864 4232 1045 4279; x_wconf 90' lang='lat' dir='ltr'><strong>essent</strong></span> <span class='ocrx_word' id='word_1_492' title='bbox 1068 4224 1346 4292; x_wconf 90' lang='lat' dir='ltr'><strong>amabiles,</strong></span> <span class='ocrx_word' id='word_1_493' title='bbox 1374 4226 1467 4281; x_wconf 90' lang='lat' dir='ltr'><strong>sed</strong></span> <span class='ocrx_word' id='word_1_494' title='bbox 1490 4226 1652 4281; x_wconf 88' lang='lat' dir='ltr'><strong>etiam</strong></span> <span class='ocrx_word' id='word_1_495' title='bbox 1682 4236 1736 4282; x_wconf 91' lang='lat' dir='ltr'><strong>et</strong></span> <span class='ocrx_word' id='word_1_496' title='bbox 1760 4226 1956 4297; x_wconf 90' lang='lat' dir='ltr'><strong>pusilli.</strong></span> 
     </span>
    </p>
   </div>
   <div class='ocr_carea' id='block_1_75' title="bbox 1087 4352 1407 4409">
    <p class='ocr_par' dir='ltr' id='par_1_75' title="bbox 1087 4352 1407 4409">
     <span class='ocr_line' id='line_1_75' title="bbox 1087 4352 1407 4409; baseline 0 -1"><span class='ocrx_word' id='word_1_497' title='bbox 1087 4352 1309 4408; x_wconf 80' lang='lat' dir='ltr'><strong>CAPUT</strong></span> <span class='ocrx_word' id='word_1_498' title='bbox 1343 4354 1407 4409; x_wconf 92' lang='lat' dir='ltr'><strong>II.</strong></span> 
     </span>
    </p>
   </div>
   <div class='ocr_carea' id='block_1_76' title="bbox 471 4440 2025 4515">
    <p class='ocr_par' dir='ltr' id='par_1_76' title="bbox 471 4440 2025 4515">
     <span class='ocr_line' id='line_1_76' title="bbox 471 4440 2025 4515; baseline 0.003 -18"><span class='ocrx_word' id='word_1_499' title='bbox 471 4440 931 4515; x_wconf 59' lang='lat' dir='ltr'><strong>Langobardogtm</strong></span> <span class='ocrx_word' id='word_1_500' title='bbox 980 4443 1036 4515; x_wconf 79' lang='lat' dir='ltr'><strong>in</strong></span> <span class='ocrx_word' id='word_1_501' title='bbox 1066 4442 1283 4515; x_wconf 76' lang='lat' dir='ltr'><strong>Italiam</strong></span> <span class='ocrx_word' id='word_1_502' title='bbox 1330 4446 1609 4515; x_wconf 73' lang='lat' dir='ltr'><strong>ingressus.</strong></span> <span class='ocrx_word' id='word_1_503' title='bbox 1658 4444 1891 4499; x_wconf 82' lang='lat' dir='ltr'><strong>Ticinum</strong></span> <span class='ocrx_word' id='word_1_504' title='bbox 1935 4448 2025 4501; x_wconf 87' lang='lat' dir='ltr'><strong>ob-</strong></span> 
     </span>
    </p>
   </div>
   <div class='ocr_carea' id='block_1_77' title="bbox 541 4511 2028 4592">
    <p class='ocr_par' dir='ltr' id='par_1_77' title="bbox 541 4511 2028 4592">
     <span class='ocr_line' id='line_1_77' title="bbox 541 4511 2028 4592; baseline 0.004 -28"><span class='ocrx_word' id='word_1_505' title='bbox 541 4528 759 4592; x_wconf 63' lang='lat' dir='ltr'><strong>sessum.</strong></span> <span class='ocrx_word' id='word_1_506' title='bbox 818 4511 1147 4592; x_wconf 33' lang='lat' dir='ltr'><strong>Theudorici</strong></span> <span class='ocrx_word' id='word_1_507' title='bbox 1176 4524 1348 4592; x_wconf 68' lang='lat' dir='ltr'><strong>statua</strong></span> <span class='ocrx_word' id='word_1_508' title='bbox 1386 4511 1510 4592; x_wconf 57' lang='lat' dir='ltr'><strong>qua!</strong></span> <span class='ocrx_word' id='word_1_509' title='bbox 1553 4514 1808 4592; x_wconf 60' lang='lat' dir='ltr'><strong>Ravennae</strong></span> <span class='ocrx_word' id='word_1_510' title='bbox 1858 4517 2028 4586; x_wconf 77' lang='lat' dir='ltr'><strong>fuerat</strong></span> 
     </span>
    </p>
   </div>
   <div class='ocr_carea' id='block_1_78' title="bbox 543 4581 2030 4704">
    <p class='ocr_par' dir='ltr' id='par_1_78' title="bbox 543 4581 2030 4704">
     <span class='ocr_line' id='line_1_78' title="bbox 543 4581 2030 4703; baseline 0.002 -70"><span class='ocrx_word' id='word_1_511' title='bbox 543 4581 865 4703; x_wconf 51' lang='lat' dir='ltr'><strong>fefzribitur.</strong></span> <span class='ocrx_word' id='word_1_512' title='bbox 910 4582 955 4635; x_wconf 84' lang='grc' dir='ltr'><em>Α</em></span> <span class='ocrx_word' id='word_1_513' title='bbox 992 4581 1179 4637; x_wconf 88' lang='lat' dir='ltr'><strong>Carolo</strong></span> <span class='ocrx_word' id='word_1_514' title='bbox 1222 4581 1415 4653; x_wconf 75' lang='lat' dir='ltr'><strong>Magno</strong></span> <span class='ocrx_word' id='word_1_515' title='bbox 1452 4585 1802 4656; x_wconf 82' lang='lat' dir='ltr'><strong>Aquisgranas</strong></span> <span class='ocrx_word' id='word_1_516' title='bbox 1849 4581 2030 4657; x_wconf 43' lang='lat' dir='ltr'><strong>aspara-</strong></span> 
     </span>
     <span class='ocr_line' id='line_1_79' title="bbox 568 4667 706 4704; baseline 0 0"><span class='ocrx_word' id='word_1_517' title='bbox 568 4668 598 4704; x_wconf 87' lang='lat' dir='ltr'><strong>a</strong></span> <span class='ocrx_word' id='word_1_518' title='bbox 662 4667 706 4704; x_wconf 92' lang='lat' dir='ltr'><strong>r.</strong></span> 
     </span>
    </p>
   </div>
   <div class='ocr_carea' id='block_1_79' title="bbox 540 4753 2031 4837">
    <p class='ocr_par' dir='ltr' id='par_1_79' title="bbox 540 4753 2031 4837">
     <span class='ocr_line' id='line_1_80' title="bbox 540 4753 2031 4837; baseline 0.007 -23"><span class='ocrx_word' id='word_1_519' title='bbox 540 4759 617 4815; x_wconf 90' lang='lat' dir='ltr'><strong>Eo</strong></span> <span class='ocrx_word' id='word_1_520' title='bbox 653 4777 792 4817; x_wconf 87' lang='lat' dir='ltr'><strong>anno</strong></span> <span class='ocrx_word' id='word_1_521' title='bbox 826 4772 1083 4833; x_wconf 87' lang='lat' dir='ltr'><strong>occupata</strong></span> <span class='ocrx_word' id='word_1_522' title='bbox 1112 4764 1330 4820; x_wconf 81' lang='lat' dir='ltr'><strong>Venetia</strong></span> <span class='ocrx_word' id='word_1_523' title='bbox 1373 4781 1403 4819; x_wconf 92' lang='lat' dir='ltr'><strong>a</strong></span> <span class='ocrx_word' id='word_1_524' title='bbox 1442 4764 1808 4837; x_wconf 86' lang='lat' dir='ltr'><strong>Langobardis</strong></span> <span class='ocrx_word' id='word_1_525' title='bbox 1837 4753 1939 4834; x_wconf 88' lang='lat' dir='ltr'><strong>est,</strong></span> <span class='ocrx_word' id='word_1_526' title='bbox 1975 4777 2031 4826; x_wconf 91' lang='lat' dir='ltr'><strong>et</strong></span> 
     </span>
    </p>
   </div>
   <div class='ocr_carea' id='block_1_80' title="bbox 471 4850 2032 4929">
    <p class='ocr_par' dir='ltr' id='par_1_80' title="bbox 471 4850 2032 4929">
     <span class='ocr_line' id='line_1_81' title="bbox 471 4850 2032 4929; baseline 0.006 -24"><span class='ocrx_word' id='word_1_527' title='bbox 471 4850 680 4912; x_wconf 88' lang='lat' dir='ltr'><strong>invasa,</strong></span> <span class='ocrx_word' id='word_1_528' title='bbox 705 4854 905 4923; x_wconf 90' lang='lat' dir='ltr'><strong>absque</strong></span> <span class='ocrx_word' id='word_1_529' title='bbox 936 4853 1076 4911; x_wconf 89' lang='lat' dir='ltr'><strong>bello</strong></span> <span class='ocrx_word' id='word_1_530' title='bbox 1102 4857 1305 4926; x_wconf 87' lang='lat' dir='ltr'><strong>expulsi</strong></span> <span class='ocrx_word' id='word_1_531' title='bbox 1349 4866 1490 4913; x_wconf 91' lang='lat' dir='ltr'><strong>sunt.</strong></span> <span class='ocrx_word' id='word_1_532' title='bbox 1531 4857 1687 4914; x_wconf 82' lang='lat' dir='ltr'><strong>Anno</strong></span> <span class='ocrx_word' id='word_1_533' title='bbox 1719 4860 1904 4929; x_wconf 90' lang='lat' dir='ltr'><strong>quinto</strong></span> <span class='ocrx_word' id='word_1_534' title='bbox 1936 4859 2032 4914; x_wconf 86' lang='lat' dir='ltr'><strong>Ju-</strong></span> 
     </span>
    </p>
   </div>
   <div class='ocr_carea' id='block_1_81' title="bbox 472 4942 2038 5018">
    <p class='ocr_par' dir='ltr' id='par_1_81' title="bbox 472 4942 2038 5018">
     <span class='ocr_line' id='line_1_82' title="bbox 472 4942 2038 5018; baseline 0.01 -21"><span class='ocrx_word' id='word_1_535' title='bbox 472 4943 600 4997; x_wconf 90' lang='lat' dir='ltr'><strong>stini</strong></span> <span class='ocrx_word' id='word_1_536' title='bbox 626 4942 669 4998; x_wconf 88' lang='lat' dir='ltr'><strong>ll</strong></span> <span class='ocrx_word' id='word_1_537' title='bbox 696 4944 1030 5014; x_wconf 87' lang='lat' dir='ltr'><strong>imperatoris</strong></span> <span class='ocrx_word' id='word_1_538' title='bbox 1055 4949 1356 5018; x_wconf 89' lang='lat' dir='ltr'><strong>pestilentia</strong></span> <span class='ocrx_word' id='word_1_539' title='bbox 1384 4951 1543 5006; x_wconf 88' lang='lat' dir='ltr'><strong>boum</strong></span> <span class='ocrx_word' id='word_1_540' title='bbox 1566 4959 1619 5005; x_wconf 92' lang='lat' dir='ltr'><strong>et</strong></span> <span class='ocrx_word' id='word_1_541' title='bbox 1646 4952 1894 5007; x_wconf 88' lang='lat' dir='ltr'><strong>interitus</strong></span> <span class='ocrx_word' id='word_1_542' title='bbox 1914 4952 2038 5013; x_wconf 89' lang='lat' dir='ltr'><strong>ubi-.</strong></span> 
     </span>
    </p>
   </div>
   <div class='ocr_carea' id='block_1_82' title="bbox 472 5032 2026 5111">
    <p class='ocr_par' dir='ltr' id='par_1_82' title="bbox 472 5032 2026 5111">
     <span class='ocr_line' id='line_1_83' title="bbox 472 5032 2026 5111; baseline 0.006 -25"><span class='ocrx_word' id='word_1_543' title='bbox 472 5047 578 5103; x_wconf 89' lang='lat' dir='ltr'><strong>que</strong></span> <span class='ocrx_word' id='word_1_544' title='bbox 602 5032 730 5101; x_wconf 82' lang='lat' dir='ltr'><strong>fuit;</strong></span> <span class='ocrx_word' id='word_1_545' title='bbox 758 5044 877 5104; x_wconf 89' lang='lat' dir='ltr'><strong>post</strong></span> <span class='ocrx_word' id='word_1_546' title='bbox 905 5052 1031 5092; x_wconf 79' lang='lat' dir='ltr'><strong>vero</strong></span> <span class='ocrx_word' id='word_1_547' title='bbox 1055 5037 1341 5108; x_wconf 89' lang='lat' dir='ltr'><strong>depredata</strong></span> <span class='ocrx_word' id='word_1_548' title='bbox 1367 5056 1397 5094; x_wconf 91' lang='lat' dir='ltr'><strong>a</strong></span> <span class='ocrx_word' id='word_1_549' title='bbox 1423 5039 1788 5111; x_wconf 83' lang='lat' dir='ltr'><strong>Langobardis</strong></span> <span class='ocrx_word' id='word_1_550' title='bbox 1814 5042 2026 5108; x_wconf 90' lang='lat' dir='ltr'><strong>Tuscia,</strong></span> 
     </span>
    </p>
   </div>
   <div class='ocr_carea' id='block_1_83' title="bbox 472 5126 2030 5203">
    <p class='ocr_par' dir='ltr' id='par_1_83' title="bbox 472 5126 2030 5203">
     <span class='ocr_line' id='line_1_84' title="bbox 472 5126 2030 5203; baseline 0.005 -22"><span class='ocrx_word' id='word_1_551' title='bbox 472 5126 796 5182; x_wconf 89' lang='lat' dir='ltr'><strong>obsederunt</strong></span> <span class='ocrx_word' id='word_1_552' title='bbox 822 5127 1082 5193; x_wconf 86' lang='lat' dir='ltr'><strong>Ticinum,</strong></span> <span class='ocrx_word' id='word_1_553' title='bbox 1112 5146 1231 5200; x_wconf 65' lang='lat' dir='ltr'><strong>quae</strong></span> <span class='ocrx_word' id='word_1_554' title='bbox 1268 5132 1457 5188; x_wconf 87' lang='lat' dir='ltr'><strong>civitas</strong></span> <span class='ocrx_word' id='word_1_555' title='bbox 1494 5132 1656 5203; x_wconf 87' lang='lat' dir='ltr'><strong>Papia</strong></span> <span class='ocrx_word' id='word_1_556' title='bbox 1692 5133 1907 5201; x_wconf 83' lang='lat' dir='ltr'><strong>dicitur,</strong></span> <span class='ocrx_word' id='word_1_557' title='bbox 1939 5135 2030 5189; x_wconf 91' lang='lat' dir='ltr'><strong>ubi</strong></span> 
     </span>
    </p>
   </div>
   <div class='ocr_carea' id='block_1_84' title="bbox 473 5220 2029 5297">
    <p class='ocr_par' dir='ltr' id='par_1_84' title="bbox 473 5220 2029 5297">
     <span class='ocr_line' id='line_1_85' title="bbox 473 5220 2029 5297; baseline 0.005 -23"><span class='ocrx_word' id='word_1_558' title='bbox 473 5220 836 5276; x_wconf 88' lang='lat' dir='ltr'><strong>Theodoricus</strong></span> <span class='ocrx_word' id='word_1_559' title='bbox 857 5222 1113 5291; x_wconf 87' lang='lat' dir='ltr'><strong>palatium</strong></span> <span class='ocrx_word' id='word_1_560' title='bbox 1152 5225 1368 5293; x_wconf 79' lang='lat' dir='ltr'><strong>struxit,</strong></span> <span class='ocrx_word' id='word_1_561' title='bbox 1404 5235 1455 5280; x_wconf 86' lang='lat' dir='ltr'><strong>et</strong></span> <span class='ocrx_word' id='word_1_562' title='bbox 1486 5226 1600 5296; x_wconf 85' lang='lat' dir='ltr'><strong>ejus</strong></span> <span class='ocrx_word' id='word_1_563' title='bbox 1628 5226 1912 5297; x_wconf 85' lang='lat' dir='ltr'><strong>imaginem</strong></span> <span class='ocrx_word' id='word_1_564' title='bbox 1942 5242 2029 5282; x_wconf 83' lang='lat' dir='ltr'><strong>se-</strong></span> 
     </span>
    </p>
   </div>
   <div class='ocr_carea' id='block_1_85' title="bbox 474 5312 2033 5382">
    <p class='ocr_par' dir='ltr' id='par_1_85' title="bbox 474 5312 2033 5382">
     <span class='ocr_line' id='line_1_86' title="bbox 474 5312 2033 5382; baseline 0.006 -17"><span class='ocrx_word' id='word_1_565' title='bbox 474 5312 688 5366; x_wconf 89' lang='lat' dir='ltr'><strong>dentem</strong></span> <span class='ocrx_word' id='word_1_566' title='bbox 728 5327 890 5381; x_wconf 86' lang='lat' dir='ltr'><strong>super</strong></span> <span class='ocrx_word' id='word_1_567' title='bbox 924 5327 1116 5382; x_wconf 90' lang='lat' dir='ltr'><strong>equum</strong></span> <span class='ocrx_word' id='word_1_568' title='bbox 1139 5316 1192 5368; x_wconf 90' lang='lat' dir='ltr'><strong>in</strong></span> <span class='ocrx_word' id='word_1_569' title='bbox 1217 5315 1498 5373; x_wconf 87' lang='lat' dir='ltr'><strong>tribunalis</strong></span> <span class='ocrx_word' id='word_1_570' title='bbox 1536 5320 1766 5373; x_wconf 87' lang='lat' dir='ltr'><strong>cameris</strong></span> <span class='ocrx_word' id='word_1_571' title='bbox 1802 5318 2033 5377; x_wconf 79' lang='lat' dir='ltr'><strong>tessellis</strong></span> 
     </span>
    </p>
   </div>
   <div class='ocr_carea' id='block_1_86' title="bbox 476 5402 2033 5472">
    <p class='ocr_par' dir='ltr' id='par_1_86' title="bbox 476 5402 2033 5472">
     <span class='ocr_line' id='line_1_87' title="bbox 476 5402 2033 5472; baseline 0.006 -19"><span class='ocrx_word' id='word_1_572' title='bbox 476 5402 678 5456; x_wconf 91' lang='lat' dir='ltr'><strong>ornatis</strong></span> <span class='ocrx_word' id='word_1_573' title='bbox 701 5402 835 5457; x_wconf 90' lang='lat' dir='ltr'><strong>bene</strong></span> <span class='ocrx_word' id='word_1_574' title='bbox 862 5403 1136 5472; x_wconf 81' lang='lat' dir='ltr'><strong>conspexi.</strong></span> <span class='ocrx_word' id='word_1_575' title='bbox 1168 5402 1268 5460; x_wconf 85' lang='lat' dir='ltr'><strong>Hic</strong></span> <span class='ocrx_word' id='word_1_576' title='bbox 1294 5415 1470 5462; x_wconf 89' lang='lat' dir='ltr'><strong>autem</strong></span> <span class='ocrx_word' id='word_1_577' title='bbox 1497 5407 1688 5462; x_wconf 87' lang='lat' dir='ltr'><strong>similis</strong></span> <span class='ocrx_word' id='word_1_578' title='bbox 1719 5408 1820 5462; x_wconf 80' lang='lat' dir='ltr'><strong>fuit</strong></span> <span class='ocrx_word' id='word_1_579' title='bbox 1849 5411 1902 5462; x_wconf 94' lang='lat' dir='ltr'><strong>in</strong></span> <span class='ocrx_word' id='word_1_580' title='bbox 1928 5408 2033 5463; x_wconf 90' lang='lat' dir='ltr'><strong>isto</strong></span> 
     </span>
    </p>
   </div>
   <div class='ocr_carea' id='block_1_87' title="bbox 552 5530 2031 5604">
    <p class='ocr_par' dir='ltr' id='par_1_87' title="bbox 552 5530 2031 5604">
     <span class='ocr_line' id='line_1_88' title="bbox 552 5530 2031 5604; baseline 0.009 -21"><span class='ocrx_word' id='word_1_581' title='bbox 552 5544 579 5572; x_wconf 75' lang='grc' dir='ltr'>ι</span> <span class='ocrx_word' id='word_1_582' title='bbox 616 5530 735 5604; x_wconf 53' lang='lat' dir='ltr'><strong>Pint.</strong></span> <span class='ocrx_word' id='word_1_583' title='bbox 763 5547 959 5604; x_wconf 63' lang='lat' dir='ltr'><strong>marg,</strong></span> <span class='ocrx_word' id='word_1_584' title='bbox 990 5532 1250 5593; x_wconf 76' lang='lat' dir='ltr'><strong>Fundanit</strong></span> <span class='ocrx_word' id='word_1_585' title='bbox 1274 5538 1538 5595; x_wconf 78' lang='lat' dir='ltr'><strong>ecclesiam</strong></span> <span class='ocrx_word' id='word_1_586' title='bbox 1579 5542 1644 5599; x_wconf 87' lang='grc' dir='ltr'><strong>Β.</strong></span> <span class='ocrx_word' id='word_1_587' title='bbox 1683 5539 1858 5597; x_wconf 77' lang='lat' dir='ltr'><strong>Severi</strong></span> <span class='ocrx_word' id='word_1_588' title='bbox 1894 5543 2031 5597; x_wconf 84' lang='lat' dir='ltr'><strong>circa</strong></span> 
     </span>
    </p>
   </div>
   <div class='ocr_carea' id='block_1_88' title="bbox 485 5601 971 5658">
    <p class='ocr_par' dir='ltr' id='par_1_88' title="bbox 485 5601 971 5658">
     <span class='ocr_line' id='line_1_89' title="bbox 485 5601 971 5658; baseline 0.004 -4"><span class='ocrx_word' id='word_1_589' title='bbox 485 5618 609 5654; x_wconf 80' lang='lat' dir='ltr'><strong>ann.</strong></span> <span class='ocrx_word' id='word_1_590' title='bbox 634 5601 754 5658; x_wconf 76' lang='lat'><strong>578.</strong></span> <span class='ocrx_word' id='word_1_591' title='bbox 779 5601 971 5657; x_wconf 60' lang='lat' dir='ltr'><strong>Bucca.</strong></span> 
     </span>
    </p>
   </div>
   <div class='ocr_carea' id='block_1_89' title="bbox 558 5670 2029 5743">
    <p class='ocr_par' dir='ltr' id='par_1_89' title="bbox 558 5670 2029 5743">
     <span class='ocr_line' id='line_1_90' title="bbox 558 5670 2029 5743; baseline 0.008 -19"><span class='ocrx_word' id='word_1_592' title='bbox 558 5672 587 5712; x_wconf 74' lang='grc' dir='ltr'>δ</span> <span class='ocrx_word' id='word_1_593' title='bbox 620 5670 741 5726; x_wconf 86' lang='lat' dir='ltr'><strong>Not.</strong></span> <span class='ocrx_word' id='word_1_594' title='bbox 773 5690 961 5743; x_wconf 70' lang='lat' dir='ltr'><strong>marg,</strong></span> <span class='ocrx_word' id='word_1_595' title='bbox 994 5675 1102 5740; x_wconf 69' lang='lat' dir='ltr'><strong>(sed</strong></span> <span class='ocrx_word' id='word_1_596' title='bbox 1132 5691 1291 5735; x_wconf 80' lang='lat' dir='ltr'><strong>morte</strong></span> <span class='ocrx_word' id='word_1_597' title='bbox 1312 5678 1408 5731; x_wconf 82' lang='lat' dir='ltr'><strong>sibi</strong></span> <span class='ocrx_word' id='word_1_598' title='bbox 1430 5681 1783 5738; x_wconf 73' lang='lat' dir='ltr'><strong>interveniente</strong></span> <span class='ocrx_word' id='word_1_599' title='bbox 1807 5684 2029 5740; x_wconf 77' lang='lat' dir='ltr'><strong>relicuitl</strong></span> 
     </span>
    </p>
   </div>
   <div class='ocr_carea' id='block_1_90' title="bbox 2053 4365 2104 4425">
    <p class='ocr_par' dir='ltr' id='par_1_90' title="bbox 2053 4365 2104 4425">
     <span class='ocr_line' id='line_1_91' title="bbox 2053 4365 2104 4425; baseline 0 0"><span class='ocrx_word' id='word_1_600' title='bbox 2053 4365 2104 4425; x_wconf 89' lang='lat' dir='ltr'><strong>D</strong></span> 
     </span>
    </p>
   </div>
   <div class='ocr_carea' id='block_1_91' title="bbox 2133 2579 3699 2657">
    <p class='ocr_par' dir='ltr' id='par_1_91' title="bbox 2133 2579 3699 2657">
     <span class='ocr_line' id='line_1_92' title="bbox 2133 2579 3699 2657; baseline 0.006 -24"><span class='ocrx_word' id='word_1_601' title='bbox 2133 2586 2349 2657; x_wconf 66' lang='lat' dir='ltr'><strong>palatio,</strong></span> <span class='ocrx_word' id='word_1_602' title='bbox 2386 2585 2530 2655; x_wconf 84' lang='lat' dir='ltr'><strong>quod</strong></span> <span class='ocrx_word' id='word_1_603' title='bbox 2571 2584 2684 2652; x_wconf 88' lang='lat' dir='ltr'><strong>ipse</strong></span> <span class='ocrx_word' id='word_1_604' title='bbox 2726 2579 3011 2636; x_wconf 69' lang='lat' dir='ltr'><strong>aediﬁcavit</strong></span> <span class='ocrx_word' id='word_1_605' title='bbox 3048 2581 3100 2635; x_wconf 88' lang='lat' dir='ltr'><strong>in</strong></span> <span class='ocrx_word' id='word_1_606' title='bbox 3147 2580 3411 2638; x_wconf 89' lang='lat' dir='ltr'><strong>tribunale</strong></span> <span class='ocrx_word' id='word_1_607' title='bbox 3450 2584 3699 2653; x_wconf 85' lang='lat' dir='ltr'><strong>triclinii,</strong></span> 
     </span>
    </p>
   </div>
   <div class='ocr_carea' id='block_1_92' title="bbox 2131 2674 3703 2748">
    <p class='ocr_par' dir='ltr' id='par_1_92' title="bbox 2131 2674 3703 2748">
     <span class='ocr_line' id='line_1_93' title="bbox 2131 2674 3703 2748; baseline 0 -16"><span class='ocrx_word' id='word_1_608' title='bbox 2131 2678 2273 2748; x_wconf 79' lang='lat' dir='ltr'><strong>quod</strong></span> <span class='ocrx_word' id='word_1_609' title='bbox 2318 2687 2541 2732; x_wconf 86' lang='lat' dir='ltr'><strong>vocatur</strong></span> <span class='ocrx_word' id='word_1_610' title='bbox 2582 2675 2647 2729; x_wconf 85' lang='lat' dir='ltr'><strong>ad</strong></span> <span class='ocrx_word' id='word_1_611' title='bbox 2694 2686 2839 2727; x_wconf 87' lang='lat' dir='ltr'><strong>mare</strong></span> <span class='ocrx_word' id='word_1_612' title='bbox 2883 2686 3045 2740; x_wconf 84' lang='lat' dir='ltr'><strong>super</strong></span> <span class='ocrx_word' id='word_1_613' title='bbox 3083 2680 3308 2741; x_wconf 87' lang='lat' dir='ltr'><strong>portam,</strong></span> <span class='ocrx_word' id='word_1_614' title='bbox 3339 2681 3397 2727; x_wconf 91' lang='lat' dir='ltr'><strong>et</strong></span> <span class='ocrx_word' id='word_1_615' title='bbox 3438 2674 3493 2729; x_wconf 91' lang='lat' dir='ltr'><strong>in</strong></span> <span class='ocrx_word' id='word_1_616' title='bbox 3520 2675 3703 2732; x_wconf 78' lang='lat' dir='ltr'><strong>fronte</strong></span> 
     </span>
    </p>
   </div>
   <div class='ocr_carea' id='block_1_93' title="bbox 2132 2764 3698 2841">
    <p class='ocr_par' dir='ltr' id='par_1_93' title="bbox 2132 2764 3698 2841">
     <span class='ocr_line' id='line_1_94' title="bbox 2132 2764 3698 2841; baseline 0.001 -16"><span class='ocrx_word' id='word_1_617' title='bbox 2132 2771 2311 2841; x_wconf 63' lang='lat' dir='ltr'><strong>regiae,</strong></span> <span class='ocrx_word' id='word_1_618' title='bbox 2353 2772 2477 2840; x_wconf 82' lang='lat' dir='ltr'><strong>quae</strong></span> <span class='ocrx_word' id='word_1_619' title='bbox 2522 2768 2717 2829; x_wconf 86' lang='lat' dir='ltr'><strong>dicitur</strong></span> <span class='ocrx_word' id='word_1_620' title='bbox 2763 2766 2831 2820; x_wconf 92' lang='lat' dir='ltr'><strong>ad</strong></span> <span class='ocrx_word' id='word_1_621' title='bbox 2875 2764 3056 2823; x_wconf 89' lang='lat' dir='ltr'><strong>Calcbi</strong></span> <span class='ocrx_word' id='word_1_622' title='bbox 3113 2765 3265 2820; x_wconf 88' lang='lat' dir='ltr'><strong>istius</strong></span> <span class='ocrx_word' id='word_1_623' title='bbox 3311 2767 3565 2833; x_wconf 90' lang='lat' dir='ltr'><strong>civitatis,</strong></span> <span class='ocrx_word' id='word_1_624' title='bbox 3608 2771 3698 2825; x_wconf 88' lang='lat' dir='ltr'><strong>ubi</strong></span> 
     </span>
    </p>
   </div>
   <div class='ocr_carea' id='block_1_94' title="bbox 2131 2855 3697 2932">
    <p class='ocr_par' dir='ltr' id='par_1_94' title="bbox 2131 2855 3697 2932">
     <span class='ocr_line' id='line_1_95' title="bbox 2131 2855 3697 2932; baseline -0.003 -15"><span class='ocrx_word' id='word_1_625' title='bbox 2131 2863 2304 2932; x_wconf 88' lang='lat' dir='ltr'><strong>prima</strong></span> <span class='ocrx_word' id='word_1_626' title='bbox 2329 2868 2483 2931; x_wconf 88' lang='lat' dir='ltr'><strong>porta</strong></span> <span class='ocrx_word' id='word_1_627' title='bbox 2510 2858 2694 2929; x_wconf 87' lang='lat' dir='ltr'><strong>palatii</strong></span> <span class='ocrx_word' id='word_1_628' title='bbox 2740 2855 2841 2913; x_wconf 73' lang='lat' dir='ltr'><strong>fuit</strong></span> <span class='ocrx_word' id='word_1_629' title='bbox 2887 2858 2940 2912; x_wconf 91' lang='lat' dir='ltr'><strong>in</strong></span> <span class='ocrx_word' id='word_1_630' title='bbox 2985 2856 3103 2911; x_wconf 91' lang='lat' dir='ltr'><strong>loco</strong></span> <span class='ocrx_word' id='word_1_631' title='bbox 3133 2856 3224 2926; x_wconf 91' lang='lat' dir='ltr'><strong>qui</strong></span> <span class='ocrx_word' id='word_1_632' title='bbox 3259 2866 3481 2913; x_wconf 87' lang='lat' dir='ltr'><strong>vocatur</strong></span> <span class='ocrx_word' id='word_1_633' title='bbox 3514 2858 3697 2916; x_wconf 84' lang='lat' dir='ltr'><strong>Sicre-</strong></span> 
     </span>
    </p>
   </div>
   <div class='ocr_carea' id='block_1_95' title="bbox 2133 2948 3698 3019">
    <p class='ocr_par' dir='ltr' id='par_1_95' title="bbox 2133 2948 3698 3019">
     <span class='ocr_line' id='line_1_96' title="bbox 2133 2948 3698 3019; baseline -0.002 -10"><span class='ocrx_word' id='word_1_634' title='bbox 2133 2963 2294 3018; x_wconf 87' lang='lat' dir='ltr'><strong>stum,</strong></span> <span class='ocrx_word' id='word_1_635' title='bbox 2327 2951 2414 3005; x_wconf 92' lang='lat' dir='ltr'><strong>ubi</strong></span> <span class='ocrx_word' id='word_1_636' title='bbox 2440 2950 2666 3006; x_wconf 88' lang='lat' dir='ltr'><strong>ecclesia</strong></span> <span class='ocrx_word' id='word_1_637' title='bbox 2697 2948 2987 3003; x_wconf 86' lang='lat' dir='ltr'><strong>Salvatoris</strong></span> <span class='ocrx_word' id='word_1_638' title='bbox 3014 2963 3132 3003; x_wconf 90' lang='lat' dir='ltr'><strong>esse</strong></span> <span class='ocrx_word' id='word_1_639' title='bbox 3158 2948 3386 3003; x_wconf 90' lang='lat' dir='ltr'><strong>videtur.</strong></span> <span class='ocrx_word' id='word_1_640' title='bbox 3414 2949 3472 3003; x_wconf 91' lang='lat' dir='ltr'><strong>In</strong></span> <span class='ocrx_word' id='word_1_641' title='bbox 3499 2951 3698 3019; x_wconf 87' lang='lat' dir='ltr'><strong>pinna—</strong></span> 
     </span>
    </p>
   </div>
   <div class='ocr_carea' id='block_1_96' title="bbox 2133 3037 3697 3112">
    <p class='ocr_par' dir='ltr' id='par_1_96' title="bbox 2133 3037 3697 3112">
     <span class='ocr_line' id='line_1_97' title="bbox 2133 3037 3697 3112; baseline -0.001 -16"><span class='ocrx_word' id='word_1_642' title='bbox 2133 3043 2251 3097; x_wconf 90' lang='lat' dir='ltr'><strong>culo</strong></span> <span class='ocrx_word' id='word_1_643' title='bbox 2280 3042 2445 3112; x_wconf 90' lang='lat' dir='ltr'><strong>ipsius</strong></span> <span class='ocrx_word' id='word_1_644' title='bbox 2478 3040 2583 3095; x_wconf 93' lang='lat' dir='ltr'><strong>loci</strong></span> <span class='ocrx_word' id='word_1_645' title='bbox 2623 3039 2721 3094; x_wconf 83' lang='lat' dir='ltr'><strong>fuit</strong></span> <span class='ocrx_word' id='word_1_646' title='bbox 2747 3038 3061 3093; x_wconf 89' lang='lat' dir='ltr'><strong>Tbeodorici</strong></span> <span class='ocrx_word' id='word_1_647' title='bbox 3089 3037 3307 3107; x_wconf 81' lang='lat' dir='ltr'><strong>etligies,</strong></span> <span class='ocrx_word' id='word_1_648' title='bbox 3337 3040 3475 3094; x_wconf 89' lang='lat' dir='ltr'><strong>mire</strong></span> <span class='ocrx_word' id='word_1_649' title='bbox 3499 3041 3697 3096; x_wconf 84' lang='lat' dir='ltr'><strong>tessel-</strong></span> 
     </span>
    </p>
   </div>
   <div class='ocr_carea' id='block_1_97' title="bbox 2131 3129 3694 3205">
    <p class='ocr_par' dir='ltr' id='par_1_97' title="bbox 2131 3129 3694 3205">
     <span class='ocr_line' id='line_1_98' title="bbox 2131 3129 3694 3205; baseline -0.001 -17"><span class='ocrx_word' id='word_1_650' title='bbox 2131 3134 2196 3190; x_wconf 90' lang='lat' dir='ltr'><strong>lis</strong></span> <span class='ocrx_word' id='word_1_651' title='bbox 2221 3144 2432 3198; x_wconf 88' lang='lat' dir='ltr'><strong>ornata,</strong></span> <span class='ocrx_word' id='word_1_652' title='bbox 2461 3134 2676 3187; x_wconf 81' lang='lat' dir='ltr'><strong>dextera</strong></span> <span class='ocrx_word' id='word_1_653' title='bbox 2701 3147 2861 3185; x_wconf 89' lang='lat' dir='ltr'><strong>manu</strong></span> <span class='ocrx_word' id='word_1_654' title='bbox 2896 3129 3133 3186; x_wconf 88' lang='lat' dir='ltr'><strong>lanceam</strong></span> <span class='ocrx_word' id='word_1_655' title='bbox 3164 3131 3393 3186; x_wconf 91' lang='lat' dir='ltr'><strong>tenentis</strong></span> <span class='ocrx_word' id='word_1_656' title='bbox 3431 3130 3694 3205; x_wconf 86' lang='lat' dir='ltr'><strong>[tenens],</strong></span> 
     </span>
    </p>
   </div>
   <div class='ocr_carea' id='block_1_98' title="bbox 2131 3220 3695 3295">
    <p class='ocr_par' dir='ltr' id='par_1_98' title="bbox 2131 3220 3695 3295">
     <span class='ocr_line' id='line_1_99' title="bbox 2131 3220 3695 3295; baseline -0.001 -15"><span class='ocrx_word' id='word_1_657' title='bbox 2131 3226 2347 3280; x_wconf 87' lang='lat' dir='ltr'><strong>sinistra</strong></span> <span class='ocrx_word' id='word_1_658' title='bbox 2399 3224 2669 3295; x_wconf 87' lang='lat' dir='ltr'><strong>clypeum,</strong></span> <span class='ocrx_word' id='word_1_659' title='bbox 2726 3222 2891 3277; x_wconf 87' lang='lat' dir='ltr'><strong>lorica</strong></span> <span class='ocrx_word' id='word_1_660' title='bbox 2947 3222 3180 3279; x_wconf 91' lang='lat' dir='ltr'><strong>indutus.</strong></span> <span class='ocrx_word' id='word_1_661' title='bbox 3237 3220 3393 3277; x_wconf 90' lang='lat' dir='ltr'><strong>Circa</strong></span> <span class='ocrx_word' id='word_1_662' title='bbox 3443 3222 3695 3293; x_wconf 80' lang='lat' dir='ltr'><strong>clypeum</strong></span> 
     </span>
    </p>
   </div>
   <div class='ocr_carea' id='block_1_99' title="bbox 2132 3312 3690 3384">
    <p class='ocr_par' dir='ltr' id='par_1_99' title="bbox 2132 3312 3690 3384">
     <span class='ocr_line' id='line_1_100' title="bbox 2132 3312 3690 3384; baseline -0.001 -14"><span class='ocrx_word' id='word_1_663' title='bbox 2132 3315 2299 3370; x_wconf 87' lang='lat' dir='ltr'><strong>Roma</strong></span> <span class='ocrx_word' id='word_1_664' title='bbox 2343 3314 2570 3369; x_wconf 88' lang='lat' dir='ltr'><strong>tessellis</strong></span> <span class='ocrx_word' id='word_1_665' title='bbox 2605 3323 2793 3368; x_wconf 90' lang='lat' dir='ltr'><strong>ornata</strong></span> <span class='ocrx_word' id='word_1_666' title='bbox 2841 3312 3048 3368; x_wconf 86' lang='lat' dir='ltr'><strong>astabat</strong></span> <span class='ocrx_word' id='word_1_667' title='bbox 3089 3328 3210 3367; x_wconf 90' lang='lat' dir='ltr'><strong>cum</strong></span> <span class='ocrx_word' id='word_1_668' title='bbox 3248 3313 3399 3367; x_wconf 89' lang='lat' dir='ltr'><strong>basta</strong></span> <span class='ocrx_word' id='word_1_669' title='bbox 3435 3322 3491 3366; x_wconf 88' lang='lat' dir='ltr'><strong>et</strong></span> <span class='ocrx_word' id='word_1_670' title='bbox 3515 3314 3690 3384; x_wconf 82' lang='lat' dir='ltr'><strong>galea,</strong></span> 
     </span>
    </p>
   </div>
   <div class='ocr_carea' id='block_1_100' title="bbox 2130 3402 3694 3473">
    <p class='ocr_par' dir='ltr' id='par_1_100' title="bbox 2130 3402 3694 3473">
     <span class='ocr_line' id='line_1_101' title="bbox 2130 3402 3694 3473; baseline -0.002 -12"><span class='ocrx_word' id='word_1_671' title='bbox 2130 3407 2269 3461; x_wconf 91' lang='lat' dir='ltr'><strong>unde</strong></span> <span class='ocrx_word' id='word_1_672' title='bbox 2292 3421 2420 3460; x_wconf 91' lang='lat' dir='ltr'><strong>vero</strong></span> <span class='ocrx_word' id='word_1_673' title='bbox 2447 3404 2609 3459; x_wconf 92' lang='lat' dir='ltr'><strong>telum</strong></span> <span class='ocrx_word' id='word_1_674' title='bbox 2647 3412 2833 3458; x_wconf 87' lang='lat' dir='ltr'><strong>tenens</strong></span> <span class='ocrx_word' id='word_1_675' title='bbox 2861 3402 2979 3467; x_wconf 84' lang='lat' dir='ltr'><strong>fuit,</strong></span> <span class='ocrx_word' id='word_1_676' title='bbox 3008 3402 3261 3457; x_wconf 84' lang='lat' dir='ltr'><strong>Ravenna</strong></span> <span class='ocrx_word' id='word_1_677' title='bbox 3303 3403 3531 3458; x_wconf 87' lang='lat' dir='ltr'><strong>tessellis</strong></span> <span class='ocrx_word' id='word_1_678' title='bbox 3556 3404 3694 3473; x_wconf 83' lang='lat' dir='ltr'><strong>ﬁgu-</strong></span> 
     </span>
    </p>
   </div>
   <div class='ocr_carea' id='block_1_101' title="bbox 2130 3495 3695 3566">
    <p class='ocr_par' dir='ltr' id='par_1_101' title="bbox 2130 3495 3695 3566">
     <span class='ocr_line' id='line_1_102' title="bbox 2130 3495 3695 3566; baseline 0 -15"><span class='ocrx_word' id='word_1_679' title='bbox 2130 3506 2245 3552; x_wconf 89' lang='lat' dir='ltr'><strong>rata</strong></span> <span class='ocrx_word' id='word_1_680' title='bbox 2276 3499 2464 3566; x_wconf 90' lang='lat' dir='ltr'><strong>pedem</strong></span> <span class='ocrx_word' id='word_1_681' title='bbox 2494 3497 2771 3551; x_wconf 88' lang='lat' dir='ltr'><strong>dexterum</strong></span> <span class='ocrx_word' id='word_1_682' title='bbox 2814 3511 2975 3565; x_wconf 85' lang='lat' dir='ltr'><strong>super</strong></span> <span class='ocrx_word' id='word_1_683' title='bbox 3004 3510 3169 3560; x_wconf 90' lang='lat' dir='ltr'><strong>mare,</strong></span> <span class='ocrx_word' id='word_1_684' title='bbox 3218 3495 3495 3551; x_wconf 87' lang='lat' dir='ltr'><strong>sinistrum</strong></span> <span class='ocrx_word' id='word_1_685' title='bbox 3530 3511 3695 3566; x_wconf 88' lang='lat' dir='ltr'><strong>super</strong></span> 
     </span>
    </p>
   </div>
   <div class='ocr_carea' id='block_1_102' title="bbox 2128 3585 3695 3657">
    <p class='ocr_par' dir='ltr' id='par_1_102' title="bbox 2128 3585 3695 3657">
     <span class='ocr_line' id='line_1_103' title="bbox 2128 3585 3695 3657; baseline 0 -15"><span class='ocrx_word' id='word_1_686' title='bbox 2128 3594 2329 3643; x_wconf 88' lang='lat' dir='ltr'><strong>terram</strong></span> <span class='ocrx_word' id='word_1_687' title='bbox 2363 3587 2429 3641; x_wconf 90' lang='lat' dir='ltr'><strong>ad</strong></span> <span class='ocrx_word' id='word_1_688' title='bbox 2458 3601 2636 3657; x_wconf 82' lang='lat' dir='ltr'><strong>regem</strong></span> <span class='ocrx_word' id='word_1_689' title='bbox 2674 3601 2985 3656; x_wconf 87' lang='lat' dir='ltr'><strong>properans.</strong></span> <span class='ocrx_word' id='word_1_690' title='bbox 3028 3586 3247 3641; x_wconf 82' lang='lat' dir='ltr'><strong>Misera!</strong></span> <span class='ocrx_word' id='word_1_691' title='bbox 3281 3585 3514 3656; x_wconf 90' lang='lat' dir='ltr'><strong>undique</strong></span> <span class='ocrx_word' id='word_1_692' title='bbox 3554 3587 3695 3642; x_wconf 84' lang='lat' dir='ltr'><strong>invi-</strong></span> 
     </span>
    </p>
   </div>
   <div class='ocr_carea' id='block_1_103' title="bbox 2130 3676 3688 3753">
    <p class='ocr_par' dir='ltr' id='par_1_103' title="bbox 2130 3676 3688 3753">
     <span class='ocr_line' id='line_1_104' title="bbox 2130 3676 3688 3753; baseline 0.001 -23"><span class='ocrx_word' id='word_1_693' title='bbox 2130 3678 2291 3753; x_wconf 87' lang='lat' dir='ltr'><strong>diam</strong></span> <span class='ocrx_word' id='word_1_694' title='bbox 2318 3693 2496 3748; x_wconf 89' lang='lat' dir='ltr'><strong>passa.</strong></span> <span class='ocrx_word' id='word_1_695' title='bbox 2540 3676 2694 3733; x_wconf 88' lang='lat' dir='ltr'><strong>Cives</strong></span> <span class='ocrx_word' id='word_1_696' title='bbox 2731 3678 2870 3732; x_wconf 89' lang='lat' dir='ltr'><strong>inter</strong></span> <span class='ocrx_word' id='word_1_697' title='bbox 2909 3691 2965 3731; x_wconf 93' lang='lat' dir='ltr'><strong>se</strong></span> <span class='ocrx_word' id='word_1_698' title='bbox 3007 3677 3237 3731; x_wconf 80' lang='lat' dir='ltr'><strong>maximo</strong></span> <span class='ocrx_word' id='word_1_699' title='bbox 3277 3676 3392 3730; x_wconf 82' lang='lat' dir='ltr'><strong>zelo</strong></span> 
     </span>
    </p>
   </div>
   <div class='ocr_carea' id='block_1_104' title="bbox 2129 3767 3695 3839">
    <p class='ocr_par' dir='ltr' id='par_1_104' title="bbox 2129 3767 3695 3839">
     <span class='ocr_line' id='line_1_105' title="bbox 2129 3767 3695 3839; baseline 0.003 -17"><span class='ocrx_word' id='word_1_700' title='bbox 2129 3769 2183 3823; x_wconf 90' lang='lat' dir='ltr'><strong>in</strong></span> <span class='ocrx_word' id='word_1_701' title='bbox 2209 3776 2428 3838; x_wconf 91' lang='lat' dir='ltr'><strong>aspectu</strong></span> <span class='ocrx_word' id='word_1_702' title='bbox 2462 3768 2697 3837; x_wconf 87' lang='lat' dir='ltr'><strong>ipsorum</strong></span> <span class='ocrx_word' id='word_1_703' title='bbox 2730 3767 2968 3839; x_wconf 78' lang='lat' dir='ltr'><strong>pyramis</strong></span> <span class='ocrx_word' id='word_1_704' title='bbox 3003 3769 3293 3838; x_wconf 82' lang='lat' dir='ltr'><strong>tetragonis</strong></span> <span class='ocrx_word' id='word_1_705' title='bbox 3326 3767 3611 3838; x_wconf 88' lang='lat' dir='ltr'><strong>lapidibus,</strong></span> <span class='ocrx_word' id='word_1_706' title='bbox 3638 3778 3695 3827; x_wconf 80' lang='lat' dir='ltr'><strong>et</strong></span> 
     </span>
    </p>
   </div>
   <div class='ocr_carea' id='block_1_105' title="bbox 2127 3857 3693 3931">
    <p class='ocr_par' dir='ltr' id='par_1_105' title="bbox 2127 3857 3693 3931">
     <span class='ocr_line' id='line_1_106' title="bbox 2127 3857 3693 3931; baseline 0 -17"><span class='ocrx_word' id='word_1_707' title='bbox 2127 3859 2312 3914; x_wconf 86' lang='lat' dir='ltr'><strong>bisalis</strong></span> <span class='ocrx_word' id='word_1_708' title='bbox 2337 3858 2391 3912; x_wconf 91' lang='lat' dir='ltr'><strong>in</strong></span> <span class='ocrx_word' id='word_1_709' title='bbox 2418 3857 2751 3914; x_wconf 88' lang='lat' dir='ltr'><strong>altitudinem</strong></span> <span class='ocrx_word' id='word_1_710' title='bbox 2779 3858 2930 3928; x_wconf 86' lang='lat' dir='ltr'><strong>quasi</strong></span> <span class='ocrx_word' id='word_1_711' title='bbox 2969 3858 3263 3915; x_wconf 89' lang='lat' dir='ltr'><strong>cubitorum</strong></span> <span class='ocrx_word' id='word_1_712' title='bbox 3299 3874 3412 3915; x_wconf 88' lang='lat' dir='ltr'><strong>sex.</strong></span> <span class='ocrx_word' id='word_1_713' title='bbox 3448 3859 3693 3931; x_wconf 84' lang='lat' dir='ltr'><strong>Desuper</strong></span> 
     </span>
    </p>
   </div>
   <div class='ocr_carea' id='block_1_106' title="bbox 2129 3949 3695 4020">
    <p class='ocr_par' dir='ltr' id='par_1_106' title="bbox 2129 3949 3695 4020">
     <span class='ocr_line' id='line_1_107' title="bbox 2129 3949 3695 4020; baseline 0 -15"><span class='ocrx_word' id='word_1_714' title='bbox 2129 3959 2304 4005; x_wconf 87' lang='lat' dir='ltr'><strong>autem</strong></span> <span class='ocrx_word' id='word_1_715' title='bbox 2333 3966 2503 4019; x_wconf 90' lang='lat' dir='ltr'><strong>equus</strong></span> <span class='ocrx_word' id='word_1_716' title='bbox 2545 3966 2611 4006; x_wconf 89' lang='lat' dir='ltr'><strong>ex</strong></span> <span class='ocrx_word' id='word_1_717' title='bbox 2647 3964 2753 4005; x_wconf 71' lang='lat' dir='ltr'><strong>mre</strong></span> <span class='ocrx_word' id='word_1_718' title='bbox 2780 3966 2910 4005; x_wconf 92' lang='lat' dir='ltr'><strong>auro</strong></span> <span class='ocrx_word' id='word_1_719' title='bbox 2940 3949 3080 4005; x_wconf 78' lang='lat' dir='ltr'><strong>fulvo</strong></span> <span class='ocrx_word' id='word_1_720' title='bbox 3114 3950 3381 4020; x_wconf 84' lang='lat' dir='ltr'><strong>perfusus,</strong></span> <span class='ocrx_word' id='word_1_721' title='bbox 3410 3965 3695 4006; x_wconf 87' lang='lat' dir='ltr'><strong>ascensor-</strong></span> 
     </span>
    </p>
   </div>
   <div class='ocr_carea' id='block_1_107' title="bbox 2128 4040 3691 4112">
    <p class='ocr_par' dir='ltr' id='par_1_107' title="bbox 2128 4040 3691 4112">
     <span class='ocr_line' id='line_1_108' title="bbox 2128 4040 3691 4112; baseline 0 -16"><span class='ocrx_word' id='word_1_722' title='bbox 2128 4058 2232 4112; x_wconf 92' lang='lat' dir='ltr'><strong>que</strong></span> <span class='ocrx_word' id='word_1_723' title='bbox 2269 4040 2384 4110; x_wconf 89' lang='lat' dir='ltr'><strong>ejus</strong></span> <span class='ocrx_word' id='word_1_724' title='bbox 2428 4041 2788 4097; x_wconf 89' lang='lat' dir='ltr'><strong>Theodoricus</strong></span> <span class='ocrx_word' id='word_1_725' title='bbox 2836 4057 2930 4095; x_wconf 81' lang='lat' dir='ltr'><strong>rex</strong></span> <span class='ocrx_word' id='word_1_726' title='bbox 2971 4049 3179 4096; x_wconf 84' lang='lat' dir='ltr'><strong>scutum</strong></span> <span class='ocrx_word' id='word_1_727' title='bbox 3220 4041 3435 4096; x_wconf 89' lang='lat' dir='ltr'><strong>sinistro</strong></span> <span class='ocrx_word' id='word_1_728' title='bbox 3469 4040 3691 4111; x_wconf 82' lang='lat' dir='ltr'><strong>gerebat</strong></span> 
     </span>
    </p>
   </div>
   <div class='ocr_carea' id='block_1_108' title="bbox 2129 4132 3692 4197">
    <p class='ocr_par' dir='ltr' id='par_1_108' title="bbox 2129 4132 3692 4197">
     <span class='ocr_line' id='line_1_109' title="bbox 2129 4132 3692 4197; baseline 0 -9"><span class='ocrx_word' id='word_1_729' title='bbox 2129 4135 2374 4197; x_wconf 81' lang='lat' dir='ltr'><strong>humero,</strong></span> <span class='ocrx_word' id='word_1_730' title='bbox 2408 4133 2628 4189; x_wconf 81' lang='lat' dir='ltr'><strong>dextero</strong></span> <span class='ocrx_word' id='word_1_731' title='bbox 2667 4148 2796 4189; x_wconf 88' lang='lat' dir='ltr'><strong>vero</strong></span> <span class='ocrx_word' id='word_1_732' title='bbox 2838 4132 3061 4188; x_wconf 82' lang='lat' dir='ltr'><strong>brachio</strong></span> <span class='ocrx_word' id='word_1_733' title='bbox 3107 4142 3286 4187; x_wconf 89' lang='lat' dir='ltr'><strong>erecto</strong></span> <span class='ocrx_word' id='word_1_734' title='bbox 3331 4132 3572 4187; x_wconf 88' lang='lat' dir='ltr'><strong>lanceam</strong></span> <span class='ocrx_word' id='word_1_735' title='bbox 3615 4142 3692 4188; x_wconf 81' lang='lat' dir='ltr'><strong>te-</strong></span> 
     </span>
    </p>
   </div>
   <div class='ocr_carea' id='block_1_109' title="bbox 2129 4224 3693 4295">
    <p class='ocr_par' dir='ltr' id='par_1_109' title="bbox 2129 4224 3693 4295">
     <span class='ocr_line' id='line_1_110' title="bbox 2129 4224 3693 4295; baseline 0.001 -17"><span class='ocrx_word' id='word_1_736' title='bbox 2129 4240 2281 4278; x_wconf 90' lang='lat' dir='ltr'><strong>nens.</strong></span> <span class='ocrx_word' id='word_1_737' title='bbox 2310 4224 2390 4279; x_wconf 86' lang='lat' dir='ltr'><strong>Ex</strong></span> <span class='ocrx_word' id='word_1_738' title='bbox 2426 4226 2645 4280; x_wconf 88' lang='lat' dir='ltr'><strong>naribus</strong></span> <span class='ocrx_word' id='word_1_739' title='bbox 2676 4240 2803 4279; x_wconf 86' lang='lat' dir='ltr'><strong>vero</strong></span> <span class='ocrx_word' id='word_1_740' title='bbox 2827 4225 2949 4294; x_wconf 87' lang='lat' dir='ltr'><strong>equi</strong></span> <span class='ocrx_word' id='word_1_741' title='bbox 2990 4224 3206 4295; x_wconf 83' lang='lat' dir='ltr'><strong>patulis,</strong></span> <span class='ocrx_word' id='word_1_742' title='bbox 3247 4236 3302 4278; x_wconf 85' lang='lat' dir='ltr'><strong>et</strong></span> <span class='ocrx_word' id='word_1_743' title='bbox 3326 4239 3419 4278; x_wconf 83' lang='lat' dir='ltr'><strong>ore</strong></span> <span class='ocrx_word' id='word_1_744' title='bbox 3445 4224 3693 4280; x_wconf 85' lang='lat' dir='ltr'><strong>volucres</strong></span> 
     </span>
    </p>
   </div>
   <div class='ocr_carea' id='block_1_110' title="bbox 2130 4296 3692 4385">
    <p class='ocr_par' dir='ltr' id='par_1_110' title="bbox 2130 4296 3692 4385">
     <span class='ocr_line' id='line_1_111' title="bbox 2130 4296 3692 4385; baseline -0.001 -15"><span class='ocrx_word' id='word_1_745' title='bbox 2130 4317 2374 4381; x_wconf 81' lang='lat' dir='ltr'><strong>exibant,</strong></span> <span class='ocrx_word' id='word_1_746' title='bbox 2424 4316 2477 4370; x_wconf 85' lang='lat' dir='ltr'><strong>in</strong></span> <span class='ocrx_word' id='word_1_747' title='bbox 2523 4316 2743 4385; x_wconf 87' lang='lat' dir='ltr'><strong>alvoque</strong></span> <span class='ocrx_word' id='word_1_748' title='bbox 2786 4314 2900 4384; x_wconf 87' lang='lat' dir='ltr'><strong>ejus</strong></span> <span class='ocrx_word' id='word_1_749' title='bbox 2955 4296 3107 4369; x_wconf 78' lang='lat' dir='ltr'><strong>nidos</strong></span> <span class='ocrx_word' id='word_1_750' title='bbox 3151 4314 3507 4370; x_wconf 70' lang='lat' dir='ltr'><strong>tedilicabant.</strong></span> <span class='ocrx_word' id='word_1_751' title='bbox 3558 4315 3692 4381; x_wconf 82' lang='lat' dir='ltr'><strong>Quis</strong></span> 
     </span>
    </p>
   </div>
   <div class='ocr_carea' id='block_1_111' title="bbox 2127 4403 3695 4477">
    <p class='ocr_par' dir='ltr' id='par_1_111' title="bbox 2127 4403 3695 4477">
     <span class='ocr_line' id='line_1_112' title="bbox 2127 4403 3695 4477; baseline -0.003 -14"><span class='ocrx_word' id='word_1_752' title='bbox 2127 4408 2268 4463; x_wconf 86' lang='lat' dir='ltr'><strong>enim</strong></span> <span class='ocrx_word' id='word_1_753' title='bbox 2292 4407 2455 4461; x_wconf 89' lang='lat' dir='ltr'><strong>talem</strong></span> <span class='ocrx_word' id='word_1_754' title='bbox 2483 4408 2664 4463; x_wconf 90' lang='lat' dir='ltr'><strong>videre</strong></span> <span class='ocrx_word' id='word_1_755' title='bbox 2684 4406 2878 4476; x_wconf 86' lang='lat' dir='ltr'><strong>potuit,</strong></span> <span class='ocrx_word' id='word_1_756' title='bbox 2910 4404 3081 4477; x_wconf 89' lang='lat' dir='ltr'><strong>qualis</strong></span> <span class='ocrx_word' id='word_1_757' title='bbox 3112 4404 3236 4460; x_wconf 86' lang='lat' dir='ltr'><strong>ille?</strong></span> <span class='ocrx_word' id='word_1_758' title='bbox 3259 4403 3361 4471; x_wconf 85' lang='lat' dir='ltr'><strong>Qui</strong></span> <span class='ocrx_word' id='word_1_759' title='bbox 3387 4420 3491 4459; x_wconf 91' lang='lat' dir='ltr'><strong>non</strong></span> <span class='ocrx_word' id='word_1_760' title='bbox 3518 4404 3695 4459; x_wconf 85' lang='lat' dir='ltr'><strong>credit</strong></span> 
     </span>
    </p>
   </div>
   <div class='ocr_carea' id='block_1_112' title="bbox 2126 4494 3693 4565">
    <p class='ocr_par' dir='ltr' id='par_1_112' title="bbox 2126 4494 3693 4565">
     <span class='ocr_line' id='line_1_113' title="bbox 2126 4494 3693 4565; baseline -0.002 -13"><span class='ocrx_word' id='word_1_761' title='bbox 2126 4506 2305 4553; x_wconf 89' lang='lat' dir='ltr'><strong>sumat</strong></span> <span class='ocrx_word' id='word_1_762' title='bbox 2328 4498 2565 4552; x_wconf 86' lang='lat' dir='ltr'><strong>Franciae</strong></span> <span class='ocrx_word' id='word_1_763' title='bbox 2593 4497 2714 4562; x_wconf 86' lang='lat' dir='ltr'><strong>iter,</strong></span> <span class='ocrx_word' id='word_1_764' title='bbox 2757 4505 2811 4551; x_wconf 92' lang='lat' dir='ltr'><strong>et</strong></span> <span class='ocrx_word' id='word_1_765' title='bbox 2826 4511 2952 4551; x_wconf 90' lang='lat' dir='ltr'><strong>eum</strong></span> <span class='ocrx_word' id='word_1_766' title='bbox 2976 4495 3213 4565; x_wconf 88' lang='lat' dir='ltr'><strong>aspiciet.</strong></span> <span class='ocrx_word' id='word_1_767' title='bbox 3238 4494 3341 4549; x_wconf 80' lang='lat' dir='ltr'><strong>Alii</strong></span> <span class='ocrx_word' id='word_1_768' title='bbox 3371 4494 3524 4548; x_wconf 91' lang='lat' dir='ltr'><strong>aiunt</strong></span> <span class='ocrx_word' id='word_1_769' title='bbox 3546 4494 3693 4564; x_wconf 89' lang='lat' dir='ltr'><strong>quod</strong></span> 
     </span>
    </p>
   </div>
   <div class='ocr_carea' id='block_1_113' title="bbox 2127 4586 3693 4659">
    <p class='ocr_par' dir='ltr' id='par_1_113' title="bbox 2127 4586 3693 4659">
     <span class='ocr_line' id='line_1_114' title="bbox 2127 4586 3693 4659; baseline -0.001 -16"><span class='ocrx_word' id='word_1_770' title='bbox 2127 4590 2464 4659; x_wconf 89' lang='lat' dir='ltr'><strong>supradictus</strong></span> <span class='ocrx_word' id='word_1_771' title='bbox 2509 4605 2678 4658; x_wconf 86' lang='lat' dir='ltr'><strong>equus</strong></span> <span class='ocrx_word' id='word_1_772' title='bbox 2720 4603 2817 4657; x_wconf 88' lang='lat' dir='ltr'><strong>pro</strong></span> <span class='ocrx_word' id='word_1_773' title='bbox 2858 4602 3041 4642; x_wconf 89' lang='lat' dir='ltr'><strong>amore</strong></span> <span class='ocrx_word' id='word_1_774' title='bbox 3079 4587 3308 4641; x_wconf 89' lang='lat' dir='ltr'><strong>Zenonis</strong></span> <span class='ocrx_word' id='word_1_775' title='bbox 3348 4586 3693 4655; x_wconf 88' lang='lat' dir='ltr'><strong>imperatoris</strong></span> 
     </span>
    </p>
   </div>
   <div class='ocr_carea' id='block_1_114' title="bbox 2126 4676 3689 4761">
    <p class='ocr_par' dir='ltr' id='par_1_114' title="bbox 2126 4676 3689 4761">
     <span class='ocr_line' id='line_1_115' title="bbox 2126 4676 3689 4761; baseline -0.002 -28"><span class='ocrx_word' id='word_1_776' title='bbox 2126 4681 2297 4734; x_wconf 83' lang='lat' dir='ltr'><strong>factus</strong></span> <span class='ocrx_word' id='word_1_777' title='bbox 2347 4678 2562 4743; x_wconf 83' lang='lat' dir='ltr'><strong>fuisset;</strong></span> <span class='ocrx_word' id='word_1_778' title='bbox 2608 4678 2698 4747; x_wconf 91' lang='lat' dir='ltr'><strong>qui</strong></span> <span class='ocrx_word' id='word_1_779' title='bbox 2741 4678 2884 4761; x_wconf 72' lang='lat' dir='ltr'><strong>Zeno</strong></span> <span class='ocrx_word' id='word_1_780' title='bbox 2920 4679 3136 4732; x_wconf 91' lang='lat' dir='ltr'><strong>natione</strong></span> <span class='ocrx_word' id='word_1_781' title='bbox 3171 4676 3461 4742; x_wconf 88' lang='lat' dir='ltr'><strong>Isauricus,</strong></span> <span class='ocrx_word' id='word_1_782' title='bbox 3500 4688 3558 4731; x_wconf 84' lang='lat' dir='ltr'><strong>et</strong></span> <span class='ocrx_word' id='word_1_783' title='bbox 3591 4691 3689 4748; x_wconf 89' lang='lat' dir='ltr'><strong>pro</strong></span> 
     </span>
    </p>
   </div>
   <div class='ocr_carea' id='block_1_115' title="bbox 2125 4768 3686 4842">
    <p class='ocr_par' dir='ltr' id='par_1_115' title="bbox 2125 4768 3686 4842">
     <span class='ocr_line' id='line_1_116' title="bbox 2125 4768 3686 4842; baseline -0.003 -15"><span class='ocrx_word' id='word_1_784' title='bbox 2125 4773 2291 4827; x_wconf 91' lang='lat' dir='ltr'><strong>nimia</strong></span> <span class='ocrx_word' id='word_1_785' title='bbox 2314 4771 2588 4826; x_wconf 89' lang='lat' dir='ltr'><strong>alacritate</strong></span> <span class='ocrx_word' id='word_1_786' title='bbox 2611 4769 2932 4842; x_wconf 90' lang='lat' dir='ltr'><strong>[velocitate]</strong></span> <span class='ocrx_word' id='word_1_787' title='bbox 2959 4772 3153 4840; x_wconf 90' lang='lat' dir='ltr'><strong>pedum</strong></span> <span class='ocrx_word' id='word_1_788' title='bbox 3178 4784 3300 4824; x_wconf 90' lang='lat' dir='ltr'><strong>eum</strong></span> <span class='ocrx_word' id='word_1_789' title='bbox 3323 4768 3686 4839; x_wconf 85' lang='lat' dir='ltr'><strong>Leo.impera-</strong></span> 
     </span>
    </p>
   </div>
   <div class='ocr_carea' id='block_1_116' title="bbox 2130 4863 3685 4939">
    <p class='ocr_par' dir='ltr' id='par_1_116' title="bbox 2130 4863 3685 4939">
     <span class='ocr_line' id='line_1_117' title="bbox 2130 4863 3685 4939; baseline -0.001 -21"><span class='ocrx_word' id='word_1_790' title='bbox 2130 4875 2215 4918; x_wconf 83' lang='lat' dir='ltr'><strong>tor</strong></span> <span class='ocrx_word' id='word_1_791' title='bbox 2239 4879 2490 4939; x_wconf 87' lang='lat' dir='ltr'><strong>generum</strong></span> <span class='ocrx_word' id='word_1_792' title='bbox 2515 4864 2762 4933; x_wconf 90' lang='lat' dir='ltr'><strong>sumpsit,</strong></span> <span class='ocrx_word' id='word_1_793' title='bbox 2804 4871 2858 4917; x_wconf 91' lang='lat' dir='ltr'><strong>et</strong></span> <span class='ocrx_word' id='word_1_794' title='bbox 2903 4864 3194 4917; x_wconf 83' lang='lat' dir='ltr'><strong>maximum</strong></span> <span class='ocrx_word' id='word_1_795' title='bbox 3229 4863 3369 4933; x_wconf 89' lang='lat' dir='ltr'><strong>apud</strong></span> <span class='ocrx_word' id='word_1_796' title='bbox 3397 4864 3685 4931; x_wconf 89' lang='lat' dir='ltr'><strong>imperato-</strong></span> 
     </span>
    </p>
   </div>
   <div class='ocr_carea' id='block_1_117' title="bbox 2128 4954 3687 5027">
    <p class='ocr_par' dir='ltr' id='par_1_117' title="bbox 2128 4954 3687 5027">
     <span class='ocr_line' id='line_1_118' title="bbox 2128 4954 3687 5027; baseline -0.001 -15"><span class='ocrx_word' id='word_1_797' title='bbox 2128 4971 2240 5012; x_wconf 89' lang='lat' dir='ltr'><strong>rem</strong></span> <span class='ocrx_word' id='word_1_798' title='bbox 2287 4957 2541 5012; x_wconf 90' lang='lat' dir='ltr'><strong>honorem</strong></span> <span class='ocrx_word' id='word_1_799' title='bbox 2588 4956 2809 5027; x_wconf 90' lang='lat' dir='ltr'><strong>accepit.</strong></span> <span class='ocrx_word' id='word_1_800' title='bbox 2856 4954 2953 5011; x_wconf 87' lang='lat' dir='ltr'><strong>Hic</strong></span> <span class='ocrx_word' id='word_1_801' title='bbox 2988 4972 3116 5011; x_wconf 89' lang='lat' dir='ltr'><strong>vero</strong></span> <span class='ocrx_word' id='word_1_802' title='bbox 3150 4955 3372 5026; x_wconf 85' lang='lat' dir='ltr'><strong>patellas</strong></span> <span class='ocrx_word' id='word_1_803' title='bbox 3410 4955 3687 5026; x_wconf 86' lang='lat' dir='ltr'><strong>geniculo—</strong></span> 
     </span>
    </p>
   </div>
   <div class='ocr_carea' id='block_1_118' title="bbox 2129 5043 3689 5112">
    <p class='ocr_par' dir='ltr' id='par_1_118' title="bbox 2129 5043 3689 5112">
     <span class='ocr_line' id='line_1_119' title="bbox 2129 5043 3689 5112; baseline -0.001 -15"><span class='ocrx_word' id='word_1_804' title='bbox 2129 5059 2245 5097; x_wconf 91' lang='lat' dir='ltr'><strong>rum</strong></span> <span class='ocrx_word' id='word_1_805' title='bbox 2273 5059 2379 5097; x_wconf 91' lang='lat' dir='ltr'><strong>non</strong></span> <span class='ocrx_word' id='word_1_806' title='bbox 2407 5044 2611 5109; x_wconf 88' lang='lat' dir='ltr'><strong>habuit,</strong></span> <span class='ocrx_word' id='word_1_807' title='bbox 2651 5056 2702 5098; x_wconf 83' lang='lat' dir='ltr'><strong>et</strong></span> <span class='ocrx_word' id='word_1_808' title='bbox 2732 5044 2808 5100; x_wconf 90' lang='lat' dir='ltr'><strong>sic</strong></span> <span class='ocrx_word' id='word_1_809' title='bbox 2849 5045 3097 5099; x_wconf 87' lang='lat' dir='ltr'><strong>currebat</strong></span> <span class='ocrx_word' id='word_1_810' title='bbox 3119 5043 3343 5107; x_wconf 81' lang='lat' dir='ltr'><strong>fortiter,</strong></span> <span class='ocrx_word' id='word_1_811' title='bbox 3374 5051 3433 5096; x_wconf 89' lang='lat' dir='ltr'><strong>ut</strong></span> <span class='ocrx_word' id='word_1_812' title='bbox 3467 5053 3689 5112; x_wconf 69' lang='lat' dir='ltr'><strong>arrepto</strong></span> 
     </span>
    </p>
   </div>
   <div class='ocr_carea' id='block_1_119' title="bbox 2128 5135 3686 5207">
    <p class='ocr_par' dir='ltr' id='par_1_119' title="bbox 2128 5135 3686 5207">
     <span class='ocr_line' id='line_1_120' title="bbox 2128 5135 3686 5207; baseline -0.001 -16"><span class='ocrx_word' id='word_1_813' title='bbox 2128 5152 2287 5191; x_wconf 90' lang='lat' dir='ltr'><strong>cursu</strong></span> <span class='ocrx_word' id='word_1_814' title='bbox 2317 5136 2601 5207; x_wconf 83' lang='lat' dir='ltr'><strong>quadrigas</strong></span> <span class='ocrx_word' id='word_1_815' title='bbox 2622 5137 2844 5205; x_wconf 88' lang='lat' dir='ltr'><strong>pedibus</strong></span> <span class='ocrx_word' id='word_1_816' title='bbox 2863 5136 3126 5206; x_wconf 86' lang='lat' dir='ltr'><strong>jungeret.</strong></span> <span class='ocrx_word' id='word_1_817' title='bbox 3149 5135 3273 5190; x_wconf 88' lang='lat' dir='ltr'><strong>Post</strong></span> <span class='ocrx_word' id='word_1_818' title='bbox 3300 5142 3528 5189; x_wconf 88' lang='lat' dir='ltr'><strong>mortem</strong></span> <span class='ocrx_word' id='word_1_819' title='bbox 3552 5149 3686 5189; x_wconf 86' lang='lat' dir='ltr'><strong>vero</strong></span> 
     </span>
    </p>
   </div>
   <div class='ocr_carea' id='block_1_120' title="bbox 2128 5226 3686 5305">
    <p class='ocr_par' dir='ltr' id='par_1_120' title="bbox 2128 5226 3686 5305">
     <span class='ocr_line' id='line_1_121' title="bbox 2128 5226 3686 5305; baseline -0.004 -19"><span class='ocrx_word' id='word_1_820' title='bbox 2128 5231 2223 5285; x_wconf 81' lang='lat' dir='ltr'><strong>ﬁlii</strong></span> <span class='ocrx_word' id='word_1_821' title='bbox 2260 5231 2365 5305; x_wconf 83' lang='lat' dir='ltr'><strong>sui,</strong></span> <span class='ocrx_word' id='word_1_822' title='bbox 2399 5230 2488 5301; x_wconf 90' lang='lat' dir='ltr'><strong>qui</strong></span> <span class='ocrx_word' id='word_1_823' title='bbox 2530 5244 2628 5284; x_wconf 86' lang='lat' dir='ltr'><strong>avo</strong></span> <span class='ocrx_word' id='word_1_824' title='bbox 2672 5229 2835 5283; x_wconf 89' lang='lat' dir='ltr'><strong>Leoni</strong></span> <span class='ocrx_word' id='word_1_825' title='bbox 2873 5236 3202 5284; x_wconf 88' lang='lat' dir='ltr'><strong>successerat</strong></span> <span class='ocrx_word' id='word_1_826' title='bbox 3245 5227 3297 5281; x_wconf 92' lang='lat' dir='ltr'><strong>in</strong></span> <span class='ocrx_word' id='word_1_827' title='bbox 3345 5239 3531 5294; x_wconf 80' lang='lat' dir='ltr'><strong>regno,</strong></span> <span class='ocrx_word' id='word_1_828' title='bbox 3582 5226 3686 5280; x_wconf 80' lang='lat' dir='ltr'><strong>iste</strong></span> 
     </span>
    </p>
   </div>
   <div class='ocr_carea' id='block_1_121' title="bbox 2128 5312 3687 5390">
    <p class='ocr_par' dir='ltr' id='par_1_121' title="bbox 2128 5312 3687 5390">
     <span class='ocr_line' id='line_1_122' title="bbox 2128 5312 3687 5390; baseline -0.006 -11"><span class='ocrx_word' id='word_1_829' title='bbox 2128 5312 2273 5379; x_wconf 75' lang='lat' dir='ltr'><strong>Zeno</strong></span> <span class='ocrx_word' id='word_1_830' title='bbox 2296 5322 2583 5390; x_wconf 88' lang='lat' dir='ltr'><strong>imperator</strong></span> <span class='ocrx_word' id='word_1_831' title='bbox 2610 5319 2784 5374; x_wconf 80' lang='lat' dir='ltr'><strong>factus</strong></span> <span class='ocrx_word' id='word_1_832' title='bbox 2810 5329 2909 5373; x_wconf 88' lang='lat' dir='ltr'><strong>est.</strong></span> <span class='ocrx_word' id='word_1_833' title='bbox 2939 5319 3212 5374; x_wconf 78' lang='lat' dir='ltr'><strong>Scxdecim</strong></span> <span class='ocrx_word' id='word_1_834' title='bbox 3251 5318 3405 5372; x_wconf 89' lang='lat' dir='ltr'><strong>annis</strong></span> <span class='ocrx_word' id='word_1_835' title='bbox 3430 5317 3687 5388; x_wconf 82' lang='lat' dir='ltr'><strong>gentibus</strong></span> 
     </span>
    </p>
   </div>
   <div class='ocr_carea' id='block_1_122' title="bbox 2130 5407 3683 5481">
    <p class='ocr_par' dir='ltr' id='par_1_122' title="bbox 2130 5407 3683 5481">
     <span class='ocr_line' id='line_1_123' title="bbox 2130 5407 3683 5481; baseline -0.003 -17"><span class='ocrx_word' id='word_1_836' title='bbox 2130 5409 2424 5481; x_wconf 85' lang='lat' dir='ltr'><strong>imperavit.</strong></span> <span class='ocrx_word' id='word_1_837' title='bbox 2471 5407 2575 5463; x_wconf 90' lang='lat' dir='ltr'><strong>Pro</strong></span> <span class='ocrx_word' id='word_1_838' title='bbox 2615 5408 2719 5463; x_wconf 90' lang='lat' dir='ltr'><strong>isto</strong></span> <span class='ocrx_word' id='word_1_839' title='bbox 2760 5423 2928 5477; x_wconf 86' lang='lat' dir='ltr'><strong>equus</strong></span> <span class='ocrx_word' id='word_1_840' title='bbox 2968 5408 3056 5462; x_wconf 90' lang='lat' dir='ltr'><strong>ille</strong></span> <span class='ocrx_word' id='word_1_841' title='bbox 3099 5407 3570 5477; x_wconf 76' lang='lat' dir='ltr'><strong>praestantissimus</strong></span> <span class='ocrx_word' id='word_1_842' title='bbox 3609 5421 3683 5462; x_wconf 83' lang='lat' dir='ltr'><strong>ex</strong></span> 
     </span>
    </p>
   </div>
   <div class='ocr_carea' id='block_1_123' title="bbox 2129 5558 2875 5614">
    <p class='ocr_par' dir='ltr' id='par_1_123' title="bbox 2129 5558 2875 5614">
     <span class='ocr_line' id='line_1_124' title="bbox 2129 5558 2875 5614; baseline -0.003 -1"><span class='ocrx_word' id='word_1_843' title='bbox 2129 5560 2182 5613; x_wconf 86' lang='lat' dir='ltr'><strong>in</strong></span> <span class='ocrx_word' id='word_1_844' title='bbox 2212 5560 2413 5614; x_wconf 76' lang='lat' dir='ltr'><strong>civitate</strong></span> <span class='ocrx_word' id='word_1_845' title='bbox 2442 5559 2635 5613; x_wconf 68' lang='lat' dir='ltr'><strong>dudum</strong></span> <span class='ocrx_word' id='word_1_846' title='bbox 2664 5558 2875 5613; x_wconf 78' lang='lat' dir='ltr'><strong>Classis.</strong></span> 
     </span>
    </p>
   </div>
   <div class='ocr_carea' id='block_1_124' title="bbox 2204 5626 3080 5686">
    <p class='ocr_par' dir='ltr' id='par_1_124' title="bbox 2204 5626 3080 5686">
     <span class='ocr_line' id='line_1_125' title="bbox 2204 5626 3080 5686; baseline -0.003 -3"><span class='ocrx_word' id='word_1_847' title='bbox 2204 5640 2227 5667; x_wconf 77' lang='grc' dir='ltr'><em>ε</em></span> <span class='ocrx_word' id='word_1_848' title='bbox 2264 5629 2359 5685; x_wconf 83' lang='lat' dir='ltr'><strong>llic</strong></span> <span class='ocrx_word' id='word_1_849' title='bbox 2383 5630 2575 5685; x_wconf 75' lang='lat' dir='ltr'><strong>desunt</strong></span> <span class='ocrx_word' id='word_1_850' title='bbox 2598 5629 2863 5686; x_wconf 86' lang='lat' dir='ltr'><strong>nonnulla.</strong></span> <span class='ocrx_word' id='word_1_851' title='bbox 2890 5626 3080 5682; x_wconf 66' lang='lat' dir='ltr'><strong>Bucca.</strong></span> 
     </span>
    </p>
   </div>
  </div>
