3906 6182
206 295 294 350 ῶΊ
1210 297 1407 354 LIBER
1442 295 1925 353 PONTIFICALIS.
1962 329 2035 342 --
2071 300 2249 357 PARS
2286 300 2349 355 II.

3307 304 3413 361 658

217 426 305 466 :ere
331 408 493 464 factus
535 423 664 464 auro
697 417 921 466 ornatus
946 418 1058 477 est;
1100 410 1195 466 sed
1240 410 1602 466 Theodericus
1647 422 1744 463 suo
1769 409 1821 468 Α
1844 407 2133 476 pincernm,
2176 406 2413 465 dolorem
2439 410 2728 480 geminavit
2771 411 2826 466 in
2867 413 3045 477 corde,
3073 412 3325 471 duritiem
3355 417 3410 471 in

220 499 406 554 nomine
440 499 740 567 decoravit;
782 509 837 556 et
878 517 1021 557 nunc
1052 517 1189 572 pene
1220 503 1347 556 anni
1388 517 1593 556 xxxvm
1622 517 1746 558 cum

217 591 412 647 Kamlus
456 607 550 647 rex
594 592 920 649 Francorum
967 596 1146 651 omnia
1183 595 1518 666 subjugasset
1562 612 1742 667 regna,

215 694 259 739 et
289 682 640 738 Romanorum
682 685 1010 755 percepisset
1046 702 1075 741 a
1102 686 1279 741 Leone
1308 686 1371 741 lll
1400 702 1537 756 papa
1580 687 1747 756 impe-

218 779 344 837 rium.
372 785 654 848 postquam
681 779 749 833 ad
781 795 975 850 corpus
1007 780 1147 835 beati
1183 780 1324 835 Petri
1352 790 1744 836 sacramentum

219 869 421 940 prabuit,
466 879 749 925 revertens
778 870 834 924 in
871 870 1173 935 Franciam,
1206 871 1512 925 Ravennam
1541 872 1747 943 ingres-

226 976 305 1025 sus,
321 960 500 1016 videns
521 961 934 1032 pulcherrimam
961 961 1267 1033 imaginem,
1296 978 1453 1031 quam
1483 978 1743 1031 nusquam

225 1053 421 1118 similem,
447 1062 514 1108 ut
542 1055 657 1123 ipse
681 1062 905 1111 testatus
940 1061 1044 1119 est,
1074 1054 1223 1119 vidit,
1264 1055 1316 1109 in
1346 1054 1624 1109 Franciam
1653 1053 1747 1109 de-

220 1152 388 1212 portare
410 1141 570 1209 fecit,
607 1153 767 1214 atque
798 1144 852 1201 in
883 1160 981 1200 suo
1014 1160 1130 1201 eam
1160 1144 1394 1203 firmavit
1422 1146 1623 1217 palatio
1653 1145 1744 1216 qui

217 1235 530 1307 Aquisgranis
555 1243 796 1295 vocatur.

785 1367 1010 1425 CAPUT
1046 1368 1132 1425 III.

212 1476 334 1531 Italia
360 1488 625 1553 uastauit
678 1478 930 1536 Ravenna?
968 1453 1298 1553 trepidatum.
1340 1483 1538 1540 Narses
1580 1485 1746 1541 deleto

543 1548 900 1606 Romanorum
925 1548 1107 1607 decore
1136 1555 1378 1610 moritur.

259 1681 551 1740 Redeamus
598 1684 667 1740 ad
713 1687 987 1757 antiquam
1026 1689 1329 1756 historiam,
1364 1706 1484 1760 qua:
1528 1691 1581 1747 in
1613 1699 1747 1747 tem-

1846 509 2063 570 pectore
2108 516 2346 557 servans.
2378 500 2492 556 Non
2534 518 2788 573 vagemus
2824 520 2920 574 per
2963 506 3145 569 multa,
3194 506 3415 562 interfe-

1846 592 2075 646 ctionem
2115 592 2422 661 prodamus.
2452 590 2549 647 Vir
2580 603 2761 649 autem
2789 595 2841 650 in
2871 595 2975 650 illis
3000 596 3186 652 diebus
3212 597 3266 651 in
3298 597 3414 667 ipso

1845 688 1961 735 erat
1991 680 2132 752 regis
2155 680 2352 750 palatio
2381 680 2535 735 fortis
2566 684 2780 738 nomine
2806 683 3089 755 Ilelmegis,
3123 687 3215 755 qui
3241 694 3415 743 veste-

1847 771 2000 825 rariaa
2028 771 2225 842 regina:
2251 772 2536 826 concubitu
2576 770 2884 839 fruebatur,
2916 790 3074 844 quem
3113 776 3294 845 regina
3324 792 3416 832 ac-

1844 862 2097 917 cersitum
2143 862 2462 918 hortabatur
2498 870 2557 917 ut
2601 879 2778 933 regem
2826 867 3208 936 exstingueret.
3248 867 3413 938 Cujus

1846 952 1932 1007 ille
1975 967 2207 1008 renuens
2249 953 2531 1019 voluntati,
2574 955 2730 1020 dixit,
2779 956 2920 1010 absit
2954 973 3057 1016 me.
3095 966 3155 1012 ut
3196 974 3414 1013 manum

1814 1056 1817 1059 λ
1846 1059 2018 1098 meam
2043 1053 2231 1099 contra
2261 1045 2535 1100 dominum
2563 1061 2739 1101 meum
2768 1063 2944 1118 regem
2973 1034 3165 1104 levem.
3198 1050 3276 1104 Tu
3307 1052 3414 1107 scis

1845 1134 1970 1202 quia
1996 1135 2080 1188 vir
2104 1134 2426 1191 fortissimus
2463 1146 2568 1199 est,
2600 1145 2654 1191 et
2689 1153 2793 1193 non
2826 1155 2965 1209 queo
2993 1156 3114 1195 eum
3140 1157 3410 1212 superare.

1844 1221 1911 1275 Et
1934 1222 2058 1276 illa:
2092 1224 2346 1290 Quamvis
2380 1241 2485 1280 non
2529 1227 2713 1293 facias,
2765 1232 2967 1285 nesciat
3014 1233 3154 1302 quis.
3184 1234 3248 1287 Et
3284 1235 3411 1290 ille:

1845 1311 2001 1368 Certe
2045 1330 2315 1384 nunquam
2345 1317 2435 1371 hic
2475 1333 2651 1374 sermo
2688 1321 2752 1375 de
2785 1336 2878 1376 ore
2924 1338 3045 1377 meo
3089 1326 3412 1395 egredietur.

1843 1402 2018 1458 Aliqu
2053 1405 2246 1459 adhibe
2267 1406 2704 1473 interfectorem;
2736 1426 2835 1482 ego
2866 1428 2973 1465 non
3002 1411 3161 1468 facio.
3191 1416 3413 1481 Quando

1843 1496 1948 1551 hoc
1973 1495 2147 1552 facere
2174 1497 2408 1564 voluisti,
2448 1515 2554 1555 non
2591 1501 2818 1557 debuisti
2852 1501 2949 1574 [te]
2982 1519 3101 1558 cum
3129 1519 3194 1560 eo
3219 1506 3413 1561 sociari
3451 1513 3465 1521 ‘

1847 1585 2118 1660 [sociare],
2173 1590 2267 1644 sed
2316 1602 2597 1661 postquam
2650 1594 2833 1662 regina
2885 1594 3075 1650 effecta
3126 1612 3205 1661 es,
3256 1598 3415 1652 fidem

1846 1695 2021 1736 serva.
2072 1680 2222 1736 Tunc
2269 1683 2471 1750 recepit
2519 1698 2577 1737 se
2623 1683 2965 1739 furibundam
3010 1686 3062 1739 in
3114 1686 3415 1742 cubiculum

205 1788 306 1842 pone
330 1773 491 1831 istius
515 1774 664 1831 Petri
694 1778 982 1848 pontiﬁcis,
1026 1789 1086 1836 ιη
1125 1782 1276 1837 aiunt
1319 1782 1555 1853 quidam,
1583 1783 1743 1838 facta,
1774 1766 1822 1826 B
1849 1787 2023 1836 suum,
2061 1779 2118 1826 et
2157 1772 2395 1842 cogitare
2437 1775 2600 1844 coepit
2637 1776 2902 1844 quomodo
2944 1777 3195 1830 maritum
3237 1786 3418 1847 posset

204 1864 264 1919 Eo
285 1880 514 1937 namque
540 1876 781 1940 tempore
804 1880 924 1941 post
953 1870 1354 1931 fundamentum
1385 1874 1624 1930 ecclesia:
1660 1890 1752 1947 po-

203 1958 351 2023 situm,
390 1967 511 2014 tota
556 1959 709 2016 Italia
745 1963 1025 2037 vexatione
1064 1965 1294 2019 maxima
1343 1966 1607 2035 exagitata
1642 1974 1744 2020 est.

202 2049 323 2105 Tunc
355 2051 467 2106 illis
506 2054 838 2123 temporibus
880 2055 933 2109 in
981 2055 1221 2112 Caesarea
1257 2058 1407 2128 juxta
1439 2058 1746 2113 Ravennam

202 2156 224 2192 a
242 2140 471 2211 Longino
498 2141 756 2213 praefecto
782 2145 1109 2216 palocopiam
1136 2145 1267 2219 [Al.,
1298 2147 1541 2217 palorum
1571 2147 1745 2221 copia]

202 2230 243 2284 in
262 2231 471 2286 modum
494 2234 635 2287 muri
658 2242 875 2304 propter
902 2244 1102 2291 metum
1129 2239 1301 2308 gentis
1327 2247 1600 2294 exstructa
1634 2247 1744 2306 est;

202 2319 362 2379 deinde
396 2323 981 2403 paulatimoRomanus
1019 2326 1214 2382 defecit
1252 2337 1489 2394 senatus,
1527 2336 1583 2384 et
1629 2337 1751 2399 post

200 2408 539 2467 Romanorum
582 2413 805 2470 libertas
846 2432 967 2471 cum
1014 2418 1287 2488 triumpho
1332 2419 1536 2474 sublata
1575 2420 1748 2476 est.A

200 2497 349 2557 Basilii
368 2518 610 2573 namque
635 2513 871 2574 tempore
891 2507 1225 2561 consulatuum
1247 2509 1452 2579 agentis
1478 2524 1644 2579 usque
1680 2510 1746 2565 ad

200 2593 453 2651 Narsetem
470 2597 755 2666 patricium
779 2599 1131 2671 provinciales
1149 2600 1374 2655 Romani
1391 2616 1557 2671 usque
1579 2602 1645 2657 ad
1674 2603 1749 2656 ni-

202 2684 338 2740 hilum
371 2687 583 2742 redacti
620 2695 761 2741 sunt.
790 2686 919 2743 Post
956 2688 1071 2745 haec
1097 2705 1225 2744 vero
1268 2691 1514 2745 exierunt
1540 2690 1749 2762 Lango-

204 2776 349 2845 bardi,
374 2788 437 2834 et
466 2780 796 2835 transierunt
826 2781 1073 2837 Tusciam
1106 2786 1274 2852 ‘usque
1313 2782 1660 2852 ad‘Romam,
1692 2792 1747 2841 et

203 2877 436 2935 ponentes
451 2868 631 2940 ignem
652 2879 854 2939 petram
876 2882 1148 2942 pertusam
1173 2874 1420 2929 incendio
1440 2890 1749 2931 concrema-

202 2966 382 3012 verunt.
408 2958 480 3012 Et
499 2968 916 3016 construxerunt
936 2964 1173 3034 praedicti
1197 2963 1527 3035 Langobardi
1550 2966 1743 3022 Forum

202 3045 429 3115 Cornelii,
456 3058 513 3103 et
540 3060 907 3106 consummata
934 3060 1018 3108 est
1042 3053 1231 3107 civitas
1253 3054 1321 3109 ab
1346 3053 1443 3109 eis.
1474 3054 1531 3109 In
1561 3055 1746 3111 diebus

1849 1863 2208 1933 exstinguere.
2248 1862 2365 1929 Quo
2398 1865 2700 1934 excogitato
2741 1866 2964 1921 consilio
3002 1868 3216 1921 vocavit
3245 1878 3395 1925 veste

1850 1955 2047 2009 rariam
2078 1970 2253 2019 suam,
2294 1962 2349 2009 et
2377 1955 2450 2010 ait
2500 1957 2564 2011 ad
2610 1972 2729 2011 eam
2763 1974 2775 2009 :
2807 1955 2934 2012 Jura
2976 1958 3107 2012 mihi
3138 1960 3280 2028 quod
3308 1976 3417 2016 non

1847 2047 2044 2117 prodas
2068 2062 2176 2111 me,
2202 2062 2375 2116 neque
2402 2048 2635 2103 denudes
2661 2049 2942 2104 consilium
2973 2065 3173 2113 meum,
3198 2058 3252 2105 et
3274 2066 3420 2120 quee-

1848 2153 2056 2207 cunque
2084 2138 2271 2192 dixero
2298 2138 2414 2202 tibi,
2438 2138 2620 2193 facito.
2649 2138 2940 2209 Postquam
2965 2139 3201 2209 pollicita
3232 2149 3333 2204 est,
3362 2148 3423 2194 ut

1849 2230 2092 2295 audistis,
2138 2230 2214 2284 ait
2250 2231 2430 2300 regina
2456 2249 2469 2285 :
2491 2228 2717 2286 Animus
2754 2245 2909 2286 meus
2934 2231 3171 2300 quotidie
3207 2247 3415 2286 mecum

1845 2326 2112 2390 expugnat
2141 2320 2195 2373 in
2224 2334 2406 2375 amore
2436 2320 2591 2374 istius
2618 2319 2854 2389 juvenis,
2882 2319 2973 2390 qui
3014 2328 3188 2375 tecum
3220 2335 3419 2374 concu-

1846 2411 1979 2466 buit.
2006 2411 2151 2466 Pone
2186 2414 2235 2467 ei
2264 2412 2537 2468 decretum
2567 2413 2622 2467 in
2662 2413 2932 2469 occultum
2975 2413 3173 2479 locum,
3203 2414 3419 2485 quando
3467 2428 3475 2438 '

1845 2510 2023 2558 tecum
2055 2503 2292 2559 dormire
2327 2504 2535 2569 debeat,
2565 2512 2620 2559 et
2643 2504 2811 2560 dicito
2840 2506 2887 2561 ei
2928 2524 2941 2559 :
2983 2505 3221 2575 Repente
3256 2506 3420 2560 fruito

1847 2595 2068 2669 [fruere]
2112 2597 2420 2662 concubitu,
2455 2597 2581 2667 quia
2622 2596 2883 2652 festinans
2924 2613 3022 2669 ego
3063 2614 3167 2653 non
3197 2613 3417 2668 possum

1845 2686 2064 2750 morari,
2104 2693 2158 2740 et
2196 2685 2412 2740 induam
2437 2701 2538 2758 ego
2567 2688 2884 2742 vestimenta
2920 2695 3010 2741 tua
3044 2688 3216 2756 posita
3244 2688 3297 2741 in
3326 2686 3417 2740 ab.

1846 2775 1976 2839 dito,
2007 2782 2068 2830 ut
2094 2790 2200 2829 non
2231 2790 2544 2845 eognoscar.
2575 2776 2814 2842 Quonam
2845 2777 2930 2832 die
2977 2777 3063 2832 ille
3105 2793 3226 2832 cum
3260 2776 3420 2831 vellet

1844 2879 1967 2919 eum
2004 2864 2295 2918 vesteraria
2317 2864 2571 2929 dormire,
2612 2865 2763 2919 sicut
2788 2864 2975 2920 solitus
3007 2875 3146 2931 erat,
3187 2865 3275 2920 illa
3305 2882 3419 2920 mo-

1846 2955 1958 3009 nita
1994 2954 2167 3008 dixit:
2201 2953 2313 3009 Nisi
2337 2955 2551 3010 veneris
2596 2955 2686 3009 illa
2714 2964 2770 3010 et
2801 2956 2888 3010 illa
2934 2958 3065 3012 hora
3104 2957 3157 3011 in
3189 2957 3281 3010 tali
3317 2959 3415 3012 ab-

1846 3044 1958 3100 dito
1979 3046 2099 3100 loco
2137 3061 2243 3101 non
2269 3061 2553 3116 possumus
2589 3047 2921 3118 amplexibus
2949 3049 3265 3121 constringi,
3291 3050 3415 3118 quia

201 3136 285 3191 illis
306 3140 543 3195 excitata
567 3149 652 3196 est
671 3158 802 3213 gens
822 3143 1139 3206 Avarorum,
1163 3144 1217 3198 in
1239 3143 1512 3205 Pannonia
1534 3148 1743 3204 deventi
1770 3114 1814 3177 Ο
1846 3135 2154 3206 frequenter
2201 3145 2388 3193 V003“
2436 3153 2540 3193 ηοη
2590 3153 2807 3208 Possum
2854 3141 2921 3195 ab
2958 3150 3177 3211 δερεειυ
3218 3142 3417 3210 τεείηω

200 3238 331 3293 sunt;
383 3228 679 3300 Narsisque
722 3233 979 3302 patricius
1020 3234 1156 3288 obiit
1197 3234 1412 3299 Romm,
1465 3245 1746 3308 postquam

200 3321 338 3389 gessit
384 3322 585 3378 multas
634 3324 882 3380 victorias
929 3326 982 3382 in
1027 3325 1175 3381 Italia
1227 3342 1347 3383 cum
1398 3328 1747 3386 denudatione

198 3414 415 3469 omnium
441 3413 831 3481 Romanorum,
862 3415 1027 3471 Italiae
1064 3417 1117 3472 in
1158 3417 1357 3488 palatio
1387 3419 1615 3489 quievit:
1648 3437 1746 3477 no-

199 3506 450 3575 nagesimo
470 3506 662 3577 quinto
685 3506 810 3562 vita:
836 3522 946 3567 sua:
969 3523 1110 3565 anno
1135 3519 1376 3567 mortuus
1409 3520 1511 3567 est.

790 3662 1016 3720 CAPUT
1050 3664 1139 3719 IV.

197 3797 756 3875 Alboini_ob_truncatio
805 3800 1120 3875 [immundae
1165 3806 1342 3859 uxoris
1387 3816 1561 3875 opera.
1612 3805 1743 3862 Ros-

255 3873 439 3954 m‘unda
471 3869 732 3925 Ravenna:
760 3888 791 3925 a
822 3871 1052 3954 Longino
1088 3889 1203 3954 035m
1232 3869 1436 3954 frenare
1474 3878 1743 3954 recipitur.

257 3938 450 4063 Ibidem
487 3956 555 3995 ea:
587 3957 776 4011 veneno
819 3938 1057 3997 moritur.
1098 3941 1243 3998 Petri
1264 3947 1487 4017 episcopi
1525 3938 1662 4001 mers
1698 3957 1747 4002 et

256 4026 370 4065 sentt
393 4027 569 4065 crum.

282 4027 569 4078 epularum.

260 4141 428 4212 Igitur,
460 4143 762 4213 imperante
781 4142 992 4198 Iustino
1017 4142 1084 4211 II,
1120 4154 1262 4199 anno
1287 4144 1339 4210 6,
1367 4153 1560 4215 nepote
1584 4145 1748 4202 Justi-

199 4230 347 4297 niani,
372 4231 655 4299 Aiboinus,
685 4247 780 4287 rex
813 4232 1306 4305 Langobardorum,
1334 4250 1364 4289 a
1392 4236 1505 4291 suis
1537 4238 1746 4291 occisus

202 4331 272 4375 est
289 4323 334 4377 in
352 4324 551 4393 palatio
574 4338 670 4377 suo
685 4321 837 4391 jussu
859 4325 1040 4379 uxoris
1061 4340 1170 4381 suae
1192 4325 1535 4390 Rosmundse,
1553 4342 1604 4379 iV
1624 4326 1740 4380 Kal.

205 4409 361 4469 Iulias.
379 4414 615 4472 Causam
633 4429 764 4470 vero
785 4414 1173 4472 interfectionis
1196 4432 1325 4480 suae,
1347 4433 1504 4486 quam
1526 4418 1740 4483 scimus,

210 4518 303 4559 non
321 4507 748 4575 praetermittam,
777 4507 870 4563 sed
902 4507 1148 4563 alacriter
1174 4508 1227 4562 in
1252 4507 1426 4564 medio
1454 4507 1740 4578 proferam,

204 4601 261 4648 ut
282 4598 517 4654 caveatis.
565 4595 804 4664 Quadam
845 4612 974 4653 vero
1019 4597 1121 4662 die,
1173 4598 1298 4652 dum
1342 4596 1493 4652 lmtus
1530 4599 1747 4653 duceret

146 4738 153 4755 ,
201 4686 388 4753 prandii
418 4689 632 4750 horam,
661 4696 715 4741 et
734 4687 885 4741 cibus
914 4687 1090 4758 regius
1112 4686 1212 4741 sibi
1243 4687 1438 4742 allatus
1463 4686 1669 4752 fuisset,
1693 4698 1747 4744 et

198 4778 401 4848 crapula
424 4779 535 4833 vini
560 4779 846 4834 subsecuta
864 4787 1025 4845 esset,
1048 4778 1188 4833 inter
1212 4788 1407 4834 caetera
1431 4779 1617 4849 pocula
1640 4778 1748 4849 jus-

199 4870 266 4924 sit
293 4872 477 4927 deferri
508 4881 671 4942 caput
691 4872 861 4926 soceri
901 4872 1005 4937 sui,
1030 4871 1349 4927 Rosmundaa
1384 4873 1582 4944 patris;
1609 4873 1746 4943 quod

197 4960 467 5016 adductum
490 4960 654 5031 jussit
680 4975 796 5016 eun.
841 4960 1046 5032 impleri
1086 4964 1287 5017 baccho
1319 4978 1488 5033 usque
1517 4963 1582 5017 ad
1606 4978 1751 5017 sum-

198 5062 356 5111 mum,
383 5058 438 5103 et
457 5050 538 5105 sic
564 5065 686 5105 eum
705 5057 872 5104 totum
896 5050 1081 5105 ebibit.
1098 5049 1356 5106 Biberunt
1380 5066 1566 5106 omnes
1592 5051 1748 5106 simul

196 5138 317 5192 vino
339 5140 603 5196 lzetificati.
638 5139 789 5196 Tunc
826 5141 1078 5211 praecepit
1111 5156 1204 5197 rex
1230 5142 1500 5212 pincernaz
1527 5142 1749 5213 implere

198 5239 349 5297 caput
373 5246 540 5302 usque
568 5231 637 5286 ad
674 5245 965 5297 summum,
994 5239 1050 5287 et
1084 5231 1407 5288 Rosmundze
1444 5234 1595 5288 uxori
1637 5249 1748 5289 suae

199 5320 341 5387 dari;
369 5324 508 5395 quod
530 5333 694 5395 caput
712 5332 826 5379 erat
854 5340 919 5380 ex
948 5340 1076 5381 auro
1104 5326 1322 5397 ligatum
1351 5326 1570 5399 optimo,
1606 5343 1747 5383 mar-

200 5413 478 5486 garitisque
496 5423 553 5470 et
575 5414 805 5470 diversis
827 5414 1225 5485 pretiosissimis
1248 5416 1472 5488 gemmis
1497 5416 1741 5472 infixum.

205 5498 313 5567 Quo
333 5489 595 5575 porrecto,
624 5506 700 5560 ait
727 5519 821 5560 rex
846 5518 861 5558 :
892 5504 1024 5561 Bibe
1054 5512 1241 5560 totum.
1272 5505 1363 5561 Illa
1390 5522 1533 5575 mox,
1573 5516 1630 5562 ut
1657 5524 1746 5563 ac-

208 5593 353 5661 cepit,
381 5595 655 5666 ingemuit,
694 5595 787 5651 sed
830 5594 1001 5652 fronte
1045 5609 1233 5652 serena
1262 5596 1432 5652 dixit:
1463 5598 1615 5655 Jussa
1643 5599 1747 5656 Do-

215 5681 329 5739 mini
354 5687 455 5743 mei
483 5686 735 5743 alacriter
757 5687 1019 5759 expleam.
1046 5687 1332 5760 Postquam
1356 5691 1491 5747 bibit
1521 5694 1748 5752 reddidit

1845 3226 2048 3283 deesse.
2080 3227 2174 3284 Ille
2211 3238 2390 3285 autem
2421 3231 2787 3297 consentiens,
2820 3230 2911 3287 Sic
2937 3232 3048 3298 ﬁat,
3095 3233 3285 3304 inquit.
3314 3234 3416 3288 Fe-

1843 3322 1917 3377 cit
1944 3323 2033 3399 illa
2068 3330 2127 3378 ut
2150 3325 2441 3381 ammonita
2467 3325 2661 3394 fuerat,
2695 3336 2748 3383 et
2779 3327 2958 3383 omnia
3001 3331 3164 3384 verba
3191 3329 3303 3385 lucc
3331 3346 3418 3385 re-

1845 3415 1965 3470 tulit
1993 3416 2210 3486 reginae.
2253 3416 2394 3473 Hora
2429 3427 2607 3473 autem
2652 3418 2791 3474 facta
2840 3421 3123 3476 tenebrosa
3159 3421 3330 3475 induit
3357 3437 3417 3476 se

1843 3506 2149 3564 Rosmunda
2197 3510 2512 3564 vestimenta
2563 3512 2843 3580 mancipia:
2880 3527 3011 3575 snas,
3061 3520 3117 3566 et
3168 3522 3316 3568 stans
3362 3514 3413 3567 in

1844 3596 1960 3652 loco
1994 3598 2083 3653 ubi
2124 3601 2541 3654 consummauda
2578 3601 2833 3671 iniquitas
2863 3601 2979 3655 fieri
3008 3602 3247 3667 deberet,
3289 3612 3415 3657 tunc

1846 3691 1933 3746 ille
1965 3692 2203 3753 veniens,
2235 3707 2356 3747 cum
2387 3692 2640 3761 cmpisset
2667 3694 2953 3759 obsculari,
2985 3693 3193 3748 subdita
3224 3702 3279 3747 et
3312 3693 3411 3747 levi

1842 3797 1975 3838 voce
1999 3783 2136 3837 dixit
2164 3782 2230 3837 ad
2263 3799 2385 3837 eum
2411 3800 2424 3836 :
2454 3782 2594 3837 Hora
2624 3792 2707 3838 est
2729 3783 2858 3851 jam,
2890 3791 3130 3849 revertar
3153 3784 3217 3837 ad
3246 3782 3416 3836 domi-

1845 3889 1967 3929 nam
1998 3888 2195 3938 meam,
2223 3888 2289 3928 ne
2320 3871 2459 3928 forte
2487 3874 2709 3943 quaesita
2744 3874 3015 3928 tribulatio
3048 3873 3175 3926 mihi
3204 3887 3419 3927 accres-

1843 3972 1948 4019 cat.
1978 3963 2128 4018 Tunc
2154 3963 2240 4018 ille
2280 3963 2475 4017 mansit
2504 3978 2623 4017 eum
2669 3978 2732 4018 ea
2760 3964 2810 4016 in
2838 3962 3024 4017 eodem
3063 3961 3200 4026 loco,
3230 3962 3320 4017 illa
3348 3979 3407 4017 se

1843 4062 2219 4126 prosternente
2257 4071 2269 4107 :
2315 4061 2436 4122 post
2484 4053 2625 4121 quod
2671 4053 2880 4122 expleto
2923 4053 3124 4107 scelere
3168 4053 3302 4106 dixit
3348 4053 3419 4107 ad

1843 4160 2002 4200 eum:
2033 4143 2163 4210 Quae
2189 4158 2288 4214 ego
2314 4144 2469 4198 sum?
2496 4143 2588 4198 llle
2618 4144 2827 4212 inquit:
2860 4142 3163 4199 Vesteraria
3195 4144 3415 4213 reginae.
3491 4202 3501 4211 ,

1845 4234 1942 4290 Cui
1967 4234 2054 4288 illa
2086 4231 2360 4300 subjunxit
2396 4250 2409 4287 :
2454 4232 2700 4304 Nunquid
2731 4250 2835 4289 non
2875 4234 3180 4289 Rosmunda
3229 4235 3416 4304 regina

1842 4341 1942 4397 ego
1973 4325 2127 4379 sum?
2156 4324 2345 4379 Nonne
2381 4324 2490 4379 dixi
2525 4324 2640 4389 tibi,
2675 4325 2818 4399 quod
2865 4333 3054 4396 sponte
3097 4323 3274 4379 facere
3320 4339 3417 4378 no-

1843 4415 2009 4481 luisti,
2032 4431 2216 4485 cogam
2240 4416 2438 4471 invite?
2454 4414 2544 4469 llle
2565 4430 2693 4470 vero
2708 4431 2829 4469 eum
2856 4416 3161 4493 agnovisset
3185 4416 3308 4485 quia
3333 4431 3414 4471 re-

1846 4509 1967 4578 gina
1983 4517 2142 4572 esset,
2160 4507 2321 4576 cmpit
2346 4506 2558 4579 plorare
2571 4507 2817 4563 etdicere
2846 4526 2858 4561 :
2891 4507 3004 4565 Heu
3030 4509 3179 4572 mihi,
3206 4507 3413 4578 utquid

1847 4596 2103 4653 induxisti
2144 4611 2306 4667 super
2344 4612 2429 4651 me
2450 4598 2550 4652 hoc
2585 4599 2899 4667 peccatum?
2927 4598 3102 4664 Quare
3129 4602 3245 4654 sine
3267 4600 3412 4655 omni

1845 4692 2084 4746 occidisti
2107 4706 2193 4746 me
2212 4690 2563 4762 gladio?Quis
2586 4692 2798 4746 thorum
2822 4692 2964 4760 regis
2990 4691 3275 4762 aliquando
3300 4708 3412 4746 ma-

1846 4782 2061 4846 culavit,
2076 4789 2169 4835 aut
2190 4781 2426 4850 reginam
2450 4783 2733 4851 oppressit,
2757 4782 2898 4836 sicut
2922 4772 3027 4853 ego
3039 4783 3233 4837 miser?
3263 4782 3412 4837 Tunc

1847 4871 1937 4927 illa
1981 4871 2335 4927 consolatoria
2374 4872 2537 4940 coepit
2594 4873 2754 4926 verba
2809 4871 3050 4941 proferre
3095 4880 3150 4926 et
3190 4873 3405 4927 dicere:

1851 4963 2021 5027 Tace;
2053 4963 2165 5018 haec
2194 4963 2258 5016 ad
2286 4961 2507 5017 salutem
2550 4960 2689 5016 facta
2725 4971 2883 5025 sunt;
2919 4972 3096 5018 tamen
3130 4963 3250 5018 talis
3274 4964 3413 5016 inter

1852 5062 1905 5107 te
1943 5061 1997 5108 et
2034 5049 2324 5108 Albuinum
2373 5066 2559 5122 regem
2599 5050 2665 5105 lis
2710 5060 2835 5105 nata
2887 5051 3079 5124 [Cod.,
3126 5054 3406 5116 miscuata,

1848 5141 2068 5214 Bacch.]
2091 5150 2193 5205 est,
2221 5149 2277 5194 ut
2307 5150 2359 5194 tu
2390 5139 2535 5194 illum
2562 5140 2821 5209 punieris,
2846 5150 2940 5195 aut
2966 5142 3055 5195 ille
3083 5156 3182 5195 suo
3213 5151 3263 5194 te
3293 5140 3406 5210 giao
3452 5188 3455 5193 .

1848 5238 1936 5293 dio
1978 5236 2263 5292 truncahit.
2298 5234 2597 5303 Antequam
2634 5234 2750 5290 haec
2778 5235 3045 5306 divulgata
3074 5235 3181 5290 sint
3206 5233 3409 5303 primus

1848 5329 1994 5387 irrue
2015 5328 2067 5383 in
2097 5342 2238 5391 eum,
2262 5333 2317 5380 et
2343 5342 2464 5381 cum
2493 5327 2605 5382 dies
2633 5326 2789 5382 fuerit
2823 5336 2978 5398 aptus
3000 5326 3205 5382 mittam
3229 5325 3295 5381 ad
3326 5337 3403 5391 te;

1850 5430 1905 5476 tu
1934 5436 2060 5475 vero
2086 5418 2204 5473 veni
2242 5418 2311 5473 ad
2346 5417 2522 5474 locum
2562 5429 2830 5488 paratum,
2863 5419 3106 5475 interﬁce
3134 5434 3276 5474 eum.
3314 5416 3408 5472 Die

1849 5526 1978 5566 vero
2023 5510 2249 5580 quadam
2294 5518 2537 5581 paratum
2567 5511 2744 5581 regale
2773 5512 3050 5581 prandium
3085 5509 3409 5579 jucundatus

1850 5611 1933 5659 est
1962 5618 2053 5656 rex
2083 5600 2380 5672 protelante
2406 5602 2666 5665 convivio,
2703 5610 2757 5655 et
2786 5602 2917 5657 bibit
2959 5610 3162 5656 tantum
3206 5602 3405 5664 vinum,

1852 5704 2110 5765 quantum
2154 5707 2424 5762 nunquam
2475 5691 2701 5763 plurimo
2735 5693 2944 5750 biberat
2987 5705 3244 5765 tempore,
3287 5695 3409 5749 hor-
