3936 6180
482 265 587 323 639

1183 262 1473 318 AGNELLI
1509 259 1796 316 ABBATIS
1833 257 1891 313 S.
1932 254 2173 311 MARIIE
2211 254 2302 310 AD
2334 253 2803 318 BLACIIERNAS,
2840 253 2989 310 ETC.

3587 249 3685 304 650

479 385 629 434 tante
648 391 814 431 uxore
837 390 949 429 sua.
994 375 1058 429 Et
1088 381 1368 444 postquam
1411 389 1469 429 se
1499 374 1550 428 in
1580 382 1747 428 strato
1768 387 1864 427 suo
1889 385 2034 426 rece-
2058 373 2107 430 Α
2136 368 2311 439 parari
2333 367 2603 437 iussisset,
2644 376 2697 422 et
2729 368 2811 422 vir
2835 368 2925 437 qui
2952 367 3198 422 maritum
3232 368 3503 431 occiderat
3544 368 3689 423 lava-

480 468 579 538 pit,
608 465 912 522 Rosmunda
943 465 1178 535 ingressa
1212 465 1374 533 coepit
1416 464 1604 534 capitis
1641 462 1779 533 regis
1811 461 2034 533 capillos

481 559 588 614 buc
630 557 753 611 illuc
795 555 1068 618 dividere,
1117 563 1170 607 et
1214 564 1389 607 cutem
1441 553 1701 622 unguibus
1747 559 2032 617 atrectare,

481 648 632 719 quasi
660 660 758 715 pro
788 645 1177 699 delectamento
1200 645 1247 698 ei
1277 644 1479 698 fuisset.
1514 644 1612 709 Qui
1642 644 1818 698 subito
1848 657 2035 697 somno

483 746 747 806 arreptus,
776 735 900 788 vino
919 734 1242 803 compulsus,
1265 733 1438 803 tetigit
1462 734 1542 786 bis
1562 741 1616 786 et
1640 740 1740 797 ter,
1762 741 1820 786 ut
1843 733 2035 802 proba-

471 835 555 877 ret
591 825 726 878 forte
748 839 853 877 non
881 821 1052 893 [num]
1089 837 1276 892 sopore
1316 822 1462 892 gravi
1489 820 1769 890 depressus
1797 829 1956 887 esset,
1981 830 2038 875 et

479 914 627 969 misit
666 928 861 967 vocare
899 913 1115 966 sceleris
1155 912 1234 966 sui
1272 913 1494 973 socium,
1531 920 1588 966 ut
1623 912 1781 967 citius
1806 913 2031 967 veniret.

492 1003 629 1056 {unc
652 1000 739 1054 illa
772 1000 990 1055 abstulit
1016 999 1245 1070 gladium
1266 1000 1572 1069 ancipitem,
1599 1001 1687 1069 qui
1716 1008 1834 1055 erat
1858 1001 1923 1054 ad
1947 1015 2036 1055 ca—

480 1101 575 1162 put
620 1088 753 1158 ejus
773 1080 878 1160 quo
914 1091 1163 1144 utebatur
1204 1090 1385 1145 lateris
1428 1091 1598 1162 regis,
1650 1107 1807 1161 quem
1850 1092 2034 1162 spatha

480 1198 754 1247 vocamus,
775 1189 829 1237 et
847 1181 1081 1251 alligavit
1095 1180 1243 1248 juxta
1267 1183 1511 1251 capitalia
1542 1183 1660 1237 lecti
1686 1182 1894 1237 fortiter
1913 1199 2033 1239 cum

481 1274 597 1344 ipso
624 1273 739 1329 loro
763 1289 867 1342 quo
889 1274 997 1342 regi
1023 1274 1444 1345 prtecingebatur
1467 1275 1691 1341 lumbos,
1722 1278 1811 1346 qui
1834 1277 1886 1331 in
1918 1278 2032 1348 ipsa

479 1366 674 1422 inﬁxus
714 1374 832 1422 erat
873 1367 1082 1436 vagina.
1122 1366 1433 1422 Interfector
1463 1384 1589 1423 vero
1622 1385 1741 1424 cum
1780 1370 2031 1436 venisset,

426 1454 431 1459 ’
478 1456 662 1512 volens
689 1473 718 1511 a
748 1457 840 1511 tali
871 1457 1095 1511 evadere
1123 1458 1341 1522 scelere,
1368 1461 1503 1513 utin
1530 1476 1650 1515 eum
1681 1476 1890 1515 manum
1927 1477 2031 1516 non

479 1549 741 1612 mitteret;
767 1547 854 1603 illa
884 1556 1070 1603 contra
1110 1551 1467 1619 exprobrabat
1504 1566 1660 1619 eum;
1708 1552 1752 1606 si
1794 1552 2033 1622 proferas

478 1640 619 1709 quod
658 1637 902 1693 inﬁrmus
926 1639 999 1693 sis
1026 1639 1245 1703 viribus,
1278 1648 1331 1694 et
1360 1656 1467 1697 non
1502 1640 1682 1696 valeas
1702 1657 1821 1696 eum
1850 1642 2034 1697 interi-

2137 471 2286 511 crum
2327 456 2708 526 ingrederetur,
2735 464 3013 525 postquam
3039 456 3287 527 egressus
3314 458 3379 512 de
3403 457 3617 522 balneo,
3640 460 3691 513 in

2137 545 2248 615 ipso
2277 544 2484 599 fervore
2511 545 2748 614 corporis
2772 585 2787 609 ,
2823 560 2928 614 quo
2972 545 3119 601 calor
3164 547 3479 612 obsederat,
3516 548 3697 605 attulit

2136 635 2439 690 Rosmunda
2466 635 2685 689 calicem
2729 635 2942 704 potione
2973 635 3209 705 plenum,
3242 637 3393 705 quasi
3441 637 3512 692 ad
3554 639 3698 710 regis

2133 738 2265 793 opus
2288 740 2301 788 ;
2334 733 2453 779 erat
2478 724 2619 778 enim
2646 734 2850 777 veneno
2878 724 3061 777 mixta.
3094 723 3243 778 Tunc
3269 724 3355 779 ille
3384 741 3609 781 sumens
3635 727 3699 782 de

2133 829 2291 868 manu
2314 812 2428 881 ejus
2465 814 2756 887 vasculum,
2795 814 2956 884 etrapit
2997 815 3199 869 bibere.
3251 814 3317 869 At
3358 817 3451 871 ubi
3498 817 3700 873 intelli-

2133 917 2263 972 gens
2291 912 2473 972 potum
2510 918 2630 958 esse
2655 903 2856 963 mortis,
2897 903 3161 957 submovit
3185 904 3267 958 ori
3297 920 3395 959 suo
3415 906 3696 975 poculum,

2133 999 2186 1046 et
2208 991 2353 1046 dedit
2381 993 2576 1061 reginae
2604 992 2784 1047 dicens
2813 1012 2824 1046 :
2855 992 2977 1047 bibe
3001 1003 3055 1048 et
3085 1001 3138 1046 tu
3168 1010 3396 1049 mecum.
3445 995 3538 1050 Illa
3568 1013 3699 1053 vem

2132 1079 2315 1141 noluit,
2343 1081 2728 1152 evaginatoque
2749 1081 2922 1153 gladio
2944 1085 3259 1155 stetitsuper
3285 1100 3425 1150 eam,
3449 1096 3507 1140 et
3533 1088 3697 1144 dixit:

2134 1169 2190 1225 Si
2214 1186 2318 1224 non
2346 1170 2545 1225 biberis
2569 1170 2635 1226 de
2659 1171 2781 1237 hoc,
2817 1181 2869 1227 te
2889 1173 3201 1242 percutiam.
3241 1174 3458 1238 Volens,
3487 1176 3697 1244 nolens,

2132 1262 2286 1326 bibit,
2329 1268 2384 1315 et
2417 1277 2477 1316 ea
2507 1263 2638 1317 hora
2671 1265 2865 1318 mortui
2896 1273 3039 1319 sunt.
3092 1265 3240 1321 Tunc
3266 1266 3541 1338 Longinus
3565 1285 3699 1338 prte-

2132 1350 2305 1407 fectus
2337 1351 2558 1406 abstulit
2598 1368 2785 1417 omnes
2809 1353 3276 1426 Langobardorum
3309 1359 3613 1421 thesauros,
3644 1370 3701 1416 et

2131 1452 2351 1498 cunctas
2379 1456 2504 1512 opes
2532 1445 2726 1515 regias,
2767 1462 2901 1524 quas
2944 1445 3250 1503 Rosmunda
3290 1450 3355 1504 de
3382 1448 3700 1522 Langobar-

2132 1531 2320 1587 dorum
2350 1548 2514 1603 regno
2542 1532 2811 1599 attulerat,
2857 1550 2963 1589 una
3009 1551 3131 1590 cum
3178 1535 3502 1592 Rosmundxe
3526 1548 3582 1593 et
3610 1539 3703 1592 Al-

2131 1624 2277 1679 boini
2314 1625 2454 1695 regis
2488 1624 2596 1679 ﬁlia
2630 1625 2695 1679 ad
2733 1623 2999 1680 Justinum
3030 1626 3407 1696 imperatorem
3437 1628 3705 1683 Constan—

446 1772 451 1776 .
478 1743 643 1792 mere,
668 1743 764 1799 ego
788 1744 959 1784 meam
981 1745 1198 1784 manum
1219 1732 1520 1785 extendam.
1545 1731 1640 1786 Dic
1662 1740 1867 1786 tantum
1890 1733 2031 1802 quod
2059 1715 2104 1773 B
2134 1710 2407 1786 ti'népolim
2452 1715 2744 1770 transmisit
2770 1733 2785 1782 ;
2825 1725 2878 1771 et
2927 1717 3139 1787 gavisus
3168 1725 3249 1772 est
3299 1718 3617 1788 imperator,
3649 1726 3705 1773 et

477 1819 774 1875 imbecillus
795 1820 870 1875 sis
899 1821 1113 1886 virtute,
1143 1821 1300 1876 modo
1338 1822 1635 1891 conspicies
1675 1822 1799 1890 quid
1833 1822 2033 1893 fragilis

477 1909 641 1964 faciat
668 1926 849 1965 sexus.
878 1910 1002 1964 Haec
1027 1910 1296 1965 contentio
1337 1911 1474 1965 inter
1505 1927 1598 1967 eos
1634 1927 1769 1982 pene
1801 1913 2035 1969 adcrevit

475 1998 607 2052 hora
634 2014 765 2063 una;
794 2014 1023 2068 cumque
1043 1999 1259 2053 molesta
1280 2000 1326 2053 ei
1349 2008 1508 2063 esset,
1531 2009 1585 2054 et
1606 2000 1709 2056 vim
1731 2001 1959 2058 faciente
1978 2011 2035 2057 ut

475 2103 654 2157 regem
675 2089 963 2153 occideret,
980 2090 1268 2160 subjunxit,
1292 2091 1500 2146 dicens:
1524 2091 1767 2147 Gladium
1787 2092 2033 2166 [gladius]

474 2179 590 2248 ejus
609 2193 766 2248 quem
788 2180 1097 2249 expavescis
1126 2181 1355 2235 maxime
1381 2181 1647 2238 involutus
1669 2192 1723 2238 et
1742 2183 1951 2239 fortiter
1974 2185 2038 2239 li-

476 2278 631 2339 gatus
653 2277 753 2323 est.
777 2268 841 2323 Et
878 2268 965 2325 ille
989 2288 1001 2323 :
1028 2270 1104 2324 Tu
1138 2271 1275 2325 nosti
1313 2272 1436 2341 quia
1457 2273 1539 2327 vir
1556 2273 1823 2342 praeliator
1849 2284 1952 2340 est,
1984 2283 2037 2331 et

478 2356 631 2412 fortis
659 2359 861 2414 viribus
902 2358 1051 2431 [est],
1085 2367 1139 2414 et
1179 2360 1533 2417 validissimus
1572 2365 1835 2420 manibus.
1877 2364 2035 2421 Multa

474 2444 607 2499 vicit
643 2445 799 2512 bella,
844 2446 1099 2516 plurimos
1137 2446 1452 2519 subjugavit,
1496 2450 1830 2506 inimicorum
1861 2462 2038 2510 castra

474 2539 784 2608 prostravit,
827 2540 1257 2610 depOpulatisque
1298 2541 1561 2607 hostibus,
1592 2542 1811 2599 alterius
1845 2547 2035 2616 oppida

476 2628 707 2683 termino
724 2644 822 2683 suo
837 2629 1031 2698 junxit.
1052 2632 1116 2684 Et
1137 2632 1226 2700 qui
1251 2633 1373 2687 haec
1394 2634 1509 2689 sine
1528 2633 1747 2690 alterius
1766 2644 1908 2691 metu
1929 2653 2038 2693 om-

476 2713 565 2770 nia
596 2718 887 2786 quassavit,
920 2721 1185 2788 quomodo
1216 2737 1337 2776 eum
1382 2723 1526 2778 solus
1574 2738 1675 2796 ego
1700 2741 1917 2795 possum
1951 2726 2039 2795 ju-

477 2808 661 2877 gulare
685 2809 708 2863 ?
732 2808 802 2863 At
830 2809 915 2863 illa
946 2826 1065 2865 cum
1088 2813 1307 2867 tristitia
1346 2814 1481 2869 dixit
1506 2816 1579 2871 illi
1607 2836 1619 2871 :
1668 2816 1879 2872 Nullum
1908 2819 2037 2875 mihi

478 2899 773 2970 impingere
805 2900 1006 2954 crimen
1060 2901 1273 2971 aliquod
1300 2914 1455 2973 potes
1483 2923 1497 2971 ;
1549 2908 1833 2977 recordare
1865 2909 2039 2964 scelus

477 2990 616 3058 quod
646 2988 840 3055 fecisti,
891 2992 1013 3060 quia
1041 2992 1083 3046 si
1122 2994 1352 3050 nudatus
1380 2996 1562 3063 fuerit,
1594 2999 1873 3064 morieris;
1923 3016 2038 3057 om-

2133 1806 2281 1859 auxit
2327 1804 2580 1875 praefecto
2625 1805 2875 1875 plurima.
2924 1818 2950 1846 ι
2978 1806 3209 1875 Ideoque
3247 1808 3348 1861 viri
3393 1809 3705 1878 quicunque

2132 1897 2396 1969 coniugati
2440 1898 2587 1964 estis,
2639 1900 2873 1954 blandite
2900 1917 3096 1956 uxores
3123 1911 3332 1956 vestras
3352 1943 3367 1967 ,
3422 1918 3495 1957 ne
3519 1901 3703 1973 pejora

2131 1989 2407 2059 patiamini
2445 2004 2601 2058 quam
2628 1989 2732 2044 hic.
2788 1990 3022 2061 Mitigate
3052 1991 3261 2044 illarum
3310 1992 3501 2058 furias,
3561 2002 3616 2049 et
3642 1994 3707 2048 li—

2135 2077 2322 2149 tigium
2350 2094 2443 2133 vos
2473 2078 2643 2134 silete.
2694 2078 2831 2134 Sunt
2857 2080 2947 2149 qui
2976 2081 3158 2135 dicunt
3189 2099 3202 2134 :
3256 2081 3406 2148 Quod
3437 2098 3539 2154 ego
3570 2099 3709 2155 prte-

2135 2185 2326 2239 cepero
2350 2170 2454 2224 erit
2481 2170 2692 2233 stabile,
2738 2173 2880 2240 quod
2910 2178 2963 2225 tu
3008 2172 3209 2226 dixeris
3234 2189 3338 2227 non
3369 2173 3480 2229 ﬁet.
3534 2173 3599 2231 Si
3628 2176 3709 2231 in-

2134 2257 2508 2325 flammaveris,
2549 2260 2602 2315 in
2633 2261 2858 2331 teipsum
2895 2271 3086 2317 vertes.
3130 2262 3337 2318 Nullam
3384 2266 3509 2320 inde
3536 2267 3710 2322 habeo

2134 2366 2339 2405 curam.
2379 2351 2493 2406 Non
2520 2353 2616 2407 tibi
2640 2352 2858 2408 credere
2884 2365 3088 2424 potero,
3127 2356 3266 2425 quod
3297 2356 3455 2411 talem
3480 2374 3594 2412 non
3621 2376 3713 2429 gu-
3780 2345 3792 2353 ’

2134 2450 2332 2497 stasses
2357 2443 2599 2507 calicem,
2652 2444 2746 2501 sed
2785 2454 3008 2516 propter
3034 2449 3414 2517 turpitudinem
3449 2459 3506 2504 et
3554 2462 3714 2506 vete-

2135 2533 2377 2589 cundiam
2402 2534 2634 2600 tacuisti,
2675 2542 2729 2590 et
2756 2536 2823 2590 ab
2844 2536 2948 2591 alio
2972 2539 3434 2595 verecundabaris.
3486 2540 3712 2597 Profers

2135 2622 2354 2678 statim:
2401 2620 2493 2675 llla
2544 2638 2683 2677 uxor
2718 2639 2876 2689 mea,
2921 2640 3019 2694 pro
3067 2642 3171 2696 qua
3210 2644 3295 2682 me
3335 2630 3575 2697 derides,
3631 2634 3710 2687 vel

2134 2712 2276 2766 unde
2306 2710 2617 2775 subsannas,
2673 2728 2780 2767 non
2830 2715 3081 2769 damnum
3124 2733 3255 2772 mea:
3302 2720 3450 2787 cupit
3496 2722 3707 2786 domui,

2134 2800 2270 2856 bene
2298 2817 2383 2856 res
2412 2816 2559 2855 meas
2584 2810 2799 2867 servat,
2847 2803 3125 2873 dispositio
3173 2805 3288 2875 ejus
3326 2808 3503 2876 placet
3550 2813 3706 2866 mihi.

2135 2891 2306 2947 Aliter
2337 2910 2441 2947 non
2472 2902 2620 2963 potes
2662 2894 2864 2961 dicere,
2914 2897 3017 2952 nisi
3064 2900 3241 2955 verbis
3269 2904 3494 2971 pacatis.
3553 2903 3709 2971 Quod

2138 3002 2242 3039 non
2278 2986 2322 3040 si
2345 2986 2574 3041 audierit
2599 2985 2810 3054 conjux,
2860 2988 3237 3057 inﬂammatus,
3270 2994 3466 3064 diuque
3489 2996 3709 3067 litigans

477 3093 573 3132 nes
600 3078 743 3131 enim
766 3087 959 3148 praeter
986 3095 1163 3150 regem
1194 3098 1277 3136 me
1299 3084 1539 3155 diligunt.
1578 3086 1633 3141 Si
1658 3088 1758 3143 hoc
1795 3089 1914 3157 quis
1935 3090 2038 3145 sci-
2063 3064 2108 3126 C
2140 3077 2361 3131 maritus
2386 3078 2656 3146 aporiatus
2688 3078 2795 3133 huc
2833 3080 2956 3135 illuc
2979 3098 3175 3151 vagans
3203 3083 3443 3154 conjugis
3488 3089 3703 3144 timore.

478 3169 581 3223 erit
608 3168 832 3231 facinus,
889 3170 1096 3226 occulte
1124 3173 1428 3231 interﬁcere
1465 3185 1516 3231 te
1564 3177 1773 3233 faciam.
1824 3180 1905 3234 Ad
1927 3182 2040 3236 haec

481 3258 642 3311 verba
683 3258 769 3313 ille
813 3260 1104 3328 aporiatus,
1158 3264 1429 3331 ingressus
1471 3275 1555 3321 est
1606 3267 1903 3323 cubiculum
1951 3272 2040 3326 ubi

478 3359 666 3401 rexex
719 3356 872 3417 parte
918 3350 1043 3405 vino
1090 3352 1296 3421 digesto
1335 3354 1581 3424 jacebat,
1634 3366 1687 3411 et
1725 3361 1950 3414 accessit
1976 3362 2041 3416 ad

478 3447 703 3493 stratum
725 3442 885 3512 regis,
912 3443 1094 3499 eduxit
1119 3444 1371 3512 gladium,
1430 3456 1488 3501 ut
1516 3448 1844 3506 interﬁceret
1895 3468 2037 3507 eum.

476 3525 569 3582 llle
599 3545 724 3584 vero
770 3534 1024 3597 sentiens,
1070 3534 1297 3605 vigilans
1336 3535 1616 3609 [evigilans
1641 3540 1651 3611 Ι
1678 3582 1692 3604 ,
1749 3542 1814 3596 de
1855 3558 2041 3599 somno

479 3618 730 3672 surrexit.
759 3620 937 3675 Voluit
962 3621 1190 3692 gladium
1218 3627 1522 3696 evaginare,
1553 3630 1693 3699 quod
1723 3647 1827 3686 non
1854 3634 2039 3698 valuit,

481 3708 604 3777 quia
632 3709 911 3778 colligatus
939 3714 1124 3768 uxoris
1160 3717 1403 3770 manibus
1431 3716 1644 3773 fortiter
1672 3719 1862 3776 fuerat.
1895 3722 2042 3782 Tunc

481 3798 747 3867 accipiens
777 3802 1084 3868 scabellum,
1136 3805 1223 3858 ubi
1254 3807 1416 3876 pedes
1444 3825 1642 3879 ponere
1686 3813 1875 3869 solitus
1903 3825 2038 3879 erat,

480 3905 579 3959 pro
606 3899 758 3945 scuto
789 3908 914 3947 usus
942 3902 1055 3960 est,
1105 3910 1266 3964 seque
1297 3900 1504 3954 modice
1538 3900 1793 3967 defendit,
1848 3905 2043 3960 vocife-

481 3996 734 4049 ransqne,
763 3982 937 4037 nullus
962 3993 1077 4038 erat
1102 3986 1191 4054 qui
1225 3988 1453 4053 audiret,
1485 4006 1549 4044 eo
1577 3993 1717 4060 quod
1737 3992 1888 4060 jussu
1912 4012 2044 4049 uxo-

483 4072 557 4125 ris
598 4087 729 4138 suaz,
786 4075 937 4142 quasi
988 4076 1126 4145 regis
1170 4078 1351 4145 quies,
1409 4094 1594 4135 omnes
1638 4080 1817 4151 janua:
1862 4083 2041 4154 palatii

483 4161 677 4217 clausae
702 4177 874 4217 erant.
915 4164 1309 4236 Superatusque
1336 4184 1429 4224 rex
1459 4171 1769 4228 interfectus
1791 4182 1891 4227 est.
1940 4176 2045 4230 Vo-

482 4250 694 4305 luerunt
744 4252 1074 4323 Langubardi
1106 4255 1245 4311 hunc
1276 4258 1583 4315 interimere
1624 4262 1963 4328 homicidam,
1989 4273 2043 4320 et

2139 3169 2264 3231 Iste,
2301 3169 2389 3238 qui
2418 3169 2647 3224 obtinuit
2673 3184 2916 3240 regnum,
2962 3175 3050 3243 qui
3078 3176 3279 3229 attrivit
3313 3178 3584 3246 inimicos,
3617 3183 3709 3251 qui

2138 3259 2319 3328 praelia
2343 3259 2492 3324 vicit,
2522 3260 2610 3329 qui
2637 3262 2800 3317 nrbes
2845 3264 3180 3333 depopulavit
3205 3307 3220 3329 ,
3255 3268 3343 3336 qui
3387 3271 3705 3339 sanguinem

2139 3346 2344 3412 eﬁ'udit,
2372 3347 2461 3416 qui
2499 3348 2743 3404 civitates
2771 3354 2986 3415 evertit,
3039 3354 3126 3423 qui
3160 3356 3341 3412 hostes
3380 3357 3701 3421 humiliavit,

2139 3438 2313 3493 videte
2334 3440 2597 3508 quomodo
2619 3440 2810 3496 blande
2832 3442 3143 3500 interfectus
3163 3456 3266 3510 est,
3310 3459 3363 3503 et
3387 3450 3559 3522 plagis
3582 3469 3705 3507 cor-

2142 3546 2239 3599 pus
2260 3546 2570 3599 percussum
2591 3532 2713 3587 est?
2740 3532 2869 3600 Quis
2894 3535 2975 3588 vir
3003 3535 3054 3589 in
3082 3534 3277 3592 malum
3299 3547 3476 3608 potest
3504 3543 3707 3597 habere

2140 3624 2418 3679 consilium
2462 3624 2799 3694 pestiferum,
2848 3629 3112 3695 quomodo
3158 3630 3257 3684 iste
3283 3622 3550 3703 malignus
3585 3651 3708 3689 sen-

2142 3716 2275 3769 sus?
2332 3713 2470 3769 Sunt
2504 3715 2644 3769 enim
2681 3717 2921 3771 nonnulli
2972 3718 3063 3786 qui
3118 3720 3281 3797 etiam
3335 3722 3590 3795 amicum,
3625 3724 3708 3777 vel

2138 3804 2461 3875 proximum,
2509 3806 2622 3860 sine
2647 3803 2885 3875 conjugis
2908 3807 3182 3862 voluntate
3217 3810 3267 3864 in
3306 3826 3456 3877 suam
3484 3830 3591 3868 non
3626 3830 3707 3869 rc-

2140 3896 2280 3965 cepit
2306 3896 2541 3962 domum,
2579 3897 2700 3966 quia
2732 3913 2868 3951 uxor
2902 3914 3061 3968 super
3092 3902 3266 3955 virum
3308 3905 3597 3971 primatum
3629 3917 3709 3961 te-

2140 3982 2265 4051 net;
2296 3988 2552 4054 volentes,
2604 3989 2864 4054 nolentes,
2920 3991 3160 4047 mulieris
3204 3994 3463 4051 voluntati
3497 4000 3706 4054 obtem—

2139 4085 2345 4147 perant.
2398 4077 2452 4131 In
2481 4078 2706 4133 crimine
2735 4081 3068 4136 considerate
3097 4081 3422 4154 Egyptiam,
3477 4089 3530 4143 in
3561 4089 3707 4146 falsi-

2139 4178 2249 4224 tate
2280 4169 2513 4236 Jezabel,
2536 4242 2541 4249 ι
2565 4172 2615 4225 in
2658 4174 2915 4228 seditione
2947 4176 3132 4241 Dalila,
3167 4178 3220 4230 in
3259 4190 3428 4235 morte
3461 4181 3596 4246 Jael,
3646 4187 3704 4242 in

2139 4261 2475 4330 aspernantia
2504 4261 2603 4315 viri
2626 4260 2829 4327 Vastbi,
2860 4264 2909 4316 in
2934 4264 3200 4320 hilaritate
3230 4267 3612 4337 Herodiadem,
3646 4276 3707 4329 in

484 4340 721 4408 reginam
751 4356 870 4395 cum
910 4358 995 4407 eo,
1023 4343 1116 4397 sed
1151 4352 1332 4399 notum
1374 4348 1671 4414 consilium,
1709 4353 1855 4405 venit
1878 4354 2042 4409 Vero-
2069 4411 2116 4432 ἢ
2142 4351 2319 4407 furore
2365 4352 2718 4428 Sunamitem,
2763 4355 2816 4408 in
2874 4356 2951 4411 ira
2978 4358 3223 4413 ancillam
3250 4362 3507 4432 principis
3535 4367 3707 4420 ostia-

488 4444 608 4481 nam
655 4431 823 4485 donec
879 4431 1025 4486 furor
1089 4435 1267 4503 populi
1308 4411 1726 4506 conquiesceret.
1778 4443 1882 4500 Sed
1924 4445 2038 4514 jur.
2066 4411 2119 4470 Β
2144 4420 2740 4509 riam.llocvobisdico,
2777 4445 2898 4514 quia
2918 4447 3112 4501 multos
3131 4411 3274 4503 talesr
3299 4411 3623 4520 invenimus,
3645 4466 3706 4512 et

485 4529 671 4591 gantes
705 4518 914 4575 fortiter
956 4521 1291 4593 Langobardi
1320 4535 1505 4583 contra
1531 4546 1668 4593 eam,
1719 4533 2035 4604 depopulato

428 4661 433 4665 ,
484 4607 702 4676 palatio,
743 4625 861 4664 cum
888 4611 1225 4668 multitudine
1252 4615 1608 4685 Gebedorum,
1659 4632 1713 4675 et
1734 4623 2039 4695 Langobar-

487 4694 672 4750 dorum
703 4712 884 4752 mense
926 4699 1164 4769 Augusto
1193 4702 1501 4760 Ravennam
1535 4710 1698 4775 venit,
1743 4721 1797 4767 et
1824 4694 2038 4770 honori-

489 4783 585 4839 ﬁce
608 4800 639 4840 a
665 4787 901 4859 Longino
928 4788 1178 4858 praefecto
1221 4805 1465 4865 suscepta
1495 4806 1578 4852 est
1610 4815 1729 4853 cum
1759 4803 1901 4857 omni
1939 4819 2039 4874 ope

486 4877 648 4945 regia.
700 4877 823 4933 Post
850 4879 1147 4949 aliquantos
1173 4893 1349 4939 autem
1371 4886 1484 4942 dies
1510 4889 1654 4944 misit
1683 4890 1747 4945 ad
1771 4909 1886 4948 eam
1908 4911 2040 4965 prte-

488 4967 645 5033 fatus,
675 4970 892 5024 dicens:
924 4972 969 5025 si
993 4973 1239 5029 charitati
1274 4992 1404 5032 mea:
1434 4980 1678 5049 copulata
1707 4981 1887 5050 fuerit,
1918 4992 1972 5039 et
1993 4986 2040 5041 si

487 5061 637 5114 lateri
664 5075 780 5115 meo
810 5061 1084 5116 adhaerere
1109 5065 1365 5134 voluerit,
1404 5077 1459 5123 et
1480 5072 1744 5127 connubio
1766 5089 1823 5128 se
1845 5074 2040 5144 junxe-

486 5147 575 5212 rit,
609 5151 833 5220 amplius
853 5153 955 5206 erit
980 5152 1143 5226 [post]
1166 5173 1323 5226 quam
1345 5162 1500 5217 modo
1525 5164 1707 5233 regina
1734 5174 1833 5219 est.
1858 5165 2041 5223 Nonne

488 5238 535 5290 ei
566 5239 751 5293 melius
772 5248 872 5305 est,
907 5249 963 5294 ut
988 5257 1203 5312 regnum
1230 5254 1286 5299 et
1311 5248 1663 5318 principatum
1698 5254 1856 5306 totius
1876 5254 2039 5310 Italiae

488 5335 687 5393 teneat,
739 5346 897 5399 quam
943 5332 1044 5386 hoc
1071 5334 1279 5402 perdat,
1319 5346 1372 5391 et
1414 5355 1632 5408 regnum
1664 5344 1912 5397 amittat?
1946 5345 2039 5400 Illa

490 5429 663 5473 autem
692 5422 960 5476 mandavit
982 5424 1052 5487 ei,
1082 5425 1263 5480 dicens
1294 5446 1306 5480 :
1338 5427 1394 5483 Si
1421 5429 1508 5485 ille
1531 5432 1660 5496 Vult,
1690 5433 1825 5487 infra
1843 5450 2040 5503 paucos

490 5508 604 5563 dies
628 5510 740 5564 ﬁeri
781 5520 974 5580 potest.
1020 5512 1115 5569 Die
1160 5532 1287 5571 vero
1333 5520 1561 5588 quadam
1616 5523 1741 5577 dum
1789 5525 2037 5581 balneum

559 5630 585 5660 ι
613 5616 732 5673 Not.
762 5636 952 5689 marg.,
975 5621 1378 5684 Ammonitiones
1406 5632 1651 5686 auctoris.

2142 4531 2370 4586 maxime
2384 4533 2665 4588 derisimus
2680 4542 2762 4598 ,et
2783 4534 3064 4589 doluimus.
3090 4535 3303 4594 Fratres
3328 4541 3574 4597 homines
3604 4561 3703 4599 su-

2143 4635 2281 4685 mus,
2307 4622 2442 4675 sicut
2462 4621 2663 4675 fumum
2686 4622 2996 4686 decidimus,
3022 4623 3113 4679 sed
3143 4627 3187 4680 si
3215 4643 3516 4696 possumus,
3549 4641 3705 4686 ante—

2141 4725 2299 4778 quam
2321 4708 2500 4763 veniat
2517 4726 2677 4774 mors,
2697 4711 2839 4765 nulla
2864 4711 2917 4766 in
2941 4714 3246 4769 nobismala
3264 4718 3561 4785 sintfamte,
3577 4723 3698 4791 quia
3726 4718 3739 4745 '

2141 4809 2196 4854 et
2215 4799 2293 4854 sic
2322 4802 2613 4855 docuerunt
2636 4801 2691 4855 S.
2717 4803 3096 4870 praedicatores
3137 4808 3319 4873 vestri,
3359 4818 3415 4863 et
3450 4811 3539 4865 hic
3579 4827 3698 4866 cum

2139 4889 2269 4959 ipsis
2293 4892 2516 4959 magnus
2548 4889 2737 4945 Petrus
2765 4891 3024 4961 pontifex,
3072 4895 3170 4950 sub
3197 4897 3347 4966 cujus
3371 4901 3706 4969 temporibus

2139 4982 2253 5037 haec
2280 4992 2492 5051 peracta
2523 4993 2662 5038 sunt.
2713 4984 2952 5041 Mortuus
3008 4996 3089 5042 est
3116 4997 3292 5042 autem
3326 4990 3377 5043 in
3423 5000 3707 5048 senectute

2139 5079 2277 5134 bona
2303 5080 2387 5133 die
2408 5096 2492 5133 xv:
2522 5079 2636 5134 Kal.
2667 5080 3017 5149 Septembris,
3046 5091 3099 5137 et
3129 5084 3364 5153 sepultus
3388 5094 3490 5149 est,
3521 5096 3578 5139 ut
3607 5101 3702 5140 as-

2140 5178 2325 5225 serunt
2352 5171 2583 5240 quidam,
2616 5171 2667 5225 in
2690 5172 2868 5227 ardica
2899 5172 2956 5226 Β.
2992 5173 3147 5227 Probi
3175 5174 3499 5230 confessoris
3528 5176 3581 5229 in
3615 5175 3701 5231 ci-

2140 5244 2306 5316 vitate
2351 5261 2547 5315 dudum
2577 5261 2791 5317 Classis.
2830 5262 2885 5317 ln
2912 5279 3035 5317 arca
3065 5280 3253 5334 magna
3290 5281 3449 5319 saxea
3502 5266 3705 5322 ibidem

2140 5352 2347 5422 positus
2377 5351 2474 5405 fuit
2496 5351 2645 5420 juxta
2671 5352 2947 5407 ecclesiam
2976 5353 3035 5406 B.
3067 5353 3389 5423 Euphemiae,
3431 5371 3551 5424 qum
3598 5370 3699 5410 vo-

2142 5450 2294 5495 catur
2321 5442 2384 5496 ad
2431 5441 2602 5504 Mare,
2636 5458 2793 5511 quam
2826 5442 3176 5499 Maximianus
3209 5445 3442 5514 pontifex
3471 5445 3705 5501 tessellis

2143 5533 2307 5587 variis
2328 5533 2462 5588 mire
2497 5533 2721 5597 ornavit,
2763 5549 2881 5603 qua:
2908 5550 3046 5589 nunc
3072 5535 3323 5591 demolila
3353 5545 3451 5593 est.
3493 5536 3703 5592 Exinde
