3936 6180
305 313 399 368 6H

1276 384 1277 387 η
1339 310 1538 364 LIBER
1576 308 2060 365 PONTIFICALIS.
2097 340 2164 351 —
2199 310 2376 366 PARS
2414 310 2473 366 Il.

3410 315 3515 370 M2

305 402 421 497 ipsa
444 439 569 478 arca
594 423 774 478 evulsa
794 433 897 488 est,
924 430 978 477 et
1005 423 1057 476 in
1074 421 1178 477 alio
1207 421 1323 477 loco
1341 422 1534 490 posita.
1561 419 1712 475 Sedit
1734 436 1859 475 ann.
1890 427 1937 485 Α
1964 426 2103 489 sent.
2140 419 2354 497 Lepida
2384 434 2512 497 sane
2560 434 2748 497 cursus
2789 419 3107 497 velocissimi
3139 420 3313 497 _ratio,
3353 438 3513 493 quam

266 526 289 545 ν
309 532 422 580 rut,
454 528 626 567 mens.
656 528 718 576 ιι,
742 513 881 567 dieb.
912 528 1023 565 xix.

1033 631 1151 642 ...ι-.-

791 698 1350 756 OBSERVATIONES

720 809 785 847 ΑΙ)
811 807 977 846 VITAII
1007 808 1161 845 PETRI
1188 804 1444 845 SENIORIS.

303 889 582 945 Ordinatio
609 886 751 940 Petri
772 884 999 939 Senioris
1026 883 1215 953 absque
1228 883 1451 953 jejunio.
1484 881 1686 937 Statuas
1709 882 1864 953 Theo-

369 960 554 1013 derico
572 957 777 1027 posiae.
808 952 1136 1027 Venetiarum
1169 952 1373 1027 nomine
1395 952 1519 1027 quid
1544 954 1733 1027 veniat;
1762 952 1861 1027 Ui-

367 1029 536 1081 δῖοι-ἔα
572 1021 782 1078 Άιὸοὶηί
807 1025 961 1078 occisi
986 1024 1042 1076 in
1085 1021 1349 1076 nonnullis
1377 1022 1577 1076 diversa
1619 1039 1652 1076 a
1692 1021 1861 1075 Paulo

291 1130 309 1150 ο
368 1106 610 1150 narrata.

369 1188 408 1241 ι.
428 1185 741 1239 Notavimus
756 1197 913 1251 supra
934 1182 1324 1236 ordinationem
1338 1181 1502 1251 Petri,
1516 1196 1635 1249 qua:
1645 1178 1863 1251 Agnello

308 1278 326 1308 ι
362 1259 569 1323 absque
587 1253 787 1322 jejunio
880 1252 1027 1323 facta
1060 1251 1276 1323 dicitur,
1318 1248 1757 1323 intelligiidebei'e
1787 1248 1856 1302 la-

301 1339 443 1381 etam
479 1320 603 1378 ante
629 1320 838 1391 septimi
866 1322 1064 1391 mensis
1092 1322 1375 1391 imminens
1394 1320 1670 1388 jejunium.
1722 1320 1862 1391 Duos

302 1397 530 1452 Ordines
560 1390 828 1462 Romaan
854 1402 974 1460 post
992 1390 1286 1462 Morinum,
1310 1390 1615 1462 Menardutn
1636 1390 1859 1462 etalios,

299 1466 497 1537 publici
528 1463 666 1537 juris
692 1458 815 1537 fecit
842 1458 1022 1515 noster
1040 1460 1415 1537 celeberrimus
1437 1459 1771 1537 biabillonius
1796 1458 1862 1537 ad

301 1529 486 1591 sacras
509 1529 871 1588 ordinationes
907 1540 1227 1601 Spectantes,
1270 1531 1324 1583 in
1367 1531 1573 1601 quibus
1598 1529 1749 1597 plura
1795 1529 1860 1582 ad

300 1605 583 1660 materiam
614 1598 951 1672 pertinentia
983 1600 1244 1672 contineri
1277 1600 1351 1653 ait
1376 1598 1532 1672 idem
1559 1598 1747 1672 harum
1778 1614 1861 1672 re.

297 1692 419 1730 rum
450 1668 880 1742 optimusjudex.
909 1671 965 1723 In
994 1671 1171 1742 priori
1186 1678 1364 1742 autem
1395 1668 1624 1742 notabile
1647 1669 1863 1742 estAepi-_-

1967 506 2084 544 eum
2112 490 2219 543 risu
2248 491 2533 559 ineptiores
2559 490 2717 560 etiam
2746 492 2970 560 osmlogi
3012 490 3310 555 admittent,
3345 490 3517 560 quan-

1965 560 2245 629 doquidem
2277 560 2325 629 si
2350 575 2470 612 ossa
2519 560 2613 629 illa
2653 559 2846 629 desint,
2888 559 3063 613 cursui
3113 560 3320 629 ineptus
3354 559 3516 621 homo

1963 627 2237 682 eﬂiciatur.
2267 628 2509 699 Ablatatn
2537 645 2565 681 a
2587 627 2773 699 Carolo
2796 628 2981 698 Magno
3003 627 3384 699 Ravennatem,
3414 643 3519 689 sta.

1966 707 2131 763 tuam,
2170 708 2449 766 postquam
2481 698 2564 762 me
2587 697 2815 768 Rumina
2843 698 3016 752 Leone
3055 699 3115 752 Ill
3144 697 3391 768 pontiﬁce
3421 721 3517 757 no-

1963 782 2057 820 vus
2084 768 2371 835 imperator
2392 768 2736 838 inauguratus
2757 766 2947 838 fuerat,
2972 777 3094 822 ante
3117 766 3285 825 annos
3310 786 3514 829 xxxvm

1947 852 2156 908 .quamh
2186 838 2309 908 haec
2359 836 2747 900 scribe—rentur,
2793 836 2978 908 adjicit
3030 839 3155 908 hic;
3205 855 3270 896 ex
3323 843 3517 908 quibus

1960 905 2162 975 Agnelli
2194 907 2472 960 scribentis
2492 916 2725 975 tempora
2754 907 3032 961 observavi
3058 907 3110 961 in
3133 905 3420 976 praetulissis
3445 914 3515 968 ad

1961 977 2197 1046 carmina
2226 977 2372 1046 Operi
2406 977 2499 1030 toti
2522 977 2758 1045 prmlixa.

2031 1045 2112 1121 l_ll.
2143 1045 2511 1121 Quod_ait__de
2550 1047 2768 1121 venetia
2798 1061 2825 1099 a
2857 1045 3217 1121 Langobardis
3255 1061 3516 1121 occupata

1961 1123 2013 1168 et
2042 1108 2221 1187 invasa
2240 1154 2256 1178 ,
2304 1115 2699 1187 intelligendum
2729 1126 2811 1170 est
2833 1108 2935 1168 n'on
2964 1108 3028 1172 de
3073 1118 3267 1187 inclyta
3293 1108 3518 1177 Veneto-

1961 1199 2078 1237 rum
2108 1184 2391 1255 urbetsed
2436 1184 2515 1255 de?
2550 1184 2871 1239 Venetorum
2926 1184 3260 1255 regioneﬁld
3307 1190 3518 1248 aliunde

1961 1270 2119 1328 quam
2167 1270 2229 1308 ex
2259 1254 2421 1328 Paulo
2452 1253 2774 1328 Warnelridi
2814 1253 3065 1328 Agitellus
3092 1256 3238 1328 haud
3290 1262 3514 1328 accepit.

1959 1322 2239 1398 ls-atttem,
2273 1324 2458 1398 lib:_n,
2492 1340 2607 1393 cap.
2650 1326 2751 1377 14:
2791 1343 2808 1374 ‹
2846 1322 3039 1398 Igitur,
3088 1327 3286 1398 inquit,
3331 1322 3516 1383 Allioin

1960 1393 2312 1456 Vincentium,
2345 1394 2737 1465 Yergnamque,
2782 1393 3091 1465 etgreliquas
3128 1393 3359 1465 Venethe
3390 1400 3519 1452 civi-

1960 1472 2118 1526 tates,
2174 1464 2410 1531 exceptis
2443 1462 2661 1517 Patavio
2711 1474 2761 1518 et
2812 1462 3135 1529 Mousilicis,
3182 1477 3235 1520 et
3281 1462 3516 1532 Mantua,

1960 1533 2115 1602 cepit.
2170 1532 2387 1586 Venetia
2435 1535 2577 1587 enim
2626 1549 2733 1587 non
2782 1533 2952 1588 solum
3000 1535 3054 1587 in
3096 1535 3273 1603 parvis
3303 1538 3509 1602 insulis,

1958 1617 2094 1674 quas
2119 1616 2258 1674 nun_c
2296 1603 2549 1674 Venetias
2585 1603 2830 1664 dicimus,
2866 1613 3094 1674 constat,
3145 1607 3235 1658 sed
3272 1605 3388 1674 ejus
3414 1618 3519 1662 ter-

1960 1672 2135 1725 minus
2161 1687 2190 1724 a
2214 1672 2499 1726 Pannoniae
2526 1672 2717 1727 ﬁnibus
2743 1688 2909 1741 usque
2940 1674 3003 1725 ad
3028 1672 3270 1727 Adduam
3296 1672 3516 1732 ﬂuvium

296 1737 583 1813 scopor'um
613 1737 1089 1828 ordinationem—ad
1123 1740 1267 1828 diem
1294 1738 1636 1828 imminieam
1671 1737 1858 1828 referri
1878 1746 1931 1828 ’Β
1958 1741 2266 1828 protelatur.
2308 1742 2576 1828 'Pr‘obatur
2603 1743 2703 1828 hoc
2727 1737 3005 1828 annalibus
3034 1742 3210 1823 libris,
3248 1744 3517 1828 inquibus

294 1808 405 1885 per
424 1829 523 1872 ea;
563 1830 581 1862 ι
613 1812 717 1885 alia
740 1825 867 1885 vero
890 1811 996 1873 die,
1025 1811 1163 1878 quod
1187 1816 1270 1863 est
1289 1808 1597 1885 Dominica,
1627 1826 1646 1860 ι
1672 1817 1774 1863 etc.
1804 1809 1858 1862 in

293 1878 534 1939 secundo
559 1881 758 1936 retrahi
781 1881 846 1934 ad
869 1890 1075 1933 noctem
1097 1879 1501 1949 prascedentem,
1529 1878 1687 1949 etiam
1708 1887 1860 1932 extra

293 1954 612 2008 inferiorum
635 1952 878 2006 ordinum
906 1948 1164 2018 tempora,
1193 1963 1287 2018 per
1307 1963 1369 2002 ea
1396 1966 1409 2001 :
1448 1967 1465 1998 ι
1502 1948 1741 2017 Episcopi
1763 1964 1860 2000 au-

293 2035 403 2077 tem
434 2026 579 2077 omni
612 2030 851 2089 tempore
874 2019 1272 2084 benedicaptur,
1301 2033 1750 2089 nunciyeroimos
1777 2026 1861 2072 est

291 2104 354 2147 ut
387 2101 653 2147 nocturno
684 2088 921 2158 tempore
944 2089 1346 2143 benedicantur.
1378 2108 1404 2158 ι
1452 2088 1531 2141 Ex
1569 2088 1652 2141 his
1679 2089 1859 2142 nescio

292 2180 363 2216 an
394 2164 534 2216 [mue
578 2162 727 2232 argui
750 2156 939 2213 debeat
978 2159 1330 2232 posteriorem
1377 2156 1648 2232 Ordinem,
1695 2158 1861 2232 priori

293 2227 665 2288 recentiorem
683 2244 821 2292 esse,
868 2243 935 2281 an
982 2229 1158 2297 potius
1199 2227 1548 2283 diversimode
1585 2236 1758 2280 actum
1806 2227 1859 2281 in

292 2302 727 2356 ordinationibus
772 2299 1159 2369 episcoporum,
1200 2306 1420 2369 servata
1453 2297 1756 2369 traditione,
1796 2297 1861 2351 de

291 2389 402 2442 qua
428 2372 539 2425 Leo
568 2367 969 2442 Magnns_,_ut_i
997 2367 1212 2442 Sabbati
1254 2369 1494 2442 veSperi,
1535 2367 1673 2442 quod
1716 2367 1859 2421 luce-

291 2436 399 2496 scit
420 2443 475 2496 in
515 2436 684 2511 prima
713 2438 954 2511 Sabba_ti,
1005 2437 1088 2491 vel
1117 2438 1231 2511 ipso
1255 2436 1529 2511 Dontinico
1561 2436 1668 2511 die,
1697 2453 1716 2489 ι
1772 2452 1860 2490 or-

289 2507 602 2565 dinationes
630 2509 836 2563 tierent.
865 2507 1086 2562 Constat
1109 2508 1296 2563 saltem
1332 2507 1523 2562 Leonis
1544 2507 1703 2562 etiam
1729 2514 1858 2560 tem-

291 2595 426 2650 pore
455 2582 827 2650 episcoporum
873 2578 1236 2650 ordinationes
1286 2587 1445 2650 nocte
1474 2593 1596 2650 qua:
1624 2576 1861 2650 Domini-
1889 2596 1895 2603 δ

291 2645 418 2721 eam
448 2645 880 2721 dientpraaeedit,
911 2647 1111 2721 factas.
1135 2645 1328 2721 Jejunij
1354 2646 1604 2721 _Sabba_t_i,
1640 2648 1780 2721 quod
1806 2647 1858 2701 itt

184 2768 191 2773 .
291 2720 539 2776 Ecclesia
568 2715 802 2772 Romana
840 2718 1273 2787 antiquissimum
1292 2715 1457 2771 fuisse
1490 2715 1708 2787 aliunde
1733 2733 1860 2771 con-

291 2799 429 2855 stat,
460 2791 719 2844 rationem
750 2783 1043 2841 habendam
1074 2787 1126 2840 in
1165 2785 1584 2840 ordinationibus
1621 2783 1725 2841 Leo
1748 2787 1859 2855 ipse

290 2861 536 2915 ostendit
555 2860 709 2929 epist.
737 2857 805 2910 η
825 2857 1072 2911 editionis
1093 2856 1479 2929 Quesnelliante
1495 2896 1509 2921 ,
1540 2856 1720 2929 locoa
1745 2856 1855 2909 Ma-

290 2929 521 2984 billonio
571 2926 783 2982 laudato
817 2929 870 2981 in
909 2927 1308 2989 commentario,
1364 2942 1481 2995 cap.
1531 2927 1615 2980 16.
1662 2926 1858 2980 Verum

290 3000 401 3054 hoc
429 3001 483 3052 in
503 2999 692 3068 primis
717 2998 785 3068 ad
805 3006 1119 3051 cmterorum
1137 2996 1497 3068 ordinationes
1520 2995 1856 3068 referendum

290 3069 470 3133 duco,
504 3064 635 3138 ’qum
656 3067 978 3136 jejuniorum
1014 3065 1341 3138 temporibus
1372 3064 1601 3138 fiebant;
1648 3066 1855 3138 episeo-

286 3153 393 3208 pos
413 3134 684 3211 ordinatos
710 3134 926 3211 censeo,
947 3135 1031 3211 vel
1057 3134 1260 3204 vesperi
1276 3135 1540 3211 nsabbati,
1582 3134 1665 3211 vel
1682 3134 1853 3211 mane
1879 3149 1922 3211 ρ

287 3203 570 3279 sequentis
597 3206 900 3279 Dominicas,
919 3206 1091 3279 etiam
1121 3203 1508 3279 eum_Sabbato
1534 3205 1753 3260 minime
1772 3204 1853 3279 je-

281 3274 599 3347 judabatur.
644 3276 698 3332 Id
726 3277 1022 3332 obtinuisse
1056 3283 1201 3330 certe
1231 3274 1374 3331 Petri
1401 3275 1556 3344 hujus
1596 3276 1852 3344 tempori-

286 3351 417 3412 bus,
446 3350 534 3403 hic
554 3348 757 3417 Agnelli
788 3347 935 3401 locus
968 3347 1217 3417 ostendit.

368 3418 429 3471 ll.
458 3413 672 3471 Statuas
697 3417 1027 3471 Theoderico
1056 3417 1165 3486 regi
1189 3415 1356 3469 Ticini
1395 3413 1733 3486 etJRavennaa
1754 3429 1853 3484 po-

286 3488 430 3541 sitas
450 3497 631 3542 noster
655 3487 855 3544 laudat.
909 3484 1198 3554 narretque
1221 3500 1339 3554 quae
1361 3487 1426 3539 de
1449 3484 1659 3539 Zenone
1683 3486 1852 3553 impe—

288 3566 477 3611 ratore
500 3557 655 3627 vulgo
698 3556 1024 3627 ferebantur,
1072 3555 1156 3609 cui
1185 3553 1710 3627 primnmRayeunaa
1739 3563 1851 3627 sta:

288 3638 402 3681 tum
428 3618 691 3697 equesiris
717 3628 886 3697 honor
924 3626 1153 3680 tributus
1178 3618 1265 3697 sit.
1285 3624 1497 3697 _Suidas
1520 3618 1856 3697 Leonis,_qui

290 3693 566 3750 Marciano
590 3696 863 3754 successit,
904 3703 1158 3763 tempore,
1191 3693 1534 3763 aitilndacum
1566 3693 1852 3763 quemdam

288 3766 536 3820 ﬂoruisse
560 3781 620 3819 ea
643 3766 834 3835 pedum
856 3762 1167 3835 perniCitate
1185 3762 1488 3835 pollentem,
1521 3778 1625 3831 qua
1652 3762 1851 3835 brevis-

287 3837 435 3889 simo
462 3833 709 3889 horarum
735 3833 905 3903 spatio
951 3834 1240 3902 longiorem
1291 3833 1429 3886 viam
1475 3846 1635 3903 cursu
1664 3833 1849 3887 metie-

286 3904 457 3959 batur
479 3906 610 3960 adeo
638 3902 914 3975 prmeipiti,
963 3914 1019 3958 ut
1041 3919 1137 3972 per
1163 3904 1390 3975 abrupta
1422 3902 1678 3975 montium
1706 3903 1851 3957 citis-

289 3976 432 4029 sime
454 3972 783 4039 ascenderet,
836 3974 1305 4040 descenderetque.
1351 3972 1476 4025 Inde
1502 3981 1677 4026 ortum
1718 3981 1851 4040 puto

288 4044 564 4113 vulgarem
594 4058 880 4109 rumorem,
911 4043 1050 4112 quod
1077 4042 1302 4111 idipsum
1337 4042 1535 4096 Zenoni
1571 4041 1709 4113 laudi
1722 4057 1850 4113 ver-

287 4111 451 4177 terét,
476 4129 632 4183 quem
662 4111 941 4183 propterea
958 4113 1058 4167 sibi
1080 4126 1338 4183 generum
1362 4111 1846 4183 assumpseritLeo,

289 4180 531 4255 cuique}
567 4180 928 4254 gen'iculorum
956 4180 1163 4251 patella:
1191 4202 1209 4233 ι
1256 4181 1336 4253 (ut
1360 4182 1437 4235 ait
1464 4180 1665 4253 noster)
1697 4182 1849 4236 dees-

2002 1826 2249 1883 ergamus
2273 1812 2621 1883 civitasesse
2650 1812 2839 1883 legitur
2887 1810 3246 1883 Venetiarum.
3278 1810 3430 1880 Nam,
3461 1829 3521 1870 et

1961 1881 2025 1951 de
2054 1880 2170 1935 lacu
2207 1880 2417 1951 Benaco
2465 1882 2534 1949 in.
2573 1880 2811 1935 historiis
2844 1882 2913 1935 ita
2959 1881 3181 1951 legimus
3212 1900 3223 1934 :
3278 1884 3520 1939 Benacus

1962 1950 2107 2033 lacus
2152 1950 2516 2033 Y'enet‘iarum,
2568 1953 2631 2005 de
2660 1967 2763 2033 quo
2810 1950 3031 2032 Mincius
3080 1950 3268 2033 ﬂuvius
3314 1952 3523 2033 egredi-

1959 2027 2062 2091 tur.
2100 2040 2119 2072 ι
2163 2019 2396 2091 venetiaz
2424 2022 2585 2091 igitur
2606 2019 2819 2075 nomine
2845 2022 3009 2091 regio,
3041 2037 3149 2091 non
3182 2024 3325 2086 urbs,
3352 2019 3520 2077 intel-

1960 2089 2160 2163 ﬁgitur.
2215 2090 2339 2145 Haac
2361 2089 2613 2163 autemgin
2637 2089 3095 2163 aestuariisposita
3126 2089 3332 2163 facilius
3356 2109 3519 2163 quam

3104 2160 3291 2216 rimum
3315 2160 3516 2233 Lango-

3105 2235 3204 2283 und
3238 2232 3516 2301 sequitur:

1958 2159 2254 2225 Patavium,
2287 2168 2341 2213 et
2373 2160 2645 2225 Monsilex,
2691 2178 2754 2215 ac
2776 2159 3016 2226 Mantua,

1958 2228 2244 2283 bardorum
2277 2230 2531 2299 impetum
2556 2232 2818 2286 sustinere
2839 2230 3028 2299 potuit.

1966 2317 1984 2349 ι
2014 2299 2227 2369 Absque
2249 2299 2387 2355 bello
2424 2301 2630 2369 expulsi
2672 2310 2813 2361 sunt,
2850 2320 2866 2351 ι
2916 2300 3058 2354 nullo
3104 2302 3260 2355 modo
3286 2299 3525 2358 historiae

1959 2371 2222 2441 congruit,
2261 2369 2362 2424 nisi
2396 2380 2608 2441 aptetur
2649 2371 2876 2441 regionis
2906 2370 3118 2425 Veneta
3152 2372 3371 2441 urbibus
3420 2373 3524 2428 illis

1959 2454 2076 2508 qua:
2096 2455 2125 2491 a
2147 2439 2618 2509 Langobardorum
2659 2439 2959 2496 incursibus
2979 2441 3159 2496 liberae
3200 2456 3231 2494 a
3258 2440 3419 2496 Paulo
3442 2443 3524 2497 di-

1959 2517 2171 2562 cuntur.

2026 2577 2115 2632 IV.
2146 2576 2219 2632 De
2247 2579 2473 2633 Alboino
2496 2579 2679 2633 uxoris
2719 2579 2840 2634 dolo
2869 2587 3057 2633 necato
3095 2580 3372 2635 historiam
3397 2599 3525 2638 nar-

1958 2657 2042 2701 rat
2069 2658 2251 2703 noster
2280 2649 2542 2703 diversam
2567 2650 2809 2703 nonnihil
2830 2650 2897 2702 ab
2921 2665 2984 2703 ea
3012 2664 3171 2718 quam
3194 2649 3390 2706 Paulus
3414 2668 3524 2707 me-

1957 2718 2144 2788 moriae
2173 2719 2585 2783 commendavit,
2615 2718 2706 2773 lib.
2747 2734 2806 2783 ιι,
2837 2735 2952 2788 cap.
2994 2719 3084 2782 28,
3135 2721 3223 2773 ubi
3273 2732 3524 2776 narratur

1958 2785 2319 2859 Bosmundam
2357 2788 2421 2842 de
2461 2803 2583 2859 rege
2610 2785 2958 2859 opprimendo
3003 2790 3284 2843 consilium
3334 2791 3517 2846 iniisse

1956 2872 2076 2911 cum
2102 2857 2345 2928 Helmige
2368 2858 2508 2928 regis
2532 2857 2797 2927 schilpore
2814 2879 2838 2923 τ’
2867 2875 2959 2913 seu
2979 2860 3262 2927 armigero,
3301 2860 3391 2928 qui
3422 2877 3517 2914 au-

1956 2935 2074 2982 ctor
2099 2925 2198 2981 fuit
2224 2937 2282 2981 ut
2320 2925 2623 2983 Rosinunda
2647 2925 2832 2984 eadem
2893 2925 3173 2982 Perideuin
3199 2925 3372 2984 virum
3409 2931 3519 2985 for-

1958 3004 2064 3051 tem
2089 2997 2211 3051 huic
2243 2999 2464 3070 facinori
2489 3000 2752 3070 pntrando
2778 3000 3076 3054 adhiberet.
3110 2996 3168 3052 ld
3188 3014 3307 3054 cum
3334 3001 3518 3070 regina

1954 3074 2215 3139 curasset,
2246 3067 2492 3137 adjicitur
2519 3067 2797 3139 Perideum
2838 3082 3059 3139 negasse
3094 3083 3151 3123 se
3181 3079 3386 3123 tantum
3400 3067 3518 3125 wne-

1954 3134 2034 3191 fas
2057 3134 2434 3202 admissurum,
2464 3152 2630 3205 quare
2659 3138 2745 3192 illa
2772 3134 2951 3193 furtim
2972 3139 3237 3193 vestiaris:
3255 3138 3372 3194 loco
3394 3153 3521 3195 eum

1951 3205 2176 3261 Perideo
2220 3207 2523 3273 concubuit,
2573 3223 2801 3277 eumque
2835 3223 2930 3331 per
2977 3208 3029 3261 id
3062 3209 3128 3262 ad
3154 3224 3337 3264 necem
3379 3212 3521 3282 regis

1952 3277 2267 3331 patrandam
2313 3277 2510 3331 adeait.
2553 3277 2688 3331 Hine
2727 3278 2835 3331 Pau
2861 3294 2922 3331 us
2970 3279 3082 3331 inse
3108 3279 3272 3331 tradit
3315 3278 3516 3331 Helmi-

1951 3277 2267 3348 patrandam
2292 3277 2510 3348 adegit.
2553 3277 2688 3333 Hine
2727 3277 2922 3333 Paulus
2970 3279 3082 3347 ipse
3108 3279 3272 3333 tradit
3315 3277 3516 3337 Hclnii-

1952 3359 2071 3413 gem
2100 3362 2157 3401 se
2188 3346 2265 3420 u_ti
2291 3346 2611 3402 Rosmunda':
2655 3350 2904 3403 maritum
2934 3346 3126 3420 egisse,
3175 3364 3346 3420 usque
3393 3351 3519 3405 dum

1952 3423 2174 3485 uterque
2200 3415 2467 3488 Ravenna:
2487 3432 2692 3472 veneno
2721 3427 2934 3488 sumpto
2960 3415 3287 3473 occubuerii.
3317 3418 3510 3475 Omnia

1951 3484 2135 3556 noster
2183 3485 2249 3540 de
2291 3484 2529 3556 Helmige
2585 3496 2809 3551 narrat,
2844 3484 2952 3541 ‘nec
2989 3489 3054 3540 de
3089 3488 3310 3544 Perideo
3356 3490 3520 3544 habet

1953 3554 2262 3623 quidpiam;
2300 3565 2353 3609 et
2390 3554 2519 3610 sane
2546 3557 2740 3610 mirum
2766 3558 2809 3611 si
2839 3556 3115 3619 Perideus,
3161 3559 3250 3625 qui
3279 3574 3399 3613 cum
3434 3574 3517 3614 re—

1951 3624 2074 3694 gina
2098 3625 2479 3696 concubuerat,
2510 3626 2705 3696 quique
2732 3625 3148 3696 facinusingens
3170 3624 3237 3679 Ob
3259 3626 3311 3680 id
3338 3636 3521 3696 patra-

1949 3693 2123 3764 verat,
2150 3694 2410 3762 patienter
2452 3693 2697 3749 toleravit
2722 3704 2779 3747 ut
2812 3695 2911 3749 sibi
2947 3693 3211 3764 Helmiges
3228 3693 3516 3764 prmi'erre-

1949 3771 2055 3816 tur.
2088 3763 2215 3817 Illud
2239 3778 2299 3818 ea
2331 3764 2382 3817 in
2422 3778 2481 3819 re
2508 3764 2636 3818 mihi
2673 3771 2874 3819 eertum
2900 3772 2982 3818 est
3028 3763 3153 3818 laeti
3175 3763 3331 3833 hujus
3353 3765 3519 3820 histo-

1948 3833 2084 3909 riam
2104 3832 2315 3909 aliunde
2333 3848 2507 3909 quam
2530 3848 2560 3886 a
2600 3833 2764 3888 Paulo
2790 3834 3019 3909 nguello
3054 3832 3517 3909 descriptam,__qui

1947 3902 2117 3956 etiam
2137 3903 2347 3956 Alboini
2374 3919 2557 3957 neerm
2586 3912 2732 3957 certo
2770 3902 2855 3957 die
2875 3903 3151 3961 consignat
3176 3902 3243 3956 ιί
3270 3902 3517 3961 γίόθιὶὖθι

1949 3971 2063 4025 Kal.
2091 3970 2284 4044 Julias,
2319 3981 2373 4044 et
2398 3974 2756 4027 Rosmundam
2795 3988 2917 4027 cum
2946 3970 3184 4044 Helmige
3206 3972 3515 4031 Ravennam

1948 4042 2406 4114 appulissetradit
2448 4045 2684 4114 Augusto
2715 4057 2915 4108 mense,
2963 4044 3104 4114 quod
3128 4042 3343 4114 “Paulus
3366 4045 3515 4111 silet,

1948 4111 2075 4165 licet
2101 4111 2419 4183 stabiliendo
2459 4111 2684 4181 tempori
2728 4129 2832 4182 quo
2863 4111 3091 4183 primum
3141 4113 3401 4171 Alboinus
3426 4128 3512 4171 ro-

1949 4196 2114 4252 gnare
2143 4182 2308 4252 cmpit
2333 4182 2617 4238 admodum
2666 4182 2940 4239 inserviat.

1289 4460 1529 4540 VITA
1597 4458 2017 4539 JOANNIS
2089 4457 2509 4537 ROMANI.

797 4699 1019 4757 CAPUT
1057 4698 1333 4757 UNICUM.

274 4814 507 4872 Joannis
536 4812 734 4866 Patria.
774 4810 1000 4865 Basilica
1044 4809 1103 4865 S.
1131 4808 1305 4864 Severi
1348 4810 1516 4878 ﬁnita,
1567 4826 1628 4863 ac
1657 4808 1719 4864 S.
1745 4807 1844 4864 Se-

354 4885 459 4937 veri
481 4898 665 4951 corpus
687 4880 1013 4935 translatum.
1040 4880 1285 4951 Ejusdth
1304 4881 1489 4951 obitus.
1540 4879 1844 4951 Sepulcrum

353 4962 402 5007 et
429 4948 741 5074 sigillaphlium
766 4951 834 5004 ad
871 4948 1154 5005 oratorium
1183 4948 1283 5005 SS.
1311 4950 1499 5013 Marci,
1551 4948 1843 5002 Marcellini

353 5038 419 5076 ac
540 5036 623 5074 tcu
647 5038 711 5074 ω.

348 5155 586 5211 Joannes
627 5154 897 5210 Romanus
924 5154 1112 5209 XXIX.
1160 5153 1393 5210 Joannes
1439 5156 1608 5224 gratia
1636 5154 1730 5208 Dei
1760 5154 1843 5208 in-

274 5254 626 5317 terpretatur.
675 5244 779 5299 lste
808 5261 912 5299 non
941 5245 1007 5300 de
1047 5245 1232 5300 ovibus
1277 5245 1414 5308 istis,
1462 5245 1552 5297 sed
1596 5243 1838 5297 Romana

275 5338 376 5393 fuit
399 5339 633 5393 natione.
667 5336 764 5391 Hie
791 5336 1072 5391 mediocris
1094 5344 1317 5400 statura,
1346 5349 1445 5389 nec
1478 5334 1606 5388 satis
1627 5333 1834 5406 longam

277 5428 483 5493 habuit,
521 5442 622 5481 nec
664 5427 881 5482 brevem
931 5427 1116 5481 tenuit.
1171 5424 1411 5494 Optimus
1451 5440 1693 5493 corpore,
1742 5439 1840 5479 nec

277 5517 619 5582 macilentus,
669 5532 767 5572 nec
792 5517 1015 5571 multum
1058 5516 1266 5586 pinguis
1304 5515 1546 5584 Crispum
1574 5514 1834 5588 [Crispus]

276 5607 485 5676 capillis
510 5606 720 5677 capitis,
770 5606 965 5662 canitie
1018 5605 1217 5659 mixtis.
1269 5603 1396 5659 Post
1422 5605 1478 5658 Β.
1504 5603 1648 5658 Petri
1677 5605 1837 5660 amis-

272 5698 510 5768 sionem,
554 5715 689 5771 opus
715 5700 1220 5771 inconsummatum,
1279 5696 1418 5767 quod
1445 5696 1749 5767 reliquerat,
1781 5694 1834 5752 id

1866 4702 1918 4761 D
1943 4708 2026 4754 est
2054 4699 2336 4755 ecclesiam
2382 4701 2443 4755 Β.
2476 4700 2661 4756 Severi
2692 4698 3015 4760 confessoris
3041 4705 3141 4761 iste
3168 4720 3510 4764 consumma-

1948 4792 2042 4856 vit,
2070 4799 2123 4845 et
2163 4807 2331 4861 usque
2364 4793 2431 4848 ad
2452 4791 2699 4848 eﬂ‘eetum
2723 4794 2988 4863 perduxit,
3019 4808 3071 4850 et
3101 4812 3296 4866 corpus
3322 4798 3382 4852 Β.
3414 4799 3509 4855 Se—

1942 4883 2056 4938 veri
2110 4883 2429 4939 confessoris
2482 4884 2534 4937 in
2583 4885 2758 4938 medio
2807 4886 3074 4941 dedicavit
3126 4888 3339 4957 templo,
3366 4891 3500 4944 mira

1943 4973 2309 5042 magnitudine
2353 4973 2555 5028 visibus
2601 4974 2830 5026 ornavit.
2887 4973 3167 5030 Sublatum
3212 4985 3291 5031 est
3331 4979 3398 5032 ab
3437 4994 3504 5034 eo

1946 5071 2184 5119 sanctum
2213 5078 2406 5131 corpus
2433 5064 2509 5116 de
2529 5063 2854 5117 monasterio
2882 5065 3052 5118 sancti
3083 5065 3292 5135 Rephili
3312 5106 3327 5131 ,
3358 5068 3502 5135 quod

1941 5152 2009 5206 ad
2035 5153 2201 5222 ipsius
2232 5152 2471 5207 ecclesiae
2490 5152 2628 5207 latus
2663 5151 2931 5207 sutl‘ultum
2961 5165 3043 5209 est
3064 5155 3300 5209 virorum
3325 5165 3498 5226 parte,

1940 5251 1995 5297 et
2022 5244 2074 5297 in
2094 5243 2267 5297 media
2287 5243 2510 5298 ecclesia
2538 5242 2830 5299 collocavit.
2863 5244 3316 5315 Temporibusque
3345 5246 3502 5303 istins

1942 5351 2123 5391 mense
2146 5334 2397 5390 Januario
2421 5335 2667 5405 apparuit
2685 5336 2835 5392 stella
2861 5337 3081 5391 cometis
3111 5350 3266 5392 mane
3289 5378 3304 5395 .
3333 5346 3387 5392 et
3405 5353 3509 5393 ve-

1940 5441 2110 5495 spere,
2141 5433 2196 5479 et
2219 5424 2271 5478 in
2303 5424 2418 5494 ipso
2451 5440 2634 5481 mense
2659 5426 2940 5495 praedictus
2965 5425 3244 5480 defunctus
3262 5437 3346 5482 est
3370 5441 3482 5496 pou

1939 5513 2092 5579 tifex,
2133 5521 2185 5566 et
2210 5512 2372 5583 sydus
2416 5514 2656 5569 recessit.
2699 5514 2828 5579 Iste,
2855 5520 2915 5566 ut
2941 5512 3073 5578 dixi,
3111 5512 3294 5568 Roma:
3316 5524 3497 5575 natus.

1939 5603 2006 5658 ab
2034 5603 2146 5673 ipsa
2172 5601 2316 5667 sede,
2362 5603 2450 5658 hic
2483 5604 2678 5659 missus
2713 5601 3007 5683 doctrinam
3041 5602 3264 5672 apostoli
3288 5602 3492 5658 instau-

1937 5704 2022 5751 ter
2044 5695 2381 5765 praedicabat,
2425 5704 2480 5750 et
2501 5705 2559 5751 ut
2588 5710 2773 5776 omnes
2793 5707 2821 5748 a
2846 5703 3065 5759 peccato
3085 5710 3143 5752 se
3169 5702 3494 5753 averterent.
