3936 6180
280 353 383 408 (ἱίὸ

278 466 521 534 deRegn

242 546 247 549 ‘
278 536 423 592 disse
451 531 667 603 videtur
688 572 702 594 ,
728 531 1189 603 hallucinationem
1218 531 1505 603 exponere,
1527 535 1825 589 revincere-

334 621 403 659 te.
439 602 591 669 Quod
642 600 855 665 Paulus,
900 602 991 655 lib.
1034 618 1130 667 λιι,
1182 600 1303 672 cap;
1335 604 1426 666 27,
1473 613 1529 658 et
1550 620 1616 657 ex
1663 605 1826 659 Paulo

322 672 515 729 lendus
565 679 768 734 narrat,
819 673 865 726 is
905 687 1184 741 perperam
1218 673 1544 728 intellectum
1589 675 1829 729 obtrudit

278 745 373 799 lib.
402 758 477 806 tv,
508 756 628 812 pag.
661 741 780 804 180,
809 751 865 796 et
886 740 951 796 ex
976 740 1156 805 Paulo,
1188 743 1277 811 qui
1305 744 1377 796 nil
1406 743 1511 798 tale
1539 744 1825 808 docuerat,

279 815 354 868 ait
382 811 755 882 Ravennatmn
780 811 1169 880 episcoporum,
1200 814 1288 882 qui
1314 811 1454 866 fastu
1484 814 1729 867 insolenti
1753 813 1829 867 la-

277 885 622 945 boraverunt,
683 878 973 950 Joannem‘
1002 883 1143 936 hunc
1186 878 1591 950 antesignanum
1644 883 1823 938 fuisse.

280 953 534 1020 Quinimo
577 966 684 1022 non
712 949 860 1022 Pauli
908 959 1133 1022 tantum,
1169 952 1262 1006 sed
1303 949 1675 1022 plerarumque
1708 966 1830 1007 sen-

281 1039 397 1077 sum
433 1037 492 1076 se
518 1020 719 1076 referre
744 1020 836 1085 ait,
864 1021 954 1089 qui
983 1022 1247 1076 senserint
1274 1020 1415 1075 hunc
1437 1020 1668 1090 primum
1709 1039 1828 1077 om—

284 1093 429 1146 nium
459 1091 828 1145 Ravennatum
856 1092 1243 1159 episcoporum,
1266 1090 1355 1160 qui
1380 1090 1635 1146 defecerit
1654 1107 1684 1145 a
1706 1093 1832 1147 sub-

276 1160 1049 1232 jectioneRomanopontilici
1081 1161 1273 1225 debita,
1314 1180 1330 1211 ι
1365 1169 1418 1214 et
1442 1162 1531 1230 qui
1558 1164 1734 1231 palam
1778 1162 1832 1216 id

284 1229 602 1313 mutaverit,
655 1229 837 1313 multis
888 1230 1223 1313 ital‘icarumn
1244 1229 1517 1313 civitatum
1554 1229 1833 1313 [episcopis

284 1317 437 1372 suam
461 1301 516 1372 in
545 1300 864 1372 sententiam
895 1300 1161 1372 adductis.
1185 1300 1318 1372 Dum
1348 1310 1526 1354 autem
1549 1299 1647 1371 (ait
1668 1299 1830 1372 idem)

285 1371 338 1425 id
366 1371 422 1424 in
473 1371 674 1425 Severo
700 1369 1023 1441 Aquileiensi
1042 1370 1294 1441 antistite
1318 1371 1609 1440 eitperitur,
1660 1369 1833 1441 Spem:

283 1456 386 1510 que
419 1455 527 1494 non
553 1428 780 1494 dubiam.
795 1440 933 1509 gerit
955 1440 1107 1511 facile
1130 1441 1309 1511 omnia
1343 1428 1410 1494 ab
1435 1441 1541 1493 ‘illo
1559 1481 1572 1504 ,
1594 1428 1734 1511 quod
1758 1428 1841 1495 ci!

284 1509 366 1564 vis
392 1526 524 1563 suus
548 1520 710 1571 esset,
761 1520 815 1563 et
840 1510 1026 1578 patriae
1060 1509 1369 1578 dignitatem
1412 1509 1625 1579 cupere
1644 1511 1833 1564 existi-

286 1588 478 1650 maret,
509 1595 566 1634 se
593 1581 1019 1649 impetraturum,
1045 1588 1230 1633 contra
1270 1581 1469 1649 reperit
1490 1595 1651 1649 quam
1680 1590 1835 1650 puta-

286 1659 368 1703 rat
405 1648 907 1703 Severum’omnino
935 1658 1263 1713 renuentem,
1310 1648 1398 1718 qui
1437 1648 1535 1704 nec
1582 1648 1705 1706 ullis
1742 1667 1833 1705 ra-

286 1719 523 1775 tionibus
538 1719 757 1791 _adduci
783 1727 980 1791 posset,
1016 1728 1075 1772 ut
1119 1727 1303 1773 contra
1341 1720 1591 1791 divinum,
1600 1720 1709 1789 jus,
1749 1721 1832 1791 ip-

1345 350 1535 408 LIBER
1574 350 2054 408 PONTlFlCALlS.
2091 382 2158 392 —
2195 351 2371 407 PARS
2407 351 2467 406 ll.

524 477 556 536 o
578 460 741 536 Italia;
769 461 858 536 lib.
892 479 931 536 ι’,
982 463 1069 536 cui
1110 462 1163 517 in
1189 463 1289 517 hac
1312 472 1461 533 parte
1499 463 1719 518 nimium
1758 465 1825 519 ﬁ-
1851 469 1901 526 Α
1927 460 2246 536 Warnefridi
2271 461 2345 515 nil
2368 461 2433 516 de
2462 461 2545 517 his
2569 463 2748 529 habet,
2790 464 2876 519 vel
2901 465 2966 519 de
2994 474 3303 535 exspectato
3343 482 3477 536 pon-

3375 354 3475 411 (ἱάὸ

1928 531 2087 585 tificis
2112 546 2387 616 responso!1
2418 542 2700 603 antequam
2730 536 2965 616 synodus
2992 531 3301 616 cogeretur,
3329 531 3420 591 sed
3445 552 3478 591 e

1925 612 2113 654 contra
2144 600 2310 654 tradit
2355 600 2643 666 Severum,
2680 600 2771 672 qui
2812 600 3083 658 Ravennae
3113 605 3304 660 Joanni
3333 621 3484 661 cutu-

1926 672 2309 733 municaverat,
2339 680 2393 724 et
2435 672 2765 727 damnationi
2795 674 2953 727 trium
2990 676 3341 733 capitulorum
3384 689 3480 733 as-

1927 749 2193 803 senserat,
2241 748 2591 795 revertentem
2620 744 2688 796 ad
2732 758 2848 806 sua,
2881 759 3001 797 cum
3046 744 3247 799 Joanne
3278 747 3480 800 Paren-

1927 810 2058 873 tino,
2097 810 2294 864 Severo
2320 809 2508 874 altero,
2543 809 2924 934 Vindemiolaue
2951 814 3231 882 episcopis,
3266 830 3329 870 ac
3367 816 3476 869 An-

1931 880 2074 933 tonio
2102 879 2409 934 defensore.
2440 895 2470 933 a
2500 882 2701 934 svnodo
2729 882 2781 934 in
2861 884 3044 934 ariano
3073 884 3293 934 collecta
3318 926 3331 934 .
3383 885 3475 934 ubi

1931 880 2074 933 tonio
2102 879 2409 950 defensore,
2440 895 2470 933 a
2500 882 2701 950 synodo
2729 882 2781 950 in
2810 879 3044 936 Mariano
3073 879 3293 938 collecta
3318 926 3331 948 ,
3383 885 3476 939 ubi

1927 949 2043 1023 ipse
2064 968 2082 1000 ι
2103 950 2252 1023 dedit
2271 949 2536 1023 libellum,
2552 952 2724 1023 inquit
2747 949 2965 1023 Paulus,
2994 956 3196 1008 erroris
3220 955 3320 1015 sui.
3352 957 3479 1023 quia

1930 1019 2090 1089 trium
2140 1019 2490 1089 capitulorum
2534 1019 2934 1076 damnatoribus
2994 1019 3483 1080 communicaverat

1928 1088 2214 1161 Ravenna},
2252 1108 2270 1141 ι
2304 1098 2736 1161 receptumesse.
2772 1091 2828 1161 ld
2865 1090 3035 1161 ipsum
3067 1103 3286 1147 narrant
3310 1094 3481 1149 schis-

1928 1158 2109 1231 matici
2135 1159 2368 1231 episcopi
2388 1159 2450 1231 in
2479 1159 2652 1213 libello
2678 1161 2741 1213 ad
2772 1158 3073 1215 Mau‘ritium
3106 1162 3483 1231 imperatorem

1929 1228 2113 1303 misso,
2141 1244 2261 1282 cum
2287 1229 2353 1283 ad
2388 1228 2678 1303 Romanam
2706 1233 2967 1300 synodum
3005 1247 3034 1283 a
3066 1228 3254 1301 Magno
3282 1232 3484 1303 Grego-

1929 1298 2013 1369 rio
2055 1306 2395 1369 vocarentur,
2430 1306 2484 1353 et
2515 1299 2694 1369 venire
2737 1298 3071 1365 recusarent,
3109 1298 3268 1369 quem
3315 1298 3482 1356 Baro-

1930 1366 2052 1419 nius
2092 1368 2309 1421 exhibet
2335 1368 2401 1422 ad
2444 1384 2640 1422 annum
2670 1368 2795 1434 590,
2840 1386 2870 1424 a
2898 1366 3484 1426 Nicolaol’abrucom-

1931 1437 2255 1490 municatum
2307 1452 2373 1492 ex
2408 1438 2771 1509 bibliotheca,
2817 1449 2874 1494 ut
2926 1450 3096 1509 putat,
3148 1441 3425 1496 Pithueana
3467 1482 3483 1506 ,

1931 1510 2140 1576 equuo
2175 1507 2455 1576 sequentia
2501 1509 2848 1563 describenda
2893 1507 2947 1563 in
2976 1513 3115 1564 hanc
3152 1528 3263 1565 rem
3292 1514 3417 1565 duxi
3467 1526 3483 1565 :

1939 1592 1958 1648 ς
1994 1574 2141 1648 Post
2167 1574 2289 1640 hoc,
2317 1578 2562 1632 ordinato
2587 1579 2640 1631 in
2664 1588 2845 1632 sancta
2873 1579 3201 1648 Aquileiensi
3246 1582 3487 1636 Ecclesia

1930 1643 2237 1718 beatissimo
2263 1647 2660 1716 archiepiscopo
2689 1658 2870 1703 nostro
2906 1643 3123 1714 Severo,
3151 1667 3269 1718 qua:
3296 1661 3486 1704 contu-

1932 1714 2103 1790 meliae
2129 1714 2302 1790 allatae
2328 1714 2453 1779 sint,
2484 1728 2536 1771 et
2564 1714 2755 1790 quibus
2784 1718 2992 1790 injutjis
3021 1735 3085 1772 ac
3116 1714 3258 1773 mede
3295 1737 3485 1790 corpo-

281 1802 509 1857 sanique
537 1785 824 1869 Ecclesiam
878 1788 1167 1877 Romanam
1213 1790 1449 1877 omnium
1478 1785 1833 1872 Ecclesiaru'm
1865 1818 1909 1877 Β
1936 1785 2033 1877 ςθιί
2062 1785 2304 1877 fustium,
2335 1797 2398 1877 et)
2414 1802 2515 1877 qua
2536 1785 2783 1877 violentia
2813 1790 2878 1877 ad
2908 1788 3270 1877 Ravennatem
3300 1785 3488 1877 civita-

282 1867 514 1913 matrem
541 1858 955 1931 ac_magistram,
985 1859 1117 1931 adeo
1146 1859 1363 1931 impium
1405 1859 1611 1931 facinus
1648 1877 1837 1931 perpe-

285 1937 479 1982 traret.
510 1948 539 1999 3
584 1928 836 1991 lltnc'ait,
859 1929 910 1981 vi
934 1944 1031 1997 per
1058 1928 1404 1999 Smaragdum
1444 1928 1698 1997 adhibita,
1742 1928 1837 1985 Se-

284 2012 476 2070 verum
507 1997 819 2052 Ravennam
845 2008 1173 2070 pertractum
1202 1997 1321 2053 cum
1366 2000 1483 2054 aliis
1519 2000 1685 2055 tribus
1728 2001 1837 2070 epi-

283 2068 489 2136 scopis,
530 2076 774 2139 coactum
819 2066 939 2122 cum
983 2066 1186 2121 Joanne
1230 2069 1665 2139 communicare,
1704 2066 1838 2139 quos

284 2139 656 2208 regredientes
683 2138 749 2191 ad
779 2140 1012 2207 propria,
1040 2138 1511 2205 comprovinciales
1539 2138 1840 2195 dubitantes

283 2207 904 2278 an'inicommunionem
942 2209 1179 2278 recipere
1205 2209 1491 2272 deberent,
1522 2219 1837 2278 exspectan-

284 2278 413 2331 dam
439 2277 639 2331 duxere
660 2276 880 2329 Romani
903 2277 1168 2345 pontificis
1194 2278 1529 2342 sententiam,
1551 2299 1567 2329 ι
1589 2276 1737 2347 citjus
1759 2289 1842 2334 est

282 2348 351 2401 de
375 2348 644 2401 haereticis
664 2367 682 2399 ι
694 2347 953 2420 judicare,
972 2362 1074 2414 qua
1103 2348 1304 2404 habita.
1321 2358 1503 2420 coacta
1524 2350 1703 2403 decem
1732 2350 1841 2420 epi—

285 2431 575 2488 scoporum
622 2417 845 2488 synodo,
880 2416 1110 2488 Severus
1133 2426 1188 2470 et
1212 2426 1320 2472 tres
1368 2418 1554 2487 reliqui
1583 2416 1838 2488 episcopi,

283 2486 533 2556 abiurata
588 2506 608 2538 ι
645 2486 835 2556 Ιιίειιθξί
870 2505 890 2538 ι
952 2486 1005 2539 in
1053 2502 1177 2540 suas
1217 2489 1372 2542 sedes
1421 2486 1647 2543 restituti
1694 2486 1837 2544 sunt.

289 2574 309 2607 ι
355 2555 622 2626 Gregorio
644 2555 836 2610 deinde
873 2556 1123 2626 pontifice
1151 2566 1357 2621 creato,
1397 2559 1584 2626 inquit.
1611 2557 1843 2613 Joannes

286 2625 725 2698 archiepiscopus
754 2625 902 2698 visus
932 2634 1013 2680 est
1030 2627 1348 2698 resipuisse,
1374 2625 1649 2698 tribusque
1691 2629 1846 2683 Chal-

287 2696 612 2750 cedonensis
638 2696 852 2750 concilii
880 2696 1164 2764 capitibus,
1187 2712 1217 2749 a
1245 2698 1439 2766 quibus
1463 2696 1619 2752 antea
1645 2699 1841 2752 abhor-

292 2773 501 2830 ruerat,
530 2766 845 2820 assensisse.
881 2786 899 2816 ι
946 2766 1218 2835 Sequitur,
1262 2768 1558 2836 asseritque
1586 2768 1843 2822 Blandum

285 2850 515 2889 narrare
538 2852 647 2905 rem
664 2845 849 2889 contra
876 2851 933 2890 se
955 2836 1225 2898 habuisse,
1247 2835 1609 2905 Severumque
1638 2856 1655 2886 ι
1678 2837 1847 2891 hmre—

287 2904 454 2976 ticum
493 2924 511 2955 ι
541 2904 813 2976 effectum,
860 2920 1285 2974 conversumque
1319 2904 1561 2976 Gregorii
1590 2916 1643 2960 et
1680 2905 1843 2960 Joan-

287 2974 374 3028 nis
396 2989 586 3039 opera,
611 2975 780 3029 denuo
801 2974 854 3028 in
882 2976 1155 3030 ihznresim
1176 2994 1194 3026 ι
1221 2974 1563 3038 recidiss'e,et
1582 2976 1725 3030 addit
1750 2995 1768 3027 ‹
1789 2991 1846 3030 se

283 3043 493 3115 Blondo
518 3059 678 3115 quam
707 3044 869 3100 Paulo
896 3046 1167 3115 superiora
1198 3045 1451 3099 scribenti
1485 3045 1735 3100 libentius
1757 3061 1845 3100 as-

284 3114 500 3168 sentiri.
536 3113 555 3166 i
592 3113 782 3168 Mirum
817 3113 977 3184 quani
1015 3114 1343 3169 multimodis
1371 3116 1422 3169 in
1452 3115 1536 3170 his
1563 3122 1708 3169 erret
1735 3114 1843 3170 Βυ-

285 3160 1841 3253 ῐιὲῖιζΗεὲιεὶιῖιὶξ,’“‹ιίἲόίῑ”ὶ>ᾆῖὶῑιὶὶὶί”λ“‹ίῖιίὶἔίέιίξεῖιῖΜέδ-
1870 3160 1914 3222 C

280 3269 415 3306 num
460 3270 567 3308 non
607 3255 820 3323 agnovit
866 3255 1029 3308 trium
1077 3255 1430 3323 capitulorum
1476 3256 1844 3311 defensoribus

280 3323 939 3393 addictum,.proindeque
981 3341 1094 3378 rem
1142 3325 1455 3379 invidiosius
1499 3337 1839 3391 narrantem,

280 3340 603 3388 aautctum,,
652 3340 939 3393 rornueque
981 3341 1094 3378 rem
1142 3340 1455 3379 invmtosms
1499 3340 1839 3391 narrantem,

280 3391 579 3463 favereque
609 3340 806 3448 gavero
837 3408 942 3448 non
991 3392 1203 3463 quidem
1226 3396 1518 3460 ihmretico,
1556 3397 1646 3450 sed
1669 3396 1839 3451 schis-

279 3463 643 3535 mat_ieo.AQui
671 3471 845 3517 tamen
868 3464 982 3517 fieri
1010 3466 1179 3533 potuit
1201 3472 1258 3535 ut
1287 3464 1505 3518 Paulum
1543 3466 1714 3535 ipsum
1736 3482 1839 3519 non

278 3533 554 3605 audiverit
574 3547 838 3605 expresse
866 3532 1170 3605 narrantem
1204 3532 1462 3588 Joannem
1500 3532 1659 3589 tri—um
1694 3536 1841 3605 capi-

279 3602 524 3674 tulorum
554 3602 916 3674 damnatorem
941 3604 1137 3658 fuisse?
1165 3606 1295 3670 Quis
1317 3620 1441 3658 vero
1462 3621 1692 3674 unquam
1715 3602 1842 3659 scri-

274 3672 391 3742 psit
428 3669 686 3728 Joannem
734 3672 1097 3743 Ravennatem
1145 3669 1447 3743 episr-Opum
1479 3669 1706 3743 primum
1748 3675 1839 3743 qui

280 3743 577 3797 teutaverit
598 3758 657 3797 se
684 3757 715 3795 a
744 3742 997 3798 Romana:
1021 3744 1163 3798 sedis
1182 3742 1501 3798 auctoritate
1518 3742 1835 3810 subducere,

275 3820 339 3866 et
374 3812 679 3867 Italicarum
728 3814 1006 3867 civitatum
1032 3814 1310 3882 episcopos
1351 3815 1404 3868 in
1446 3830 1593 3869 suam
1621 3824 1837 3868 senten-

280 3882 417 3953 tiain
465 3882 749 3953 adducere,
779 3891 838 3935 ut
882 3883 937 3936 hi
983 3898 1173 3953 magno
1204 3899 1427 3938 numero
1454 3900 1573 3939 esse
1620 3884 1837 3938 Rubeus

280 3950 572 4017 indicaret,
599 3952 883 4022 plerosque
904 3953 957 4008 id
984 3950 1250 4007 afﬁrmare
1277 3954 1623 4009 asseverans?
1641 3954 1839 4007 Paulus

1942 1864 2047 1909 tem
2073 1855 2234 1909 fuerit
2271 1858 2558 1925 perductus
2593 1867 2754 1926 atque
2784 1858 3032 1912 redactus
3062 1859 3115 1911 in
3156 1861 3482 1921 custodiant,

1979 1925 2236 1994 uibusque
2260 1925 2681 1997 necessitatibus
2703 1942 3009 1997 oppressus,
3040 1937 3200 1996 atque
3227 1931 3489 1985 contritus

1963 1997 2117 2059 'uerit,
2147 1997 2318 2064 potuit
2341 1996 2406 2049 ad
2436 1995 2641 2050 Domini
2670 1995 2836 2051 nostri
2859 1999 2975 2066 pias
3005 1995 3163 2052 aures
3186 2000 3299 2053 sine
3327 2000 3487 2053 dubio

1938 2067 2237 2138 pervenire.
2277 2085 2296 2118 ι
2332 2065 2457 2138 Ruit
2487 2068 2665 2137 itaque
2714 2065 2950 2123 funditus
2983 2084 3000 2119 ί
3032 2069 3429 2138 plerorumquc,
3464 2089 3482 2120 ι

1939 2135 2030 2204 qui
2061 2145 2235 2189 tamen
2267 2136 2392 2191 nulli
2418 2135 2774 2201 inveniuntur,
2805 2135 3066 2192 sententia
3114 2140 3274 2193 nimis
3294 2135 3486 2193 Joanni

1940 2205 2290 2278 calumniosa,
2311 2215 2375 2278 et
2404 2216 2616 2278 constat
2643 2208 2885 2278 eumdem
2921 2224 3017 2278 pro
3041 2209 3396 2263 schistuaticis
3423 2210 3491 2264 ad

1939 2274 2198 2328 unitatem
2232 2276 2543 2347 reducendis
2583 2292 2704 2333 cum
2748 2274 3039 2347 Smatagdo
3066 2280 3300 2333 exarcho
3339 2279 3487 2333 labo-

1940 2355 2195 2417 rasse,et
2221 2346 2292 2398 nil
2310 2347 2589 2417 antiquius
2626 2347 2875 2401 habuisse
2900 2346 3056 2417 quam
3095 2349 3347 2403 Romana:
3375 2348 3488 2403 sedi

1941 2411 2151 2489 subjici,
2183 2416 2320 2483 quod
2351 2411 2563 2489 Rubeus
2592 2419 2703 2486 ipse
2724 2411 2983 2486 agnoscit,
3009 2420 3219 2489 vigente
3239 2422 3398 2473 etiam
3425 2424 3490 2473 ne

1942 2483 2093 2537 Pallii
2140 2493 2193 2538 et
2240 2483 2626 2558 mappularum'
2663 2483 2781 2542 usu'
2805 2505 2926 2540 cum
2959 2483 3199 2542 Romano
3240 2490 3491 2558 pontitice

1942 2555 2324 2608 Controversia.
2370 2558 2526 2611 Errat
2553 2565 2728 2611 autem
2756 2565 2885 2621 toto,
2912 2567 2969 2610 ut
3002 2559 3168 2621 aiunt,
3201 2555 3336 2613 (ιὼιο
3378 2559 3490 2612 Ru-

1941 2621 2098 2698 beus,
2131 2640 2250 2698 cum
2296 2623 2554 2679 Joannem
2588 2628 2716 2681 dicit
2762 2628 3057 2695 desipuisse
3084 2645 3115 2681 a
3145 2629 3315 2683 tribus
3342 2630 3491 2698 capi-

1943 2693 2069 2747 tulis
2110 2694 2427 2767 abhorrens,
2479 2697 2763 2764 resipuisse
2792 2693 2937 2759 vero,
2976 2714 3097 2752 cum
3132 2700 3262 2767 ipsis
3305 2693 3491 2753 asseu-

1944 2776 2061 2837 su_m
2093 2765 2338 2837 praebuit,
2390 2781 2489 2837 nec
2511 2768 2643 2837 satis
2684 2768 2894 2821 novisse
2924 2769 3133 2822 Videtur
3153 2765 3321 2821 trium
3349 2769 3494 2837 capi-

1945 2831 2177 2885 tulorum
2229 2834 2508 2888 historiam
2552 2836 2764 2890 aliunde
2804 2838 3017 2902 tritam;
3065 2853 3186 2890 nant
3227 2854 3347 2891 cum
3389 2831 3495 2891 lio-

1944 2916 2101 2954 mana
2138 2902 2379 2975 Ecclesia
2412 2905 2569 2975 trium
2611 2905 2962 2975 capitulorum
3006 2908 3353 2969 damnationi,
3403 2913 3495 2962 de—

1944 2986 2089 3045 mum
2137 2972 2329 3045 Yigilio
2365 2974 2605 3042 quintam
2636 2972 2894 3044 synodum
2935 2980 3278 3045 approbante,
3312 2977 3496 3032 calcu-

1944 3038 2052 3115 lum
2083 3038 2689 3115 adjeéusseh'sapiebat',
2721 3045 2812 3113 qui
2842 3060 2872 3098 a
2916 3038 3085 3100 tribus
3113 3038 3363 3115 capitulis
3401 3049 3495 3101 ab-

1948 3112 2552 3186 ho_rrebat,_desipiebat
2589 3112 3156 3181 inter’schismaticos,
3180 3112 3276 3186 qui
3314 3134 3499 3173 assen-

1947 3181 2179 3235 tiebatur
2202 3182 2421 3235 eisdem.

2018 3249 2082 3325 V_.
2097 3251 2248 3305 Anno
2265 3250 2365 3325 589
2386 3250 2732 3325 qquoannes
2751 3253 3090 3323 episcopatus
3115 3256 3194 3309 sui
3217 3264 3497 3325 quartum-

1947 3320 2210 3391 d_ecimunt
2241 3320 2462 3391 agebat,
2512 3323 2611 3375 SS.
2643 3320 2823 3386 Marci,
2876 3320 3107 3380 Marcelli
3151 3339 3205 3381 et
3234 3320 3497 3381 'Felicuhc

1946 3389 2137 3445 Aidem
2172 3389 2804 3463 fluitanidedicatamque
2825 3396 3067 3450 novimus
3081 3413 3146 3451 ex
3170 3412 3310 3450 nono
3342 3414 3499 3452 versu

1944 3476 2009 3514 ex
2046 3463 2300 3530 appositis
2330 3462 2395 3515 ad
2425 3463 2660 3529 ejusdem
2705 3462 2949 3533 praesulis
2983 3465 3174 3520 Vitam.
3202 3466 3342 3520 Ante
3365 3469 3497 3523 duos

1944 3546 2112 3586 annos
2142 3541 2314 3585 tamen
2342 3548 2528 3602 magna
2558 3547 2623 3585 ex
2646 3541 2797 3601 parte
2820 3535 3135 3589 tedilicatam
3163 3537 3325 3591 fuisse
3352 3538 3497 3592 arbi-

1946 3610 2077 3674 tror,
2125 3617 2246 3674 cum
2298 3602 2623 3672 Smaragdus
2650 3604 3166 3674 exarchusrdicatur
3200 3617 3500 3674 postremus

1943 3671 2058 3746 ejus
2078 3672 2254 3740 operis
2278 3671 2519 3746 sumptus
2546 3688 2642 3739 pro
2664 3682 2813 3742 parte
2839 3673 3140 3740 suffecisse;
3170 3671 3499 3746 Smaragdus

1941 3741 2083 3793 enim
2121 3756 2261 3793 anno
2298 3742 2398 3795 587
2443 3741 2682 3795 Romano
2722 3758 2860 3796 novo
2898 3747 3131 3799 exarcho
3165 3746 3341 3799 locum
3368 3741 3496 3800 reli-

1941 3820 2145 3879 querat.
2188 3810 2309 3865 Han:
2353 3822 2715 3886 autem,_qu:e
2742 3812 2854 3886 fere
2896 3814 2963 3867 ad
3006 3831 3118 3869 rem
3155 3816 3497 3886 chronologi-

1938 3896 2059 3953 cam
2102 3891 2361 3953 spectant,
2413 3898 2481 3953 es
2526 3882 2610 3936 his
2656 3898 2774 3951 qua:
2814 3882 2869 3935 in
2920 3886 3184 3953 superiori
3237 3882 3498 3942 disserta-

1942 3952 2085 4005 tione
2113 3952 2253 4005 dicta
2283 3960 2407 4005 sunt
2434 3952 2794 4017 illustrantur.

1462 4247 1702 4323 VITA
1777 4246 2347 4325 MARINIANI.

786 4464 1009 4522 CAPUT
1052 4461 1334 4519 PRIMUM.

293 4558 585 4631 λιιιιιίιιὶιιηὶΔ
598 4574 756 4631 genus
778 4568 825 4611 et
847 4558 1038 4631 patria.
1058 4553 1368 4631 S._Grego_rii
1388 4552 1677 4631 Pastoralis
1689 4554 1835 4611 liber.

556 4626 624 4684 Ιὶι
650 4630 909 4699 episcopos
950 4627 1257 4680 simoniacos
1286 4626 1574 4678 insectatio.

359 4736 684 4793 Marinianus
696 4734 862 4790 XXX.
888 4733 988 4789 Iste
1014 4734 1253 4788 Romana
1266 4733 1500 4795 natione,
1528 4735 1689 4789 rubea
1711 4734 1764 4789 in
1786 4749 1844 4791 se

278 4832 463 4887 fuerat
483 4828 675 4893 forma,
700 4834 848 4881 tensa
868 4834 926 4878 et
947 4825 1102 4894 longa
1129 4824 1309 4887 facies,
1329 4823 1586 4894 glavaneo
1612 4824 1846 4895 fulgebat

277 4923 462 4986 oculo,
487 4929 544 4977 et
576 4921 628 4974 in
673 4918 920 4973 omnibus
941 4918 1093 4970 valde
1122 4917 1363 4981 decorus,
1404 4931 1569 4986 nepos
1603 4917 1842 4986 praedicti

275 5014 507 5070 Joannis
520 5009 922 5081 praedecessoris
934 5008 1015 5060 sui
1032 5005 1147 5058 fuit.
1169 5019 1193 5046 α
1209 5008 1251 5060 Α
1265 5006 1568 5061 beatissimo
1586 5006 1844 5077 Gregorio

283 5107 472 5161 Romae
496 5109 858 5165 consecratus,
886 5104 940 5153 et
967 5099 1033 5152 ab
1056 5113 1120 5152 eo
1144 5098 1229 5151 hic
1263 5098 1455 5153 missus
1479 5107 1560 5154 est
1582 5138 1595 5162 ,
1631 5106 1687 5152 et
1721 5114 1843 5153 cum

279 5198 547 5252 voluisset
570 5209 637 5249 ex
662 5194 764 5248 hac
787 5190 1043 5248 cathedra
1064 5189 1307 5250 evadere.
1336 5204 1402 5244 ne
1426 5189 1662 5259 pontifex
1683 5197 1847 5254 esset,

284 5287 504 5341 dicebat
539 5299 598 5339 se
624 5282 758 5337 tanti
790 5280 1010 5337 honoris
1039 5279 1271 5349 pondera
1298 5279 1519 5348 implere
1540 5295 1643 5334 non
1668 5293 1844 5348 posse.

287 5379 444 5434 Tunc
471 5377 811 5433 beatissimus
841 5388 975 5444 papa
1000 5371 1289 5442 Gregorius
1312 5372 1475 5441 coepit
1497 5369 1851 5431 consolatoria

288 5469 457 5525 verba
486 5465 707 5523 reﬁcere
729 5466 910 5521 dicens
941 5486 957 5518 ι
982 5464 1093 5533 Ego
1125 5470 1344 5531 propter
1383 5470 1434 5515 te
1462 5476 1625 5515 unum
1661 5474 1857 5529 parvu-

363 5615 393 5646 α
417 5603 539 5658 Not.
567 5618 759 5673 marg.,
781 5601 886 5673 Iste
902 5602 1001 5673 fuit
1027 5610 1353 5673 consecratus
1380 5617 1412 5654 a
1436 5601 1581 5655 beato
1610 5598 1857 5665 Gregorio

290 5676 598 5744 pannis-iraa
628 5670 819 5744 anitum
845 5670 1051 5744 Domini
1076 5670 1198 5744 548.
1227 5670 1418 5744 Biccu.

370 5743 403 5785 ιι
438 5743 535 5797 llic
560 5743 832 5796 enimvero
855 5742 935 5794 sui
967 5741 1215 5799 temporis
1249 5741 1471 5798 clericos
1497 5750 1549 5794 ct
1580 5743 1858 5795 episcopos

1864 4469 1916 4530 1)
1939 4462 2049 4517 lum
2074 4462 2268 4517 librum
2296 4459 2509 4515 faciam.
2537 4460 2682 4516 Tene
2706 4477 2827 4517 eum
2849 4465 3087 4534 quotidie
3113 4482 3224 4537 pra:
3254 4472 3510 4528 manibus

1942 4554 2077 4616 tuis;
2107 4567 2316 4621 semper
2346 4551 2398 4605 in
2426 4550 2595 4619 ipsum
2624 4552 2869 4620 intende;
2912 4556 3139 4611 observa
3167 4560 3330 4614 verba
3360 4561 3513 4618 illius.

1941 4644 2086 4708 libri,
2131 4651 2185 4698 et
2221 4652 2338 4698 esto
2382 4658 2604 4698 securus
2639 4645 2708 4698 ab
2744 4646 2888 4699 omni
2927 4644 3232 4703 formidine.
3276 4650 3343 4706 Et
3369 4654 3511 4708 scri-

1942 4734 2073 4787 bens
2101 4732 2291 4786 librum
2308 4730 2641 4787 Pastoralem
2664 4734 2808 4787 misit
2828 4734 2877 4787 ei
2902 4734 3089 4791 dicens
3118 4751 3133 4789 :
3157 4736 3346 4793 Frater
3376 4741 3511 4795 cha-

1945 4825 2188 4888 rissime,
2216 4833 2432 4893 propter
2457 4832 2509 4878 te
2537 4824 2681 4879 hunc
2708 4823 2809 4878 feci
2838 4824 3030 4880 librum
3049 4867 3062 4887 ,
3102 4842 3252 4881 serva
3278 4830 3507 4902 diligen-

1947 4930 2051 4984 ter,
2079 4919 2155 4973 sic
2175 4918 2337 4971 edoce
2359 4931 2570 4988 gregem
2596 4924 2766 4980 tuum,
2798 4918 2943 4971 sicut
2960 4919 3046 4973 hic
3066 4921 3390 4978 continetur.
3418 4923 3512 4978 Sis

1947 5026 2071 5065 cum
2118 5008 2479 5063 sacerdotibus
2526 5006 2631 5059 tuis
2670 5013 2724 5058 et
2764 5021 2885 5059 cum
2926 5008 3172 5062 universa
3220 5011 3407 5079 plebe,
3446 5022 3507 5065 ut

1949 5114 2171 5156 securus
2196 5099 2370 5168 possis
2398 5098 2575 5151 dicere
2602 5098 2654 5149 in
2677 5097 2941 5151 examinis
2962 5099 3074 5152 die:
3104 5099 3239 5153 Ecce
3259 5115 3375 5170 ego,
3401 5103 3508 5156 Do-

1950 5193 2111 5254 mine,
2127 5197 2182 5243 et
2200 5189 2349 5258 plebs
2371 5200 2487 5240 mea
2516 5201 2746 5241 mecum.
2763 5188 2791 5227 ι)
2807 5188 2872 5241 Et
2895 5189 3161 5257 accipiens
3181 5189 3238 5242 Β.
3256 5189 3502 5246 Marinia-

1953 5298 2052 5337 nus
2086 5291 2201 5335 erat
2240 5280 2476 5349 quotidie
2515 5278 2696 5350 legens
2726 5280 2779 5334 in
2818 5295 2914 5345 eo,
2948 5290 3004 5335 et
3036 5282 3349 5338 observans.
3389 5282 3502 5340 Non

1952 5373 2054 5427 fuit
2078 5373 2209 5437 iste,
2244 5378 2305 5424 ut
2342 5369 2552 5435 czrteri,
2583 5371 2674 5440 qui
2709 5386 2797 5426 res
2826 5370 3078 5427 Ecclesiae
3118 5373 3375 5427 devorant
3406 5389 3512 5444 pm

1952 5464 2292 5534 episcOpatus
2318 5461 2538 5516 honore.
2569 5461 2741 5517 Etiam
2768 5463 2990 5519 alterius
3019 5472 3237 5517 sumunt
3261 5478 3510 5530 munera,

1956 5594 2247 5665 insectatur
2279 5594 2551 5665 Agnellus.
2592 5593 2729 5661 Lege
2755 5596 2934 5663 itaque
2972 5610 3035 5651 ea
3064 5599 3310 5652 cautione
3345 5610 3511 5665 quam

1958 5664 2166 5719 deceris
2196 5665 2246 5717 in
2267 5664 2595 5733 praefatione,
2624 5666 2648 5735 §
2676 5668 2722 5718 1.
2757 5665 2950 5718 Βλεειι.
