3936 6180
394 290 403 300 -
486 259 591 312 657

1198 256 1479 312 AGNELLI
1519 258 1805 314 ABBATIS
1843 259 1899 314 S.
1942 257 2176 314 MARIA‘I
2214 259 2304 314 AD
2342 255 2808 321 BLACHERNAS,
2846 255 2996 312 ETC.

3584 258 3697 312 658

483 379 537 423 et
582 368 849 425 debitores
890 366 1054 433 ﬁunt,
1085 376 1139 422 et
1166 368 1210 423 si
1243 370 1523 440 contigerit
1555 379 1674 425 orta
1704 370 1931 425 intentio
1968 371 2034 426 de
2060 379 2111 436 Α
2136 377 2292 423 antea
2336 367 2578 437 privatus
2607 366 2928 436 Smaragdus
2974 365 3231 437 patricius
3276 365 3539 421 ordinatus
3582 378 3698 435 est,

482 460 691 514 duabus
720 458 991 528 personis,
1032 458 1109 513 sic
1146 468 1451 514 mercantur
1482 461 1562 515 sui
1603 461 1816 515 honoris
1859 460 2032 532 digni-

484 561 647 609 tatem
676 591 691 617 ,
745 552 1008 620 quomodo
1054 552 1282 621 aliquem
1337 554 1661 608 venundcnt.
1715 554 1782 608 Et
1821 554 2038 608 mittunt

483 643 625 699 inter
645 658 703 698 se
731 642 1114 712 exploratores,
1145 652 1398 712 quantam
1426 643 1513 698 ille
1538 644 1735 714 largire
1757 644 2034 713 pecuniam

482 736 614 789 vult.
646 736 713 789 Et
751 751 870 788 cum
903 736 1244 789 renunciatur
1276 735 1506 791 fortasse
1550 738 1866 805 quingentos
1908 735 2004 791 soli

482 826 610 888 dos,
648 824 733 877 ille
770 833 825 877 et
867 824 1099 888 deridet,
1127 824 1248 894 quia
1279 826 1434 893 pauci
1472 835 1613 880 sunt.
1662 826 1802 895 Ego,
1843 825 2034 895 inquit,

481 918 625 972 mille
656 917 812 970 dabo.
861 916 1135 987 Interrogo
1173 934 1185 969 :
1233 917 1441 971 dicente
1476 917 1701 971 Domino
1741 916 2036 971 ordinatori

479 1024 762 1063 meo.......
834 1007 1024 1061 melius
1074 1015 1155 1062 est
1216 1008 1289 1061 illi
1341 1008 1483 1063 mille
1526 1008 1721 1063 solidos
1774 1009 2034 1077 accipere,

481 1115 640 1170 quam
686 1098 757 1151 illi
797 1098 970 1168 pauci.
999 1096 1255 1152 Nesciunt
1286 1099 1488 1163 miseri,
1523 1099 1649 1168 quia
1688 1098 2036 1152 simoniacam

479 1191 725 1245 heresim
769 1198 1060 1243 sectantur.
1112 1188 1176 1241 Et
1213 1188 1476 1256 quomodo
1514 1188 1794 1252 nesciunt,
1826 1188 2037 1257 quando

477 1288 807 1351 protestatur
852 1278 1087 1348 pontifex
1125 1279 1305 1333 dicens
1334 1296 1349 1331 :
1394 1276 1517 1332 Vide
1543 1294 1605 1332 ne
1637 1294 1727 1348 per
1754 1278 2034 1344 dationem,

478 1381 569 1425 aut
619 1371 1103 1442 repromissionem,
1149 1370 1271 1438 quia
1320 1370 1633 1423 simoniacus
1688 1369 1781 1423 es?
1842 1369 1908 1423 Et
1952 1368 2038 1423 ille

477 1473 649 1529 vetat;
674 1480 779 1518 non
804 1473 1150 1535 utrorumque
1163 1477 1381 1515 suorum
1402 1461 1662 1515 malorum
1685 1463 2038 1516 consensum?

476 1556 694 1612 Occulte
736 1556 1007 1618 tribuunt,
1062 1561 1117 1608 et
1161 1553 1454 1622 accipiunt,
1496 1562 1550 1607 et
1584 1552 1757 1622 palam
1794 1551 2039 1607 omnibus

476 1656 694 1719 negant.
736 1645 843 1702 Cur
868 1661 973 1700 non
1004 1644 1375 1708 recordamini,
1407 1644 1624 1699 miseri?
1666 1643 1816 1710 Quod
1857 1658 2036 1698 coram

2133 459 2223 529 qui
2252 466 2435 528 postea
2463 456 2530 511 ab
2560 456 2761 511 honore
2785 456 3095 527 patriciatus
3121 472 3149 508 a
3172 454 3426 509 Callinico
3451 457 3701 526 abjectus

2133 558 2235 615 est,
2263 557 2317 604 et
2346 549 2458 618 ipse
2488 549 2587 602 sibi
2609 549 2921 618 dignitatem
2948 548 3253 616 assumpsit.
3297 547 3447 601 Tunc
3478 548 3701 603 Raven-

2134 652 2327 693 nenses
2355 638 2502 692 cives
2530 638 2818 708 indignati,
2867 637 3104 705 projecto
3156 635 3414 690 Callinico
3465 647 3707 693 temera-

2134 734 2236 798 rio,
2287 732 2639 802 Smaragdum
2676 732 2729 785 in
2767 730 2941 787 locum
2986 729 3269 799 pristinum
3312 729 3703 794 restituerunt,

2135 825 2411 880 Manritius
2451 841 2580 880 vero
2626 825 2895 895 Augustus
2929 832 3048 894 post
3085 824 3148 880 21
3184 838 3379 877 annum
3411 824 3703 893 imperium

2137 916 2308 970 tenuit
2335 930 2457 970 eum
2487 915 2597 969 suis
2637 914 2759 968 filiis
2787 913 3103 977 Theodosio,
3130 922 3184 967 et
3218 913 3452 978 Tiberio,
3478 922 3533 968 et
3558 913 3707 969 Con-

2135 1009 2388 1075 stantino,
2423 1024 2453 1062 a
2484 1008 2659 1062 Phoca
2689 1007 2856 1077 ipsius
2882 1014 3131 1071 stratore,
3163 1004 3252 1075 qui
3287 1004 3388 1060 fuit
3410 1004 3586 1059 Prisci
3612 1022 3709 1076 ρε-

2135 1099 2275 1153 tricii
2297 1138 2312 1163 ,
2337 1098 2619 1153 occiditur.
2663 1097 2848 1168 Igitur,
2878 1105 2937 1150 ut
2963 1096 3230 1159 diximus,
3256 1111 3469 1166 semper
3497 1096 3706 1152 bellum

2134 1190 2234 1245 fuit
2261 1191 2402 1245 inter
2423 1191 2799 1245 Ravennenses
2829 1196 2882 1241 et
2910 1188 3310 1257 Langobardos,
3342 1197 3398 1243 et
3422 1188 3704 1244 discordia

2135 1282 2353 1352 grandis
2379 1288 2601 1351 propter,
2626 1278 2789 1334 filiam
2817 1294 2988 1343 suam,
3019 1295 3137 1349 qua:
3165 1288 3319 1349 capta
3348 1295 3376 1331 a
3410 1279 3707 1334 Ravenna-

2137 1370 2277 1425 tibus
2308 1369 2497 1424 fuerat.
2544 1370 2611 1423 Et
2630 1377 2850 1440 propter
2870 1369 3039 1438 ipsam
3061 1370 3195 1423 iram
3219 1371 3408 1424 civitas
3433 1369 3709 1424 Cremona

2135 1475 2166 1514 a
2192 1459 2448 1529 praedicto
2474 1467 2647 1528 capta,
2687 1465 2744 1512 et
2782 1458 3051 1512 destructa
3095 1464 3176 1511 est
3204 1472 3350 1524 rege,
3391 1467 3446 1511 et
3485 1457 3707 1511 Mantua

2137 1548 2297 1602 nimis
2344 1555 2534 1603 vexata
2595 1554 2718 1612 est,
2778 1554 2835 1600 et
2883 1546 3143 1616 disrupta.
3195 1546 3471 1613 Regnante
3523 1545 3708 1601 Phoca

2139 1652 2277 1693 anno
2314 1638 2545 1692 secundo
2582 1636 2771 1691 indict.
2800 1636 2863 1700 8,
2904 1635 3090 1691 beatus
3120 1634 3410 1705 Gregorius
3441 1634 3708 1704 migravit

476 1737 783 1792 hominibus
826 1735 1031 1807 negatis
1055 1774 1069 1799 ,
1106 1733 1323 1803 patefiet
1359 1748 1542 1789 coram
1594 1733 1787 1788 divinis
1829 1732 2028 1799 oculis,
2059 1721 2106 1780 B
2132 1729 2198 1784 ad
2228 1729 2530 1793 Dominum,
2556 1727 2916 1796 successitque
2946 1726 2995 1780 ei
3026 1724 3382 1790 Saviuianus;
3411 1723 3634 1794 fuitque
3656 1726 3708 1779 iu

475 1845 656 1884 coram
693 1829 929 1898 angelis,
974 1835 1031 1882 et
1065 1824 1431 1900 archangelis,
1475 1835 1528 1882 et
1555 1842 1737 1882 coram
1768 1827 2036 1898 principa-

477 1922 649 1985 tibus,
689 1928 743 1975 et
776 1920 1162 1991 potestatibus,
1189 1935 1389 1974 .coram
1423 1920 1661 1986 thronis,
1701 1927 1757 1974 et
1791 1920 2035 1975 domina-

475 2011 726 2074 tionibus,
758 2026 937 2065 coram
960 2010 1267 2065 cmlestibus
1295 2010 1617 2065 exercitibus
1658 2018 1710 2065 et
1748 2009 2035 2065 virtutibus

474 2099 652 2153 omnia
695 2097 904 2153 occulta
952 2107 1158 2152 secreta
1206 2098 1401 2154 ibidem
1452 2099 1883 2170 publicahuntur.
1941 2098 2035 2155 Vis

472 2191 757 2259 pervenire
803 2189 871 2243 ad
912 2188 1121 2243 culmen
1166 2189 1474 2260 dignitatis?
1525 2189 1785 2259 Conspice
1824 2189 2035 2245 labores

475 2280 802 2335 certaminis.
837 2278 973 2347 Quid
1004 2280 1099 2334 tibi
1127 2280 1344 2349 prodest
1364 2289 1565 2335 vestem
1596 2281 1815 2335 induere
1838 2280 2036 2350 pretio-

474 2385 612 2435 sam,
663 2385 784 2425 cum
839 2371 1014 2425 anima
1063 2370 1131 2425 sit
1182 2371 1376 2425 diaboli
1424 2371 1615 2441 laqueo
1662 2372 1853 2439 capta?
1895 2371 2035 2425 Num

472 2475 662 2530 parum
687 2460 780 2514 tibi
804 2461 1013 2514 videtur
1040 2461 1292 2515 Ecclesiae
1318 2470 1502 2515 tenere
1525 2461 1796 2531 regimen?
1819 2459 1878 2514 Si
1900 2475 2031 2515 con-

473 2550 710 2605 siderare
751 2549 929 2614 vultis,
960 2550 1241 2618 episcopus
1281 2550 1398 2619 plus
1429 2558 1512 2604 est
1550 2562 1706 2619 quam
1753 2564 1869 2603 rex.
1919 2549 2033 2604 Rex

473 2649 816 2712 purpuratus,
851 2649 906 2695 et
932 2647 1153 2695 auratus
1188 2641 1378 2695 sedens
1413 2642 1463 2694 in
1494 2641 1687 2695 throno
1708 2640 1873 2711 regali
1895 2655 2035 2695 scm-

471 2744 569 2800 per
593 2729 658 2785 de
688 2738 859 2784 morte
882 2729 1100 2799 cogitat,
1130 2728 1288 2800 gladii
1325 2729 1594 2795 conscius,
1625 2743 1838 2798 semper
1861 2738 1921 2782 ut
1957 2727 2035 2783 cf-

470 2821 661 2876 Iundat
684 2822 1020 2892 sanguinem,
1052 2829 1256 2890 pensat.
1296 2820 1587 2891 Episcopus
1609 2836 1737 2876 vero
1762 2823 1828 2875 de
1858 2821 2034 2875 salva-

476 2915 618 2970 tione
648 2916 857 2981 animm,
888 2914 954 2969 de
979 2914 1259 2983 impiorum
1281 2928 1438 2984 poena
1462 2915 1735 2980 sollicitus,
1767 2924 1822 2970 et
1849 2917 1914 2971 de
1940 2930 2035 2984 pa—

470 3005 634 3059 radisi
661 3002 873 3075 gaudio.
913 3004 1097 3058 Videte
1123 3003 1311 3073 quales
1339 3005 1479 3058 inter
1500 3014 1802 3075 utrumque,
1827 3020 1946 3071 rex,
1973 3012 2033 3059 ut

473 3096 829 3151 demolientur
848 3094 1399 3164 corpora,episcopus,
1429 3103 1490 3148 ut
1518 3104 1809 3150 coronetur
1831 3096 2027 3149 anima.
2057 3083 2102 3146 C

473 3183 610 3246 Rex,
638 3190 696 3236 ut
724 3187 962 3252 captivos
996 3187 1153 3237 ducat
1190 3183 1434 3247 rebelles,
1464 3184 1765 3253 episcopus,
1804 3193 1864 3238 ut
1889 3192 2034 3239 emat

470 3273 712 3343 captivos
730 3311 744 3337 ,
773 3272 1001 3325 redimat
1031 3279 1083 3326 et
1107 3269 1367 3326 absolvat.
1404 3271 1539 3336 Iste,
1564 3281 1622 3325 ut
1668 3272 1849 3341 quieta
1876 3281 2033 3328 nocte

472 3378 718 3417 somnum
750 3361 928 3425 ducat,
972 3360 1060 3416 ille
1094 3371 1252 3416 nocte
1293 3369 1406 3417 tota
1437 3362 1491 3416 in
1515 3361 1757 3416 laudibus
1782 3362 2034 3433 persistat

473 3453 686 3508 divinis.
717 3452 784 3506 Et
808 3451 935 3520 quid
961 3451 1145 3520 plura?
1175 3450 1349 3505 Etiam
1377 3458 1431 3505 et
1453 3451 1564 3521 ipse
1584 3465 1679 3505 rex
1703 3450 2029 3520 episcopum,

469 3553 531 3598 ut
570 3559 666 3615 pro
698 3558 762 3598 eo
791 3543 957 3598 Deum
985 3543 1320 3614 deprecetur,
1363 3553 1536 3615 rogat.
1574 3541 1852 3598 Sulliciant
1895 3536 2029 3607 ista,

469 3634 603 3689 satis
637 3634 702 3689 de
732 3634 886 3701 vobis
915 3633 1044 3688 dixi.
1077 3633 1191 3688 Non
1223 3639 1560 3695 monendum,
1591 3634 1684 3689 sed
1726 3632 1793 3688 ad
1826 3649 2032 3689 memo-

473 3729 608 3782 riam
647 3728 1022 3783 revocandum.
1062 3727 1168 3782 Iste
1207 3729 1298 3797 qui
1327 3742 1430 3783 non
1463 3737 1748 3799 ex’nostro
1778 3728 1879 3784 fuit
1904 3729 2034 3784 ovili

470 3818 648 3874 videte
695 3820 961 3891 quomodo
995 3818 1126 3893 [pie]
1167 3821 1339 3875 tenuit
1379 3822 1789 3877 archieraticam
1828 3822 2030 3887 sedem,

472 3911 707 3967 monitus
730 3911 1022 3982 apostolico
1046 3912 1311 3983 dogmate.

1117 4023 1343 4080 CAPUT
1381 4023 1439 4078 Il.

474 4113 783 4186 Sync/iram:
831 4131 896 4170 ea:
965 4116 1181 4170 historia
1230 4115 1549 4170 Mariniano.
1607 4114 1742 4187 Ejus
1789 4133 1926 4173 mors
1985 4127 2034 4172 et

1085 4187 1419 4257 epitaphium.

542 4274 699 4330 Istius
742 4274 908 4344 igitur
948 4276 1276 4345 temporibus
1314 4275 1460 4330 circa
1498 4283 1894 4332 commorantes
1917 4292 2035 4332 ma-

476 4366 592 4420 rina
635 4366 827 4430 litora,
869 4368 1207 4434 maximeque
1255 4366 1307 4420 in
1362 4366 1466 4420 hac
1502 4366 1720 4421 civitate
1745 4367 2031 4435 Ravennae,

477 4453 791 4521 gravissima
822 4461 975 4522 peste
1002 4453 1195 4506 vastati
1230 4460 1385 4518 sunt,
1416 4460 1471 4508 et
1507 4454 1748 4509 volutato
1776 4456 1903 4510 anni
1931 4457 2036 4512 cir-
2060 4437 2112 4497 Ῑ)

477 4547 595 4601 culo
621 4547 957 4602 Veronenses
978 4546 1122 4601 cives
1151 4546 1323 4600 valida
1362 4561 1507 4601 mors
1531 4548 1883 4617 consumpsit.
1906 4547 2036 4603 Post

482 4641 580 4692 hoc
606 4638 779 4691 visum
815 4646 898 4691 est
945 4636 1185 4692 terribile
1232 4637 1283 4690 in
1330 4636 1466 4691 ccelo
1503 4638 1744 4708 signum,
1792 4646 1849 4692 et
1892 4638 2037 4693 velut

482 4731 661 4787 hostes
690 4727 966 4798 sanguinei
1010 4741 1106 4796 per
1153 4734 1317 4781 totam
1355 4735 1569 4781 noctem
1596 4727 1948 4792 dimicantes,
1985 4735 2039 4783 et

481 4818 566 4871 lux
609 4816 907 4871 clarissima
956 4815 1181 4870 lustrata
1209 4818 1316 4871 est.
1357 4815 1425 4870 Et
1465 4816 1578 4886 ipso
1614 4831 1755 4871 anno
1796 4815 2036 4872 Theode—

480 4919 664 4979 pertus
703 4923 797 4962 rex
847 4907 1178 4963 Francorum
1220 4924 1341 4963 cum
1373 4907 1629 4964 Lothario
1657 4908 1897 4979 patruele
1937 4924 2035 4964 suo

480 5000 673 5056 bellum
701 5000 999 5066 commisit,
1029 5000 1250 5070 ejusque
1278 5000 1550 5056 exercitus
1586 5000 1927 5055 vehementer
1947 5012 2002 5058 at
2020 5033 2034 5044 ο

482 5090 639 5144 tritus
689 5099 789 5144 est.
841 5089 967 5147 Post
1011 5090 1189 5160 aliqua
1230 5092 1441 5147 evoluta
1494 5099 1731 5161 tempora
1765 5092 2035 5147 Benedicti

483 5180 659 5236 Patris
676 5181 979 5236 coenobium
999 5220 1016 5245 ,
1047 5181 1189 5250 quod
1219 5180 1381 5235 situm
1416 5188 1497 5236 est
1523 5182 1573 5235 in
1601 5190 1780 5237 castro
1819 5180 2037 5248 Casino,

483 5278 638 5327 nocte
671 5286 703 5325 a
737 5270 1098 5342 Langobardis
1123 5273 1417 5341 praedatum
1444 5280 1528 5327 est
1554 5281 1792 5342 tempore
1824 5270 2042 5328 Bonifa-

483 5363 550 5417 cii
579 5361 705 5435 [ιρις
741 5362 937 5426 Boniti,
966 5361 1184 5435 Bacch.]
1207 5361 1433 5419 abbatis.
1451 5362 1619 5433 Capta
1650 5372 1733 5419 est
1757 5365 1900 5419 inter
1923 5366 2039 5420 lucc

489 5451 755 5522 Agilulphi
801 5453 941 5519 regis
978 5452 1082 5508 filia
1125 5469 1246 5508 cum
1272 5452 1675 5512 Gudeschalcho
1698 5457 1815 5512 viro
1845 5471 1943 5511 suo
1969 5457 2037 5512 ab

488 5543 725 5597 exercitu
751 5542 987 5598 Cailinici
1012 5545 1218 5613 patricii
1242 5546 1307 5600 de
1331 5545 1547 5601 civitate
1570 5546 1878 5611 Parmense,
1906 5557 1961 5603 et
1984 5548 2037 5602 in

490 5628 624 5685 lianc
648 5632 833 5699 urbem
870 5632 1131 5691 Ravenna:
1177 5636 1315 5706 capti
1353 5637 1500 5692 ducti
1529 5647 1672 5692 sunt.
1703 5637 1801 5692 Hic
1825 5653 2037 5707 quoque

2135 1820 2250 1888 ipso
2294 1827 2530 1887 tempore
2564 1816 2799 1871 validum
2831 1815 3030 1887 frigus;
3069 1830 3272 1870 messes
3314 1830 3445 1869 vero
3476 1824 3709 1871 vastata

2134 1925 2165 1965 a
2204 1911 2446 1965 muribus
2489 1916 2630 1971 sunt,
2681 1917 2733 1964 et
2769 1908 2885 1963 alia:
2930 1922 3197 1978 percussa:
3237 1907 3494 1973 uredine;
3545 1917 3608 1962 et
3653 1909 3707 1961 in

2132 1998 2486 2059 eodem'anno
2516 2002 2568 2056 in
2607 2002 2802 2072 populo
2828 2001 2998 2054 fames
3027 1999 3201 2054 valida
3221 2041 3236 2064 ,
3263 1999 3385 2069 quia
3414 1999 3708 2071 frugalitas

2133 2093 2306 2148 omnis
2354 2107 2518 2162 parva
2559 2100 2614 2146 et
2654 2107 2777 2145 rara
2827 2090 3214 2153 inveniebatur,
3253 2091 3395 2144 sicut
3429 2105 3589 2145 nunc
3629 2100 3709 2145 est

2132 2182 2459 2251 temporibus
2496 2181 2715 2236 nostris.
2749 2180 2953 2236 Idcirco
2978 2180 3080 2234 hoc
3105 2179 3304 2233 factum
3331 2189 3431 2240 est,
3466 2188 3526 2234 ut
3572 2181 3708 2235 indi-

2132 2273 2274 2328 cium
2306 2272 2516 2327 amissaa
2553 2271 2951 2341 prmdicationis
2984 2270 3050 2325 de
3089 2278 3260 2324 morte
3290 2270 3347 2323 Β.
3391 2268 3651 2341 Gregorii
3678 2287 3707 2324 a

2132 2363 2241 2419 Deo
2273 2377 2370 2433 per
2418 2364 2587 2433 ipsam
2634 2362 2829 2417 fu’mem
2871 2361 3099 2415 validam
3136 2361 3532 2422 ostenderetur,
3584 2361 3707 2431 quia

2131 2455 2283 2510 cibus
2329 2454 2519 2508 anima:
2560 2453 2871 2524 praedicatio
2910 2453 3090 2507 divina
3135 2460 3250 2519 est,
3295 2454 3540 2523 corporis
3581 2469 3709 2508 vero

2129 2546 2303 2600 omnis
2332 2544 2627 2615 frugalitas.
2656 2544 2843 2614 Igitur,
2871 2552 2931 2599 ut
2955 2545 3207 2611 diximus,
3234 2553 3478 2600 mortuus
3503 2554 3601 2601 est
3623 2545 3707 2601 hic

2128 2637 2473 2693 beatissimus
2507 2637 2592 2692 die
2618 2654 2650 2691 x
2676 2636 2791 2691 Kal.
2820 2635 3156 2702 Novembris,
3187 2647 3240 2692 et
3264 2638 3506 2708 sepultus
3533 2647 3632 2695 est
3653 2640 3705 2693 in

2129 2728 2310 2783 ardica
2336 2726 2404 2781 Β.
2428 2727 2746 2797 Apollinaris
2766 2738 2919 2783 extra
2948 2744 3131 2783 muros
3151 2728 3348 2783 Classis
3368 2743 3491 2784 cum
3515 2729 3705 2785 multis

2128 2817 2616 2884 lamentationibus,
2639 2826 2695 2873 et
2712 2826 2795 2873 est
2821 2818 2894 2873 ibi
2923 2819 3248 2889 epitaphium
3270 2826 3559 2889 exaratum
3599 2821 3701 2874 ita:

2221 2912 2501 2975 Sancitiﬁcus
2521 2924 2716 2975 semper
2738 2912 2953 2975 monitis,
2976 2911 3288 2961 memorande
3308 2916 3530 2963 sacerdos
3560 2953 3583 2975 ,

2316 2974 2416 3023 Hoc
2441 2973 2847 3037 positus‘tumulo,
2870 2974 3150 3033 lariniane,
3168 2977 3323 3037 jaces.

2255 3034 2464 3098 Corpore
2485 3034 2757 3093 defunctus,
2781 3034 2943 3098 tamen
2962 3043 3032 3098 est
3060 3042 3139 3083 tua
3161 3034 3284 3083 fama
3307 3043 3573 3098 superstes
3594 3076 3610 3098 ,

2311 3095 2458 3145 Arius
2479 3098 2579 3144 obit
2611 3101 2773 3153 terris,
2793 3096 2876 3145 lux
2904 3104 2980 3145 tua
3004 3096 3124 3145 facta
3150 3105 3304 3145 tenet.

2254 3157 2491 3220 “renibus
2510 3157 2588 3206 hic
2612 3161 2815 3207 veniens
2839 3158 3271 3220 Bornanagautiites
3290 3159 3351 3205 ab
3375 3160 3497 3207 urbe
3515 3195 3532 3220 ,

2312 3218 2486 3266 'l'utata
2511 3226 2587 3265 est
2610 3221 2833 3280 precibus
2853 3227 3012 3268 sancta
3033 3218 3257 3267 Ravenna
3284 3223 3398 3268 tuis.

2256 3277 2708 3343 Cugctasalutlfero
2725 3279 2984 3343 disponens
3014 3287 3236 3341 tempore
3262 3281 3418 3343 secla,

2316 3339 2390 3390 'l'e
2410 3341 2517 3401 pius
2540 3343 2588 3389 in
2613 3343 2789 3403 populo
2802 3339 3001 3390 'tlbriste
3026 3339 3226 3400 rogante
3243 3342 3397 3391 dedit.

2254 3400 2389 3465 Quod
2413 3400 2572 3465 tamen
2598 3400 2885 3465 bis'templis
2907 3406 3124 3451 meruisti
3148 3416 3345 3453 sumere
3371 3406 3504 3453 busta
3528 3441 3553 3464 ,

2314 3463 2386 3512 'l‘e
2408 3463 2643 3525 placuisse
2665 3466 2785 3525 Deo,
2800 3463 2943 3513 tanta
2964 3465 3184 3524 sepulcra
3211 3468 3431 3525 probant.

2256 3524 2417 3588 thue
2441 3527 2572 3574 vices
2594 3526 2762 3588 Christi
2791 3527 2980 3588 gessiin
3005 3527 3096 3574 rite
3115 3524 3372 3588 sacerdos;

2318 3587 2472 3648 Ipsius
2495 3588 2640 3650 inque
2664 3585 2868 3636 locis'sit
2893 3588 2979 3636 tibi
3010 3596 3171 3635 sancta
3193 3590 3352 3649 quies.

2135 3668 2286 3725 Sedit
2313 3682 2579 3723 ann.......
2607 3684 2921 3723 mens.......
2947 3669 3196 3725 dies......

2632 3849 3192 3907 OBSERVATIONES

2584 3939 2650 3976 AD
2715 3937 2879 3976 VITAI
2942 3938 3239 3977 ΙΔΒΙΝΙΑΝΙ.

2137 4011 2465 4083 Marinianus
2502 4013 2785 4083 monacfzus
2823 4020 2870 4066 et
2906 4012 3183 4083 presbyter.
3227 4013 3307 4068 An
3347 4012 3508 4068 abbas
3552 4013 3703 4070 cella

2206 4081 2472 4150 fratrum?
2501 4081 2651 4135 Liber
2684 4081 2973 4136 Pastoralis
3001 4083 3196 4136 Joanni
3216 4124 3232 4147 ,
3261 4100 3363 4137 non
3394 4083 3700 4139 Harim'aiso

2203 4152 2445 4224 scriptus.
2475 4151 2592 4217 Qua
2621 4154 2887 4224 occasione
2908 4151 3146 4224 scriptus.
3171 4154 3490 4224 Argumenta
3508 4156 3701 4224 episto-

2206 4221 2376 4275 larum
2396 4224 2625 4275 omnium
2650 4221 2711 4276 D.
2737 4221 2971 4292 Gregorii
2999 4223 3067 4276 ad
3079 4221 3336 4277 Joannem
3358 4232 3407 4276 et
3439 4221 3707 4279 Marius}-

2207 4308 2328 4347 num
2357 4293 2689 4362 scriptarum.

2204 4382 2243 4437 I.
2283 4381 2534 4453 Agnellus
2556 4381 2905 4438 Mariuianum
2927 4382 3146 4438 Joannis
3166 4384 3583 4453 pnedecessoris
3608 4399 3701 4438 ne-

2135 4461 2312 4524 potem
2359 4453 2521 4524 dicit,
2566 4453 2707 4524 quod
2737 4453 2948 4507 aliunde
2985 4454 3292 4524 ignoratur,
3334 4462 3478 4524 tacet
3512 4468 3702 4511 mona-

2136 4521 2295 4581 chum
2335 4537 2456 4576 cum
2481 4523 2559 4576 'D.
2589 4521 2870 4593 Gregorio,
2898 4521 3038 4592 quo]
3066 4539 3131 4578 ex
3161 4523 3218 4579 S.
3247 4523 3517 4593 pontificis
3545 4524 3700 4577 tesri-

2138 4593 2317 4665 monio
2345 4601 2550 4665 certum
2595 4592 2854 4665 est.’I_.ib.
2892 4608 2968 4665 iv,
2999 4595 3156 4664 epist.
3188 4592 3389 4665 45,.ad
3424 4593 3697 4665 Andream

2137 4662 2534 4733 scholasticum,
2565 4663 2858 4733 monachus
2896 4662 3113 4733 dicitur,
3152 4679 3219 4718 ex
3248 4662 3513 4733 monacho
3541 4676 3700 4732 pres-

2136 4731 2393 4803 byter,_et
2415 4746 2607 4803 munus
2631 4731 2866 4803 episcopi
2896 4731 3184 4803 refugiens.
3219 4752 3238 4784 ι
3269 4731 3591 4797 Tandem,»
3616 4733 3696 4785 in-

2137 4799 2501 4875 quitﬁagnus
2527 4799 2833 4875 Gregorius,
2885 4821 2905 4854 ‹
2949 4799 3041 4857 Ιιίἕ
3073 4804 3400 4875 improbatis,
3434 4821 3453 4854 ι
3481 4803 3695 4875 Donato

2137 4869 2405 4933 videlicet,
2452 4879 2507 4924 et
2540 4869 2763 4935 Joanne,
2797 4891 2815 4922 ι
2850 4869 3210 4929 venerabilem
3240 4874 3437 4936 virum,
3471 4870 3697 4926 fratrem

2137 4943 2616 5013 presbyterumque
2657 4940 3032 5013 Marinianum,
3067 4959 3224 5013 quem
3251 4943 3342 4996 diu
3374 4957 3581 4998 mecum
3611 4942 3698 4994 di-

2141 5012 2319 5066 dicere
2330 5011 2397 5083 ‘in
2420 5010 2743 5083 monasterio
2773 5010 3304 5083 conversatu’m.......
3346 5013 3697 5083 petiverunt_;

2142 5083 2227 5135 cui
2262 5079 2542 5152 refugienti
2594 5082 2818 5136 diversis
2860 5084 3033 5138 modis
3064 5084 3152 5136 vix
3199 5079 3484 5151 aliquando
3520 5080 3701 5150 potuit

2143 5151 2386 5215 suaderi,
2419 5159 2477 5205 ut
2503 5166 2688 5222 eorum
2716 5153 2983 5222 praeberet
3006 5153 3248 5222 petitioni
3274 5166 3595 5207 consensum
3615 5189 3634 5212 ,
3672 5168 3693 5200 ι

2142 5229 2196 5276 et
2233 5229 2529 5290 sequuntur
2554 5220 2720 5274 multa
2766 5221 2829 5276 ad
2870 5220 3146 5277 Mariniani
3175 5222 3699 5290 commendationem

2141 5289 2378 5361 exarata.
2406 5290 2645 5361 Cogitavi
2677 5290 2961 5361 aliquando
2989 5308 3057 5346 au
3088 5293 3176 5346 hic
3199 5291 3525 5346 Marinianus
3548 5289 3697 5361 idean

2144 5360 2335 5427 fuerit,
2363 5363 2452 5430 qui
2484 5358 2788 5431 nominatur
2809 5362 2952 5416 ccllze
2981 5361 3204 5416 fratrum
3238 5361 3421 5416 Romae
3444 5358 3701 5431 praapqsi-

2142 5439 2250 5496 tus,
2280 5426 2346 5485 de
2382 5426 2494 5501 quo
2519 5430 2810 5500 Gregorius
2835 5433 2949 5501 ipse
2975 5431 3067 5484 lib.
3099 5447 3153 5494 I,
3176 5431 3333 5500 epist.
3364 5426 3463 5494 5t,
3500 5426 3566 5484 ad
3582 5426 3702 5501 _Pe-

2141 5508 2282 5554 trum
2315 5497 2732 5564 subdiaconu'm;
2764 5510 2819 5553 at
2845 5497 3084 5554 diversus
3111 5497 3254 5556 visus
3294 5511 3395 5565 est,
3428 5497 3698 5570 siquidem

2139 5570 2230 5640 ille
2257 5571 2346 5638 qui
2374 5571 2560 5632 abbas,
2587 5570 2699 5624 sive
2741 5570 3071 5639 praepositus,
3099 5571 3245 5625 cella:
3273 5566 3697 5640 pmdictiefui}.

2140 5639 2227 5694 ille
2260 5634 2372 5708 ipse
2397 5641 2607 5695 videtur
2629 5639 2713 5694 cui
2741 5634 3024 5709 Gregorius
3053 5634 3244 5696 scribit
3266 5634 3331 5696 de
3368 5638 3588 5698 ecclesia
3631 5634 3695 5690 S.
