3906 6182
209 315 300 371 653

1274 302 1475 360 LIBER
1509 298 2000 358 PONTIFICALIS.
2039 331 2106 342 ——
2147 299 2324 357 PARS
2360 301 2423 357 ll.

3367 298 3471 356 654

212 425 505 485 Demandat
552 420 775 476 Maximi
824 432 1064 483 causam,
1123 423 1200 481 ct,
1242 415 1287 470 si
1306 415 1393 488 ita
1435 429 1524 488 res
1578 414 1779 488 exigat,
1815 418 1860 476 Α
1893 412 1976 467 Ex
2019 410 2107 467 lib.
2152 427 2230 478 ιχ,
2265 428 2346 482 ep.
2374 412 2432 477 2,
2477 411 2585 465 ind.
2620 412 2676 488 4,
2720 426 2858 466 anno
2884 408 3157 482 prwdicto,
3215 418 3335 466 ante
3356 409 3477 488 ,Βε-

213 484 581 554 (bustautium
610 490 1063 546 Mcdiolancnsem
1087 502 1275 543 secum
1303 486 1357 538 in
1376 484 1613 552 iudicem
1645 484 1787 539 asci—

215 576 341 631 scat,
369 573 430 619 ut
453 570 817 633 cognoscatur
836 576 904 633 an
934 559 1022 613 ille
1043 559 1147 612 rite
1174 557 1249 611 sit
1272 556 1582 621 ordinatus,
1611 554 1699 609 vel
1735 555 1791 608 in

217 630 563 693 simcuiacam
602 632 851 687 bmresim
879 630 1082 699 lapsus.

218 747 292 803 Ex
325 744 423 801 lib.
444 742 596 808 eod.,
639 756 723 811 ep.
776 739 846 822 50
892 754 983 793 seu
1008 736 1095 861 840,
1286 734 1405 789 ead.
1433 744 1548 804 post
1586 732 1797 789 Janua-

758 824 917 862 rmm.
950 824 1055 862 ann
1229 846 1242 859 .

758 824 917 873 nam,
950 824 1088 862 anno
1118 824 1242 862 ουν.

276 906 597 962 lmminente
640 901 904 956 electione
925 898 1284 953 Ariminensis
1327 896 1588 967 episcopi,
1624 895 1801 967 Mari-

221 978 370 1032 niano
384 974 767 1037 committitur,
794 980 855 1024 ut
886 970 938 1024 in
954 968 1111 1024 electi
1131 969 1321 1023 merita
1333 965 1460 1022 etin
1479 965 1798 1022 electionem

222 1047 420 1119 iuquira
429 1055 469 1100 t.

419 1134 509 1188 Ex
538 1132 628 1187 lib.
656 1132 799 1197 eod.,
826 1146 907 1201 ep.
936 1128 1024 1194 51,
1054 1129 1190 1184 alias
1217 1127 1305 1193 85,
1333 1127 1446 1182 ind.
1477 1126 1599 1181 ead.

280 1227 437 1283 Clero
486 1224 740 1296 plebique
781 1222 1122 1296 Ariminensi
1155 1219 1402 1296 praecipit
1453 1219 1524 1275 ob
1563 1216 1807 1296 episcopi

236 1287 622 1359 inﬁrmitatem,
650 1287 899 1362 'alterum
927 1292 1052 1362 eligi
1092 1287 1307 1357 debere,
1324 1287 1669 1362 electumque
1689 1287 1805 1362 ‘Ra-

225 1382 444 1423 vennam
485 1358 712 1435 perduci
756 1363 823 1417 ad
853 1358 1235 1435 mariuianum,
1295 1361 1389 1430 qui
1425 1358 1800 1435 testimonium

227 1454 311 1509 pro
336 1430 533 1501 electo,
578 1435 805 1490 Romam
833 1440 888 1488 et
909 1433 1025 1503 ipse
1046 1431 1287 1497 veniens,
1324 1430 1631 1500 perhibeat.

376 1548 467 1602 Ea:
493 1546 589 1601 lib.
634 1545 777 1611 eod.,
806 1562 887 1615 ep.
918 1543 1009 1610 69,
1038 1542 1173 1598 alias
1197 1542 1322 1607 105,
1368 1541 1481 1597 in’d.
1521 1540 1641 1596 ead.

288 1637 607 1694 Constantio
645 1635 901 1706 episcopo
936 1632 1321 1706 mediolanensi
1380 1631 1599 1706 Maximi
1630 1629 1812 1706 Salo—

231 1706 664 1791 nitaniepiscopi
682 1701 924 1762 causam
968 1704 1279 1770 demandat,
1320 1717 1485 1773 quam
1511 1701 1811 1758 Mariuiano

230 1785 589 1836 commiserat.

393 1871 483 1926 Ea;
508 1869 604 1925 lib.
631 1869 775 1937 eod.,
801 1885 884 1940 ep.
908 1867 996 1935 77,
1025 1866 1160 1923 alia:
1195 1866 1319 1933 111,
1346 1864 1460 1920 ind.
1497 1866 1617 1921 ead.

292 1961 602 2018 Florentius
670 1959 958 2014 Ravennas
1022 1958 1282 2013 diaconus
1332 1964 1564 2011 testatus
1632 1954 1810 2010 fuerat

230 2033 506 2115 epiSttupos
531 2032 800 2115 lll‘at'ennte
823 2029 1169 2115 consueviss‘e
1187 2026 1347 2108 pallio
1369 2024 1446 2080 uti
1468 2025 1810 2115 in‘omu‘ibus

234 2095 493 2166 Litaniis;
535 2099 833 2169 Gregorius
872 2099 976 2153 hac
1015 2097 1087 2169 ad
1123 2095 1429 2169 castorium
1460 2095 1706 2169 data_ait
1752 2110 1812 2169 se

230 2164 530 2242 appositum
553 2164 906 2242 intellexisse.
936 2183 1002 2242 ac
1040 2168 1270 2242 idipsnm
1296 2166 1421 2242 elici
1455 2182 1541 2242 ex
1586 2164 1812 2242 Joannis

233 2235 498 2312 quendam
530 2239 770 2312 episcOpi
798 2238 1018 2312 litteris,
1066 2235 1339 2309 in‘quibus
1365 2235 1564 2312 dicitur
1590 2235 1813 2312 ex___pri-

234 2305 317 2366 sca
359 2305 758 2367 consuetudine
798 2308 1138 2363 Ravennates
1160 2305 1547 2377 ‘metrOpolitas
1582 2305 1809 2377 pallium

232 2381 469 2437 induisse
518 2381 575 2435 in
614 2378 844 2434 Litaniis
894 2376 1429 2443 solemnioribus,’et
1473 2376 1813 2430 Adcodatum

231 2452 510 2507 diaconum
534 2450 738 2505 dixisse
784 2447 837 2503 id
864 2447 1064 2502 factum
1115 2448 1168 2502 in
1198 2455 1435 2516 quatuor
1464 2445 1550 2500 vel
1578 2447 1815 2514 quinque

230 2521 561 2578 solemnibus
606 2518 852 2574 Litaniis.
896 2517 1009 2572 Sibi
1030 2519 1213 2587 itaque
1241 2516 1505 2586 perscribi
1531 2516 1645 2573 vult
1679 2523 1817 2585 quot

228 2589 454 2646 Litania:
474 2591 747 2646 solemnes
778 2586 1160 2643 consueverint
1201 2586 1484 2652 celebrari,
1535 2600 1656 2657 qua:
1702 2600 1817 2657 ma:

224 2659 377 2729 iores
419 2662 776 2729 vocabantur.
824 2657 1357 2729 Castoriumhtamen‘
1401 2654 1715 2729 mone't,_n_e
1746 2654 1817 2729 id

230 2725 485 2803 exquirat
532 2746 564 2784 a
595 2728 830 2792 clericis,
877 2729 971 2803 sed
998 2728 1069 2803 ab
1090 2726 1209 2803 aliis
1230 2726 1360 2803 nulli
1390 2727 1531 2796 parti
1562 2725 1814 2803 addictis,

223 2810 289 2857 ut
314 2796 548 2857 veritate
570 2808 843 2868 comperta
880 2798 1161 2853 Mariniani
1180 2797 1416 2851 animum
1453 2796 1778 2852 consoletur.

376 2909 460 2963 Ea:
490 2908 586 2962 lib.
630 2907 773 2973 eod.,
830 2924 910 2979 ep.
938 2906 1029 2973 80,
1076 2905 1210 2961 alias
1251 2903 1369 2968 H4,
1400 2903 1514 2958 ind.
1555 2904 1675 2959 ead.

294 2999 630 3063 Mariniano,
680 2999 773 3068 qui
808 2997 861 3053 id
894 3012 993 3068 per
1018 2995 1324 3068 Castorium
1365 2995 1616 3068 petierat,
1663 3010 1815 3068 com:

223 3071 493 3135 mittitur,
546 3078 607 3123 ut
638 3064 991 3123 si'Maximus
1035 3065 1382 3122 Salonitanus
1422 3064 1708 3135 episcopus
1747 3065 1818 3120 ad

222 3155 441 3222 φφυε.
559 3137 890 3222 Αρίθιιὶῑιίπίε
938 3154 998 3194 se
1022 3129 1623 3222 vatiuati}-e_feetu'
1647 3136 1816 3222 ξίφίξ·
1844 3129 1890 3193 C

217 3205 406 3266 nini-a2
426 3210 595 3275 labis,
611 3205 677 3263 et
698 3208 944 3273 aliorum,
972 3205 1622 3278 prmstitosacramento,
1647 3205 1819 3276 impo-

215 3282 447 3349 sitaque
474 3273 823 3350 poenitentia,
842 3279 887 3333 si
911 3273 1045 3348 op'us
1067 3278 1157 3342 sit,
1187 3273 1524 3350 absolvatur.
1560 3273 1822 3350 Ait_pon-

215 3345 369 3406 tifei
415 3345 691 3405 se'ratum
740 3345 1049 3403 habiturum
1087 3346 1230 3417 quod
1266 3345 1335 3399 iis
1365 3345 1419 3417 in
1449 3346 1612 3417 rebus
1652 3345 1823 3417 Mari-

212 3422 432 3475 nianus
456 3417 784 3473 decreverit.
840 3415 1138 3488 Sequentes
1169 3416 1308 3472 binm
1333 3415 1572 3485 epistolae
1593 3416 1661 3488 ad
1686 3416 1820 3472 Cas-

210 3491 462 3556 torium,
508 3497 565 3545 et
592 3488 888 3543 Maximum
928 3486 1164 3559 ejusdem
1196 3493 1319 3540 sunt
1362 3486 1685 3556 argumenti.

391 3598 493 3654 Ea:
532 3598 626 3652 lib.
653 3598 798 3664 eod.,
821 3615 903 3669 ep.
934 3597 1022 3663 99,
1059 3596 1193 3652 alias
1220 3594 1342 3660 155,
1392 3594 1501 3649 ind.
1540 3596 1658 3650 ead.

279 3687 619 3742 Mariniano
644 3688 1090 3743 commendantur
1122 3682 1453 3742 schismatici
1477 3685 1543 3740 ad
1567 3687 1825 3745 unitatem

196 3757 503 3815 Ecclesize
540 3757 774 3814 reversi.

390 3870 498 3926 Ex
525 3870 619 3923 lib.
658 3870 801 3935 eod.,
823 3887 903 3941 ep.
940 3871 1061 3939 100,
1090 3872 1226 3929 alias
1250 3873 1374 3941 154,
1416 3875 1526 3929 ind.
1550 3875 1668 3930 ead.

269 3965 525 4041 Incolis
560 3962 801 4041 Capreae,
836 3964 950 4041 sive
977 3962 1281 4041 Capritanze
1332 3969 1518 4025 insulae
1564 3968 1836 4041 significat

185 4053 256 4091 se
288 4034 639 4110 Mat-iniam
673 4034 1025 4110 demandasse
1053 4034 1193 4110 quid
1212 4037 1355 4110 facto
1383 4054 1518 4110 opus
1542 4034 1644 4110 sit:
1671 4038 1719 4094 si
1742 4054 1836 4094 co-

184 4122 331 4160 rum
368 4105 688 4176 episcopus
725 4104 1101 4176 schismaticus
1129 4107 1196 4161 ad
1234 4104 1493 4164 unitatem
1526 4109 1713 4163 venire
1752 4124 1838 4162 re—

176 4173 587 4248 nuata’ﬂazc
616 4187 743 4248 cum
788 4174 1030 4248 ejusdem
1066 4176 1137 4230 sit
1169 4179 1470 4248 argumenti
1501 4193 1566 4232 ac
1608 4178 1673 4232 10
1720 4179 1834 4231 ind.

182 4250 207 4300 1
224 4287 247 4312 ,
292 4247 403 4300 vel
446 4246 582 4299 haec
607 4244 676 4298 ad
703 4245 1094 4314 praecedentem
1119 4244 1343 4314 annum,
1382 4248 1466 4304 vel
1489 4248 1578 4303 illa
1600 4250 1669 4303 ad
1694 4250 1838 4302 hunc

172 4324 473 4390 spectat.

364 4408 486 4463 Ea;
528 4403 625 4459 lib.
664 4404 808 4470 eod.,
853 4422 935 4476 ep.
963 4405 1084 4472 150,
1111 4421 1245 4464 anas
1285 4410 1406 4476 l64,
1432 4410 1543 4465 ind.
1575 4410 1694 4465 ead.

256 4498 559 4573 Maximo
597 4494 941 4573 Salonitano,
979 4498 1071 4573 qui
1102 4514 1161 4555 se
1208 4501 1364 4569 plene
1393 4512 1721 4573 purgaverat
1768 4504 1837 4558 ab
1863 4480 1916 4538 D

163 4569 539 4643 oppositis,
596 4564 819 4636 pallium
870 4564 1056 4622 mittit.

474 4676 582 4731 Ex
608 4674 679 4729 lib
708 4692 829 4742 vm,
856 4694 938 4748 ep.
968 4678 1047 4745 8.,
1071 4681 1181 4735 ind.
1211 4682 1266 4747 5,
1293 4701 1431 4738 anno
1472 4683 1595 4740 600.

240 4768 635 4829 llas-iniam
654 4764 915 4844 Joannem
945 4769 1276 4839 praefectum,
1302 4774 1567 4844 hujusque
1597 4790 1838 4843 uxorem,

158 4859 307 4916 qua:
350 4844 644 4897 Romam
681 4838 1027 4906 perducatur,
1077 4838 1436 4899 commendat.

625 4948 710 5003 Ea:
742 4943 856 5003 liba
881 4950 1022 5018 eod.,
1052 4970 1130 5023 ep.
1157 4953 1209 5019 9,
1236 4955 1345 5011 iud.
1373 4957 1488 5010 ead.

236 5047 510 5104 Petrus
574 5040 796 5108 quidam
836 5057 1064 5111 nequam
1115 5046 1576 5102 sanctimonialem
1610 5064 1640 5104 a
1671 5065 1851 5104 mona-

149 5119 367 5178 sterio
429 5114 837 5189 ab_s‘lra_xerat,
892 5115 1223 5189 quam_apud
1255 5130 1311 5169 se
1341 5118 1625 5189 retinebat.
1688 5119 1850 5189 Urget

147 5189 470 5262 ponting
526 5178 925 5262 Mariuiamun
945 5191 1005 5262 ut
1037 5178 1261 5262 facinus
1283 5187 1489 5262 puniat,
1530 5178 1849 5262 promittens

149 5248 220 5316 'sc
244 5256 530 5315 auxilio
546 5248 868 5306 adfuturum
905 5261 980 5319 et,
1006 5253 1051 5308 si
1073 5269 1208 5325 opus
1219 5248 1311 5324 sit",
1327 5248 1848 5329 Constantinopolim

146 5334 623 5405 scripturum.

1837 1770 1886 1829 B

2546 482 2821 536 cembrem.

1969 573 2328 638 Florentium,
2372 573 2486 629 sive
2509 573 2903 637 Florentinum,
2945 573 3234 635 diaconum
3256 572 3483 628 miserat

1900 644 2229 700 Mariuianus
2267 644 2806 713 Constantinopolim,
2845 652 2907 698 ut
2951 643 3338 713 patrimonium
3376 643 3481 698 Ec-

1898 715 2077 771 clesia:
2148 715 2478 770 Ravennatis
2541 714 2594 768 in
2643 713 2827 769 Sicilia
2888 729 3102 768 summo
3158 713 3485 768 detrimento

1899 785 2150 841 allectum
2196 786 2527 840 restitueret.
2568 782 2885 855 Gregorius
2912 783 3268 855 Mariuianum
3300 792 3487 855 monet

1901 871 1961 913 se
2004 855 2255 911 Anatolio
2294 852 2801 911 commendaturum
2832 853 3187 908 Florentium.
3244 852 3490 922 Indulget

1903 934 1963 981 ut
2004 926 2293 996 quemdam
2335 924 2404 979 ad
2429 939 2646 979 sacrum
2676 924 2923 996 ordinem
2967 930 3300 996 promoveat.
3336 922 3492 996 ludi-

1903 991 2251 1119 catI'aliquid
2314 1010 2346 1049 a
2394 1010 2454 1050 se
2511 994 2886 1059 commissum,
2950 991 3095 1063 quod
3158 992 3492 1049 Mariuianus

1909 1081 2010 1119 nec
2032 1073 2233 1119 exerit.

1909 1073 2233 1136 neglexerit.

2209 1154 2294 1210 Ea:
2339 1156 2455 1210 eod.
2507 1155 2622 1223 lib.,
2675 1171 2757 1225 ep.
2784 1154 2846 1220 5,
2896 1152 3008 1209 ind.
3053 1149 3182 1217 cad.

1976 1248 2227 1306 Anatolio
2272 1247 2606 1304 Florentium
2654 1247 2943 1303 diaconum
2992 1244 3357 1302 commendat.

2227 1340 2315 1395 Ea:
2353 1340 2446 1395 lib.
2492 1338 2632 1405 eod.,
2662 1356 2743 1411 ep.
2773 1340 2830 1406 4,
2859 1340 2970 1394 ind.
3020 1341 3161 1395 ead..

1980 1431 2289 1505 Alexandro
2363 1431 2682 1505 presbytero
2705 1431 3163 1505 _patri_moniumr
3215 1433 3499 1505 Siciliense

1911 1504 2166 1560 Ecclesia:
2223 1501 2571 1566 Ravennatis,
2632 1501 2735 1556 cui
2771 1502 3108 1557 restituendo
3152 1504 3205 1558 in
3253 1503 3494 1559 Siciliam

1911 1573 2173 1630 Joannem
2199 1571 2497 1628 Diaconum
2524 1571 2767 1634 miserat,
2801 1572 3094 1640 plurimum
3128 1577 3498 1629 commendat.

2066 1662 2151 1717 Ex
2175 1661 2266 1716 lib.
2290 1661 2430 1728 eod.,
2482 1677 2563 1731 ep.
2593 1659 2687 1726 28,
2715 1661 2828 1714 ind.
2867 1660 3013 1727 ead.,
3044 1678 3170 1717 ann.
3205 1663 3331 1718 601.

1984 1752 2343 1822 Marinianum
2389 1750 2592 1822 vomitu
2623 1750 2900 1822 sanguinis
2948 1751 3310 1821 laborantem,
3360 1754 3501 1813 (ἂι-ορ

1913 1825 2095 1897 gorius
2129 1820 2356 1897 epistola
2402 1820 2605 1897 amoris
2641 1830 2696 1897 et
2720 1820 3143 1897 existimationis
3164 1820 3504 1897 argumentis

1908 1891 2108 1949 referta
2166 1891 2446 1957 hortatur,
2490 1891 2581 1955 ut,-
2640 1891 2901 1961 disposita
2942 1891 3501 1956 Ecclesiafllomam

1908 1964 2135 2036 veniat!
2169 1962 2262 2036 ubi
2298 1961 2368 2016 ab
2387 1961 2705 2036 {egritudine
2749 1970 3000 2036 curetur;
3030 1963 3248 2036 interim
3291 1980 3323 2018 a
3361 1965 3506 2036 jeju-

1912 2034 2038 2102 niis,
2085 2032 2306 2101 vigiliis,
2358 2029 2583 2101 aliisque
2612 2029 2921 2101 huiusmodi
2951 2033 3240 2088 abstineat.

2164 2126 2263 2181 Ex'
2276 2124 2369 2180 lib.
2405 2141 2461 2192 χ,
2488 2141 2569 2195 ep.
2604 2124 2659 2187 5,
2689 2123 2806 2180 ind.
2834 2123 2889 2190 6,
2916 2140 3054 2180 anno
3102 2124 3226 2180 602.

1987 2215 2290 2273 Mariniano
2344 2214 2635 2271 Maurentii
2689 2214 2937 2271 homines
2989 2216 3350 2277 commendat.
3404 2217 3502 2279 Se-

1912 2302 2085 2411 quents
2140 2286 2382 2356 ejusdem
2433 2285 2738 2356 argumenti
2785 2283 3012 2355 epistola
3058 2284 3127 2340 ad
3154 2285 3500 2345 Theodorum

1914 2373 2043 2411 cura
2070 2371 2242 2411 orem.
3072 2402 3087 2411 .

1914 2371 2242 2413 curatorem.

2236 2466 2323 2522 Ei;
2351 2466 2441 2520 lib.
2471 2464 2614 2531 eod.,
2668 2480 2748 2535 ep.
2798 2463 2852 2528 9,
2878 2464 2992 2520 ind.
3023 2465 3142 2520 ead.

1985 2558 2232 2625 Castoris
2265 2558 2484 2611 mandat
2518 2563 2595 2618 ut,
2618 2555 2685 2625 si
2716 2554 2962 2625 quaedam
3013 2557 3345 2611 monasterio
3400 2555 3506 2613 SS.

1916 2619 2451 2753 Matrcinblarccllini
2490 2636 2546 2681 et
2587 2619 2839 2682 Fclichla:
2881 2625 3083 2681 donata
3117 2626 3364 2692 fuerunt,
3411 2628 3508 2682 do-

1918 2714 1988 2754 na
2016 2715 2068 2754 to
2136 2708 2315 2754 eneat.

2244 2789 2330 2843 Ea:
2367 2789 2457 2843 lib.
2495 2789 2636 2855 eod.,
2663 2805 2744 2858 ep.
2785 2787 2878 2855 22,
2904 2788 3016 2843 ind.
3053 2789 3171 2842 ead.

1990 2880 2255 2936 Defuncto
2311 2878 2535 2934 Claudio
2594 2879 2827 2949 abbate,
2854 2879 3115 2949 agebatur
3146 2879 3230 2949 #dc
3284 2878 3511 2936 alterius

1919 2951 2199 3006 electione.
2256 2949 2508 3020 Prmcipit
2545 2949 2737 3020 itaque
2790 2947 3089 3020 Gregorius
3138 2947 3333 3020 Joanni
3381 2951 3509 3006 sub-

1921 3020 2170 3084 diacono,
2215 3027 2276 3073 ut
2303 3018 2550 3089 Optimus
2580 3019 2861 3090 probetur,
2904 3018 2959 3073 et
2987 3034 3018 3071 a
3043 3018 3340 3075 Mariniauo
3368 3020 3511 3089 ordiv

1923 3099 2101 3161 netur,
2134 3090 2236 3161 cui
2280 3090 2333 3161 id
2370 3091 2552 3145 oneris
2585 3089 2879 3161 incumbat
2914 3102 2946 3143 e
2976 3090 3304 3145 monasterio
3347 3104 3513 3161 pecu-

1925 3160 2177 3216 liaritatis
2222 3160 2416 3215 vitium
2459 3159 2815 3230 exstirpandi.

1997 3270 2082 3327 Ex
2104 3271 2193 3327 lib.
2217 3288 2298 3340 XI,
2320 3290 2402 3345 ep.
2427 3272 2518 3339 27,
2547 3271 2658 3326 ind.
2685 3269 2738 3337 6,
2766 3288 2948 3326 mense
2975 3270 3136 3327 Febr.
3167 3273 3294 3327 anni
3318 3270 3447 3328 605.
3474 3268 3479 3279 ³

1995 3363 2253 3419 Praecinit
2301 3373 2364 3419 ut
2405 3362 2716 3419 Bonifacius
2775 3363 2844 3418 ad
2886 3378 2945 3418 se
2985 3361 3247 3418 Joannem
3307 3360 3520 3418 Raven-

1926 3444 2108 3490 natem
2140 3434 2401 3490 clericum
2431 3435 2753 3489 mittendum
2776 3441 2948 3489 curet.

2133 3524 2220 3579 Ea:
2253 3524 2344 3579 lib.
2369 3525 2510 3590 eod.,
2539 3541 2619 3595 ep.
2657 3524 2748 3588 54,
2792 3523 2906 3578 ind.
2933 3524 3079 3591 ead.,
3115 3524 3331 3579 Martio.

2001 3614 2253 3683 Prmcipit
2274 3613 2583 3684 Mariuiano
2614 3624 2672 3669 ut
2697 3614 2798 3670 sibi
2828 3616 2880 3669 in
2910 3615 3111 3684 phthisi
3143 3615 3408 3680 consulat,
3462 3624 3518 3670 et

1929 3700 2060 3755 cum
2101 3683 2313 3755 noverit
2356 3697 2423 3755 se,
2448 3684 2808 3755 convaluisse,
2857 3683 3096 3755 indulget
3141 3693 3197 3738 ut
3235 3685 3403 3755 semel
3433 3686 3517 3740 vel

1929 3755 2013 3809 bis
2049 3753 2103 3808 in
2130 3753 2466 3809 hcbdomada
2510 3753 2736 3822 jejunet.
2795 3755 2974 3809 Monet
3016 3753 3203 3809 tamen
3251 3768 3319 3808 uc
3358 3754 3522 3809 nimis

1930 3822 2224 3948 valettudini
2257 3823 2407 3889 fidat,
2453 3825 2819 3895 praevidetque
2856 3825 3106 3879 morbum
3132 3823 3386 3893 sopitum,
3414 3840 3521 3883 non

1933 3909 2061 3948 cura
2090 3909 2202 3948 um.

1933 3909 2202 3949 curatum.

1936 3985 2021 4040 Ea:
2065 3984 2155 4039 lib.
2210 4001 2307 4052 ιιι,
2356 4002 2436 4056 ep.
2493 3987 2545 4053 l,
2597 3986 2727 4109 inda
2766 3985 2819 4053 7,
2879 3984 3094 4041 Octobri
3144 4001 3344 4052 mense,
3387 4002 3527 4041 anno

2614 4073 2690 4109 -eo
2730 4072 2830 4109 em.

2614 4072 2726 4113 ,εοα
2730 4072 2830 4110 em.

2008 4145 2335 4201 Fortunatus
2380 4147 2660 4201 ordinatus
2682 4144 2863 4200 fuerat
2910 4146 3082 4201 abbas
3107 4145 3208 4203 SS.
3244 4147 3526 4202 Laurentii

1938 4226 1995 4273 et
2045 4216 2278 4287 Zenonis
2326 4216 2677 4287 inillesenati
2729 4224 2908 4271 castro
2956 4216 3207 4287 arNatali
3252 4220 3525 4287 quondam

1939 4288 2223 4357 episcopo.
2257 4285 2307 4341 ls
2334 4302 2365 4339 a
2396 4285 2602 4355 Natalis
2642 4300 2968 4357 successore
2996 4285 3320 4353 Concordia,
3374 4289 3521 4342 nulla

1944 4355 2104 4411 causa
2144 4356 2432 4422 existente,
2482 4364 2720 4410 remotus
2779 4357 2848 4411 ab
2887 4355 3061 4411 ollicio
3114 4358 3307 4412 fuerat.
3361 4357 3525 4413 Jubet

1943 4425 2205 4499 pontifegt,
2255 4440 2317 4480 re
2380 4435 2690 4499 perspecta,
2766 4427 2819 4480 in
2871 4426 3157 4496 pristinam
3210 4428 3531 4499 dignitatem

1942 4493 1972 4551 ἐι
2016 4493 2315 4551 Mari'niano
2366 4493 2703 4552 restituatur.

2011 4567 2212 4648 Practer
2232 4566 2345 4649 haec
2380 4567 2644 4649 commodi
2675 4568 2846 4649 gratia
2864 4568 2966 4649 hic
2992 4567 3322 4649 cxHchesto
3348 4567 3529 4649 Magni

1952 4634 2191 4706 Gregorii
2221 4635 2466 4702 collecta,
2521 4645 2699 4691 exstat
2725 4638 3013 4693 concilium
3040 4634 3366 4701 Romanum,
3416 4634 3532 4692 sive

1940 4705 2304 4761 Lateranense
2327 4708 2542 4761 tertium
2567 4709 2618 4762 iu
2639 4708 2991 4763 conciliorum
3023 4708 3452 4772 collectionibus,
3480 4709 3533 4761 in

1945 4790 2071 4899 Xuo.
2099 4775 2451 4857 constitutum
2472 4778 2715 4859 habetur
2737 4793 2839 4847 pro
2865 4777 3142 4857 monachis
3179 4779 3364 4831 datum
3390 4778 3527 4858 an.

1995 4845 2164 4899 nrths.
2190 4846 2300 4899 tnd.
2338 4846 2391 4899 5.
2415 4847 2541 4899 alibi
2571 4847 2622 4899 4.
2648 4864 2700 4899 m
2715 4862 2821 4899 nuo
2845 4861 2912 4899 ex
2941 4846 3136 4899 Codice
3162 4854 3527 4899 manuscrmtu

1995 4845 2164 4915 prilis,
2190 4846 2300 4915 iud.
2338 4846 2391 4911 5,
2415 4847 2541 4900 alibi
2571 4847 2622 4911 4,
2648 4849 2700 4901 in
2715 4845 2821 4915 quo
2845 4861 2912 4899 ex
2941 4846 3136 4900 Codice
3162 4847 3533 4914 manuscripto

1950 4914 2180 4969 cdenobii
2204 4914 2624 4985 Flaviuiacensis
2650 4917 2703 4969 in
2728 4914 3051 4985 Burgundim
3085 4915 3305 4979 ducatu,
3350 4933 3373 4985 ε
3421 4915 3530 4968 Μιιδ

1953 4985 2198 5039 rinianus
2243 4984 2530 5040 Ravenn'as
2579 4984 2864 5054 cpiscopus
2903 5002 2923 5035 ι
2975 4984 3290 5037 subscribit.
3359 4984 3412 5035 In
3459 4998 3532 5054 eo

1949 5054 2246 5109 constituto
2297 5063 2473 5108 tamen
2504 5052 2689 5108 eadem
2735 5052 2846 5109 l'ere
2888 5054 3237 5108 continentur
3284 5068 3409 5121 qum
3457 5052 3530 5105 le«

1948 5135 2148 5194 guntur
2173 5140 2356 5193 supra,
2385 5140 2471 5194 cp.
2492 5124 2579 5189 l8,
2597 5124 2689 5179 lib.
2707 5140 2842 5187 xvn,
2868 5125 2978 5178 ind.
3004 5124 3065 5194 l.
3081 5120 3346 5194 Caeterum
3368 5120 3528 5194 Muri-

1949 5190 2168 5248 nianum
2216 5190 2613 5248 Romae—fuisse
2660 5195 2772 5248 ind.
2821 5196 2876 5259 5,
2930 5196 3014 5248 vel
3041 5193 3094 5256 4,
3153 5191 3233 5245 vel
3270 5200 3380 5244 toto
3417 5190 3529 5245 fere

1948 5271 2190 5333 tempore
2224 5278 2330 5332 quo
2372 5262 2531 5329 sedit,
2587 5263 2941 5321 inverisimile
2996 5262 3055 5317 lit
3090 5277 3153 5317 ex
3185 5260 3526 5329 superiorum

1946 5333 2292 5402 epistularum
2347 5333 2505 5388 serie.
