3936 6180
530 324 632 378 6ὕῦ

1238 313 1534 403 ΑΕΝΕΙᾸᾸ
1567 313 1858 370 ABBATIS
1897 313 1954 369 S.
1995 309 2240 368 MARUE
2280 310 2373 368 AD
2411 309 2891 377 BLACHERNAS,
2931 309 3084 365 ETC.

3687 311 3790 366 εἶὅῦ

555 433 3787 458 W—mm

1779 577 2021 655 VITA
2092 573 2560 654 JOANNIS.

1049 808 1276 865 CAPUT
1313 807 1592 866 UNICUM.

534 903 795 976 Perpetua
838 900 995 976 insui
1022 901 1266 976 temporis
1289 899 1414 953 vitia
1460 899 1731 976 insectatio
1762 906 1858 953 est.
1889 896 2114 953 Joannis

767 969 1063 1042 sepulcrum
1091 968 1374 1034 indicatur,
1413 979 1459 1022 et
1480 969 1616 1023 sedis
1653 979 1875 1040 tempus.

603 1086 840 1142 Joannes
875 1080 1114 1155 [tertius]
1142 1079 1336 1135 XXXI.
1374 1080 1472 1134 llic
1497 1080 1688 1150 plenus
1707 1093 1954 1149 corpore,
1997 1078 2116 1150 pal-

532 1180 664 1232 cher
694 1176 886 1241 forma,
931 1172 1148 1244 pinguis
1194 1171 1352 1235 facie,
1397 1185 1622 1238 magnos
1659 1170 1862 1224 habens
1903 1169 2114 1234 oculos,

534 1269 699 1324 alacri
727 1266 898 1332 vultu,
949 1264 1178 1319 decorus
1220 1269 1459 1332 aspectu.
1487 1274 1513 1302 ο
1552 1261 1660 1316 iste
1686 1276 1795 1314 non
1825 1267 1887 1314 ut
1943 1259 2116 1314 domi-

535 1373 656 1422 nus,
685 1357 780 1412 sed
803 1363 861 1412 ut
885 1353 1007 1424 pius
1025 1359 1178 1422 pater
1205 1351 1385 1406 ovium
1415 1350 1533 1417 fuit,
1569 1359 1849 1406 mansuete
1875 1364 1997 1403 cum
2035 1349 2115 1404 eis

532 1449 687 1513 vixit,
733 1447 802 1502 ab
839 1444 1092 1502 omnibus
1149 1442 1399 1508 dilectus,
1462 1439 1950 1510 irreprehensibilis
2007 1439 2112 1505 vir,

529 1545 691 1608 pater
729 1533 1120 1604 orphanorum,
1166 1531 1450 1585 viduarum
1479 1529 1738 1600 lacrymis
1783 1527 2112 1593 consolator,

531 1629 851 1701 pupillorum
893 1622 1161 1688 defensor,
1215 1637 1505 1693 egenorum
1559 1621 1809 1686 tributor,
1857 1621 2113 1675 elisorum

531 1727 764 1786 crcctor,
793 1716 1217 1786 eompeditorum
1243 1712 1537 1774 absolutor,
1591 1721 1646 1766 et
1670 1712 1911 1766 omnium
1950 1714 2114 1771 hono-

531 1826 653 1866 rum
681 1816 934 1872 sectator,
963 1806 1137 1874 magis
1163 1805 1215 1859 in
1236 1805 1327 1860 Dei
1344 1803 1591 1861 laudibus
1616 1803 1900 1874 gloriosus.
1925 1800 2116 1872 Oqua—

530 1903 601 1960 lis
631 1903 763 1958 iste!
796 1909 852 1958 et
895 1898 1082 1969 quales
1122 1897 1282 1952 modo
1311 1905 1435 1954 sunt
1468 1897 1482 1950 ι
1526 1894 1643 1950 Non
1678 1894 1903 1953 laniavit
1961 1909 2111 1960 oves,

528 1992 624 2049 sed
645 1992 712 2046 de
740 1990 916 2044 fructu
944 1987 1126 2059 gregis
1154 2002 1373 2058 semper
1394 1995 1518 2041 erat
1543 2001 1643 2043 sua
1667 1983 1870 2041 refecta
1899 2000 2111 2052 mensa,

527 2094 586 2140 et
613 2078 931 2138 comedebat
968 2079 1022 2134 in
1051 2076 1237 2132 latitia
1261 2075 1540 2132 exsultans
1581 2090 1703 2130 cum
1745 2075 2112 2131 sacerdotibus

2141 810 2190 868 Α
2218 813 2279 858 ut
2305 818 2369 858 ex
2402 803 2553 859 vobis
2577 802 2878 859 doctrinam
2900 813 3138 869 sumant,
3189 812 3242 859 et
3268 804 3355 874 pic
3385 805 3438 860 in
3463 805 3680 862 Christo
3723 813 3796 868 vi-

2218 893 2384 950 vant?
2413 893 2470 950 Si
2494 903 2675 950 autem
2722 893 2954 964 aliquem
2977 895 3253 962 corripere
3282 896 3560 964 volumus,
3615 902 3795 955 statim

2219 984 2588 1054 improperant
2637 984 2793 1038 nobis
2848 998 3034 1038 vocem
3085 985 3372 1039 derisionis
3422 988 3644 1055 plenam
3678 1008 3692 1042 :
3724 991 3796 1043 Tu

2218 1075 2340 1145 quis
2366 1075 2470 1130 es?
2509 1073 2695 1129 Melior
2739 1089 2798 1128 es
2844 1073 2936 1128 illo
2977 1081 3030 1128 ct
3064 1073 3154 1127 illo
3203 1075 3497 1145 episcopo?
3531 1078 3642 1147 Ego
3695 1081 3797 1132 vidi

2218 1166 2366 1221 illum
2399 1165 2558 1221 talem
2600 1166 2962 1235 inspectorcm
3012 1166 3231 1220 dantem
3261 1167 3326 1221 de
3356 1183 3451 1221 sua
3479 1185 3667 1223 mensa
3708 1187 3796 1240 pa-

2217 1274 2340 1316 nem
2385 1259 2646 1324 canibus;
2685 1259 2796 1314 vidi
2825 1259 2986 1314 talem
3035 1268 3342 1316 currentem
3395 1279 3517 1318 cum
3548 1280 3690 1333 equo
3723 1283 3802 1320 se-

2217 1365 2314 1407 cus
2343 1365 2505 1406 canes
2555 1357 2610 1404 et
2635 1349 2886 1419 lepores;
2929 1349 3038 1404 vidi
3082 1350 3230 1406 illum
3279 1353 3529 1408 manibus
3569 1356 3686 1409 suis
3733 1365 3804 1410 tc-

2217 1447 2433 1495 nentcm
2461 1439 2776 1510 accipitrem
2797 1455 2812 1505 ;
2831 1448 2902 1494 ‘et
2926 1449 2980 1494 tu
3004 1440 3136 1494 mihi
3167 1441 3471 1510 praedicas?
3507 1443 3651 1498 Ecce
3678 1461 3799 1500 cntn

2216 1531 2343 1587 talia
2367 1540 2422 1586 et
2439 1531 2524 1586 his
2554 1530 2753 1585 simil-ia
2773 1531 3044 1596 audimus,
3099 1529 3308 1587 confusi
3338 1534 3407 1586 ah
3447 1534 3580 1604 ipsis
3610 1536 3799 1590 recidi-

2217 1638 2356 1678 mus.
2390 1622 2562 1678 Dicite
2586 1622 2740 1688 mihi,
2757 1622 3114 1692 inspectores,
3139 1625 3280 1679 unde
3301 1623 3518 1679 divitias
3545 1627 3800 1683 habetis?

2215 1712 2469 1782 Nunquid
2504 1727 2571 1766 ex
2598 1714 2798 1770 vestris
2844 1714 3200 1783 parentibus?
3223 1715 3375 1782 Non;
3408 1719 3502 1772 sed
3532 1733 3601 1772 ex
3631 1719 3800 1774 dimis-

2214 1806 2366 1861 sione
2391 1806 2668 1860 hominum
2695 1813 3028 1862 mortuorum
3056 1807 3308 1864 Ecclesia:
3326 1809 3508 1864 dilatae
3531 1819 3678 1865 sunt.
3703 1811 3800 1867 Pro

2215 1911 2321 1966 qua
2347 1895 2508 1967 igitur
2541 1911 2702 1950 causa
2741 1896 2842 1966 ipsi
2888 1896 3257 1953 dimissionem
3300 1898 3567 1966 fecerunt,
3622 1903 3800 1960 nisiut

2215 2001 2404 2043 eorum
2458 1987 2650 2042 animae
2702 1987 2954 2061 [animas]
2997 2004 3096 2058 per
3139 1998 3347 2047 vestras
3388 1991 3799 2049 intercessiones

2215 2078 2500 2133 mandaret
2535 2085 2589 2132 et
2625 2077 2870 2133 ablueret
2913 2077 3099 2135 Deus”
3126 2077 3307 2146 Quare
3367 2091 3683 2137 sanctorum
3711 2081 3797 2138 Pa-

525 2180 586 2228 et
607 2172 858 2226 universa
884 2167 1058 2239 plebe.
1089 2166 1121 2207 b
1174 2164 1281 2222 Sed
1310 2165 1446 2221 tales
1477 2163 1638 2220 hodie
1663 2180 1768 2219 non
1798 2172 1943 2220 sunt.
1977 2165 2118 2236 Ergo

2222 2179 2364 2227 trum
2420 2171 2660 2243 regulam
2694 2172 3156 2243 transgredimini,
3215 2181 3272 2227 et
3320 2173 3639 2242 relinquitis
3688 2190 3796 2244 qtue

529 2263 720 2335 quales
761 2259 938 2316 sunt?
978 2258 1165 2314 Nonne
1190 2266 1318 2313 sunt
1342 2257 1601 2328 episcopi,
1648 2257 1825 2325 utilli,
1869 2265 1925 2313 et
1977 2258 2118 2313 acci-

520 2357 740 2427 pientes
769 2352 1029 2423 Spiritum
1056 2358 1302 2405 sanctum
1334 2349 1386 2402 in
1419 2349 1554 2403 hora
1578 2349 1957 2414 ordinationis,
1980 2348 2120 2404 sicut

522 2451 586 2499 et
614 2442 736 2511 ipsi,
788 2448 845 2495 et
877 2447 1003 2494 sunt
1029 2437 1265 2509 episcopi
1312 2437 1563 2491 similiter
1610 2437 1974 2492 sanetilieati?
2011 2436 2118 2492 Sed

527 2530 702 2591 multo
734 2528 905 2600 magis
929 2525 1218 2581 dissimiles
1247 2527 1313 2580 ab
1333 2525 1454 2592 illis,
1505 2525 1629 2596 quia
1657 2525 1730 2580 illi
1753 2541 1852 2596 pro
1879 2526 2117 2596 ipsorum

529 2621 820 2678 animabus
850 2626 1060 2690 partem
1090 2630 1271 2672 rerum
1301 2616 1595 2671 maximam
1617 2631 1835 2671 suarum
1857 2616 2116 2672 Ecclesiis

525 2712 864 2776 obtulerunt,
893 2718 948 2766 ct
974 2708 1246 2765 Ecclesias
1267 2708 1692 2779 inclytaverunt;
1719 2709 1956 2780 quotidie
1991 2723 2116 2765 cum

522 2801 1006 2860 lamentationibus
1030 2814 1218 2870 preces
1242 2800 1354 2857 Deo
1378 2799 1598 2865 dabant,
1630 2808 1686 2855 et
1713 2801 1954 2870 captivos
1976 2801 2116 2856 redi—
2154 2799 2164 2807 ’

527 2895 771 2959 luebant,
797 2899 850 2948 et
867 2906 965 2962 pro
988 2889 1184 2946 talibus
1196 2888 1476 2945 beneﬁciis
1495 2898 1712 2959 peccata
1733 2890 2114 2960 expiabuntur,

519 2994 589 3041 -ει
635 2985 876 3054 quotidie
922 2983 975 3037 in
1009 2982 1348 3037 orationibus
1396 2981 1802 3036 misericordem
1830 2982 2115 3038 Dominum

527 3073 981 3145 deprecabantur.
1021 3071 1176 3127 Modo
1205 3086 1335 3126 vero
1357 3085 1463 3126 non
1488 3081 1612 3126 sunt
1640 3072 1773 3127 tales
1796 3073 1906 3140 isti,
1932 3082 1992 3128 ut
2021 3074 2113 3130 illi.

525 3167 672 3223 Sunt
696 3164 945 3220 nonnulli
983 3163 1074 3232 qui
1106 3163 1200 3216 tali
1227 3162 1369 3217 dono
1405 3163 1675 3235 quondam
1707 3164 1960 3220 Ecclesia:
1989 3179 2119 3221 con-

529 3274 690 3316 cesso
741 3272 904 3314 canes
923 3256 1191 3321 nutriunt,
1224 3270 1488 3326 pauperes
1513 3255 1824 3326 projiciunt,
1881 3271 2118 3326 aucupes

503 3351 854 3424 gubernant,
902 3347 1188 3416 accipitres
1223 3345 1423 3410 fovent,
1455 3354 1509 3400 et
1535 3346 1810 3402 scurribus
1839 3346 2115 3404 delectan-

533 3454 624 3498 tur
644 3441 926 3514 [scurriles
963 3439 1296 3496 delectantur
1339 3437 1575 3510 cantus],
1619 3441 1926 3496 sacerdotes
1952 3439 2119 3510 proji-

523 3503 704 3599 ciurit,
727 3529 978 3588 ofﬁciales
997 3529 1238 3585 ecclesia:
1265 3528 1549 3598 repellunt,
1573 3537 1628 3584 et
1647 3544 1836 3586 omnes
1854 3529 2119 3586 sullocant
2145 3503 2190 3566 (ἶ

525 3627 780 3685 ecclesia:
814 3634 1009 3690 coetus,
1039 3634 1116 3690 et,
1149 3623 1291 3694 quod
1323 3622 1476 3692 pejus
1502 3631 1607 3688 est,
1649 3623 1962 3678 venundaut
2011 3621 2122 3677 fru-

529 3728 779 3777 mentum
808 3717 1070 3782 ecclesiae,
1103 3723 1156 3770 et
1179 3714 1377 3780 oleum,
1403 3721 1458 3768 et
1485 3713 1706 3769 humida
1731 3712 2022 3785 [legumina
2043 3713 2118 3786 et]

531 3812 680 3877 vina,
720 3818 776 3864 et
803 3807 1004 3862 faciunt
1029 3821 1094 3860 ex
1124 3805 1228 3860 illis
1253 3804 1489 3874 pondera
1519 3803 1746 3873 argenti,
1780 3812 1836 3858 et
1863 3805 2002 3870 auri,
2024 3805 2120 3860 da-

531 3901 778 3968 buntque
815 3895 1169 3966 principibus,
1225 3901 1285 3948 ut
1312 3892 1690 3962 potestatibus,
1723 3900 1782 3946 ut
1807 3893 2122 3962 demergaut

543 3990 856 4047 sacerdotes
887 4001 1034 4050 suos,
1093 3985 1256 4040 etiam
1305 3983 1516 4054 plebem
1548 3983 1877 4038 universam.
1930 3982 2030 4047 Illi,
2061 3993 2122 4038 ut

533 4081 786 4152 superius
819 4077 1066 4141 audistis,
1123 4075 1433 4130 tribuebant
1504 4073 1571 4128 ad
1597 4072 1991 4138 redimendum,
2032 4073 2122 4127 isti

536 4186 682 4228 nunc
729 4169 888 4226 modo
930 4168 998 4222 ad
1035 4165 1474 4221 interimendum.
1530 4162 1646 4217 Non
1689 4171 1816 4217 sunt
1854 4177 2122 4220 memores

535 4261 814 4318 sermonis
877 4257 1023 4312 illius
1051 4255 1350 4326 prophetae,
1397 4254 1488 4325 qui
1523 4255 1639 4309 ait:
1671 4252 1943 4324 Principes
1968 4255 2044 4307 tui
2067 4254 2122 4308 in

537 4352 708 4406 medio
753 4350 829 4402 tui
871 4349 1004 4402 sicut
1035 4345 1205 4399 leones
1245 4344 1529 4414 rugientes,
1569 4352 1723 4414 atque
1751 4343 1956 4396 animas
1986 4359 2126 4397 com-

537 4441 747 4494 edentes
767 4453 861 4508 per
886 4435 1189 4507 potentiam.
1205 4434 1307 4500 Qui
1327 4441 1451 4488 sunt
1479 4433 1568 4488 isti
1591 4433 1863 4503 principes
1881 4433 1987 4489 nisi
2016 4434 2121 4487 mi-

540 4531 647 4584 seri
674 4528 939 4598 episcopi,
987 4525 1076 4594 qui
1103 4539 1192 4580 res
1216 4523 1471 4578 Ecclesiae
1503 4524 1822 4596 deglutiunt,
1851 4532 1907 4577 et
1933 4537 2122 4578 sacer-

537 4621 694 4676 dotes
717 4634 843 4674 suos
864 4623 1146 4688 spernunt,
1195 4631 1294 4686 per
1319 4615 1633 4670 occasiones
1674 4631 1760 4670 res
1788 4629 1978 4671 eorum
2029 4630 2124 4670 au-

541 4710 739 4775 ferunt,
792 4717 848 4764 et
880 4707 1025 4764 nulla
1075 4706 1182 4764 illis
1203 4705 1397 4762 solatia
1428 4706 1765 4776 impendunt,
1816 4707 1911 4762 sed
1959 4707 2123 4764 etiam

542 4801 686 4870 quod
742 4799 955 4856 illorum
1004 4805 1089 4852 est
1128 4796 1401 4860 auferunt,
1449 4795 1535 4868 [ex
1568 4795 1692 4870 ope]
1734 4796 1972 4852 Ecclesia
2014 4813 2121 4853 non

537 4890 892 4962 participant,
941 4889 1035 4943 sed
1055 4901 1150 4942 sua
1176 4886 1449 4957 perdunt?
1483 4887 1680 4942 Audite
1729 4887 2119 4957 improperium

542 4990 804 5046 vestrum,
859 4978 1166 5035 Salomonis
1215 4979 1419 5033 verba:
1453 4977 1555 5033 Leo
1603 4981 1834 5050 rugiens,
1888 4988 1938 5034 et
1968 4995 2124 5033 ursus

543 5072 796 5135 esuriens,
824 5071 1064 5141 princeps
1098 5068 1351 5139 superbus
1392 5085 1546 5138 super
1573 5069 1818 5139 populum
1853 5069 2123 5124 humilem.

545 5163 656 5218 Cur
680 5178 784 5216 non
807 5161 1190 5225 recordamini,
1231 5160 1567 5229 inspectores
1586 5159 1844 5231 episcopi,
1872 5159 2129 5218 Ecclesia:

537 5251 828 5322 praesules,
874 5250 1018 5320 quod
1044 5249 1094 5302 in
1131 5249 1422 5320 Evangelio
1451 5251 1666 5316 dicitur,
1714 5253 1838 5323 quia
1863 5269 1967 5323 qua
1997 5255 2128 5309 liora

549 5342 754 5396 nescitis
799 5340 1054 5394 Dominus
1103 5349 1268 5392 vester
1306 5349 1550 5396 venturus
1577 5343 1699 5396 est?
1735 5341 1844 5397 Cur
1889 5358 1996 5398 non
2039 5343 2129 5413 pie

550 5431 755 5499 vivitis,
807 5438 862 5485 et
890 5429 1029 5485 datis
1066 5428 1373 5499 exemplum
1405 5429 1709 5487 videntibus
1750 5432 2126 5506 [viventibus],

624 5595 648 5622 ιι
687 5582 825 5654 Not.
852 5597 1047 5654 marg.,
1108 5581 1316 5654 Floruit
1353 5583 1494 5638 circa
1541 5600 1704 5640 annos
1752 5584 1960 5640 Domini
1999 5585 2126 5654 568,

555 5661 712 5721 temp.
761 5651 950 5706 Phorm
977 5651 1114 5721 imp.
1146 5652 1346 5707 Baccu.

631 5722 656 5760 ιι
691 5720 752 5774 1n
780 5736 890 5774 suae
925 5720 1098 5777 :ctatis
1142 5722 1425 5793 episcopos
1467 5725 1663 5782 acerbe
1707 5725 1867 5782 nimis
1916 5728 2004 5784 hic
2052 5728 2133 5784 in-

2148 4849 2200 4908 D

2217 2271 2609 2332 praeceperunt,
2636 2262 2876 2318 dicentes
2907 2281 2920 2317 :
2959 2263 3200 2333 Episcopi
3229 2264 3380 2318 rebus
3413 2261 3671 2319 Ecclesia:
3694 2278 3796 2320 tan-

2218 2368 2374 2423 quam
2421 2351 2820 2418 commendatis,
2867 2369 2972 2407 non
3022 2361 3078 2406 ut
3125 2352 3372 2423 propriis,
3422 2363 3666 2409 utantur.
3723 2355 3794 2410 Di-

2218 2442 2325 2498 cite
2353 2441 2504 2506 mihi,
2528 2458 2650 2498 cum
2680 2443 2881 2513 egressi
2910 2441 3122 2498 fueritis
3150 2444 3215 2499 de
3243 2445 3563 2514 corporibus
3589 2447 3786 2509 vestris,

2217 2533 2262 2587 si
2293 2548 2398 2588 non
2435 2533 2534 2603 ipsi
2559 2533 2958 2602 querelaverlnt
2983 2534 3265 2589 adversum
3295 2551 3410 2601 vos,
3445 2544 3501 2590 et
3540 2536 3793 2592 dimiserit

2217 2623 2371 2678 vobis
2417 2621 2558 2677 Deus
2594 2623 2696 2678 hoc
2735 2624 3060 2693 peccatum?
3107 2624 3281 2680 Etiam
3335 2626 3507 2681 si.illi
3553 2627 3791 2682 dederitis

2217 2713 2610 2785 cleemosynam
2639 2729 2705 2770 ex
2735 2715 2866 2784 ipsis
2897 2715 3080 2779 rebus,
3108 2730 3269 2785 quam
3299 2718 3611 2772 mercedem
3638 2719 3787 2773 habe«

2216 2803 2386 2859 bitis?
2422 2803 2540 2859 Non
2571 2819 2638 2858 ex
2665 2812 2844 2858 vestra
2874 2804 3193 2869 substantia,
3223 2805 3316 2860 sed
3342 2806 3408 2860 de
3435 2808 3787 2876 przedccesso-

2219 2907 2338 2946 rum
2375 2894 2576 2948 anima.
2629 2893 2781 2949 Sicut
2816 2895 2958 2949 enim
2990 2894 3238 2950 dominus
3266 2896 3356 2964 qui
3381 2906 3540 2952 vocat
3569 2898 3784 2951 villicum

2219 2999 2392 3049 suum,
2424 2997 2480 3039 et
2503 2983 2657 3053 jubet
2682 2985 2754 3040 illi
2786 2993 2846 3042 ut
2879 2986 3157 3056 dispendio
3181 2985 3399 3046 familiae
3426 3004 3539 3045 sum
3562 2991 3653 3045 det
3672 3006 3787 3044 cen-

2219 3085 2332 3131 tum
2373 3078 2557 3133 modia
2579 3077 2764 3143 tritici,
2792 3086 2846 3132 et
2877 3077 2966 3132 ille
2997 3078 3330 3147 aliquantum
3363 3087 3546 3135 teneat
3585 3082 3702 3146 sibi,
3744 3088 3788 3135 et

2219 3183 2327 3223 non
2351 3169 2529 3222 omnia
2551 3170 2836 3239 expendat,
2865 3178 2920 3225 et
2941 3171 3030 3240 qui
3063 3180 3183 3226 sunt
3227 3173 3571 3229 extrinsecus
3601 3191 3785 3230 annun—

2219 3256 2366 3310 cient
2395 3255 2610 3312 domino
2642 3271 2761 3321 suo,
2788 3257 2854 3312 de
2875 3273 2938 3312 eo
2961 3259 3102 3328 quod
3129 3276 3233 3314 non
3267 3262 3456 3316 tribuit
3487 3271 3679 3327 totum,
3707 3262 3785 3317 sed

2219 3343 2587 3401 fraudulenter
2623 3346 2816 3411 tenuit,
2855 3345 3153 3418 ﬂagellatus
3177 3365 3207 3402 a
3242 3349 3483 3416 domino,
3514 3354 3610 3422 qui
3635 3367 3784 3408 remo-

2219 3442 2341 3488 veat
2377 3447 2500 3489 eum
2536 3449 2566 3488 a
2601 3433 2864 3500 villicatu,
2905 3445 2998 3490 aut
3038 3436 3184 3492 foras
3221 3440 3489 3510 projiciat,
3535 3451 3630 3496 aut
3665 3441 3784 3511 quod

2221 3525 2515 3582 emissione
2534 3541 2639 3580 non
2665 3526 2918 3597 explevit,
2949 3529 3197 3582 mittatur
3221 3529 3274 3582 in
3301 3544 3619 3598 carcerem;
3651 3531 3712 3585 ita
3740 3539 3784 3584 et

2219 3617 2284 3671 de
2325 3616 2477 3670 vobis
2519 3616 2677 3670 talem
2717 3617 2942 3687 protulit
2978 3621 3307 3687 evangelista
3360 3624 3683 3677 sententiam
3719 3624 3781 3676 di-

2218 3721 2347 3761 cens
2372 3723 2385 3759 :
2412 3706 2564 3772 Quod
2593 3708 2638 3760 si
2666 3707 2856 3762 dixerit
2881 3724 3056 3764 servus
3079 3710 3169 3765 ille
3189 3711 3241 3765 in
3257 3713 3412 3766 corde
3435 3729 3536 3766 suo
3562 3732 3582 3769 :
3609 3715 3782 3768 Moram

2219 3795 2377 3863 faciet
2401 3795 2644 3850 dominus
2671 3813 2814 3851 meus
2844 3800 3035 3863 venire,
3071 3808 3120 3853 et
3148 3802 3354 3870 coeperit
3389 3815 3660 3871 percutere
3680 3819 3782 3873 puc-

2220 3901 2325 3948 ros,
2352 3894 2399 3938 et
2427 3885 2668 3949 ancillas,
2693 3886 2861 3951 edere,
2888 3897 2952 3960 et
2994 3890 3183 3954 bibere,
3229 3900 3277 3943 et
3318 3890 3610 3958 inebriari;
3647 3893 3784 3947 veniet

2219 3975 2460 4032 dominus
2486 3979 2619 4033 servi
2645 3978 2787 4034 illius
2827 3981 2882 4034 in
2921 3981 3008 4035 die
3043 3999 3146 4052 qua
3193 4000 3296 4036 non
3335 3996 3536 4055 sperat,
3588 3995 3636 4041 et
3676 3987 3784 4038 hora

2218 4080 2375 4134 quam
2412 4067 2591 4133 nescit,
2623 4078 2671 4121 et
2702 4067 2892 4122 dividet
2917 4085 3053 4135 eum,
3084 4081 3383 4142 partemque
3422 4073 3545 4142 ejus
3577 4089 3688 4128 cunt
3723 4071 3782 4123 in-

2220 4157 2461 4227 fidelibus
2497 4168 2670 4229 ponet.
2717 4157 2930 4215 Miseri!
2995 4160 3062 4216 de
3102 4163 3256 4218 vobis
3299 4164 3442 4218 dicta
3489 4175 3656 4232 sunt,
3709 4163 3782 4232 qui

2221 4249 2476 4305 Ecclesia:
2516 4251 2752 4319 regimen
2797 4252 3130 4322 suscepistis,
3168 4254 3261 4322 qui
3305 4253 3780 4324 irreprehensibiles

2221 4353 2340 4394 esse
2366 4341 2573 4396 debetis
2596 4341 2800 4411 absque
2837 4342 2944 4396 ulla
2967 4343 3212 4408 macula;
3242 4352 3295 4398 et
3327 4359 3452 4399 cum
3480 4347 3622 4416 rapti
3651 4343 3782 4399 fueri-

2222 4429 2292 4483 tis
2339 4443 2369 4482 a
2409 4437 2583 4485 morte
2619 4431 2673 4485 in
2709 4430 2801 4484 tali
2841 4431 3186 4502 negligentia,
3221 4432 3398 4503 qualis
3426 4435 3661 4503 perditio
3697 4441 3776 4490 est.

2222 4535 2344 4576 cum
2367 4521 2649 4590 episcopus
2676 4523 2886 4592 rapitur
2936 4523 3003 4576 ad
3057 4523 3398 4594 supplicium,
3451 4532 3506 4579 et
3528 4524 3782 4596 populares

2224 4609 2517 4664 invitantur
2543 4612 2608 4665 ad
2629 4612 2898 4680 regnum?
2933 4611 3058 4677 Sed,
3087 4621 3270 4682 patres
3296 4613 3423 4679 mei,
3451 4625 3614 4669 caute
3641 4613 3780 4682 agite.

2224 4701 2350 4769 quia
2381 4700 2496 4756 dies
2521 4702 2730 4756 Domini
2762 4703 2940 4757 veniet
2965 4704 3104 4758 sicut
3129 4705 3234 4760 fur.
3284 4705 3340 4760 In
3378 4707 3499 4762 vice
3540 4705 3781 4779 apostolo-

2224 4804 2344 4844 rum
2391 4789 2540 4856 sitis,
2589 4791 2800 4846 illorum
2853 4794 3048 4850 tenetis
3091 4796 3412 4861 cathedras,
3460 4812 3562 4868 per
3599 4797 3784 4853 illorum

2229 4881 2516 4938 discurrite
2541 4883 2688 4948 vias;
2715 4892 2774 4938 ut
2801 4885 2853 4938 in
2881 4899 3069 4942 eorum
3105 4889 3292 4944 ordine
3322 4887 3784 4946 connumercmini.

2229 4970 2336 5026 Sed
2361 4972 2448 5026 hic
2469 4972 2810 5030 beatissimus
2834 4973 3086 5041 Joannes,
3123 4978 3216 5048 qui
3256 4979 3590 5048 pontiﬁcium
3631 4977 3787 5033 humi-

2229 5064 2354 5120 liter
2387 5065 2547 5129 rexit,
2575 5081 2761 5122 omnes
2789 5067 2913 5122 vita:
2938 5084 3047 5124 suae
3074 5068 3226 5126 lzctos
3263 5070 3418 5126 duxit
3465 5073 3603 5134 dies.
3652 5068 3789 5124 Rexit

2233 5155 2286 5210 in
2327 5169 2458 5226 pace
2503 5156 2797 5213 Ecclesium
2838 5174 2991 5214 suam
3037 5159 3216 5215 divina
3269 5159 3497 5230 impleas
3537 5161 3786 5218 mamlata.

2235 5245 2380 5301 Obiit
2427 5262 2672 5316 corpore,
2717 5257 2771 5302 et
2811 5249 3049 5318 sepultus
3072 5259 3177 5315 est,
3203 5260 3263 5304 ut
3289 5252 3518 5315 aestimo,
3548 5252 3602 5304 in
3631 5250 3788 5304 ardia

2230 5336 2291 5389 B.
2316 5334 2660 5405 Apollinaris.
2709 5336 2860 5392 Sedit
2887 5353 3012 5392 ann.
3041 5355 3096 5405 v,
3125 5355 3298 5394 mens.
3334 5355 3391 5405 ι,
3432 5341 3547 5395 dies
3585 5355 3731 5393 xvrn.

2237 5592 2455 5646 vehitur
2476 5591 2750 5662 Agnellus.
2778 5597 2860 5647 An
2883 5608 3012 5648 vera
3039 5608 3156 5663 quae
3179 5593 3478 5650 insectatur
3500 5597 3576 5649 vit
3591 5595 3659 5656 ia,
3669 5605 3790 5716 pm.

2238 5662 2370 5716 deus
2405 5661 2594 5716 lector.
2618 5663 2831 5716 aliunde
2860 5664 3152 5716 perpende.
3204 5675 3258 5716 et
3284 5667 3404 5716 vide
3435 5680 3557 5716 aute
3587 5668 3641 5716 in
3711 5675 3790 5714 rat-

2238 5662 2370 5785 }letns
2405 5661 2594 5803 lectgop,
2618 5663 2831 5720 aliunde
2859 5661 3152 5734 perpende,
3204 5675 3258 5720 et
3284 5667 3404 5721 vide
3435 5680 3557 5734 quae
3587 5668 3641 5718 in
3669 5661 3791 5716 Prae-

2263 5748 2291 5785 a
2319 5748 2461 5799 tene,
2582 5772 2596 5786 .

2447 5772 2596 5799 ,δυ
