  <div class='ocr_page' id='page_1' title='image "/cluster/home/n/w/nwhite01/storage/ocr_20150623/106/hvd.32044054759717/334.png"; bbox 0 0 3936 6180; ppageno 0'>
   <div class='ocr_carea' id='block_1_1' title="bbox 269 381 383 439">
    <p class='ocr_par' dir='ltr' id='par_1_1' title="bbox 269 381 383 439">
     <span class='ocr_line' id='line_1_1' title="bbox 269 381 383 439; baseline -0.044 0"><span class='ocrx_word' id='word_1_1' title='bbox 269 381 383 439; x_wconf 70' lang='grc'><strong>65⁸1</strong></span> 
     </span>
    </p>
   </div>
   <div class='ocr_carea' id='block_1_2' title="bbox 1332 364 2481 434">
    <p class='ocr_par' dir='ltr' id='par_1_2' title="bbox 1332 364 2481 434">
     <span class='ocr_line' id='line_1_2' title="bbox 1332 364 2481 434; baseline -0.014 0"><span class='ocrx_word' id='word_1_2' title='bbox 1332 374 1533 434; x_wconf 78' lang='lat' dir='ltr'><strong>LIBER</strong></span> <span class='ocrx_word' id='word_1_3' title='bbox 1570 366 2059 429; x_wconf 82' lang='lat' dir='ltr'><strong>PONTIFICALIS.</strong></span> <span class='ocrx_word' id='word_1_4' title='bbox 2098 397 2168 409; x_wconf 93' lang='lat'><strong>-—</strong></span> <span class='ocrx_word' id='word_1_5' title='bbox 2203 364 2383 422; x_wconf 81' lang='lat' dir='ltr'><strong>PARS</strong></span> <span class='ocrx_word' id='word_1_6' title='bbox 2416 364 2481 420; x_wconf 84' lang='lat' dir='ltr'><strong>Il.</strong></span> 
     </span>
    </p>
   </div>
   <div class='ocr_carea' id='block_1_3' title="bbox 3441 355 3546 413">
    <p class='ocr_par' dir='ltr' id='par_1_3' title="bbox 3441 355 3546 413">
     <span class='ocr_line' id='line_1_3' title="bbox 3441 355 3546 413; baseline 0.029 -3"><span class='ocrx_word' id='word_1_7' title='bbox 3441 355 3546 413; x_wconf 82' lang='lat'><strong>658</strong></span> 
     </span>
    </p>
   </div>
   <div class='ocr_carea' id='block_1_4' title="bbox 294 495 3519 538">
    <p class='ocr_par' dir='ltr' id='par_1_4' title="bbox 294 495 3519 538">
     <span class='ocr_line' id='line_1_4' title="bbox 294 495 3519 538; baseline 0 -23"><span class='ocrx_word' id='word_1_8' title='bbox 294 495 3519 538; x_wconf 55' lang='grc' dir='ltr'><em>Μ</em></span> 
     </span>
    </p>
   </div>
   <div class='ocr_carea' id='block_1_5' title="bbox 1526 642 2315 733">
    <p class='ocr_par' dir='ltr' id='par_1_5' title="bbox 1526 642 2315 733">
     <span class='ocr_line' id='line_1_5' title="bbox 1526 642 2315 733; baseline -0.014 0"><span class='ocrx_word' id='word_1_9' title='bbox 1526 648 1777 733; x_wconf 72' lang='grc' dir='ltr'><strong>νιΤΑ</strong></span> <span class='ocrx_word' id='word_1_10' title='bbox 1846 644 1891 727; x_wconf 84' lang='lat' dir='ltr'><strong>J</strong></span> <span class='ocrx_word' id='word_1_11' title='bbox 1901 644 2179 727; x_wconf 77' lang='lat' dir='ltr'><strong>OANN</strong></span> <span class='ocrx_word' id='word_1_12' title='bbox 2188 642 2315 726; x_wconf 86' lang='lat' dir='ltr'><strong>IS.</strong></span> 
     </span>
    </p>
   </div>
   <div class='ocr_carea' id='block_1_6' title="bbox 789 886 1345 945">
    <p class='ocr_par' dir='ltr' id='par_1_6' title="bbox 789 886 1345 945">
     <span class='ocr_line' id='line_1_6' title="bbox 789 886 1345 945; baseline -0.009 0"><span class='ocrx_word' id='word_1_13' title='bbox 789 887 1018 945; x_wconf 79' lang='lat' dir='ltr'><strong>CAPUT</strong></span> <span class='ocrx_word' id='word_1_14' title='bbox 1057 886 1345 944; x_wconf 77' lang='lat' dir='ltr'><strong>PRlMUM.</strong></span> 
     </span>
    </p>
   </div>
   <div class='ocr_carea' id='block_1_7' title="bbox 279 976 1861 1055">
    <p class='ocr_par' dir='ltr' id='par_1_7' title="bbox 279 976 1861 1055">
     <span class='ocr_line' id='line_1_7' title="bbox 279 976 1861 1055; baseline -0.006 -12"><span class='ocrx_word' id='word_1_15' title='bbox 279 985 474 1043; x_wconf 82' lang='lat' dir='ltr'><strong>Classis</strong></span> <span class='ocrx_word' id='word_1_16' title='bbox 502 983 685 1055; x_wconf 87' lang='lat' dir='ltr'><strong>opibus</strong></span> <span class='ocrx_word' id='word_1_17' title='bbox 713 979 962 1055; x_wconf 69' lang='lat' dir='ltr'><strong>Ecclesia:</strong></span> <span class='ocrx_word' id='word_1_18' title='bbox 988 979 1447 1055; x_wconf 75' lang='lat' dir='ltr'><strong>redemptatribus</strong></span> <span class='ocrx_word' id='word_1_19' title='bbox 1480 976 1701 1033; x_wconf 71' lang='lat' dir='ltr'><strong>vicibus.</strong></span> <span class='ocrx_word' id='word_1_20' title='bbox 1741 977 1861 1033; x_wconf 73' lang='lat' dir='ltr'><strong>Mo-</strong></span> 
     </span>
    </p>
   </div>
   <div class='ocr_carea' id='block_1_8' title="bbox 674 1049 1470 1120">
    <p class='ocr_par' dir='ltr' id='par_1_8' title="bbox 674 1049 1470 1120">
     <span class='ocr_line' id='line_1_8' title="bbox 674 1049 1470 1120; baseline -0.004 -15"><span class='ocrx_word' id='word_1_21' title='bbox 674 1050 810 1105; x_wconf 87' lang='lat' dir='ltr'><strong>ralia</strong></span> <span class='ocrx_word' id='word_1_22' title='bbox 856 1065 1041 1104; x_wconf 88' lang='lat' dir='ltr'><strong>rursus</strong></span> <span class='ocrx_word' id='word_1_23' title='bbox 1078 1049 1149 1103; x_wconf 91' lang='lat' dir='ltr'><strong>ad</strong></span> <span class='ocrx_word' id='word_1_24' title='bbox 1187 1050 1470 1120; x_wconf 77' lang='lat' dir='ltr'><strong>episcopos.</strong></span> 
     </span>
    </p>
   </div>
   <div class='ocr_carea' id='block_1_9' title="bbox 342 1159 1862 1235">
    <p class='ocr_par' dir='ltr' id='par_1_9' title="bbox 342 1159 1862 1235">
     <span class='ocr_line' id='line_1_9' title="bbox 342 1159 1862 1235; baseline -0.003 -15"><span class='ocrx_word' id='word_1_25' title='bbox 342 1164 586 1223; x_wconf 78' lang='lat' dir='ltr'><strong>Joannes</strong></span> <span class='ocrx_word' id='word_1_26' title='bbox 623 1159 894 1235; x_wconf 83' lang='lat' dir='ltr'><strong>[quartus]</strong></span> <span class='ocrx_word' id='word_1_27' title='bbox 937 1159 1131 1215; x_wconf 84' lang='lat' dir='ltr'><strong>XXXII</strong></span> <span class='ocrx_word' id='word_1_28' title='bbox 1166 1167 1502 1223; x_wconf 88' lang='lat' dir='ltr'><strong>mansuetus,</strong></span> <span class='ocrx_word' id='word_1_29' title='bbox 1548 1168 1605 1215; x_wconf 89' lang='lat' dir='ltr'><strong>et</strong></span> <span class='ocrx_word' id='word_1_30' title='bbox 1642 1159 1862 1216; x_wconf 85' lang='lat' dir='ltr'><strong>humilis</strong></span> 
     </span>
    </p>
   </div>
   <div class='ocr_carea' id='block_1_10' title="bbox 278 1249 1861 1325">
    <p class='ocr_par' dir='ltr' id='par_1_10' title="bbox 278 1249 1861 1325">
     <span class='ocr_line' id='line_1_10' title="bbox 278 1249 1861 1325; baseline -0.003 -14"><span class='ocrx_word' id='word_1_31' title='bbox 278 1257 382 1322; x_wconf 83' lang='lat' dir='ltr'><strong>vir,</strong></span> <span class='ocrx_word' id='word_1_32' title='bbox 425 1254 644 1325; x_wconf 79' lang='lat' dir='ltr'><strong>sapiens</strong></span> <span class='ocrx_word' id='word_1_33' title='bbox 683 1252 863 1311; x_wconf 83' lang='lat' dir='ltr'><strong>corde,</strong></span> <span class='ocrx_word' id='word_1_34' title='bbox 914 1251 1150 1321; x_wconf 84' lang='lat' dir='ltr'><strong>prudens</strong></span> <span class='ocrx_word' id='word_1_35' title='bbox 1180 1250 1235 1305; x_wconf 91' lang='lat' dir='ltr'><strong>in</strong></span> <span class='ocrx_word' id='word_1_36' title='bbox 1264 1250 1463 1316; x_wconf 78' lang='lat' dir='ltr'><strong>verbis,</strong></span> <span class='ocrx_word' id='word_1_37' title='bbox 1501 1249 1725 1319; x_wconf 83' lang='lat' dir='ltr'><strong>pulchra</strong></span> <span class='ocrx_word' id='word_1_38' title='bbox 1761 1251 1861 1307; x_wconf 88' lang='lat' dir='ltr'><strong>ha-</strong></span> 
     </span>
    </p>
   </div>
   <div class='ocr_carea' id='block_1_11' title="bbox 277 1342 1865 1415">
    <p class='ocr_par' dir='ltr' id='par_1_11' title="bbox 277 1342 1865 1415">
     <span class='ocr_line' id='line_1_11' title="bbox 277 1342 1865 1415; baseline 0 -14"><span class='ocrx_word' id='word_1_39' title='bbox 277 1349 392 1402; x_wconf 85' lang='lat' dir='ltr'><strong>buit</strong></span> <span class='ocrx_word' id='word_1_40' title='bbox 409 1346 645 1415; x_wconf 85' lang='lat' dir='ltr'><strong>eloquia,</strong></span> <span class='ocrx_word' id='word_1_41' title='bbox 675 1346 955 1399; x_wconf 79' lang='lat' dir='ltr'><strong>honestam</strong></span> <span class='ocrx_word' id='word_1_42' title='bbox 984 1343 1135 1398; x_wconf 84' lang='lat' dir='ltr'><strong>duxit</strong></span> <span class='ocrx_word' id='word_1_43' title='bbox 1162 1343 1352 1408; x_wconf 89' lang='lat' dir='ltr'><strong>vitam,</strong></span> <span class='ocrx_word' id='word_1_44' title='bbox 1385 1359 1672 1413; x_wconf 66' lang='lat' dir='ltr'><strong>moresque</strong></span> <span class='ocrx_word' id='word_1_45' title='bbox 1693 1342 1865 1402; x_wconf 69' lang='lat' dir='ltr'><strong>bonos</strong></span> 
     </span>
    </p>
   </div>
   <div class='ocr_carea' id='block_1_12' title="bbox 277 1433 1865 1494">
    <p class='ocr_par' dir='ltr' id='par_1_12' title="bbox 277 1433 1865 1494">
     <span class='ocr_line' id='line_1_12' title="bbox 277 1433 1865 1494; baseline -0.001 -1"><span class='ocrx_word' id='word_1_46' title='bbox 277 1441 340 1494; x_wconf 85' lang='lat' dir='ltr'><strong>de</strong></span> <span class='ocrx_word' id='word_1_47' title='bbox 371 1437 577 1493; x_wconf 73' lang='lat' dir='ltr'><strong>milito</strong></span> <span class='ocrx_word' id='word_1_48' title='bbox 598 1450 865 1492; x_wconf 80' lang='lat' dir='ltr'><strong>sermone.</strong></span> <span class='ocrx_word' id='word_1_49' title='bbox 920 1433 1386 1490; x_wconf 67' lang='lat' dir='ltr'><strong>Prredecessorum</strong></span> <span class='ocrx_word' id='word_1_50' title='bbox 1411 1449 1633 1490; x_wconf 89' lang='lat' dir='ltr'><strong>suorum</strong></span> <span class='ocrx_word' id='word_1_51' title='bbox 1663 1450 1865 1491; x_wconf 88' lang='lat' dir='ltr'><strong>ammo—</strong></span> 
     </span>
    </p>
   </div>
   <div class='ocr_carea' id='block_1_13' title="bbox 275 1525 1866 1591">
    <p class='ocr_par' dir='ltr' id='par_1_13' title="bbox 275 1525 1866 1591">
     <span class='ocr_line' id='line_1_13' title="bbox 275 1525 1866 1591; baseline -0.001 -7"><span class='ocrx_word' id='word_1_52' title='bbox 275 1531 514 1585; x_wconf 84' lang='lat' dir='ltr'><strong>nitiones</strong></span> <span class='ocrx_word' id='word_1_53' title='bbox 551 1528 782 1591; x_wconf 67' lang='lat' dir='ltr'><strong>inlaesas,</strong></span> <span class='ocrx_word' id='word_1_54' title='bbox 825 1535 881 1582; x_wconf 86' lang='lat' dir='ltr'><strong>et</strong></span> <span class='ocrx_word' id='word_1_55' title='bbox 928 1526 1225 1581; x_wconf 85' lang='lat' dir='ltr'><strong>incolumes</strong></span> <span class='ocrx_word' id='word_1_56' title='bbox 1259 1526 1569 1581; x_wconf 77' lang='lat' dir='ltr'><strong>custodivit.</strong></span> <span class='ocrx_word' id='word_1_57' title='bbox 1623 1525 1725 1583; x_wconf 85' lang='lat' dir='ltr'><strong>Hie</strong></span> <span class='ocrx_word' id='word_1_58' title='bbox 1768 1540 1866 1582; x_wconf 86' lang='lat' dir='ltr'><strong>au-</strong></span> 
     </span>
    </p>
   </div>
   <div class='ocr_carea' id='block_1_14' title="bbox 275 1616 1869 1689">
    <p class='ocr_par' dir='ltr' id='par_1_14' title="bbox 275 1616 1869 1689">
     <span class='ocr_line' id='line_1_14' title="bbox 275 1616 1869 1689; baseline -0.001 -13"><span class='ocrx_word' id='word_1_59' title='bbox 275 1632 410 1686; x_wconf 84' lang='lat' dir='ltr'><strong>tem,</strong></span> <span class='ocrx_word' id='word_1_60' title='bbox 442 1621 594 1676; x_wconf 88' lang='lat' dir='ltr'><strong>aiunt</strong></span> <span class='ocrx_word' id='word_1_61' title='bbox 618 1618 839 1689; x_wconf 79' lang='lat' dir='ltr'><strong>quidam</strong></span> <span class='ocrx_word' id='word_1_62' title='bbox 872 1618 1037 1683; x_wconf 82' lang='lat' dir='ltr'><strong>cives,</strong></span> <span class='ocrx_word' id='word_1_63' title='bbox 1060 1617 1335 1673; x_wconf 87' lang='lat' dir='ltr'><strong>civitatem</strong></span> <span class='ocrx_word' id='word_1_64' title='bbox 1363 1629 1391 1658; x_wconf 80' lang='grc' dir='ltr'><strong>ει</strong></span> <span class='ocrx_word' id='word_1_65' title='bbox 1425 1616 1627 1675; x_wconf 79' lang='lat' dir='ltr'><strong>Classis</strong></span> <span class='ocrx_word' id='word_1_66' title='bbox 1668 1618 1739 1674; x_wconf 85' lang='lat' dir='ltr'><strong>ab</strong></span> <span class='ocrx_word' id='word_1_67' title='bbox 1771 1619 1869 1674; x_wconf 87' lang='lat' dir='ltr'><strong>ho-</strong></span> 
     </span>
    </p>
   </div>
   <div class='ocr_carea' id='block_1_15' title="bbox 273 1708 1864 1783">
    <p class='ocr_par' dir='ltr' id='par_1_15' title="bbox 273 1708 1864 1783">
     <span class='ocr_line' id='line_1_15' title="bbox 273 1708 1864 1783; baseline -0.003 -14"><span class='ocrx_word' id='word_1_68' title='bbox 273 1713 384 1769; x_wconf 89' lang='lat' dir='ltr'><strong>stili</strong></span> <span class='ocrx_word' id='word_1_69' title='bbox 411 1712 611 1783; x_wconf 85' lang='lat' dir='ltr'><strong>populo</strong></span> <span class='ocrx_word' id='word_1_70' title='bbox 631 1725 735 1781; x_wconf 86' lang='lat' dir='ltr'><strong>ope</strong></span> <span class='ocrx_word' id='word_1_71' title='bbox 763 1710 933 1764; x_wconf 89' lang='lat' dir='ltr'><strong>multa</strong></span> <span class='ocrx_word' id='word_1_72' title='bbox 962 1708 1219 1765; x_wconf 67' lang='lat' dir='ltr'><strong>Ecclesia:</strong></span> <span class='ocrx_word' id='word_1_73' title='bbox 1257 1710 1432 1765; x_wconf 88' lang='lat' dir='ltr'><strong>tribus</strong></span> <span class='ocrx_word' id='word_1_74' title='bbox 1463 1709 1670 1767; x_wconf 81' lang='lat' dir='ltr'><strong>vicibus</strong></span> <span class='ocrx_word' id='word_1_75' title='bbox 1701 1711 1864 1777; x_wconf 87' lang='lat' dir='ltr'><strong>emit;</strong></span> 
     </span>
    </p>
   </div>
   <div class='ocr_carea' id='block_1_16' title="bbox 272 1802 1865 1870">
    <p class='ocr_par' dir='ltr' id='par_1_16' title="bbox 272 1802 1865 1870">
     <span class='ocr_line' id='line_1_16' title="bbox 272 1802 1865 1870; baseline 0 -10"><span class='ocrx_word' id='word_1_76' title='bbox 272 1820 383 1861; x_wconf 87' lang='lat' dir='ltr'><strong>non</strong></span> <span class='ocrx_word' id='word_1_77' title='bbox 406 1803 582 1861; x_wconf 85' lang='lat' dir='ltr'><strong>solum</strong></span> <span class='ocrx_word' id='word_1_78' title='bbox 610 1803 905 1867; x_wconf 85' lang='lat' dir='ltr'><strong>civitatem,</strong></span> <span class='ocrx_word' id='word_1_79' title='bbox 942 1803 1037 1858; x_wconf 88' lang='lat' dir='ltr'><strong>sed</strong></span> <span class='ocrx_word' id='word_1_80' title='bbox 1069 1810 1125 1858; x_wconf 90' lang='lat' dir='ltr'><strong>et</strong></span> <span class='ocrx_word' id='word_1_81' title='bbox 1161 1802 1470 1858; x_wconf 86' lang='lat' dir='ltr'><strong>habitantes</strong></span> <span class='ocrx_word' id='word_1_82' title='bbox 1518 1803 1574 1858; x_wconf 91' lang='lat' dir='ltr'><strong>in</strong></span> <span class='ocrx_word' id='word_1_83' title='bbox 1612 1818 1701 1870; x_wconf 89' lang='lat' dir='ltr'><strong>ea,</strong></span> <span class='ocrx_word' id='word_1_84' title='bbox 1738 1819 1865 1860; x_wconf 82' lang='lat' dir='ltr'><strong>eum</strong></span> 
     </span>
    </p>
   </div>
   <div class='ocr_carea' id='block_1_17' title="bbox 270 1891 1867 1958">
    <p class='ocr_par' dir='ltr' id='par_1_17' title="bbox 270 1891 1867 1958">
     <span class='ocr_line' id='line_1_17' title="bbox 270 1891 1867 1958; baseline -0.003 -5"><span class='ocrx_word' id='word_1_85' title='bbox 270 1895 602 1953; x_wconf 84' lang='lat' dir='ltr'><strong>suburbanis</strong></span> <span class='ocrx_word' id='word_1_86' title='bbox 626 1894 739 1949; x_wconf 88' lang='lat' dir='ltr'><strong>suis</strong></span> <span class='ocrx_word' id='word_1_87' title='bbox 761 1892 1029 1958; x_wconf 80' lang='lat' dir='ltr'><strong>omnibus,</strong></span> <span class='ocrx_word' id='word_1_88' title='bbox 1054 1900 1115 1947; x_wconf 91' lang='lat' dir='ltr'><strong>nt</strong></span> <span class='ocrx_word' id='word_1_89' title='bbox 1137 1891 1338 1949; x_wconf 76' lang='lat' dir='ltr'><strong>factum</strong></span> <span class='ocrx_word' id='word_1_90' title='bbox 1364 1909 1522 1949; x_wconf 85' lang='lat' dir='ltr'><strong>suum</strong></span> <span class='ocrx_word' id='word_1_91' title='bbox 1549 1894 1701 1949; x_wconf 88' lang='lat' dir='ltr'><strong>emit.</strong></span> <span class='ocrx_word' id='word_1_92' title='bbox 1732 1892 1867 1949; x_wconf 81' lang='lat' dir='ltr'><strong>Nam</strong></span> 
     </span>
    </p>
   </div>
   <div class='ocr_carea' id='block_1_18' title="bbox 268 1985 1870 2057">
    <p class='ocr_par' dir='ltr' id='par_1_18' title="bbox 268 1985 1870 2057">
     <span class='ocr_line' id='line_1_18' title="bbox 268 1985 1870 2057; baseline -0.003 -11"><span class='ocrx_word' id='word_1_93' title='bbox 268 1989 573 2046; x_wconf 78' lang='lat' dir='ltr'><strong>observans</strong></span> <span class='ocrx_word' id='word_1_94' title='bbox 624 1985 936 2056; x_wconf 83' lang='lat' dir='ltr'><strong>evangelica</strong></span> <span class='ocrx_word' id='word_1_95' title='bbox 994 1986 1158 2041; x_wconf 87' lang='lat' dir='ltr'><strong>verba</strong></span> <span class='ocrx_word' id='word_1_96' title='bbox 1189 2025 1208 2051; x_wconf 90' lang='lat'><strong>,</strong></span> <span class='ocrx_word' id='word_1_97' title='bbox 1264 1986 1505 2057; x_wconf 77' lang='lat' dir='ltr'><strong>quotidie</strong></span> <span class='ocrx_word' id='word_1_98' title='bbox 1557 1986 1870 2043; x_wconf 78' lang='lat' dir='ltr'><strong>intendebat</strong></span> 
     </span>
    </p>
   </div>
   <div class='ocr_carea' id='block_1_19' title="bbox 269 2077 1866 2152">
    <p class='ocr_par' dir='ltr' id='par_1_19' title="bbox 269 2077 1866 2152">
     <span class='ocr_line' id='line_1_19' title="bbox 269 2077 1866 2152; baseline -0.001 -16"><span class='ocrx_word' id='word_1_99' title='bbox 269 2081 422 2152; x_wconf 79' lang='lat' dir='ltr'><strong>quod</strong></span> <span class='ocrx_word' id='word_1_100' title='bbox 462 2080 659 2135; x_wconf 89' lang='lat' dir='ltr'><strong>dicitur</strong></span> <span class='ocrx_word' id='word_1_101' title='bbox 690 2097 703 2134; x_wconf 91' lang='lat'>:</span> <span class='ocrx_word' id='word_1_102' title='bbox 735 2078 931 2135; x_wconf 75' lang='lat' dir='ltr'><strong>Discite</strong></span> <span class='ocrx_word' id='word_1_103' title='bbox 962 2077 1102 2150; x_wconf 83' lang='lat' dir='ltr'><strong>quod</strong></span> <span class='ocrx_word' id='word_1_104' title='bbox 1125 2087 1225 2144; x_wconf 85' lang='lat' dir='ltr'><strong>est,</strong></span> <span class='ocrx_word' id='word_1_105' title='bbox 1267 2077 1686 2133; x_wconf 74' lang='lat' dir='ltr'><strong>Misericordiam</strong></span> <span class='ocrx_word' id='word_1_106' title='bbox 1730 2077 1866 2146; x_wconf 68' lang='lat' dir='ltr'><strong>colo,</strong></span> 
     </span>
    </p>
   </div>
   <div class='ocr_carea' id='block_1_20' title="bbox 267 2168 1864 2241">
    <p class='ocr_par' dir='ltr' id='par_1_20' title="bbox 267 2168 1864 2241">
     <span class='ocr_line' id='line_1_20' title="bbox 267 2168 1864 2241; baseline -0.001 -15"><span class='ocrx_word' id='word_1_107' title='bbox 267 2181 326 2227; x_wconf 85' lang='lat' dir='ltr'><strong>et</strong></span> <span class='ocrx_word' id='word_1_108' title='bbox 368 2186 475 2224; x_wconf 89' lang='lat' dir='ltr'><strong>non</strong></span> <span class='ocrx_word' id='word_1_109' title='bbox 515 2169 855 2238; x_wconf 85' lang='lat' dir='ltr'><strong>sacri/icium.</strong></span> <span class='ocrx_word' id='word_1_110' title='bbox 903 2168 1101 2225; x_wconf 80' lang='lat' dir='ltr'><strong>Audite</strong></span> <span class='ocrx_word' id='word_1_111' title='bbox 1143 2168 1306 2241; x_wconf 77' lang='lat' dir='ltr'><strong>igitur</strong></span> <span class='ocrx_word' id='word_1_112' title='bbox 1351 2183 1452 2239; x_wconf 85' lang='lat' dir='ltr'><strong>per</strong></span> <span class='ocrx_word' id='word_1_113' title='bbox 1498 2169 1864 2239; x_wconf 77' lang='lat' dir='ltr'><strong>prophetam:</strong></span> 
     </span>
    </p>
   </div>
   <div class='ocr_carea' id='block_1_21' title="bbox 1883 879 3549 955">
    <p class='ocr_par' dir='ltr' id='par_1_21' title="bbox 1883 879 3549 955">
     <span class='ocr_line' id='line_1_21' title="bbox 1883 879 3549 955; baseline -0.001 -14"><span class='ocrx_word' id='word_1_114' title='bbox 1883 886 1937 948; x_wconf 79' lang='grc' dir='ltr'>Α</span> <span class='ocrx_word' id='word_1_115' title='bbox 1961 894 2010 941; x_wconf 87' lang='lat' dir='ltr'><strong>et</strong></span> <span class='ocrx_word' id='word_1_116' title='bbox 2044 900 2151 940; x_wconf 85' lang='lat' dir='ltr'><strong>non</strong></span> <span class='ocrx_word' id='word_1_117' title='bbox 2176 882 2243 938; x_wconf 84' lang='lat' dir='ltr'><strong>sit</strong></span> <span class='ocrx_word' id='word_1_118' title='bbox 2272 882 2363 955; x_wconf 89' lang='lat' dir='ltr'><strong>qui</strong></span> <span class='ocrx_word' id='word_1_119' title='bbox 2418 881 2627 953; x_wconf 79' lang='lat' dir='ltr'><strong>eripiat.</strong></span> <span class='ocrx_word' id='word_1_120' title='bbox 2686 879 2731 937; x_wconf 91' lang='grc' dir='ltr'><strong>Ο</strong></span> <span class='ocrx_word' id='word_1_121' title='bbox 2758 881 3047 948; x_wconf 83' lang='lat' dir='ltr'><strong>carissimi,</strong></span> <span class='ocrx_word' id='word_1_122' title='bbox 3086 882 3177 938; x_wconf 86' lang='lat' dir='ltr'><strong>hic</strong></span> <span class='ocrx_word' id='word_1_123' title='bbox 3211 896 3394 940; x_wconf 84' lang='lat' dir='ltr'><strong>sermo</strong></span> <span class='ocrx_word' id='word_1_124' title='bbox 3420 891 3549 941; x_wconf 91' lang='lat' dir='ltr'><strong>ante</strong></span> 
     </span>
    </p>
   </div>
   <div class='ocr_carea' id='block_1_22' title="bbox 1961 971 3550 1042">
    <p class='ocr_par' dir='ltr' id='par_1_22' title="bbox 1961 971 3550 1042">
     <span class='ocr_line' id='line_1_22' title="bbox 1961 971 3550 1042; baseline -0.001 -11"><span class='ocrx_word' id='word_1_125' title='bbox 1961 973 2148 1031; x_wconf 89' lang='lat' dir='ltr'><strong>oculos</strong></span> <span class='ocrx_word' id='word_1_126' title='bbox 2175 979 2386 1028; x_wconf 87' lang='lat' dir='ltr'><strong>vestros</strong></span> <span class='ocrx_word' id='word_1_127' title='bbox 2411 971 2653 1042; x_wconf 83' lang='lat' dir='ltr'><strong>quotidie</strong></span> <span class='ocrx_word' id='word_1_128' title='bbox 2668 979 2822 1028; x_wconf 87' lang='lat' dir='ltr'><strong>stare</strong></span> <span class='ocrx_word' id='word_1_129' title='bbox 2843 971 3025 1037; x_wconf 80' lang='lat' dir='ltr'><strong>debet,</strong></span> <span class='ocrx_word' id='word_1_130' title='bbox 3046 981 3107 1027; x_wconf 90' lang='lat' dir='ltr'><strong>ut</strong></span> <span class='ocrx_word' id='word_1_131' title='bbox 3125 982 3388 1042; x_wconf 80' lang='lat' dir='ltr'><strong>quantum</strong></span> <span class='ocrx_word' id='word_1_132' title='bbox 3402 974 3550 1031; x_wconf 83' lang='lat' dir='ltr'><strong>solli-</strong></span> 
     </span>
    </p>
   </div>
   <div class='ocr_carea' id='block_1_23' title="bbox 1960 1060 3555 1132">
    <p class='ocr_par' dir='ltr' id='par_1_23' title="bbox 1960 1060 3555 1132">
     <span class='ocr_line' id='line_1_23' title="bbox 1960 1060 3555 1132; baseline -0.001 -11"><span class='ocrx_word' id='word_1_133' title='bbox 1960 1064 2055 1121; x_wconf 88' lang='lat' dir='ltr'><strong>citi</strong></span> <span class='ocrx_word' id='word_1_134' title='bbox 2078 1078 2268 1119; x_wconf 87' lang='lat' dir='ltr'><strong>sumus</strong></span> <span class='ocrx_word' id='word_1_135' title='bbox 2292 1063 2359 1118; x_wconf 88' lang='lat' dir='ltr'><strong>de</strong></span> <span class='ocrx_word' id='word_1_136' title='bbox 2385 1062 2601 1127; x_wconf 86' lang='lat' dir='ltr'><strong>timore,</strong></span> <span class='ocrx_word' id='word_1_137' title='bbox 2632 1062 2787 1118; x_wconf 88' lang='lat' dir='ltr'><strong>nobis</strong></span> <span class='ocrx_word' id='word_1_138' title='bbox 2810 1060 3058 1132; x_wconf 82' lang='lat' dir='ltr'><strong>proﬁciat</strong></span> <span class='ocrx_word' id='word_1_139' title='bbox 3081 1063 3150 1118; x_wconf 86' lang='lat' dir='ltr'><strong>ad</strong></span> <span class='ocrx_word' id='word_1_140' title='bbox 3171 1062 3418 1119; x_wconf 83' lang='lat' dir='ltr'><strong>salutem.</strong></span> <span class='ocrx_word' id='word_1_141' title='bbox 3460 1064 3555 1120; x_wconf 68' lang='lat' dir='ltr'><strong>Va:</strong></span> 
     </span>
    </p>
   </div>
   <div class='ocr_carea' id='block_1_24' title="bbox 1962 1152 3554 1226">
    <p class='ocr_par' dir='ltr' id='par_1_24' title="bbox 1962 1152 3554 1226">
     <span class='ocr_line' id='line_1_24' title="bbox 1962 1152 3554 1226; baseline -0.002 -13"><span class='ocrx_word' id='word_1_142' title='bbox 1962 1156 2158 1213; x_wconf 70' lang='lat' dir='ltr'><strong>animae</strong></span> <span class='ocrx_word' id='word_1_143' title='bbox 2187 1154 2260 1210; x_wconf 91' lang='lat' dir='ltr'><strong>illi</strong></span> <span class='ocrx_word' id='word_1_144' title='bbox 2292 1168 2414 1226; x_wconf 70' lang='lat' dir='ltr'><strong>quae</strong></span> <span class='ocrx_word' id='word_1_145' title='bbox 2438 1153 2521 1210; x_wconf 89' lang='lat' dir='ltr'><strong>sic</strong></span> <span class='ocrx_word' id='word_1_146' title='bbox 2541 1154 2750 1225; x_wconf 84' lang='lat' dir='ltr'><strong>rapitur</strong></span> <span class='ocrx_word' id='word_1_147' title='bbox 2789 1152 3060 1223; x_wconf 86' lang='lat' dir='ltr'><strong>quomodo</strong></span> <span class='ocrx_word' id='word_1_148' title='bbox 3103 1153 3364 1223; x_wconf 87' lang='lat' dir='ltr'><strong>accipiter</strong></span> <span class='ocrx_word' id='word_1_149' title='bbox 3400 1169 3554 1211; x_wconf 87' lang='lat' dir='ltr'><strong>aves.</strong></span> 
     </span>
    </p>
   </div>
   <div class='ocr_carea' id='block_1_25' title="bbox 1963 1243 3558 1318">
    <p class='ocr_par' dir='ltr' id='par_1_25' title="bbox 1963 1243 3558 1318">
     <span class='ocr_line' id='line_1_25' title="bbox 1963 1243 3558 1318; baseline 0 -16"><span class='ocrx_word' id='word_1_150' title='bbox 1963 1246 2109 1303; x_wconf 75' lang='lat' dir='ltr'><strong>liora</strong></span> <span class='ocrx_word' id='word_1_151' title='bbox 2130 1244 2456 1318; x_wconf 78' lang='lat' dir='ltr'><strong>egressionis</strong></span> <span class='ocrx_word' id='word_1_152' title='bbox 2484 1243 2678 1300; x_wconf 79' lang='lat' dir='ltr'><strong>animae</strong></span> <span class='ocrx_word' id='word_1_153' title='bbox 2702 1243 2840 1299; x_wconf 78' lang='lat' dir='ltr'><strong>nihil</strong></span> <span class='ocrx_word' id='word_1_154' title='bbox 2857 1244 3138 1300; x_wconf 88' lang='lat' dir='ltr'><strong>nobiscum</strong></span> <span class='ocrx_word' id='word_1_155' title='bbox 3165 1244 3421 1310; x_wconf 86' lang='lat' dir='ltr'><strong>tollimus,</strong></span> <span class='ocrx_word' id='word_1_156' title='bbox 3448 1247 3558 1302; x_wconf 87' lang='lat' dir='ltr'><strong>nisi</strong></span> 
     </span>
    </p>
   </div>
   <div class='ocr_carea' id='block_1_26' title="bbox 1962 1334 3557 1412">
    <p class='ocr_par' dir='ltr' id='par_1_26' title="bbox 1962 1334 3557 1412">
     <span class='ocr_line' id='line_1_26' title="bbox 1962 1334 3557 1412; baseline -0.001 -17"><span class='ocrx_word' id='word_1_157' title='bbox 1962 1347 2187 1412; x_wconf 88' lang='lat' dir='ltr'><strong>peccata</strong></span> <span class='ocrx_word' id='word_1_158' title='bbox 2238 1353 2359 1409; x_wconf 68' lang='lat' dir='ltr'><strong>quas</strong></span> <span class='ocrx_word' id='word_1_159' title='bbox 2411 1337 2699 1409; x_wconf 73' lang='lat' dir='ltr'><strong>gessimus.</strong></span> <span class='ocrx_word' id='word_1_160' title='bbox 2766 1334 3183 1391; x_wconf 85' lang='lat' dir='ltr'><strong>Subsannamur</strong></span> <span class='ocrx_word' id='word_1_161' title='bbox 3227 1351 3259 1391; x_wconf 85' lang='lat' dir='ltr'><strong>a</strong></span> <span class='ocrx_word' id='word_1_162' title='bbox 3303 1336 3557 1407; x_wconf 75' lang='lat' dir='ltr'><strong>malignis</strong></span> 
     </span>
    </p>
   </div>
   <div class='ocr_carea' id='block_1_27' title="bbox 1964 1427 3558 1501">
    <p class='ocr_par' dir='ltr' id='par_1_27' title="bbox 1964 1427 3558 1501">
     <span class='ocr_line' id='line_1_27' title="bbox 1964 1427 3558 1501; baseline -0.001 -15"><span class='ocrx_word' id='word_1_163' title='bbox 1964 1431 2273 1501; x_wconf 87' lang='lat' dir='ltr'><strong>spiritibus,</strong></span> <span class='ocrx_word' id='word_1_164' title='bbox 2307 1428 2621 1485; x_wconf 89' lang='lat' dir='ltr'><strong>deridemur</strong></span> <span class='ocrx_word' id='word_1_165' title='bbox 2656 1428 2724 1484; x_wconf 87' lang='lat' dir='ltr'><strong>ab</strong></span> <span class='ocrx_word' id='word_1_166' title='bbox 2762 1427 2927 1498; x_wconf 84' lang='lat' dir='ltr'><strong>ipsis,</strong></span> <span class='ocrx_word' id='word_1_167' title='bbox 2965 1434 3022 1483; x_wconf 88' lang='lat' dir='ltr'><strong>et</strong></span> <span class='ocrx_word' id='word_1_168' title='bbox 3057 1436 3402 1485; x_wconf 83' lang='lat' dir='ltr'><strong>coarctamur</strong></span> <span class='ocrx_word' id='word_1_169' title='bbox 3435 1429 3558 1485; x_wconf 85' lang='lat' dir='ltr'><strong>sine</strong></span> 
     </span>
    </p>
   </div>
   <div class='ocr_carea' id='block_1_28' title="bbox 1964 1517 3559 1583">
    <p class='ocr_par' dir='ltr' id='par_1_28' title="bbox 1964 1517 3559 1583">
     <span class='ocr_line' id='line_1_28' title="bbox 1964 1517 3559 1583; baseline 0 -8"><span class='ocrx_word' id='word_1_170' title='bbox 1964 1518 2357 1576; x_wconf 83' lang='lat' dir='ltr'><strong>misericordia.</strong></span> <span class='ocrx_word' id='word_1_171' title='bbox 2406 1517 2541 1575; x_wconf 83' lang='lat' dir='ltr'><strong>Cum</strong></span> <span class='ocrx_word' id='word_1_172' title='bbox 2579 1517 2718 1573; x_wconf 88' lang='lat' dir='ltr'><strong>male</strong></span> <span class='ocrx_word' id='word_1_173' title='bbox 2766 1524 3142 1583; x_wconf 87' lang='lat' dir='ltr'><strong>attrectamur,</strong></span> <span class='ocrx_word' id='word_1_174' title='bbox 3186 1518 3374 1575; x_wconf 89' lang='lat' dir='ltr'><strong>dicunt</strong></span> <span class='ocrx_word' id='word_1_175' title='bbox 3398 1538 3418 1574; x_wconf 84' lang='lat'><strong>:</strong></span> <span class='ocrx_word' id='word_1_176' title='bbox 3450 1519 3559 1575; x_wconf 80' lang='lat' dir='ltr'><strong>Istc</strong></span> 
     </span>
    </p>
   </div>
   <div class='ocr_carea' id='block_1_29' title="bbox 1964 1607 3557 1677">
    <p class='ocr_par' dir='ltr' id='par_1_29' title="bbox 1964 1607 3557 1677">
     <span class='ocr_line' id='line_1_29' title="bbox 1964 1607 3557 1677; baseline -0.001 -13"><span class='ocrx_word' id='word_1_177' title='bbox 1964 1607 2307 1665; x_wconf 84' lang='lat' dir='ltr'><strong>Christianus</strong></span> <span class='ocrx_word' id='word_1_178' title='bbox 2332 1608 2614 1671; x_wconf 86' lang='lat' dir='ltr'><strong>mentitus,</strong></span> <span class='ocrx_word' id='word_1_179' title='bbox 2640 1607 2845 1663; x_wconf 86' lang='lat' dir='ltr'><strong>Christi</strong></span> <span class='ocrx_word' id='word_1_180' title='bbox 2875 1622 3038 1677; x_wconf 83' lang='lat' dir='ltr'><strong>opera</strong></span> <span class='ocrx_word' id='word_1_181' title='bbox 3070 1607 3124 1661; x_wconf 89' lang='lat' dir='ltr'><strong>in</strong></span> <span class='ocrx_word' id='word_1_182' title='bbox 3161 1622 3230 1663; x_wconf 87' lang='lat' dir='ltr'><strong>eo</strong></span> <span class='ocrx_word' id='word_1_183' title='bbox 3270 1623 3378 1665; x_wconf 90' lang='lat' dir='ltr'><strong>non</strong></span> <span class='ocrx_word' id='word_1_184' title='bbox 3406 1609 3557 1664; x_wconf 88' lang='lat' dir='ltr'><strong>inve-</strong></span> 
     </span>
    </p>
   </div>
   <div class='ocr_carea' id='block_1_30' title="bbox 1966 1696 3558 1768">
    <p class='ocr_par' dir='ltr' id='par_1_30' title="bbox 1966 1696 3558 1768">
     <span class='ocr_line' id='line_1_30' title="bbox 1966 1696 3558 1768; baseline -0.001 -11"><span class='ocrx_word' id='word_1_185' title='bbox 1966 1700 2164 1757; x_wconf 89' lang='lat' dir='ltr'><strong>nimus.</strong></span> <span class='ocrx_word' id='word_1_186' title='bbox 2209 1699 2238 1740; x_wconf 71' lang='grc' dir='ltr'>δ</span> <span class='ocrx_word' id='word_1_187' title='bbox 2268 1698 2411 1755; x_wconf 89' lang='lat' dir='ltr'><strong>Ecce</strong></span> <span class='ocrx_word' id='word_1_188' title='bbox 2432 1697 2534 1754; x_wconf 89' lang='lat' dir='ltr'><strong>iste</strong></span> <span class='ocrx_word' id='word_1_189' title='bbox 2557 1696 2725 1768; x_wconf 75' lang='lat' dir='ltr'><strong>iudex</strong></span> <span class='ocrx_word' id='word_1_190' title='bbox 2750 1706 2939 1768; x_wconf 87' lang='lat' dir='ltr'><strong>captus</strong></span> <span class='ocrx_word' id='word_1_191' title='bbox 2959 1706 3061 1764; x_wconf 87' lang='lat' dir='ltr'><strong>est,</strong></span> <span class='ocrx_word' id='word_1_192' title='bbox 3088 1714 3158 1756; x_wconf 88' lang='lat' dir='ltr'><strong>en</strong></span> <span class='ocrx_word' id='word_1_193' title='bbox 3196 1700 3301 1757; x_wconf 89' lang='lat' dir='ltr'><strong>iste</strong></span> <span class='ocrx_word' id='word_1_194' title='bbox 3345 1717 3441 1757; x_wconf 87' lang='lat' dir='ltr'><strong>rex</strong></span> <span class='ocrx_word' id='word_1_195' title='bbox 3481 1700 3558 1756; x_wconf 79' lang='lat' dir='ltr'><strong>la-</strong></span> 
     </span>
    </p>
   </div>
   <div class='ocr_carea' id='block_1_31' title="bbox 1964 1789 3562 1866">
    <p class='ocr_par' dir='ltr' id='par_1_31' title="bbox 1964 1789 3562 1866">
     <span class='ocr_line' id='line_1_31' title="bbox 1964 1789 3562 1866; baseline 0.001 -18"><span class='ocrx_word' id='word_1_196' title='bbox 1964 1809 2097 1866; x_wconf 87' lang='lat' dir='ltr'><strong>psus</strong></span> <span class='ocrx_word' id='word_1_197' title='bbox 2115 1799 2220 1858; x_wconf 87' lang='lat' dir='ltr'><strong>est,</strong></span> <span class='ocrx_word' id='word_1_198' title='bbox 2253 1807 2361 1847; x_wconf 90' lang='lat' dir='ltr'><strong>non</strong></span> <span class='ocrx_word' id='word_1_199' title='bbox 2386 1789 2658 1861; x_wconf 88' lang='lat' dir='ltr'><strong>quomodo</strong></span> <span class='ocrx_word' id='word_1_200' title='bbox 2685 1805 2794 1845; x_wconf 86' lang='lat' dir='ltr'><strong>una</strong></span> <span class='ocrx_word' id='word_1_201' title='bbox 2808 1789 3044 1845; x_wconf 81' lang='lat' dir='ltr'><strong>obnoxia</strong></span> <span class='ocrx_word' id='word_1_202' title='bbox 3074 1805 3332 1861; x_wconf 86' lang='lat' dir='ltr'><strong>persona,</strong></span> <span class='ocrx_word' id='word_1_203' title='bbox 3352 1792 3434 1847; x_wconf 90' lang='lat' dir='ltr'><strong>sic</strong></span> <span class='ocrx_word' id='word_1_204' title='bbox 3456 1792 3562 1849; x_wconf 88' lang='lat' dir='ltr'><strong>iste</strong></span> 
     </span>
    </p>
   </div>
   <div class='ocr_carea' id='block_1_32' title="bbox 1969 1883 3560 1956">
    <p class='ocr_par' dir='ltr' id='par_1_32' title="bbox 1969 1883 3560 1956">
     <span class='ocr_line' id='line_1_32' title="bbox 1969 1883 3560 1956; baseline -0.003 -11"><span class='ocrx_word' id='word_1_205' title='bbox 1969 1888 2223 1945; x_wconf 83' lang='lat' dir='ltr'><strong>sacerdos</strong></span> <span class='ocrx_word' id='word_1_206' title='bbox 2253 1886 2308 1940; x_wconf 85' lang='lat' dir='ltr'><strong>in</strong></span> <span class='ocrx_word' id='word_1_207' title='bbox 2345 1883 2669 1956; x_wconf 73' lang='lat' dir='ltr'><strong>profundum</strong></span> <span class='ocrx_word' id='word_1_208' title='bbox 2698 1883 3067 1954; x_wconf 60' lang='lat' dir='ltr'><strong>praecipitatus</strong></span> <span class='ocrx_word' id='word_1_209' title='bbox 3113 1893 3217 1940; x_wconf 90' lang='lat' dir='ltr'><strong>est.</strong></span> <span class='ocrx_word' id='word_1_210' title='bbox 3267 1883 3410 1941; x_wconf 80' lang='lat' dir='ltr'><strong>Ante</strong></span> <span class='ocrx_word' id='word_1_211' title='bbox 3456 1885 3560 1941; x_wconf 78' lang='lat' dir='ltr'><strong>hu-</strong></span> 
     </span>
    </p>
   </div>
   <div class='ocr_carea' id='block_1_33' title="bbox 1971 1975 3561 2049">
    <p class='ocr_par' dir='ltr' id='par_1_33' title="bbox 1971 1975 3561 2049">
     <span class='ocr_line' id='line_1_33' title="bbox 1971 1975 3561 2049; baseline -0.004 -9"><span class='ocrx_word' id='word_1_212' title='bbox 1971 1997 2163 2040; x_wconf 86' lang='lat' dir='ltr'><strong>manos</strong></span> <span class='ocrx_word' id='word_1_213' title='bbox 2191 1980 2379 2038; x_wconf 89' lang='lat' dir='ltr'><strong>oculos</strong></span> <span class='ocrx_word' id='word_1_214' title='bbox 2402 1978 2648 2049; x_wconf 89' lang='lat' dir='ltr'><strong>quietum</strong></span> <span class='ocrx_word' id='word_1_215' title='bbox 2671 1975 2819 2048; x_wconf 84' lang='lat' dir='ltr'><strong>jacet</strong></span> <span class='ocrx_word' id='word_1_216' title='bbox 2855 1990 3076 2046; x_wconf 84' lang='lat' dir='ltr'><strong>corpus,</strong></span> <span class='ocrx_word' id='word_1_217' title='bbox 3123 1977 3218 2032; x_wconf 85' lang='lat' dir='ltr'><strong>sed</strong></span> <span class='ocrx_word' id='word_1_218' title='bbox 3257 1991 3367 2033; x_wconf 91' lang='lat' dir='ltr'><strong>non</strong></span> <span class='ocrx_word' id='word_1_219' title='bbox 3405 1976 3561 2034; x_wconf 86' lang='lat' dir='ltr'><strong>vide-</strong></span> 
     </span>
    </p>
   </div>
   <div class='ocr_carea' id='block_1_34' title="bbox 1969 2065 3561 2144">
    <p class='ocr_par' dir='ltr' id='par_1_34' title="bbox 1969 2065 3561 2144">
     <span class='ocr_line' id='line_1_34' title="bbox 1969 2065 3561 2144; baseline -0.004 -14"><span class='ocrx_word' id='word_1_220' title='bbox 1969 2083 2077 2139; x_wconf 88' lang='lat' dir='ltr'><strong>tur,</strong></span> <span class='ocrx_word' id='word_1_221' title='bbox 2114 2071 2352 2144; x_wconf 85' lang='lat' dir='ltr'><strong>qualiter</strong></span> <span class='ocrx_word' id='word_1_222' title='bbox 2393 2086 2424 2125; x_wconf 90' lang='lat' dir='ltr'><strong>a</strong></span> <span class='ocrx_word' id='word_1_223' title='bbox 2472 2068 2726 2140; x_wconf 81' lang='lat' dir='ltr'><strong>malignis</strong></span> <span class='ocrx_word' id='word_1_224' title='bbox 2773 2065 3057 2138; x_wconf 84' lang='lat' dir='ltr'><strong>spiritibus</strong></span> <span class='ocrx_word' id='word_1_225' title='bbox 3099 2066 3335 2122; x_wconf 87' lang='lat' dir='ltr'><strong>trahitur</strong></span> <span class='ocrx_word' id='word_1_226' title='bbox 3377 2068 3561 2123; x_wconf 86' lang='lat' dir='ltr'><strong>anima</strong></span> 
     </span>
    </p>
   </div>
   <div class='ocr_carea' id='block_1_35' title="bbox 1971 2158 3566 2237">
    <p class='ocr_par' dir='ltr' id='par_1_35' title="bbox 1971 2158 3566 2237">
     <span class='ocr_line' id='line_1_35' title="bbox 1971 2158 3566 2237; baseline -0.004 -16"><span class='ocrx_word' id='word_1_227' title='bbox 1971 2166 2143 2237; x_wconf 82' lang='lat' dir='ltr'><strong>ipsius</strong></span> <span class='ocrx_word' id='word_1_228' title='bbox 2185 2163 2256 2219; x_wconf 90' lang='lat' dir='ltr'><strong>ad</strong></span> <span class='ocrx_word' id='word_1_229' title='bbox 2286 2176 2523 2235; x_wconf 76' lang='lat' dir='ltr'><strong>ptenam.</strong></span> <span class='ocrx_word' id='word_1_230' title='bbox 2572 2160 2643 2216; x_wconf 88' lang='lat' dir='ltr'><strong>Et</strong></span> <span class='ocrx_word' id='word_1_231' title='bbox 2668 2175 2778 2216; x_wconf 86' lang='lat' dir='ltr'><strong>non</strong></span> <span class='ocrx_word' id='word_1_232' title='bbox 2806 2158 2982 2215; x_wconf 91' lang='lat' dir='ltr'><strong>solum</strong></span> <span class='ocrx_word' id='word_1_233' title='bbox 3016 2158 3352 2229; x_wconf 77' lang='lat' dir='ltr'><strong>inspectores</strong></span> <span class='ocrx_word' id='word_1_234' title='bbox 3378 2159 3566 2217; x_wconf 51' lang='lat' dir='ltr'><strong>Ecclec</strong></span> 
     </span>
    </p>
   </div>
   <div class='ocr_carea' id='block_1_36' title="bbox 281 2241 3561 2332">
    <p class='ocr_par' dir='ltr' id='par_1_36' title="bbox 281 2241 3561 2332">
     <span class='ocr_line' id='line_1_36' title="bbox 281 2241 3561 2332; baseline -0.002 -21"><span class='ocrx_word' id='word_1_235' title='bbox 281 2256 537 2330; x_wconf 80' lang='lat' dir='ltr'><strong>Nunquid</strong></span> <span class='ocrx_word' id='word_1_236' title='bbox 578 2256 907 2312; x_wconf 85' lang='lat' dir='ltr'><strong>manducabo</strong></span> <span class='ocrx_word' id='word_1_237' title='bbox 953 2274 1136 2312; x_wconf 87' lang='lat' dir='ltr'><strong>carnes</strong></span> <span class='ocrx_word' id='word_1_238' title='bbox 1177 2267 1475 2325; x_wconf 86' lang='lat' dir='ltr'><strong>taurorum,</strong></span> <span class='ocrx_word' id='word_1_239' title='bbox 1522 2262 1614 2313; x_wconf 83' lang='lat' dir='ltr'><strong>aut</strong></span> <span class='ocrx_word' id='word_1_240' title='bbox 1650 2261 1868 2332; x_wconf 77' lang='lat' dir='ltr'><strong>sangui—</strong></span> <span class='ocrx_word' id='word_1_241' title='bbox 1894 2241 1942 2302; x_wconf 80' lang='grc' dir='ltr'><strong><em>Β</em></strong></span> <span class='ocrx_word' id='word_1_242' title='bbox 1970 2256 2068 2313; x_wconf 66' lang='lat' dir='ltr'><strong>sia:</strong></span> <span class='ocrx_word' id='word_1_243' title='bbox 2099 2270 2200 2327; x_wconf 90' lang='lat' dir='ltr'><strong>pro</strong></span> <span class='ocrx_word' id='word_1_244' title='bbox 2228 2268 2287 2311; x_wconf 91' lang='lat' dir='ltr'><strong>se</strong></span> <span class='ocrx_word' id='word_1_245' title='bbox 2314 2251 2717 2316; x_wconf 77' lang='lat' dir='ltr'><strong>examinantur,</strong></span> <span class='ocrx_word' id='word_1_246' title='bbox 2748 2248 2842 2305; x_wconf 90' lang='lat' dir='ltr'><strong>sed</strong></span> <span class='ocrx_word' id='word_1_247' title='bbox 2872 2262 2970 2319; x_wconf 87' lang='lat' dir='ltr'><strong>pro</strong></span> <span class='ocrx_word' id='word_1_248' title='bbox 2996 2247 3188 2304; x_wconf 90' lang='lat' dir='ltr'><strong>ovibus</strong></span> <span class='ocrx_word' id='word_1_249' title='bbox 3216 2249 3348 2315; x_wconf 88' lang='lat' dir='ltr'><strong>suis,</strong></span> <span class='ocrx_word' id='word_1_250' title='bbox 3381 2256 3436 2306; x_wconf 89' lang='lat' dir='ltr'><strong>et</strong></span> <span class='ocrx_word' id='word_1_251' title='bbox 3459 2264 3561 2326; x_wconf 78' lang='lat' dir='ltr'><strong>pro</strong></span> 
     </span>
    </p>
   </div>
   <div class='ocr_carea' id='block_1_37' title="bbox 272 2347 1868 2423">
    <p class='ocr_par' dir='ltr' id='par_1_37' title="bbox 272 2347 1868 2423">
     <span class='ocr_line' id='line_1_37' title="bbox 272 2347 1868 2423; baseline 0.002 -20"><span class='ocrx_word' id='word_1_252' title='bbox 272 2364 390 2403; x_wconf 83' lang='lat' dir='ltr'><strong>nem</strong></span> <span class='ocrx_word' id='word_1_253' title='bbox 422 2347 688 2402; x_wconf 73' lang='lat' dir='ltr'><strong>hircorum</strong></span> <span class='ocrx_word' id='word_1_254' title='bbox 723 2347 959 2418; x_wconf 81' lang='lat' dir='ltr'><strong>potabo?</strong></span> <span class='ocrx_word' id='word_1_255' title='bbox 1004 2347 1199 2404; x_wconf 85' lang='lat' dir='ltr'><strong>Audite</strong></span> <span class='ocrx_word' id='word_1_256' title='bbox 1230 2348 1390 2420; x_wconf 88' lang='lat' dir='ltr'><strong>[Audi</strong></span> <span class='ocrx_word' id='word_1_257' title='bbox 1432 2348 1509 2422; x_wconf 86' lang='lat' dir='ltr'><strong>et]</strong></span> <span class='ocrx_word' id='word_1_258' title='bbox 1549 2348 1713 2406; x_wconf 85' lang='lat' dir='ltr'><strong>alium</strong></span> <span class='ocrx_word' id='word_1_259' title='bbox 1740 2367 1868 2423; x_wconf 89' lang='lat' dir='ltr'><strong>pro-</strong></span> 
     </span>
    </p>
   </div>
   <div class='ocr_carea' id='block_1_38' title="bbox 270 2437 1869 2508">
    <p class='ocr_par' dir='ltr' id='par_1_38' title="bbox 270 2437 1869 2508">
     <span class='ocr_line' id='line_1_38' title="bbox 270 2437 1869 2508; baseline 0.001 -12"><span class='ocrx_word' id='word_1_260' title='bbox 270 2440 498 2508; x_wconf 82' lang='lat' dir='ltr'><strong>phetam</strong></span> <span class='ocrx_word' id='word_1_261' title='bbox 523 2437 722 2494; x_wconf 84' lang='lat' dir='ltr'><strong>Isaiam</strong></span> <span class='ocrx_word' id='word_1_262' title='bbox 755 2437 925 2493; x_wconf 77' lang='lat' dir='ltr'><strong>tilium</strong></span> <span class='ocrx_word' id='word_1_263' title='bbox 960 2439 1170 2495; x_wconf 76' lang='lat' dir='ltr'><strong>Amos:</strong></span> <span class='ocrx_word' id='word_1_264' title='bbox 1203 2437 1338 2495; x_wconf 88' lang='lat' dir='ltr'><strong>Cum</strong></span> <span class='ocrx_word' id='word_1_265' title='bbox 1371 2442 1706 2497; x_wconf 73' lang='lat' dir='ltr'><strong>ertenderitis</strong></span> <span class='ocrx_word' id='word_1_266' title='bbox 1753 2459 1869 2498; x_wconf 72' lang='lat' dir='ltr'><strong>nia-</strong></span> 
     </span>
    </p>
   </div>
   <div class='ocr_carea' id='block_1_39' title="bbox 270 2530 1871 2598">
    <p class='ocr_par' dir='ltr' id='par_1_39' title="bbox 270 2530 1871 2598">
     <span class='ocr_line' id='line_1_39' title="bbox 270 2530 1871 2598; baseline 0.002 -13"><span class='ocrx_word' id='word_1_267' title='bbox 270 2547 375 2585; x_wconf 83' lang='lat' dir='ltr'><strong>nus</strong></span> <span class='ocrx_word' id='word_1_268' title='bbox 405 2539 624 2596; x_wconf 77' lang='lat' dir='ltr'><strong>vestras,</strong></span> <span class='ocrx_word' id='word_1_269' title='bbox 656 2538 884 2584; x_wconf 77' lang='lat' dir='ltr'><strong>avertam</strong></span> <span class='ocrx_word' id='word_1_270' title='bbox 910 2530 1088 2585; x_wconf 86' lang='lat' dir='ltr'><strong>oculos</strong></span> <span class='ocrx_word' id='word_1_271' title='bbox 1108 2545 1249 2586; x_wconf 83' lang='lat' dir='ltr'><strong>meos</strong></span> <span class='ocrx_word' id='word_1_272' title='bbox 1268 2549 1301 2586; x_wconf 91' lang='lat' dir='ltr'><strong>a</strong></span> <span class='ocrx_word' id='word_1_273' title='bbox 1321 2532 1485 2598; x_wconf 79' lang='lat' dir='ltr'><strong>vobis,</strong></span> <span class='ocrx_word' id='word_1_274' title='bbox 1510 2541 1561 2587; x_wconf 88' lang='lat' dir='ltr'><strong>et</strong></span> <span class='ocrx_word' id='word_1_275' title='bbox 1586 2549 1706 2588; x_wconf 86' lang='lat' dir='ltr'><strong>cum</strong></span> <span class='ocrx_word' id='word_1_276' title='bbox 1732 2534 1871 2589; x_wconf 78' lang='lat' dir='ltr'><strong>mai-</strong></span> 
     </span>
    </p>
   </div>
   <div class='ocr_carea' id='block_1_40' title="bbox 275 2620 1870 2691">
    <p class='ocr_par' dir='ltr' id='par_1_40' title="bbox 275 2620 1870 2691">
     <span class='ocr_line' id='line_1_40' title="bbox 275 2620 1870 2691; baseline 0.003 -17"><span class='ocrx_word' id='word_1_277' title='bbox 275 2620 637 2691; x_wconf 76' lang='lat' dir='ltr'><strong>tiplicaueritis</strong></span> <span class='ocrx_word' id='word_1_278' title='bbox 681 2635 888 2691; x_wconf 80' lang='lat' dir='ltr'><strong>preces,</strong></span> <span class='ocrx_word' id='word_1_279' title='bbox 938 2637 1044 2675; x_wconf 85' lang='lat' dir='ltr'><strong>non</strong></span> <span class='ocrx_word' id='word_1_280' title='bbox 1085 2622 1325 2676; x_wconf 83' lang='lat' dir='ltr'><strong>audiam.</strong></span> <span class='ocrx_word' id='word_1_281' title='bbox 1378 2622 1598 2690; x_wconf 85' lang='lat' dir='ltr'><strong>Quare?</strong></span> <span class='ocrx_word' id='word_1_282' title='bbox 1647 2623 1746 2679; x_wconf 88' lang='lat' dir='ltr'><strong>Ubi</strong></span> <span class='ocrx_word' id='word_1_283' title='bbox 1794 2634 1870 2681; x_wconf 85' lang='lat' dir='ltr'><strong>est</strong></span> 
     </span>
    </p>
   </div>
   <div class='ocr_carea' id='block_1_41' title="bbox 269 2710 1872 2787">
    <p class='ocr_par' dir='ltr' id='par_1_41' title="bbox 269 2710 1872 2787">
     <span class='ocr_line' id='line_1_41' title="bbox 269 2710 1872 2787; baseline 0.001 -20"><span class='ocrx_word' id='word_1_284' title='bbox 269 2712 450 2780; x_wconf 85' lang='lat' dir='ltr'><strong>gloria</strong></span> <span class='ocrx_word' id='word_1_285' title='bbox 478 2710 738 2768; x_wconf 72' lang='lat' dir='ltr'><strong>Domiti?</strong></span> <span class='ocrx_word' id='word_1_286' title='bbox 787 2710 1068 2767; x_wconf 87' lang='lat' dir='ltr'><strong>Invocabis</strong></span> <span class='ocrx_word' id='word_1_287' title='bbox 1107 2711 1273 2783; x_wconf 83' lang='lat' dir='ltr'><strong>[Ergo</strong></span> <span class='ocrx_word' id='word_1_288' title='bbox 1309 2711 1501 2769; x_wconf 85' lang='lat' dir='ltr'><strong>David.</strong></span> <span class='ocrx_word' id='word_1_289' title='bbox 1541 2713 1757 2787; x_wconf 78' lang='lat' dir='ltr'><strong>[avoca]</strong></span> <span class='ocrx_word' id='word_1_290' title='bbox 1791 2731 1872 2769; x_wconf 88' lang='lat' dir='ltr'><strong>me</strong></span> 
     </span>
    </p>
   </div>
   <div class='ocr_carea' id='block_1_42' title="bbox 271 2803 1872 2879">
    <p class='ocr_par' dir='ltr' id='par_1_42' title="bbox 271 2803 1872 2879">
     <span class='ocr_line' id='line_1_42' title="bbox 271 2803 1872 2879; baseline 0.002 -19"><span class='ocrx_word' id='word_1_291' title='bbox 271 2806 331 2860; x_wconf 87' lang='lat' dir='ltr'><strong>in</strong></span> <span class='ocrx_word' id='word_1_292' title='bbox 375 2804 463 2859; x_wconf 86' lang='lat' dir='ltr'><strong>die</strong></span> <span class='ocrx_word' id='word_1_293' title='bbox 497 2803 850 2858; x_wconf 75' lang='lat' dir='ltr'><strong>tribulationis</strong></span> <span class='ocrx_word' id='word_1_294' title='bbox 875 2806 1019 2870; x_wconf 63' lang='lat' dir='ltr'><strong>‘tua’,</strong></span> <span class='ocrx_word' id='word_1_295' title='bbox 1067 2805 1284 2877; x_wconf 84' lang='lat' dir='ltr'><strong>eripiam</strong></span> <span class='ocrx_word' id='word_1_296' title='bbox 1323 2815 1395 2871; x_wconf 86' lang='lat' dir='ltr'><strong>te,</strong></span> <span class='ocrx_word' id='word_1_297' title='bbox 1433 2815 1481 2862; x_wconf 91' lang='lat' dir='ltr'><strong>et</strong></span> <span class='ocrx_word' id='word_1_298' title='bbox 1512 2808 1872 2879; x_wconf 83' lang='lat' dir='ltr'><strong>magniﬁcabis</strong></span> 
     </span>
    </p>
   </div>
   <div class='ocr_carea' id='block_1_43' title="bbox 266 2893 1873 2965">
    <p class='ocr_par' dir='ltr' id='par_1_43' title="bbox 266 2893 1873 2965">
     <span class='ocr_line' id='line_1_43' title="bbox 266 2893 1873 2965; baseline 0.002 -15"><span class='ocrx_word' id='word_1_299' title='bbox 266 2913 378 2955; x_wconf 83' lang='lat' dir='ltr'><strong>me.</strong></span> <span class='ocrx_word' id='word_1_300' title='bbox 421 2894 583 2950; x_wconf 86' lang='lat' dir='ltr'><strong>Certe</strong></span> <span class='ocrx_word' id='word_1_301' title='bbox 612 2903 669 2949; x_wconf 90' lang='lat' dir='ltr'><strong>et</strong></span> <span class='ocrx_word' id='word_1_302' title='bbox 696 2893 833 2949; x_wconf 68' lang='lat' dir='ltr'><strong>alter</strong></span> <span class='ocrx_word' id='word_1_303' title='bbox 858 2895 1119 2965; x_wconf 85' lang='lat' dir='ltr'><strong>propheta</strong></span> <span class='ocrx_word' id='word_1_304' title='bbox 1147 2913 1160 2949; x_wconf 90' lang='lat'><strong>:</strong></span> <span class='ocrx_word' id='word_1_305' title='bbox 1185 2895 1251 2949; x_wconf 86' lang='lat' dir='ltr'><strong>In</strong></span> <span class='ocrx_word' id='word_1_306' title='bbox 1277 2896 1362 2952; x_wconf 89' lang='lat' dir='ltr'><strong>die</strong></span> <span class='ocrx_word' id='word_1_307' title='bbox 1384 2897 1738 2954; x_wconf 78' lang='lat' dir='ltr'><strong>tribulationis</strong></span> <span class='ocrx_word' id='word_1_308' title='bbox 1764 2900 1873 2955; x_wconf 88' lang='lat' dir='ltr'><strong>cla-</strong></span> 
     </span>
    </p>
   </div>
   <div class='ocr_carea' id='block_1_44' title="bbox 271 2982 1875 3060">
    <p class='ocr_par' dir='ltr' id='par_1_44' title="bbox 271 2982 1875 3060">
     <span class='ocr_line' id='line_1_44' title="bbox 271 2982 1875 3060; baseline 0.004 -20"><span class='ocrx_word' id='word_1_309' title='bbox 271 2985 518 3049; x_wconf 81' lang='lat' dir='ltr'><strong>mabunt,</strong></span> <span class='ocrx_word' id='word_1_310' title='bbox 568 2993 617 3038; x_wconf 85' lang='lat' dir='ltr'><strong>et</strong></span> <span class='ocrx_word' id='word_1_311' title='bbox 663 2984 967 3039; x_wconf 65' lang='lat' dir='ltr'><strong>exauditam.</strong></span> <span class='ocrx_word' id='word_1_312' title='bbox 1014 2982 1174 3041; x_wconf 75' lang='lat' dir='ltr'><strong>Modo</strong></span> <span class='ocrx_word' id='word_1_313' title='bbox 1207 2985 1376 3056; x_wconf 81' lang='lat' dir='ltr'><strong>quid?</strong></span> <span class='ocrx_word' id='word_1_314' title='bbox 1426 2986 1529 3042; x_wconf 80' lang='lat' dir='ltr'><strong>Ubi</strong></span> <span class='ocrx_word' id='word_1_315' title='bbox 1571 2998 1701 3060; x_wconf 77' lang='lat' dir='ltr'><strong>ergo</strong></span> <span class='ocrx_word' id='word_1_316' title='bbox 1732 2988 1875 3047; x_wconf 83' lang='lat' dir='ltr'><strong>Isaia</strong></span> 
     </span>
    </p>
   </div>
   <div class='ocr_carea' id='block_1_45' title="bbox 270 3075 1874 3145">
    <p class='ocr_par' dir='ltr' id='par_1_45' title="bbox 270 3075 1874 3145">
     <span class='ocr_line' id='line_1_45' title="bbox 270 3075 1874 3145; baseline 0.004 -15"><span class='ocrx_word' id='word_1_317' title='bbox 270 3075 613 3139; x_wconf 75' lang='lat' dir='ltr'><strong>vaticinium,</strong></span> <span class='ocrx_word' id='word_1_318' title='bbox 638 3076 781 3145; x_wconf 87' lang='lat' dir='ltr'><strong>quod</strong></span> <span class='ocrx_word' id='word_1_319' title='bbox 816 3075 1000 3131; x_wconf 84' lang='lat' dir='ltr'><strong>dixisti</strong></span> <span class='ocrx_word' id='word_1_320' title='bbox 1029 3095 1042 3130; x_wconf 91' lang='lat'><strong>:</strong></span> <span class='ocrx_word' id='word_1_321' title='bbox 1078 3075 1206 3131; x_wconf 71' lang='lat' dir='ltr'><strong>Ha’c</strong></span> <span class='ocrx_word' id='word_1_322' title='bbox 1247 3077 1374 3131; x_wconf 82' lang='lat' dir='ltr'><strong>dicit</strong></span> <span class='ocrx_word' id='word_1_323' title='bbox 1411 3078 1667 3136; x_wconf 85' lang='lat' dir='ltr'><strong>Dominus</strong></span> <span class='ocrx_word' id='word_1_324' title='bbox 1696 3098 1714 3137; x_wconf 91' lang='lat'><strong><em>:</em></strong></span> <span class='ocrx_word' id='word_1_325' title='bbox 1742 3079 1874 3137; x_wconf 86' lang='lat' dir='ltr'><strong>Cum</strong></span> 
     </span>
    </p>
   </div>
   <div class='ocr_carea' id='block_1_46' title="bbox 280 3165 1875 3242">
    <p class='ocr_par' dir='ltr' id='par_1_46' title="bbox 280 3165 1875 3242">
     <span class='ocr_line' id='line_1_46' title="bbox 280 3165 1875 3242; baseline 0.006 -23"><span class='ocrx_word' id='word_1_326' title='bbox 280 3170 591 3234; x_wconf 63' lang='lat' dir='ltr'><strong>deprecatus</strong></span> <span class='ocrx_word' id='word_1_327' title='bbox 622 3181 739 3219; x_wconf 82' lang='lat' dir='ltr'><strong>eum</strong></span> <span class='ocrx_word' id='word_1_328' title='bbox 769 3165 955 3236; x_wconf 60' lang='lat' dir='ltr'><strong>funis,</strong></span> <span class='ocrx_word' id='word_1_329' title='bbox 982 3166 1161 3221; x_wconf 78' lang='lat' dir='ltr'><strong>adhuc</strong></span> <span class='ocrx_word' id='word_1_330' title='bbox 1183 3176 1237 3223; x_wconf 82' lang='lat' dir='ltr'><strong>te</strong></span> <span class='ocrx_word' id='word_1_331' title='bbox 1256 3166 1504 3242; x_wconf 69' lang='lat' dir='ltr'><strong>loquente</strong></span> <span class='ocrx_word' id='word_1_332' title='bbox 1527 3171 1665 3227; x_wconf 85' lang='lat' dir='ltr'><strong>dicet</strong></span> <span class='ocrx_word' id='word_1_333' title='bbox 1693 3186 1713 3226; x_wconf 91' lang='lat'><strong><em>:</em></strong></span> <span class='ocrx_word' id='word_1_334' title='bbox 1739 3171 1875 3228; x_wconf 87' lang='lat' dir='ltr'><strong>Ecce</strong></span> 
     </span>
    </p>
   </div>
   <div class='ocr_carea' id='block_1_47' title="bbox 268 3253 1877 3328">
    <p class='ocr_par' dir='ltr' id='par_1_47' title="bbox 268 3253 1877 3328">
     <span class='ocr_line' id='line_1_47' title="bbox 268 3253 1877 3328; baseline 0.008 -21"><span class='ocrx_word' id='word_1_335' title='bbox 268 3253 520 3308; x_wconf 85' lang='lat' dir='ltr'><strong>adsum?</strong></span> <span class='ocrx_word' id='word_1_336' title='bbox 563 3253 608 3308; x_wconf 88' lang='lat' dir='ltr'><strong>E</strong></span> <span class='ocrx_word' id='word_1_337' title='bbox 656 3253 747 3325; x_wconf 80' lang='lat' dir='ltr'><strong>[Et</strong></span> <span class='ocrx_word' id='word_1_338' title='bbox 789 3253 841 3328; x_wconf 92' lang='lat' dir='ltr'><strong>e]</strong></span> <span class='ocrx_word' id='word_1_339' title='bbox 885 3258 1161 3313; x_wconf 87' lang='lat' dir='ltr'><strong>contrario</strong></span> <span class='ocrx_word' id='word_1_340' title='bbox 1212 3258 1383 3314; x_wconf 88' lang='lat' dir='ltr'><strong>dicit:</strong></span> <span class='ocrx_word' id='word_1_341' title='bbox 1414 3261 1659 3317; x_wconf 83' lang='lat' dir='ltr'><strong>Avertam</strong></span> <span class='ocrx_word' id='word_1_342' title='bbox 1699 3263 1877 3319; x_wconf 85' lang='lat' dir='ltr'><strong>oculos</strong></span> 
     </span>
    </p>
   </div>
   <div class='ocr_carea' id='block_1_48' title="bbox 274 3345 1873 3419">
    <p class='ocr_par' dir='ltr' id='par_1_48' title="bbox 274 3345 1873 3419">
     <span class='ocr_line' id='line_1_48' title="bbox 274 3345 1873 3419; baseline 0.009 -20"><span class='ocrx_word' id='word_1_343' title='bbox 274 3363 424 3405; x_wconf 81' lang='lat' dir='ltr'><strong>meos</strong></span> <span class='ocrx_word' id='word_1_344' title='bbox 454 3363 487 3398; x_wconf 92' lang='lat' dir='ltr'><strong>a</strong></span> <span class='ocrx_word' id='word_1_345' title='bbox 514 3345 673 3401; x_wconf 79' lang='lat' dir='ltr'><strong>vobis.</strong></span> <span class='ocrx_word' id='word_1_346' title='bbox 716 3346 835 3403; x_wconf 88' lang='lat' dir='ltr'><strong>Una</strong></span> <span class='ocrx_word' id='word_1_347' title='bbox 864 3363 965 3403; x_wconf 91' lang='lat' dir='ltr'><strong>vox</strong></span> <span class='ocrx_word' id='word_1_348' title='bbox 998 3348 1236 3405; x_wconf 59' lang='lat' dir='ltr'><strong>laetiﬁcat</strong></span> <span class='ocrx_word' id='word_1_349' title='bbox 1272 3366 1391 3419; x_wconf 92' lang='lat' dir='ltr'><strong>nos,</strong></span> <span class='ocrx_word' id='word_1_350' title='bbox 1423 3353 1528 3408; x_wconf 88' lang='lat' dir='ltr'><strong>alia</strong></span> <span class='ocrx_word' id='word_1_351' title='bbox 1566 3358 1873 3413; x_wconf 85' lang='lat' dir='ltr'><strong>contristat.</strong></span> 
     </span>
    </p>
   </div>
   <div class='ocr_carea' id='block_1_49' title="bbox 272 3436 1877 3518">
    <p class='ocr_par' dir='ltr' id='par_1_49' title="bbox 272 3436 1877 3518">
     <span class='ocr_line' id='line_1_49' title="bbox 272 3436 1877 3518; baseline 0.005 -26"><span class='ocrx_word' id='word_1_352' title='bbox 272 3436 350 3492; x_wconf 80' lang='lat' dir='ltr'><strong>Et</strong></span> <span class='ocrx_word' id='word_1_353' title='bbox 372 3451 547 3506; x_wconf 89' lang='lat' dir='ltr'><strong>quare</strong></span> <span class='ocrx_word' id='word_1_354' title='bbox 570 3451 670 3491; x_wconf 85' lang='lat' dir='ltr'><strong>nos</strong></span> <span class='ocrx_word' id='word_1_355' title='bbox 696 3453 805 3492; x_wconf 88' lang='lat' dir='ltr'><strong>non</strong></span> <span class='ocrx_word' id='word_1_356' title='bbox 831 3438 1084 3496; x_wconf 77' lang='lat' dir='ltr'><strong>exaudiet</strong></span> <span class='ocrx_word' id='word_1_357' title='bbox 1105 3439 1367 3497; x_wconf 77' lang='lat' dir='ltr'><strong>Dominus</strong></span> <span class='ocrx_word' id='word_1_358' title='bbox 1396 3442 1585 3518; x_wconf 78' lang='lat' dir='ltr'><strong>[Deus]</strong></span> <span class='ocrx_word' id='word_1_359' title='bbox 1615 3446 1877 3504; x_wconf 83' lang='lat' dir='ltr'><strong>invocan-</strong></span> 
     </span>
    </p>
   </div>
   <div class='ocr_carea' id='block_1_50' title="bbox 279 3525 1879 3604">
    <p class='ocr_par' dir='ltr' id='par_1_50' title="bbox 279 3525 1879 3604">
     <span class='ocr_line' id='line_1_50' title="bbox 279 3525 1879 3604; baseline 0.006 -21"><span class='ocrx_word' id='word_1_360' title='bbox 279 3536 366 3583; x_wconf 83' lang='lat' dir='ltr'><strong>tes</strong></span> <span class='ocrx_word' id='word_1_361' title='bbox 394 3526 499 3582; x_wconf 77' lang='lat' dir='ltr'><strong>se?</strong></span> <span class='ocrx_word' id='word_1_362' title='bbox 523 3525 692 3583; x_wconf 83' lang='lat' dir='ltr'><strong>[mmo</strong></span> <span class='ocrx_word' id='word_1_363' title='bbox 715 3529 986 3595; x_wconf 79' lang='lat' dir='ltr'><strong>exaudiet,</strong></span> <span class='ocrx_word' id='word_1_364' title='bbox 1020 3532 1122 3586; x_wconf 88' lang='lat' dir='ltr'><strong>sed</strong></span> <span class='ocrx_word' id='word_1_365' title='bbox 1144 3532 1462 3588; x_wconf 86' lang='lat' dir='ltr'><strong>moriemur.</strong></span> <span class='ocrx_word' id='word_1_366' title='bbox 1485 3534 1624 3591; x_wconf 79' lang='lat' dir='ltr'><strong>Audi</strong></span> <span class='ocrx_word' id='word_1_367' title='bbox 1653 3554 1667 3591; x_wconf 90' lang='lat'><strong>:</strong></span> <span class='ocrx_word' id='word_1_368' title='bbox 1699 3534 1879 3604; x_wconf 80' lang='lat' dir='ltr'><strong>Quare</strong></span> 
     </span>
    </p>
   </div>
   <div class='ocr_carea' id='block_1_51' title="bbox 278 3619 1878 3692">
    <p class='ocr_par' dir='ltr' id='par_1_51' title="bbox 278 3619 1878 3692">
     <span class='ocr_line' id='line_1_51' title="bbox 278 3619 1878 3692; baseline 0.008 -22"><span class='ocrx_word' id='word_1_369' title='bbox 278 3633 475 3671; x_wconf 74' lang='lat' dir='ltr'><strong>manus</strong></span> <span class='ocrx_word' id='word_1_370' title='bbox 494 3624 679 3672; x_wconf 69' lang='lat' dir='ltr'><strong>restria</strong></span> <span class='ocrx_word' id='word_1_371' title='bbox 700 3620 955 3689; x_wconf 82' lang='lat' dir='ltr'><strong>sanguine</strong></span> <span class='ocrx_word' id='word_1_372' title='bbox 978 3619 1146 3692; x_wconf 72' lang='lat' dir='ltr'><strong>plena:</strong></span> <span class='ocrx_word' id='word_1_373' title='bbox 1170 3631 1292 3678; x_wconf 83' lang='lat' dir='ltr'><strong>sunt</strong></span> <span class='ocrx_word' id='word_1_374' title='bbox 1314 3623 1340 3677; x_wconf 84' lang='lat'><strong>.’</strong></span> <span class='ocrx_word' id='word_1_375' title='bbox 1377 3622 1670 3692; x_wconf 85' lang='lat' dir='ltr'><strong>Lavamini,</strong></span> <span class='ocrx_word' id='word_1_376' title='bbox 1693 3627 1878 3687; x_wconf 82' lang='lat' dir='ltr'><strong>mundi</strong></span> 
     </span>
    </p>
   </div>
   <div class='ocr_carea' id='block_1_52' title="bbox 278 3706 1882 3781">
    <p class='ocr_par' dir='ltr' id='par_1_52' title="bbox 278 3706 1882 3781">
     <span class='ocr_line' id='line_1_52' title="bbox 278 3706 1882 3781; baseline 0.008 -21"><span class='ocrx_word' id='word_1_377' title='bbox 278 3716 471 3773; x_wconf 83' lang='lat' dir='ltr'><strong>estote,</strong></span> <span class='ocrx_word' id='word_1_378' title='bbox 496 3707 700 3777; x_wconf 75' lang='lat' dir='ltr'><strong>auferte</strong></span> <span class='ocrx_word' id='word_1_379' title='bbox 720 3706 920 3763; x_wconf 81' lang='lat' dir='ltr'><strong>malum</strong></span> <span class='ocrx_word' id='word_1_380' title='bbox 945 3710 1323 3781; x_wconf 82' lang='lat' dir='ltr'><strong>cogitationum</strong></span> <span class='ocrx_word' id='word_1_381' title='bbox 1352 3725 1639 3771; x_wconf 76' lang='lat' dir='ltr'><strong>vestrarum</strong></span> <span class='ocrx_word' id='word_1_382' title='bbox 1668 3717 1733 3772; x_wconf 75' lang='lat' dir='ltr'><strong>ab</strong></span> <span class='ocrx_word' id='word_1_383' title='bbox 1757 3734 1882 3773; x_wconf 59' lang='lat' dir='ltr'><strong>ocuo</strong></span> 
     </span>
    </p>
   </div>
   <div class='ocr_carea' id='block_1_53' title="bbox 281 3798 1882 3882">
    <p class='ocr_par' dir='ltr' id='par_1_53' title="bbox 281 3798 1882 3882">
     <span class='ocr_line' id='line_1_53' title="bbox 281 3798 1882 3882; baseline 0.01 -32"><span class='ocrx_word' id='word_1_384' title='bbox 281 3798 349 3853; x_wconf 87' lang='lat' dir='ltr'><strong>lis</strong></span> <span class='ocrx_word' id='word_1_385' title='bbox 376 3801 537 3865; x_wconf 83' lang='lat' dir='ltr'><strong>meis;</strong></span> <span class='ocrx_word' id='word_1_386' title='bbox 569 3802 785 3870; x_wconf 71' lang='lat' dir='ltr'><strong>quies-ite</strong></span> <span class='ocrx_word' id='word_1_387' title='bbox 804 3802 1097 3871; x_wconf 75' lang='lat' dir='ltr'><strong>judicium,</strong></span> <span class='ocrx_word' id='word_1_388' title='bbox 1117 3806 1384 3862; x_wconf 73' lang='lat' dir='ltr'><strong>subvenite</strong></span> <span class='ocrx_word' id='word_1_389' title='bbox 1411 3822 1677 3879; x_wconf 85' lang='lat' dir='ltr'><strong>oppresso,</strong></span> <span class='ocrx_word' id='word_1_390' title='bbox 1706 3810 1882 3882; x_wconf 80' lang='lat' dir='ltr'><strong>defen-</strong></span> 
     </span>
    </p>
   </div>
   <div class='ocr_carea' id='block_1_54' title="bbox 284 3889 1877 3967">
    <p class='ocr_par' dir='ltr' id='par_1_54' title="bbox 284 3889 1877 3967">
     <span class='ocr_line' id='line_1_54' title="bbox 284 3889 1877 3967; baseline 0.009 -25"><span class='ocrx_word' id='word_1_391' title='bbox 284 3889 396 3944; x_wconf 83' lang='lat' dir='ltr'><strong>dite</strong></span> <span class='ocrx_word' id='word_1_392' title='bbox 419 3891 628 3956; x_wconf 80' lang='lat' dir='ltr'><strong>oiduas,</strong></span> <span class='ocrx_word' id='word_1_393' title='bbox 658 3900 707 3945; x_wconf 87' lang='lat' dir='ltr'><strong>et</strong></span> <span class='ocrx_word' id='word_1_394' title='bbox 734 3893 920 3959; x_wconf 81' lang='lat' dir='ltr'><strong>venite,</strong></span> <span class='ocrx_word' id='word_1_395' title='bbox 958 3902 1008 3948; x_wconf 85' lang='lat' dir='ltr'><strong>et</strong></span> <span class='ocrx_word' id='word_1_396' title='bbox 1039 3895 1242 3967; x_wconf 84' lang='lat' dir='ltr'><strong>arguite</strong></span> <span class='ocrx_word' id='word_1_397' title='bbox 1282 3912 1381 3963; x_wconf 87' lang='lat' dir='ltr'><strong>me,</strong></span> <span class='ocrx_word' id='word_1_398' title='bbox 1426 3897 1569 3953; x_wconf 77' lang='lat' dir='ltr'><strong>dicit</strong></span> <span class='ocrx_word' id='word_1_399' title='bbox 1595 3899 1877 3957; x_wconf 86' lang='lat' dir='ltr'><strong>Dominus.</strong></span> 
     </span>
    </p>
   </div>
   <div class='ocr_carea' id='block_1_55' title="bbox 290 3978 1883 4060">
    <p class='ocr_par' dir='ltr' id='par_1_55' title="bbox 290 3978 1883 4060">
     <span class='ocr_line' id='line_1_55' title="bbox 290 3978 1883 4060; baseline 0.008 -27"><span class='ocrx_word' id='word_1_400' title='bbox 290 3978 359 4034; x_wconf 87' lang='lat' dir='ltr'><strong>Et</strong></span> <span class='ocrx_word' id='word_1_401' title='bbox 388 3981 626 4035; x_wconf 87' lang='lat' dir='ltr'><strong>iterum:</strong></span> <span class='ocrx_word' id='word_1_402' title='bbox 658 3978 764 4036; x_wconf 75' lang='lat' dir='ltr'><strong>Ven</strong></span> <span class='ocrx_word' id='word_1_403' title='bbox 801 3981 891 4053; x_wconf 85' lang='lat' dir='ltr'><strong>qui</strong></span> <span class='ocrx_word' id='word_1_404' title='bbox 928 3982 1238 4054; x_wconf 75' lang='lat' dir='ltr'><strong>justiﬁeatis</strong></span> <span class='ocrx_word' id='word_1_405' title='bbox 1282 3987 1523 4058; x_wconf 84' lang='lat' dir='ltr'><strong>impium,</strong></span> <span class='ocrx_word' id='word_1_406' title='bbox 1558 3997 1610 4044; x_wconf 85' lang='lat' dir='ltr'><strong>et</strong></span> <span class='ocrx_word' id='word_1_407' title='bbox 1638 4006 1735 4060; x_wconf 82' lang='lat' dir='ltr'><strong>pro</strong></span> <span class='ocrx_word' id='word_1_408' title='bbox 1764 4007 1883 4045; x_wconf 84' lang='lat' dir='ltr'><strong>mtt-</strong></span> 
     </span>
    </p>
   </div>
   <div class='ocr_carea' id='block_1_56' title="bbox 288 4072 1882 4150">
    <p class='ocr_par' dir='ltr' id='par_1_56' title="bbox 288 4072 1882 4150">
     <span class='ocr_line' id='line_1_56' title="bbox 288 4072 1882 4150; baseline 0.008 -25"><span class='ocrx_word' id='word_1_409' title='bbox 288 4089 413 4127; x_wconf 88' lang='lat' dir='ltr'><strong>nere</strong></span> <span class='ocrx_word' id='word_1_410' title='bbox 442 4072 801 4128; x_wconf 80' lang='lat' dir='ltr'><strong>condemnatis</strong></span> <span class='ocrx_word' id='word_1_411' title='bbox 818 4074 1046 4146; x_wconf 77' lang='lat' dir='ltr'><strong>justum.</strong></span> <span class='ocrx_word' id='word_1_412' title='bbox 1102 4076 1208 4132; x_wconf 75' lang='lat' dir='ltr'><strong>Velz</strong></span> <span class='ocrx_word' id='word_1_413' title='bbox 1233 4079 1325 4150; x_wconf 88' lang='lat' dir='ltr'><strong>qui</strong></span> <span class='ocrx_word' id='word_1_414' title='bbox 1351 4079 1524 4136; x_wconf 82' lang='lat' dir='ltr'><strong>dicitis</strong></span> <span class='ocrx_word' id='word_1_415' title='bbox 1552 4081 1747 4136; x_wconf 82' lang='lat' dir='ltr'><strong>bonum</strong></span> <span class='ocrx_word' id='word_1_416' title='bbox 1770 4098 1882 4138; x_wconf 84' lang='lat' dir='ltr'><strong>esse</strong></span> 
     </span>
    </p>
   </div>
   <div class='ocr_carea' id='block_1_57' title="bbox 290 4164 1881 4246">
    <p class='ocr_par' dir='ltr' id='par_1_57' title="bbox 290 4164 1881 4246">
     <span class='ocr_line' id='line_1_57' title="bbox 290 4164 1881 4246; baseline 0.008 -27"><span class='ocrx_word' id='word_1_417' title='bbox 290 4164 517 4229; x_wconf 75' lang='lat' dir='ltr'><strong>mlunt,</strong></span> <span class='ocrx_word' id='word_1_418' title='bbox 539 4174 591 4219; x_wconf 87' lang='lat' dir='ltr'><strong>et</strong></span> <span class='ocrx_word' id='word_1_419' title='bbox 616 4166 815 4221; x_wconf 82' lang='lat' dir='ltr'><strong>malum</strong></span> <span class='ocrx_word' id='word_1_420' title='bbox 847 4168 1037 4223; x_wconf 82' lang='lat' dir='ltr'><strong>bonum</strong></span> <span class='ocrx_word' id='word_1_421' title='bbox 1075 4169 1272 4236; x_wconf 86' lang='lat' dir='ltr'><strong>dicitis,</strong></span> <span class='ocrx_word' id='word_1_422' title='bbox 1296 4172 1423 4244; x_wconf 82' lang='lat' dir='ltr'><strong>quia</strong></span> <span class='ocrx_word' id='word_1_423' title='bbox 1452 4189 1558 4228; x_wconf 86' lang='lat' dir='ltr'><strong>non</strong></span> <span class='ocrx_word' id='word_1_424' title='bbox 1591 4182 1667 4229; x_wconf 86' lang='lat' dir='ltr'><strong>est</strong></span> <span class='ocrx_word' id='word_1_425' title='bbox 1704 4174 1881 4246; x_wconf 86' lang='lat' dir='ltr'><strong>impiis</strong></span> 
     </span>
    </p>
   </div>
   <div class='ocr_carea' id='block_1_58' title="bbox 288 4256 1883 4334">
    <p class='ocr_par' dir='ltr' id='par_1_58' title="bbox 288 4256 1883 4334">
     <span class='ocr_line' id='line_1_58' title="bbox 288 4256 1883 4334; baseline 0.01 -24"><span class='ocrx_word' id='word_1_426' title='bbox 288 4256 549 4328; x_wconf 83' lang='lat' dir='ltr'><strong>gaudere,</strong></span> <span class='ocrx_word' id='word_1_427' title='bbox 589 4256 715 4310; x_wconf 87' lang='lat' dir='ltr'><strong>dicit</strong></span> <span class='ocrx_word' id='word_1_428' title='bbox 752 4256 1029 4316; x_wconf 87' lang='lat' dir='ltr'><strong>Dominus.</strong></span> <span class='ocrx_word' id='word_1_429' title='bbox 1081 4259 1188 4318; x_wconf 80' lang='lat' dir='ltr'><strong>Sed</strong></span> <span class='ocrx_word' id='word_1_430' title='bbox 1227 4264 1274 4318; x_wconf 89' lang='lat' dir='ltr'><strong>si</strong></span> <span class='ocrx_word' id='word_1_431' title='bbox 1318 4263 1534 4334; x_wconf 74' lang='lat' dir='ltr'><strong>auferas</strong></span> <span class='ocrx_word' id='word_1_432' title='bbox 1570 4282 1604 4319; x_wconf 90' lang='lat' dir='ltr'><strong>a</strong></span> <span class='ocrx_word' id='word_1_433' title='bbox 1640 4276 1691 4321; x_wconf 86' lang='lat' dir='ltr'><strong>te</strong></span> <span class='ocrx_word' id='word_1_434' title='bbox 1729 4285 1883 4325; x_wconf 84' lang='lat' dir='ltr'><strong>omne</strong></span> 
     </span>
    </p>
   </div>
   <div class='ocr_carea' id='block_1_59' title="bbox 288 4345 1882 4420">
    <p class='ocr_par' dir='ltr' id='par_1_59' title="bbox 288 4345 1882 4420">
     <span class='ocr_line' id='line_1_59' title="bbox 288 4345 1882 4420; baseline 0.009 -17"><span class='ocrx_word' id='word_1_435' title='bbox 288 4345 563 4403; x_wconf 74' lang='lat' dir='ltr'><strong>vinarium</strong></span> <span class='ocrx_word' id='word_1_436' title='bbox 606 4350 898 4420; x_wconf 84' lang='lat' dir='ltr'><strong>iniquitatis</strong></span> <span class='ocrx_word' id='word_1_437' title='bbox 920 4390 936 4416; x_wconf 91' lang='lat'><strong>,</strong></span> <span class='ocrx_word' id='word_1_438' title='bbox 976 4361 1024 4407; x_wconf 89' lang='lat' dir='ltr'><strong>et</strong></span> <span class='ocrx_word' id='word_1_439' title='bbox 1072 4354 1282 4409; x_wconf 71' lang='lat' dir='ltr'><strong>verbum</strong></span> <span class='ocrx_word' id='word_1_440' title='bbox 1324 4360 1757 4415; x_wconf 78' lang='lat' dir='ltr'><strong>mumurationis</strong></span> <span class='ocrx_word' id='word_1_441' title='bbox 1786 4374 1806 4413; x_wconf 86' lang='lat'><strong>.&#39;</strong></span> <span class='ocrx_word' id='word_1_442' title='bbox 1829 4369 1882 4417; x_wconf 85' lang='lat' dir='ltr'><strong>et</strong></span> 
     </span>
    </p>
   </div>
   <div class='ocr_carea' id='block_1_60' title="bbox 287 4440 1884 4514">
    <p class='ocr_par' dir='ltr' id='par_1_60' title="bbox 287 4440 1884 4514">
     <span class='ocr_line' id='line_1_60' title="bbox 287 4440 1884 4514; baseline 0.009 -20"><span class='ocrx_word' id='word_1_443' title='bbox 287 4440 363 4495; x_wconf 88' lang='lat' dir='ltr'><strong>da</strong></span> <span class='ocrx_word' id='word_1_444' title='bbox 391 4441 641 4496; x_wconf 81' lang='lat' dir='ltr'><strong>esurienti</strong></span> <span class='ocrx_word' id='word_1_445' title='bbox 668 4458 855 4513; x_wconf 85' lang='lat' dir='ltr'><strong>panem</strong></span> <span class='ocrx_word' id='word_1_446' title='bbox 878 4451 1028 4498; x_wconf 77' lang='lat' dir='ltr'><strong>tuum</strong></span> <span class='ocrx_word' id='word_1_447' title='bbox 1050 4460 1115 4500; x_wconf 75' lang='lat' dir='ltr'><strong>ex</strong></span> <span class='ocrx_word' id='word_1_448' title='bbox 1140 4445 1342 4514; x_wconf 84' lang='lat' dir='ltr'><strong>animo,</strong></span> <span class='ocrx_word' id='word_1_449' title='bbox 1367 4457 1417 4503; x_wconf 87' lang='lat' dir='ltr'><strong>et</strong></span> <span class='ocrx_word' id='word_1_450' title='bbox 1450 4450 1681 4505; x_wconf 87' lang='lat' dir='ltr'><strong>animam</strong></span> <span class='ocrx_word' id='word_1_451' title='bbox 1709 4452 1884 4507; x_wconf 81' lang='lat' dir='ltr'><strong>humi-</strong></span> 
     </span>
    </p>
   </div>
   <div class='ocr_carea' id='block_1_61' title="bbox 288 4530 1884 4597">
    <p class='ocr_par' dir='ltr' id='par_1_61' title="bbox 288 4530 1884 4597">
     <span class='ocr_line' id='line_1_61' title="bbox 288 4530 1884 4597; baseline 0.009 -13"><span class='ocrx_word' id='word_1_452' title='bbox 288 4531 481 4585; x_wconf 87' lang='lat' dir='ltr'><strong>liatam</strong></span> <span class='ocrx_word' id='word_1_453' title='bbox 520 4530 758 4586; x_wconf 88' lang='lat' dir='ltr'><strong>satiabis.</strong></span> <span class='ocrx_word' id='word_1_454' title='bbox 809 4531 876 4587; x_wconf 86' lang='lat' dir='ltr'><strong>Et</strong></span> <span class='ocrx_word' id='word_1_455' title='bbox 916 4534 1081 4590; x_wconf 86' lang='lat' dir='ltr'><strong>Isaias</strong></span> <span class='ocrx_word' id='word_1_456' title='bbox 1125 4536 1257 4592; x_wconf 88' lang='lat' dir='ltr'><strong>dicit</strong></span> <span class='ocrx_word' id='word_1_457' title='bbox 1283 4555 1296 4592; x_wconf 88' lang='lat'><strong>:</strong></span> <span class='ocrx_word' id='word_1_458' title='bbox 1320 4536 1440 4593; x_wconf 87' lang='lat' dir='ltr'><strong>Erit</strong></span> <span class='ocrx_word' id='word_1_459' title='bbox 1483 4538 1623 4596; x_wconf 85' lang='lat' dir='ltr'><strong>Deus</strong></span> <span class='ocrx_word' id='word_1_460' title='bbox 1656 4551 1778 4597; x_wconf 82' lang='lat' dir='ltr'><strong>tuus</strong></span> <span class='ocrx_word' id='word_1_461' title='bbox 1808 4551 1884 4597; x_wconf 33' lang='lat' dir='ltr'><strong>tes</strong></span> 
     </span>
    </p>
   </div>
   <div class='ocr_carea' id='block_1_62' title="bbox 288 4626 1880 4701">
    <p class='ocr_par' dir='ltr' id='par_1_62' title="bbox 288 4626 1880 4701">
     <span class='ocr_line' id='line_1_62' title="bbox 288 4626 1880 4701; baseline 0.008 -24"><span class='ocrx_word' id='word_1_462' title='bbox 288 4640 416 4677; x_wconf 86' lang='lat' dir='ltr'><strong>cum</strong></span> <span class='ocrx_word' id='word_1_463' title='bbox 442 4639 661 4694; x_wconf 81' lang='lat' dir='ltr'><strong>semper,</strong></span> <span class='ocrx_word' id='word_1_464' title='bbox 688 4634 868 4680; x_wconf 86' lang='lat' dir='ltr'><strong>etnon</strong></span> <span class='ocrx_word' id='word_1_465' title='bbox 899 4626 1180 4684; x_wconf 87' lang='lat' dir='ltr'><strong>declinabit</strong></span> <span class='ocrx_word' id='word_1_466' title='bbox 1218 4648 1252 4686; x_wconf 91' lang='lat' dir='ltr'><strong>a</strong></span> <span class='ocrx_word' id='word_1_467' title='bbox 1290 4641 1360 4688; x_wconf 85' lang='lat' dir='ltr'><strong>te.</strong></span> <span class='ocrx_word' id='word_1_468' title='bbox 1420 4631 1565 4688; x_wconf 75' lang='lat' dir='ltr'><strong>Tunc</strong></span> <span class='ocrx_word' id='word_1_469' title='bbox 1605 4633 1880 4701; x_wconf 88' lang='lat' dir='ltr'><strong>clamabis,</strong></span> 
     </span>
    </p>
   </div>
   <div class='ocr_carea' id='block_1_63' title="bbox 287 4714 1881 4796">
    <p class='ocr_par' dir='ltr' id='par_1_63' title="bbox 287 4714 1881 4796">
     <span class='ocr_line' id='line_1_63' title="bbox 287 4714 1881 4796; baseline 0.006 -26"><span class='ocrx_word' id='word_1_470' title='bbox 287 4726 339 4770; x_wconf 85' lang='lat' dir='ltr'><strong>et</strong></span> <span class='ocrx_word' id='word_1_471' title='bbox 382 4714 639 4769; x_wconf 73' lang='lat' dir='ltr'><strong>Dominus</strong></span> <span class='ocrx_word' id='word_1_472' title='bbox 674 4717 921 4772; x_wconf 66' lang='lat' dir='ltr'><strong>exaudiet</strong></span> <span class='ocrx_word' id='word_1_473' title='bbox 960 4727 1050 4784; x_wconf 84' lang='lat' dir='ltr'><strong>te;</strong></span> <span class='ocrx_word' id='word_1_474' title='bbox 1100 4720 1275 4776; x_wconf 78' lang='lat' dir='ltr'><strong>adhuc</strong></span> <span class='ocrx_word' id='word_1_475' title='bbox 1313 4732 1364 4777; x_wconf 83' lang='lat' dir='ltr'><strong>te</strong></span> <span class='ocrx_word' id='word_1_476' title='bbox 1407 4722 1667 4796; x_wconf 82' lang='lat' dir='ltr'><strong>loquente,</strong></span> <span class='ocrx_word' id='word_1_477' title='bbox 1698 4723 1835 4779; x_wconf 83' lang='lat' dir='ltr'><strong>dicet</strong></span> <span class='ocrx_word' id='word_1_478' title='bbox 1861 4737 1881 4778; x_wconf 90' lang='lat'><strong><em>:</em></strong></span> 
     </span>
    </p>
   </div>
   <div class='ocr_carea' id='block_1_64' title="bbox 288 4802 1882 4880">
    <p class='ocr_par' dir='ltr' id='par_1_64' title="bbox 288 4802 1882 4880">
     <span class='ocr_line' id='line_1_64' title="bbox 288 4802 1882 4880; baseline 0.009 -22"><span class='ocrx_word' id='word_1_479' title='bbox 288 4803 435 4858; x_wconf 80' lang='lat' dir='ltr'><strong>Ecce</strong></span> <span class='ocrx_word' id='word_1_480' title='bbox 478 4802 684 4859; x_wconf 84' lang='lat' dir='ltr'><strong>adsum.</strong></span> <span class='ocrx_word' id='word_1_481' title='bbox 732 4804 922 4862; x_wconf 73' lang='lat' dir='ltr'><strong>Videte</strong></span> <span class='ocrx_word' id='word_1_482' title='bbox 964 4810 1238 4880; x_wconf 87' lang='lat' dir='ltr'><strong>quomodo</strong></span> <span class='ocrx_word' id='word_1_483' title='bbox 1282 4811 1391 4870; x_wconf 85' lang='lat' dir='ltr'><strong>cito</strong></span> <span class='ocrx_word' id='word_1_484' title='bbox 1445 4813 1697 4871; x_wconf 86' lang='lat' dir='ltr'><strong>exaudiet</strong></span> <span class='ocrx_word' id='word_1_485' title='bbox 1737 4814 1882 4872; x_wconf 91' lang='lat' dir='ltr'><strong>Deus</strong></span> 
     </span>
    </p>
   </div>
   <div class='ocr_carea' id='block_1_65' title="bbox 1966 2338 3569 2417">
    <p class='ocr_par' dir='ltr' id='par_1_65' title="bbox 1966 2338 3569 2417">
     <span class='ocr_line' id='line_1_65' title="bbox 1966 2338 3569 2417; baseline -0.005 -14"><span class='ocrx_word' id='word_1_486' title='bbox 1966 2347 2115 2403; x_wconf 85' lang='lat' dir='ltr'><strong>omni</strong></span> <span class='ocrx_word' id='word_1_487' title='bbox 2170 2343 2367 2417; x_wconf 87' lang='lat' dir='ltr'><strong>populo</strong></span> <span class='ocrx_word' id='word_1_488' title='bbox 2412 2342 2505 2414; x_wconf 83' lang='lat' dir='ltr'><strong>qui</strong></span> <span class='ocrx_word' id='word_1_489' title='bbox 2570 2340 2677 2398; x_wconf 86' lang='lat' dir='ltr'><strong>sibi</strong></span> <span class='ocrx_word' id='word_1_490' title='bbox 2734 2338 3056 2395; x_wconf 88' lang='lat' dir='ltr'><strong>commissus</strong></span> <span class='ocrx_word' id='word_1_491' title='bbox 3117 2346 3219 2395; x_wconf 90' lang='lat' dir='ltr'><strong>est.</strong></span> <span class='ocrx_word' id='word_1_492' title='bbox 3284 2338 3569 2410; x_wconf 80' lang='lat' dir='ltr'><strong>Papularis</strong></span> 
     </span>
    </p>
   </div>
   <div class='ocr_carea' id='block_1_66' title="bbox 1969 2430 3567 2505">
    <p class='ocr_par' dir='ltr' id='par_1_66' title="bbox 1969 2430 3567 2505">
     <span class='ocr_line' id='line_1_66' title="bbox 1969 2430 3567 2505; baseline -0.006 -11"><span class='ocrx_word' id='word_1_493' title='bbox 1969 2438 2132 2494; x_wconf 80' lang='lat' dir='ltr'><strong>homo</strong></span> <span class='ocrx_word' id='word_1_494' title='bbox 2168 2435 2405 2492; x_wconf 79' lang='lat' dir='ltr'><strong>fortasse</strong></span> <span class='ocrx_word' id='word_1_495' title='bbox 2441 2448 2540 2505; x_wconf 89' lang='lat' dir='ltr'><strong>pro</strong></span> <span class='ocrx_word' id='word_1_496' title='bbox 2578 2432 2761 2488; x_wconf 85' lang='lat' dir='ltr'><strong>anima</strong></span> <span class='ocrx_word' id='word_1_497' title='bbox 2800 2446 2901 2486; x_wconf 90' lang='lat' dir='ltr'><strong>sua</strong></span> <span class='ocrx_word' id='word_1_498' title='bbox 2935 2430 3172 2500; x_wconf 85' lang='lat' dir='ltr'><strong>patietur</strong></span> <span class='ocrx_word' id='word_1_499' title='bbox 3214 2444 3457 2502; x_wconf 75' lang='lat' dir='ltr'><strong>poenam,</strong></span> <span class='ocrx_word' id='word_1_500' title='bbox 3482 2430 3567 2485; x_wconf 79' lang='lat' dir='ltr'><strong>in-</strong></span> 
     </span>
    </p>
   </div>
   <div class='ocr_carea' id='block_1_67' title="bbox 1970 2519 3571 2599">
    <p class='ocr_par' dir='ltr' id='par_1_67' title="bbox 1970 2519 3571 2599">
     <span class='ocr_line' id='line_1_67' title="bbox 1970 2519 3571 2599; baseline -0.006 -15"><span class='ocrx_word' id='word_1_501' title='bbox 1970 2536 2245 2599; x_wconf 80' lang='lat' dir='ltr'><strong>spectores</strong></span> <span class='ocrx_word' id='word_1_502' title='bbox 2272 2541 2372 2597; x_wconf 84' lang='lat' dir='ltr'><strong>pro</strong></span> <span class='ocrx_word' id='word_1_503' title='bbox 2405 2533 2518 2579; x_wconf 82' lang='lat' dir='ltr'><strong>toto</strong></span> <span class='ocrx_word' id='word_1_504' title='bbox 2548 2535 2729 2594; x_wconf 81' lang='lat' dir='ltr'><strong>grege.</strong></span> <span class='ocrx_word' id='word_1_505' title='bbox 2781 2519 2840 2577; x_wconf 83' lang='lat' dir='ltr'><strong>Si</strong></span> <span class='ocrx_word' id='word_1_506' title='bbox 2875 2521 2933 2576; x_wconf 88' lang='lat' dir='ltr'><strong>in</strong></span> <span class='ocrx_word' id='word_1_507' title='bbox 2969 2520 3229 2576; x_wconf 84' lang='lat' dir='ltr'><strong>tenebras</strong></span> <span class='ocrx_word' id='word_1_508' title='bbox 3269 2520 3571 2575; x_wconf 79' lang='lat' dir='ltr'><strong>exteriores</strong></span> 
     </span>
    </p>
   </div>
   <div class='ocr_carea' id='block_1_68' title="bbox 1970 2608 3578 2685">
    <p class='ocr_par' dir='ltr' id='par_1_68' title="bbox 1970 2608 3578 2685">
     <span class='ocr_line' id='line_1_68' title="bbox 1970 2608 3578 2685; baseline -0.007 -11"><span class='ocrx_word' id='word_1_509' title='bbox 1970 2616 2343 2674; x_wconf 81' lang='lat' dir='ltr'><strong>immittendus</strong></span> <span class='ocrx_word' id='word_1_510' title='bbox 2362 2621 2445 2672; x_wconf 88' lang='lat' dir='ltr'><strong>est</strong></span> <span class='ocrx_word' id='word_1_511' title='bbox 2461 2654 2476 2681; x_wconf 92' lang='lat'><strong>,</strong></span> <span class='ocrx_word' id='word_1_512' title='bbox 2496 2613 2594 2685; x_wconf 84' lang='lat' dir='ltr'><strong>qui</strong></span> <span class='ocrx_word' id='word_1_513' title='bbox 2619 2612 2854 2668; x_wconf 86' lang='lat' dir='ltr'><strong>animam</strong></span> <span class='ocrx_word' id='word_1_514' title='bbox 2882 2627 2987 2667; x_wconf 89' lang='lat' dir='ltr'><strong>non</strong></span> <span class='ocrx_word' id='word_1_515' title='bbox 3013 2611 3079 2666; x_wconf 90' lang='lat' dir='ltr'><strong>ad</strong></span> <span class='ocrx_word' id='word_1_516' title='bbox 3106 2608 3384 2666; x_wconf 85' lang='lat' dir='ltr'><strong>Christum</strong></span> <span class='ocrx_word' id='word_1_517' title='bbox 3410 2618 3578 2664; x_wconf 79' lang='lat' dir='ltr'><strong>attra-</strong></span> 
     </span>
    </p>
   </div>
   <div class='ocr_carea' id='block_1_69' title="bbox 1974 2700 3570 2775">
    <p class='ocr_par' dir='ltr' id='par_1_69' title="bbox 1974 2700 3570 2775">
     <span class='ocr_line' id='line_1_69' title="bbox 1974 2700 3570 2775; baseline -0.005 -10"><span class='ocrx_word' id='word_1_518' title='bbox 1974 2709 2076 2775; x_wconf 87' lang='lat' dir='ltr'><strong>xit,</strong></span> <span class='ocrx_word' id='word_1_519' title='bbox 2107 2707 2198 2763; x_wconf 91' lang='lat' dir='ltr'><strong>ubi</strong></span> <span class='ocrx_word' id='word_1_520' title='bbox 2228 2705 2525 2763; x_wconf 89' lang='lat' dir='ltr'><strong>mittendus</strong></span> <span class='ocrx_word' id='word_1_521' title='bbox 2564 2710 2651 2760; x_wconf 87' lang='lat' dir='ltr'><strong>est</strong></span> <span class='ocrx_word' id='word_1_522' title='bbox 2695 2702 2785 2759; x_wconf 89' lang='lat' dir='ltr'><strong>ille</strong></span> <span class='ocrx_word' id='word_1_523' title='bbox 2833 2702 2927 2773; x_wconf 89' lang='lat' dir='ltr'><strong>qui</strong></span> <span class='ocrx_word' id='word_1_524' title='bbox 2976 2701 3315 2759; x_wconf 87' lang='lat' dir='ltr'><strong>Christianas</strong></span> <span class='ocrx_word' id='word_1_525' title='bbox 3358 2700 3570 2757; x_wconf 86' lang='lat' dir='ltr'><strong>animas</strong></span> 
     </span>
    </p>
   </div>
   <div class='ocr_carea' id='block_1_70' title="bbox 1972 2790 3566 2869">
    <p class='ocr_par' dir='ltr' id='par_1_70' title="bbox 1972 2790 3566 2869">
     <span class='ocr_line' id='line_1_70' title="bbox 1972 2790 3566 2869; baseline -0.006 -15"><span class='ocrx_word' id='word_1_526' title='bbox 1972 2797 2251 2869; x_wconf 78' lang='lat' dir='ltr'><strong>perdidit?</strong></span> <span class='ocrx_word' id='word_1_527' title='bbox 2300 2795 2419 2851; x_wconf 78' lang='lat' dir='ltr'><strong>Non</strong></span> <span class='ocrx_word' id='word_1_528' title='bbox 2442 2793 2774 2866; x_wconf 71' lang='lat' dir='ltr'><strong>praedicasti,</strong></span> <span class='ocrx_word' id='word_1_529' title='bbox 2814 2793 3062 2860; x_wconf 87' lang='lat' dir='ltr'><strong>tacuisti,</strong></span> <span class='ocrx_word' id='word_1_530' title='bbox 3098 2806 3207 2848; x_wconf 91' lang='lat' dir='ltr'><strong>non</strong></span> <span class='ocrx_word' id='word_1_531' title='bbox 3235 2790 3566 2861; x_wconf 87' lang='lat' dir='ltr'><strong>adquisisti;</strong></span> 
     </span>
    </p>
   </div>
   <div class='ocr_carea' id='block_1_71' title="bbox 1974 2880 3567 2957">
    <p class='ocr_par' dir='ltr' id='par_1_71' title="bbox 1974 2880 3567 2957">
     <span class='ocr_line' id='line_1_71' title="bbox 1974 2880 3567 2957; baseline -0.004 -16"><span class='ocrx_word' id='word_1_532' title='bbox 1974 2885 2295 2957; x_wconf 88' lang='lat' dir='ltr'><strong>adquisitas,</strong></span> <span class='ocrx_word' id='word_1_533' title='bbox 2326 2890 2382 2939; x_wconf 89' lang='lat' dir='ltr'><strong>et</strong></span> <span class='ocrx_word' id='word_1_534' title='bbox 2417 2898 2538 2954; x_wconf 60' lang='lat' dir='ltr'><strong>quae</strong></span> <span class='ocrx_word' id='word_1_535' title='bbox 2585 2882 2698 2938; x_wconf 90' lang='lat' dir='ltr'><strong>Deo</strong></span> <span class='ocrx_word' id='word_1_536' title='bbox 2746 2882 3078 2946; x_wconf 81' lang='lat' dir='ltr'><strong>serviebant,</strong></span> <span class='ocrx_word' id='word_1_537' title='bbox 3120 2896 3290 2951; x_wconf 89' lang='lat' dir='ltr'><strong>quare</strong></span> <span class='ocrx_word' id='word_1_538' title='bbox 3334 2880 3567 2945; x_wconf 79' lang='lat' dir='ltr'><strong>vexasti,</strong></span> 
     </span>
    </p>
   </div>
   <div class='ocr_carea' id='block_1_72' title="bbox 1948 2960 3567 3045">
    <p class='ocr_par' dir='ltr' id='par_1_72' title="bbox 1948 2960 3567 3045">
     <span class='ocr_line' id='line_1_72' title="bbox 1948 2960 3567 3045; baseline -0.002 -14"><span class='ocrx_word' id='word_1_539' title='bbox 1948 2960 2070 3031; x_wconf 35' lang='lat' dir='ltr'><strong>‘aut</strong></span> <span class='ocrx_word' id='word_1_540' title='bbox 2092 2987 2263 3045; x_wconf 85' lang='lat' dir='ltr'><strong>quare</strong></span> <span class='ocrx_word' id='word_1_541' title='bbox 2308 2969 2569 3028; x_wconf 80' lang='lat' dir='ltr'><strong>adﬂixisti</strong></span> <span class='ocrx_word' id='word_1_542' title='bbox 2592 2971 2615 3026; x_wconf 75' lang='lat' dir='ltr'><strong>t</strong></span> <span class='ocrx_word' id='word_1_543' title='bbox 2641 2969 2822 3040; x_wconf 82' lang='lat' dir='ltr'><strong>Quare</strong></span> <span class='ocrx_word' id='word_1_544' title='bbox 2846 2970 2903 3026; x_wconf 89' lang='lat' dir='ltr'><strong>in</strong></span> <span class='ocrx_word' id='word_1_545' title='bbox 2922 2969 3149 3039; x_wconf 86' lang='lat' dir='ltr'><strong>judicio,</strong></span> <span class='ocrx_word' id='word_1_546' title='bbox 3184 2970 3279 3026; x_wconf 87' lang='lat' dir='ltr'><strong>ubi</strong></span> <span class='ocrx_word' id='word_1_547' title='bbox 3319 2972 3567 3035; x_wconf 85' lang='lat' dir='ltr'><strong>sedebas,</strong></span> 
     </span>
    </p>
   </div>
   <div class='ocr_carea' id='block_1_73' title="bbox 1974 3058 3570 3138">
    <p class='ocr_par' dir='ltr' id='par_1_73' title="bbox 1974 3058 3570 3138">
     <span class='ocr_line' id='line_1_73' title="bbox 1974 3058 3570 3138; baseline -0.001 -18"><span class='ocrx_word' id='word_1_548' title='bbox 1974 3066 2201 3138; x_wconf 84' lang='lat' dir='ltr'><strong>pcrjurii</strong></span> <span class='ocrx_word' id='word_1_549' title='bbox 2241 3063 2495 3121; x_wconf 87' lang='lat' dir='ltr'><strong>conscius</strong></span> <span class='ocrx_word' id='word_1_550' title='bbox 2552 3058 2757 3119; x_wconf 77' lang='lat' dir='ltr'><strong>fuisti?</strong></span> <span class='ocrx_word' id='word_1_551' title='bbox 2808 3063 2988 3131; x_wconf 86' lang='lat' dir='ltr'><strong>Quare</strong></span> <span class='ocrx_word' id='word_1_552' title='bbox 3033 3062 3279 3119; x_wconf 90' lang='lat' dir='ltr'><strong>criminis</strong></span> <span class='ocrx_word' id='word_1_553' title='bbox 3322 3071 3512 3119; x_wconf 87' lang='lat' dir='ltr'><strong>auctor</strong></span> <span class='ocrx_word' id='word_1_554' title='bbox 3543 3064 3570 3118; x_wconf 80' lang='lat'><strong>?</strong></span> 
     </span>
    </p>
   </div>
   <div class='ocr_carea' id='block_1_74' title="bbox 1970 3148 3576 3227">
    <p class='ocr_par' dir='ltr' id='par_1_74' title="bbox 1970 3148 3576 3227">
     <span class='ocr_line' id='line_1_74' title="bbox 1970 3148 3576 3227; baseline -0.003 -12"><span class='ocrx_word' id='word_1_555' title='bbox 1970 3159 2157 3227; x_wconf 80' lang='lat' dir='ltr'><strong>Quare</strong></span> <span class='ocrx_word' id='word_1_556' title='bbox 2176 3148 2454 3215; x_wconf 79' lang='lat' dir='ltr'><strong>homicidii</strong></span> <span class='ocrx_word' id='word_1_557' title='bbox 2472 3155 2764 3214; x_wconf 85' lang='lat' dir='ltr'><strong>conscius?</strong></span> <span class='ocrx_word' id='word_1_558' title='bbox 2800 3155 2991 3213; x_wconf 79' lang='lat' dir='ltr'><strong>Nonne</strong></span> <span class='ocrx_word' id='word_1_559' title='bbox 3023 3170 3197 3212; x_wconf 86' lang='lat' dir='ltr'><strong>canon</strong></span> <span class='ocrx_word' id='word_1_560' title='bbox 3228 3155 3473 3226; x_wconf 72' lang='lat' dir='ltr'><strong>pmcipit</strong></span> <span class='ocrx_word' id='word_1_561' title='bbox 3510 3164 3576 3211; x_wconf 89' lang='lat' dir='ltr'><strong>ut</strong></span> 
     </span>
    </p>
   </div>
   <div class='ocr_carea' id='block_1_75' title="bbox 1974 3246 3572 3323">
    <p class='ocr_par' dir='ltr' id='par_1_75' title="bbox 1974 3246 3572 3323">
     <span class='ocr_line' id='line_1_75' title="bbox 1974 3246 3572 3323; baseline -0.005 -15"><span class='ocrx_word' id='word_1_562' title='bbox 1974 3250 2262 3323; x_wconf 83' lang='lat' dir='ltr'><strong>episcopus</strong></span> <span class='ocrx_word' id='word_1_563' title='bbox 2291 3249 2495 3305; x_wconf 90' lang='lat' dir='ltr'><strong>nullam</strong></span> <span class='ocrx_word' id='word_1_564' title='bbox 2517 3263 2701 3304; x_wconf 88' lang='lat' dir='ltr'><strong>curam</strong></span> <span class='ocrx_word' id='word_1_565' title='bbox 2731 3248 3059 3305; x_wconf 86' lang='lat' dir='ltr'><strong>secularium</strong></span> <span class='ocrx_word' id='word_1_566' title='bbox 3097 3263 3196 3320; x_wconf 90' lang='lat' dir='ltr'><strong>per</strong></span> <span class='ocrx_word' id='word_1_567' title='bbox 3219 3246 3572 3319; x_wconf 86' lang='lat' dir='ltr'><strong>semetipsum</strong></span> 
     </span>
    </p>
   </div>
   <div class='ocr_carea' id='block_1_76' title="bbox 1977 3338 3577 3412">
    <p class='ocr_par' dir='ltr' id='par_1_76' title="bbox 1977 3338 3577 3412">
     <span class='ocr_line' id='line_1_76' title="bbox 1977 3338 3577 3412; baseline -0.004 -12"><span class='ocrx_word' id='word_1_568' title='bbox 1977 3350 2176 3409; x_wconf 84' lang='lat' dir='ltr'><strong>sumat,</strong></span> <span class='ocrx_word' id='word_1_569' title='bbox 2211 3341 2288 3397; x_wconf 90' lang='lat' dir='ltr'><strong>nil</strong></span> <span class='ocrx_word' id='word_1_570' title='bbox 2321 3340 2428 3397; x_wconf 90' lang='lat' dir='ltr'><strong>nisi</strong></span> <span class='ocrx_word' id='word_1_571' title='bbox 2455 3340 2674 3397; x_wconf 90' lang='lat' dir='ltr'><strong>lectioni</strong></span> <span class='ocrx_word' id='word_1_572' title='bbox 2706 3340 3006 3409; x_wconf 87' lang='lat' dir='ltr'><strong>incumbat,</strong></span> <span class='ocrx_word' id='word_1_573' title='bbox 3044 3339 3394 3412; x_wconf 86' lang='lat' dir='ltr'><strong>Evangelium</strong></span> <span class='ocrx_word' id='word_1_574' title='bbox 3436 3338 3577 3396; x_wconf 84' lang='lat' dir='ltr'><strong>assi-</strong></span> 
     </span>
    </p>
   </div>
   <div class='ocr_carea' id='block_1_77' title="bbox 1978 3431 3576 3505">
    <p class='ocr_par' dir='ltr' id='par_1_77' title="bbox 1978 3431 3576 3505">
     <span class='ocr_line' id='line_1_77' title="bbox 1978 3431 3576 3505; baseline -0.003 -13"><span class='ocrx_word' id='word_1_575' title='bbox 1978 3437 2081 3492; x_wconf 89' lang='lat' dir='ltr'><strong>due</strong></span> <span class='ocrx_word' id='word_1_576' title='bbox 2102 3435 2246 3505; x_wconf 86' lang='lat' dir='ltr'><strong>legat</strong></span> <span class='ocrx_word' id='word_1_577' title='bbox 2280 3443 2336 3490; x_wconf 88' lang='lat' dir='ltr'><strong>et</strong></span> <span class='ocrx_word' id='word_1_578' title='bbox 2373 3432 2608 3489; x_wconf 72' lang='lat' dir='ltr'><strong>doceat?</strong></span> <span class='ocrx_word' id='word_1_579' title='bbox 2658 3431 2720 3489; x_wconf 88' lang='lat' dir='ltr'><strong>Si</strong></span> <span class='ocrx_word' id='word_1_580' title='bbox 2747 3433 2852 3489; x_wconf 87' lang='lat' dir='ltr'><strong>hoc</strong></span> <span class='ocrx_word' id='word_1_581' title='bbox 2869 3448 2977 3492; x_wconf 88' lang='lat' dir='ltr'><strong>non</strong></span> <span class='ocrx_word' id='word_1_582' title='bbox 3007 3434 3091 3489; x_wconf 86' lang='lat' dir='ltr'><strong>vis</strong></span> <span class='ocrx_word' id='word_1_583' title='bbox 3112 3433 3336 3499; x_wconf 88' lang='lat' dir='ltr'><strong>sectari,</strong></span> <span class='ocrx_word' id='word_1_584' title='bbox 3360 3432 3576 3488; x_wconf 87' lang='lat' dir='ltr'><strong>imitare</strong></span> 
     </span>
    </p>
   </div>
   <div class='ocr_carea' id='block_1_78' title="bbox 1980 3522 3577 3594">
    <p class='ocr_par' dir='ltr' id='par_1_78' title="bbox 1980 3522 3577 3594">
     <span class='ocr_line' id='line_1_78' title="bbox 1980 3522 3577 3594; baseline -0.003 -11"><span class='ocrx_word' id='word_1_585' title='bbox 1980 3526 2143 3585; x_wconf 84' lang='lat' dir='ltr'><strong>istum</strong></span> <span class='ocrx_word' id='word_1_586' title='bbox 2168 3531 2419 3580; x_wconf 87' lang='lat' dir='ltr'><strong>sanctum</strong></span> <span class='ocrx_word' id='word_1_587' title='bbox 2448 3523 2649 3589; x_wconf 85' lang='lat' dir='ltr'><strong>virum,</strong></span> <span class='ocrx_word' id='word_1_588' title='bbox 2675 3523 2948 3594; x_wconf 58' lang='lat' dir='ltr'><strong>aequipari!</strong></span> <span class='ocrx_word' id='word_1_589' title='bbox 2981 3523 3200 3579; x_wconf 87' lang='lat' dir='ltr'><strong>beatum</strong></span> <span class='ocrx_word' id='word_1_590' title='bbox 3227 3523 3390 3578; x_wconf 87' lang='lat' dir='ltr'><strong>istum</strong></span> <span class='ocrx_word' id='word_1_591' title='bbox 3410 3522 3577 3578; x_wconf 84' lang='lat' dir='ltr'><strong>Joan-</strong></span> 
     </span>
    </p>
   </div>
   <div class='ocr_carea' id='block_1_79' title="bbox 1984 3615 3575 3689">
    <p class='ocr_par' dir='ltr' id='par_1_79' title="bbox 1984 3615 3575 3689">
     <span class='ocr_line' id='line_1_79' title="bbox 1984 3615 3575 3689; baseline -0.001 -15"><span class='ocrx_word' id='word_1_592' title='bbox 1984 3629 2130 3684; x_wconf 80' lang='lat' dir='ltr'><strong>nem,</strong></span> <span class='ocrx_word' id='word_1_593' title='bbox 2158 3618 2363 3674; x_wconf 75' lang='lat' dir='ltr'><strong>redime</strong></span> <span class='ocrx_word' id='word_1_594' title='bbox 2391 3615 2654 3688; x_wconf 81' lang='lat' dir='ltr'><strong>captivos,</strong></span> <span class='ocrx_word' id='word_1_595' title='bbox 2688 3630 2843 3684; x_wconf 84' lang='lat' dir='ltr'><strong>erue,</strong></span> <span class='ocrx_word' id='word_1_596' title='bbox 2884 3616 3038 3689; x_wconf 79' lang='lat' dir='ltr'><strong>juxta</strong></span> <span class='ocrx_word' id='word_1_597' title='bbox 3078 3615 3427 3687; x_wconf 84' lang='lat' dir='ltr'><strong>prophetam,</strong></span> <span class='ocrx_word' id='word_1_598' title='bbox 3477 3630 3575 3672; x_wconf 87' lang='lat' dir='ltr'><strong>eos</strong></span> 
     </span>
    </p>
   </div>
   <div class='ocr_carea' id='block_1_80' title="bbox 1980 3705 3567 3779">
    <p class='ocr_par' dir='ltr' id='par_1_80' title="bbox 1980 3705 3567 3779">
     <span class='ocr_line' id='line_1_80' title="bbox 1980 3705 3567 3779; baseline -0.001 -17"><span class='ocrx_word' id='word_1_599' title='bbox 1980 3709 2075 3779; x_wconf 88' lang='lat' dir='ltr'><strong>qui</strong></span> <span class='ocrx_word' id='word_1_600' title='bbox 2115 3708 2385 3763; x_wconf 87' lang='lat' dir='ltr'><strong>ducuntur</strong></span> <span class='ocrx_word' id='word_1_601' title='bbox 2414 3707 2484 3764; x_wconf 85' lang='lat' dir='ltr'><strong>ad</strong></span> <span class='ocrx_word' id='word_1_602' title='bbox 2511 3716 2767 3775; x_wconf 88' lang='lat' dir='ltr'><strong>mortem,</strong></span> <span class='ocrx_word' id='word_1_603' title='bbox 2797 3707 3052 3779; x_wconf 83' lang='lat' dir='ltr'><strong>praedica,</strong></span> <span class='ocrx_word' id='word_1_604' title='bbox 3075 3708 3231 3774; x_wconf 88' lang='lat' dir='ltr'><strong>doce,</strong></span> <span class='ocrx_word' id='word_1_605' title='bbox 3261 3705 3442 3762; x_wconf 87' lang='lat' dir='ltr'><strong>relcva</strong></span> <span class='ocrx_word' id='word_1_606' title='bbox 3484 3706 3567 3762; x_wconf 80' lang='lat' dir='ltr'><strong>la-</strong></span> 
     </span>
    </p>
   </div>
   <div class='ocr_carea' id='block_1_81' title="bbox 1981 3798 3574 3872">
    <p class='ocr_par' dir='ltr' id='par_1_81' title="bbox 1981 3798 3574 3872">
     <span class='ocr_line' id='line_1_81' title="bbox 1981 3798 3574 3872; baseline -0.001 -15"><span class='ocrx_word' id='word_1_607' title='bbox 1981 3800 2268 3857; x_wconf 78' lang='lat' dir='ltr'><strong>borantem</strong></span> <span class='ocrx_word' id='word_1_608' title='bbox 2290 3814 2471 3866; x_wconf 76' lang='lat' dir='ltr'><strong>ovem,</strong></span> <span class='ocrx_word' id='word_1_609' title='bbox 2508 3814 2619 3858; x_wconf 83' lang='lat' dir='ltr'><strong>non</strong></span> <span class='ocrx_word' id='word_1_610' title='bbox 2659 3806 2715 3856; x_wconf 89' lang='lat' dir='ltr'><strong>te</strong></span> <span class='ocrx_word' id='word_1_611' title='bbox 2756 3799 2906 3857; x_wconf 87' lang='lat' dir='ltr'><strong>sinas</strong></span> <span class='ocrx_word' id='word_1_612' title='bbox 2952 3800 3196 3872; x_wconf 85' lang='lat' dir='ltr'><strong>separari</strong></span> <span class='ocrx_word' id='word_1_613' title='bbox 3236 3813 3267 3855; x_wconf 91' lang='lat' dir='ltr'><strong>a</strong></span> <span class='ocrx_word' id='word_1_614' title='bbox 3313 3798 3574 3856; x_wconf 82' lang='lat' dir='ltr'><strong>fratribus</strong></span> 
     </span>
    </p>
   </div>
   <div class='ocr_carea' id='block_1_82' title="bbox 1981 3892 3572 3967">
    <p class='ocr_par' dir='ltr' id='par_1_82' title="bbox 1981 3892 3572 3967">
     <span class='ocr_line' id='line_1_82' title="bbox 1981 3892 3572 3967; baseline 0.003 -20"><span class='ocrx_word' id='word_1_615' title='bbox 1981 3892 2111 3960; x_wconf 87' lang='lat' dir='ltr'><strong>tuis,</strong></span> <span class='ocrx_word' id='word_1_616' title='bbox 2158 3900 2220 3947; x_wconf 88' lang='lat' dir='ltr'><strong>ut</strong></span> <span class='ocrx_word' id='word_1_617' title='bbox 2258 3907 2365 3949; x_wconf 89' lang='lat' dir='ltr'><strong>una</strong></span> <span class='ocrx_word' id='word_1_618' title='bbox 2402 3904 2525 3949; x_wconf 88' lang='lat' dir='ltr'><strong>cum</strong></span> <span class='ocrx_word' id='word_1_619' title='bbox 2559 3892 2693 3965; x_wconf 89' lang='lat' dir='ltr'><strong>ipsis</strong></span> <span class='ocrx_word' id='word_1_620' title='bbox 2731 3892 2926 3952; x_wconf 84' lang='lat' dir='ltr'><strong>beatus</strong></span> <span class='ocrx_word' id='word_1_621' title='bbox 2963 3893 3063 3963; x_wconf 86' lang='lat' dir='ltr'><strong>sis,</strong></span> <span class='ocrx_word' id='word_1_622' title='bbox 3104 3902 3159 3952; x_wconf 90' lang='lat' dir='ltr'><strong>et</strong></span> <span class='ocrx_word' id='word_1_623' title='bbox 3185 3894 3364 3967; x_wconf 84' lang='lat' dir='ltr'><strong>gratia</strong></span> <span class='ocrx_word' id='word_1_624' title='bbox 3387 3893 3485 3952; x_wconf 86' lang='lat' dir='ltr'><strong>Dei</strong></span> <span class='ocrx_word' id='word_1_625' title='bbox 3514 3893 3572 3952; x_wconf 89' lang='lat' dir='ltr'><strong>in</strong></span> 
     </span>
    </p>
   </div>
   <div class='ocr_carea' id='block_1_83' title="bbox 1983 3985 2590 4044">
    <p class='ocr_par' dir='ltr' id='par_1_83' title="bbox 1983 3985 2590 4044">
     <span class='ocr_line' id='line_1_83' title="bbox 1983 3985 2590 4044; baseline -0.007 0"><span class='ocrx_word' id='word_1_626' title='bbox 1983 3985 2141 4044; x_wconf 88' lang='lat' dir='ltr'><strong>nobis</strong></span> <span class='ocrx_word' id='word_1_627' title='bbox 2165 3997 2336 4042; x_wconf 87' lang='lat' dir='ltr'><strong>vacua</strong></span> <span class='ocrx_word' id='word_1_628' title='bbox 2360 4000 2472 4043; x_wconf 83' lang='lat' dir='ltr'><strong>non</strong></span> <span class='ocrx_word' id='word_1_629' title='bbox 2492 3986 2590 4044; x_wconf 89' lang='lat' dir='ltr'><strong>sit.</strong></span> 
     </span>
    </p>
   </div>
   <div class='ocr_carea' id='block_1_84' title="bbox 2606 4075 2947 4136">
    <p class='ocr_par' dir='ltr' id='par_1_84' title="bbox 2606 4075 2947 4136">
     <span class='ocr_line' id='line_1_84' title="bbox 2606 4075 2947 4136; baseline -0.009 -1"><span class='ocrx_word' id='word_1_630' title='bbox 2606 4075 2837 4136; x_wconf 79' lang='lat' dir='ltr'><strong>CAPUT</strong></span> <span class='ocrx_word' id='word_1_631' title='bbox 2879 4077 2947 4133; x_wconf 81' lang='lat' dir='ltr'><strong>ll.</strong></span> 
     </span>
    </p>
   </div>
   <div class='ocr_carea' id='block_1_85' title="bbox 1983 4160 3574 4240">
    <p class='ocr_par' dir='ltr' id='par_1_85' title="bbox 1983 4160 3574 4240">
     <span class='ocr_line' id='line_1_85' title="bbox 1983 4160 3574 4240; baseline 0.001 -17"><span class='ocrx_word' id='word_1_632' title='bbox 1983 4160 2134 4240; x_wconf 59' lang='lat' dir='ltr'><strong>Bella</strong></span> <span class='ocrx_word' id='word_1_633' title='bbox 2193 4168 2520 4240; x_wconf 66' lang='lat' dir='ltr'><strong>induciajque</strong></span> <span class='ocrx_word' id='word_1_634' title='bbox 2571 4168 2709 4240; x_wconf 84' lang='lat' dir='ltr'><strong>inter</strong></span> <span class='ocrx_word' id='word_1_635' title='bbox 2761 4165 3136 4240; x_wconf 85' lang='lat' dir='ltr'><strong>Langobardos</strong></span> <span class='ocrx_word' id='word_1_636' title='bbox 3184 4175 3263 4240; x_wconf 12' lang='lat' dir='ltr'><strong>etp</strong></span> <span class='ocrx_word' id='word_1_637' title='bbox 3286 4168 3574 4225; x_wconf 85' lang='lat' dir='ltr'><strong>Romanos.</strong></span> 
     </span>
    </p>
   </div>
   <div class='ocr_carea' id='block_1_86' title="bbox 2053 4237 3577 4307">
    <p class='ocr_par' dir='ltr' id='par_1_86' title="bbox 2053 4237 3577 4307">
     <span class='ocr_line' id='line_1_86' title="bbox 2053 4237 3577 4307; baseline 0 -14"><span class='ocrx_word' id='word_1_638' title='bbox 2053 4237 2278 4294; x_wconf 82' lang='lat' dir='ltr'><strong>Joannis</strong></span> <span class='ocrx_word' id='word_1_639' title='bbox 2307 4249 2354 4293; x_wconf 89' lang='lat' dir='ltr'><strong>et</strong></span> <span class='ocrx_word' id='word_1_640' title='bbox 2395 4237 2686 4307; x_wconf 76' lang='lat' dir='ltr'><strong>Eleutherii</strong></span> <span class='ocrx_word' id='word_1_641' title='bbox 2723 4237 2916 4305; x_wconf 79' lang='lat' dir='ltr'><strong>motus,</strong></span> <span class='ocrx_word' id='word_1_642' title='bbox 2956 4247 3006 4293; x_wconf 90' lang='lat' dir='ltr'><strong>et</strong></span> <span class='ocrx_word' id='word_1_643' title='bbox 3043 4238 3176 4307; x_wconf 80' lang='lat' dir='ltr'><strong>fata.</strong></span> <span class='ocrx_word' id='word_1_644' title='bbox 3225 4237 3432 4294; x_wconf 78' lang='lat' dir='ltr'><strong>Phocus</strong></span> <span class='ocrx_word' id='word_1_645' title='bbox 3476 4241 3577 4294; x_wconf 85' lang='lat' dir='ltr'><strong>im-</strong></span> 
     </span>
    </p>
   </div>
   <div class='ocr_carea' id='block_1_87' title="bbox 2053 4306 3577 4381">
    <p class='ocr_par' dir='ltr' id='par_1_87' title="bbox 2053 4306 3577 4381">
     <span class='ocr_line' id='line_1_87' title="bbox 2053 4306 3577 4381; baseline 0.001 -19"><span class='ocrx_word' id='word_1_646' title='bbox 2053 4319 2251 4381; x_wconf 84' lang='lat' dir='ltr'><strong>perat._</strong></span> <span class='ocrx_word' id='word_1_647' title='bbox 2275 4307 2515 4381; x_wconf 78' lang='lat' dir='ltr'><strong>Ecclesia</strong></span> <span class='ocrx_word' id='word_1_648' title='bbox 2543 4306 2789 4381; x_wconf 65' lang='lat' dir='ltr'><strong>Romana</strong></span> <span class='ocrx_word' id='word_1_649' title='bbox 2817 4306 3055 4381; x_wconf 72' lang='lat' dir='ltr'><strong>omnium</strong></span> <span class='ocrx_word' id='word_1_650' title='bbox 3079 4307 3577 4381; x_wconf 53' lang='lat' dir='ltr'><strong>Ecclesiarumjna-</strong></span> 
     </span>
    </p>
   </div>
   <div class='ocr_carea' id='block_1_88' title="bbox 2055 4376 3580 4435">
    <p class='ocr_par' dir='ltr' id='par_1_88' title="bbox 2055 4376 3580 4435">
     <span class='ocr_line' id='line_1_88' title="bbox 2055 4376 3580 4435; baseline 0.001 -2"><span class='ocrx_word' id='word_1_651' title='bbox 2055 4376 2152 4434; x_wconf 79' lang='lat' dir='ltr'><strong>ter.</strong></span> <span class='ocrx_word' id='word_1_652' title='bbox 2209 4376 2484 4434; x_wconf 83' lang='lat' dir='ltr'><strong>Pantheon</strong></span> <span class='ocrx_word' id='word_1_653' title='bbox 2518 4378 2811 4433; x_wconf 87' lang='lat' dir='ltr'><strong>dedicatur.</strong></span> <span class='ocrx_word' id='word_1_654' title='bbox 2852 4377 3000 4433; x_wconf 84' lang='lat' dir='ltr'><strong>Bella</strong></span> <span class='ocrx_word' id='word_1_655' title='bbox 3038 4379 3094 4434; x_wconf 89' lang='lat' dir='ltr'><strong>in</strong></span> <span class='ocrx_word' id='word_1_656' title='bbox 3133 4377 3366 4434; x_wconf 85' lang='lat' dir='ltr'><strong>Oriente.</strong></span> <span class='ocrx_word' id='word_1_657' title='bbox 3405 4378 3580 4435; x_wconf 85' lang='lat' dir='ltr'><strong>Hera—</strong></span> 
     </span>
    </p>
   </div>
   <div class='ocr_carea' id='block_1_89' title="bbox 2057 4447 3502 4521">
    <p class='ocr_par' dir='ltr' id='par_1_89' title="bbox 2057 4447 3502 4521">
     <span class='ocr_line' id='line_1_89' title="bbox 2057 4447 3502 4521; baseline 0.001 -18"><span class='ocrx_word' id='word_1_658' title='bbox 2057 4447 2146 4503; x_wconf 84' lang='lat' dir='ltr'><strong>clii</strong></span> <span class='ocrx_word' id='word_1_659' title='bbox 2174 4448 2399 4521; x_wconf 80' lang='lat' dir='ltr'><strong>Augusti</strong></span> <span class='ocrx_word' id='word_1_660' title='bbox 2432 4450 2606 4504; x_wconf 87' lang='lat' dir='ltr'><strong>initia.</strong></span> <span class='ocrx_word' id='word_1_661' title='bbox 2655 4447 2881 4505; x_wconf 87' lang='lat' dir='ltr'><strong>Joannis</strong></span> <span class='ocrx_word' id='word_1_662' title='bbox 2918 4465 3058 4504; x_wconf 89' lang='lat' dir='ltr'><strong>mors</strong></span> <span class='ocrx_word' id='word_1_663' title='bbox 3096 4459 3144 4505; x_wconf 85' lang='lat' dir='ltr'><strong>et</strong></span> <span class='ocrx_word' id='word_1_664' title='bbox 3181 4449 3502 4520; x_wconf 83' lang='lat' dir='ltr'><strong>sepulcrum.</strong></span> 
     </span>
    </p>
   </div>
   <div class='ocr_carea' id='block_1_90' title="bbox 2054 4539 3577 4615">
    <p class='ocr_par' dir='ltr' id='par_1_90' title="bbox 2054 4539 3577 4615">
     <span class='ocr_line' id='line_1_90' title="bbox 2054 4539 3577 4615; baseline 0.001 -19"><span class='ocrx_word' id='word_1_665' title='bbox 2054 4539 2114 4596; x_wconf 80' lang='lat' dir='ltr'><strong>in</strong></span> <span class='ocrx_word' id='word_1_666' title='bbox 2143 4540 2303 4613; x_wconf 85' lang='lat' dir='ltr'><strong>hujus</strong></span> <span class='ocrx_word' id='word_1_667' title='bbox 2337 4540 2503 4612; x_wconf 87' lang='lat' dir='ltr'><strong>igitur</strong></span> <span class='ocrx_word' id='word_1_668' title='bbox 2530 4540 2864 4612; x_wconf 69' lang='lat' dir='ltr'><strong>temporibus</strong></span> <span class='ocrx_word' id='word_1_669' title='bbox 2884 4539 3223 4615; x_wconf 82' lang='lat' dir='ltr'><strong>Agilulphus,</strong></span> <span class='ocrx_word' id='word_1_670' title='bbox 3248 4554 3343 4596; x_wconf 82' lang='lat' dir='ltr'><strong>rex</strong></span> <span class='ocrx_word' id='word_1_671' title='bbox 3365 4539 3577 4613; x_wconf 86' lang='lat' dir='ltr'><strong>Lango-</strong></span> 
     </span>
    </p>
   </div>
   <div class='ocr_carea' id='block_1_91' title="bbox 1984 4628 3580 4702">
    <p class='ocr_par' dir='ltr' id='par_1_91' title="bbox 1984 4628 3580 4702">
     <span class='ocr_line' id='line_1_91' title="bbox 1984 4628 3580 4702; baseline -0.001 -15"><span class='ocrx_word' id='word_1_672' title='bbox 1984 4630 2299 4697; x_wconf 77' lang='lat' dir='ltr'><strong>bardorum,</strong></span> <span class='ocrx_word' id='word_1_673' title='bbox 2336 4643 2471 4701; x_wconf 81' lang='lat' dir='ltr'><strong>pace</strong></span> <span class='ocrx_word' id='word_1_674' title='bbox 2504 4641 2634 4686; x_wconf 82' lang='lat' dir='ltr'><strong>cum</strong></span> <span class='ocrx_word' id='word_1_675' title='bbox 2677 4630 2979 4702; x_wconf 82' lang='lat' dir='ltr'><strong>Smaragdo</strong></span> <span class='ocrx_word' id='word_1_676' title='bbox 3028 4630 3259 4702; x_wconf 84' lang='lat' dir='ltr'><strong>patricio</strong></span> <span class='ocrx_word' id='word_1_677' title='bbox 3298 4628 3440 4687; x_wconf 83' lang='lat' dir='ltr'><strong>facta</strong></span> <span class='ocrx_word' id='word_1_678' title='bbox 3480 4645 3580 4701; x_wconf 85' lang='lat' dir='ltr'><strong>per</strong></span> 
     </span>
    </p>
   </div>
   <div class='ocr_carea' id='block_1_92' title="bbox 1987 4721 3575 4794">
    <p class='ocr_par' dir='ltr' id='par_1_92' title="bbox 1987 4721 3575 4794">
     <span class='ocr_line' id='line_1_92' title="bbox 1987 4721 3575 4794; baseline -0.001 -16"><span class='ocrx_word' id='word_1_679' title='bbox 1987 4734 2189 4780; x_wconf 86' lang='lat' dir='ltr'><strong>annum</strong></span> <span class='ocrx_word' id='word_1_680' title='bbox 2226 4736 2399 4779; x_wconf 82' lang='lat' dir='ltr'><strong>unum</strong></span> <span class='ocrx_word' id='word_1_681' title='bbox 2454 4723 2665 4780; x_wconf 79' lang='lat' dir='ltr'><strong>stabilis</strong></span> <span class='ocrx_word' id='word_1_682' title='bbox 2712 4721 2853 4790; x_wconf 78' lang='lat' dir='ltr'><strong>iuit;</strong></span> <span class='ocrx_word' id='word_1_683' title='bbox 2909 4731 3033 4794; x_wconf 85' lang='lat' dir='ltr'><strong>post</strong></span> <span class='ocrx_word' id='word_1_684' title='bbox 3076 4731 3312 4793; x_wconf 85' lang='lat' dir='ltr'><strong>namque</strong></span> <span class='ocrx_word' id='word_1_685' title='bbox 3371 4733 3575 4777; x_wconf 77' lang='lat' dir='ltr'><strong>animm</strong></span> 
     </span>
    </p>
   </div>
   <div class='ocr_carea' id='block_1_93' title="bbox 1988 4817 3577 4892">
    <p class='ocr_par' dir='ltr' id='par_1_93' title="bbox 1988 4817 3577 4892">
     <span class='ocr_line' id='line_1_93' title="bbox 1988 4817 3577 4892; baseline -0.004 -16"><span class='ocrx_word' id='word_1_686' title='bbox 1988 4818 2260 4892; x_wconf 82' lang='lat' dir='ltr'><strong>expletum</strong></span> <span class='ocrx_word' id='word_1_687' title='bbox 2280 4820 2533 4878; x_wconf 85' lang='lat' dir='ltr'><strong>balneum</strong></span> <span class='ocrx_word' id='word_1_688' title='bbox 2560 4820 2726 4891; x_wconf 84' lang='lat' dir='ltr'><strong>regis,</strong></span> <span class='ocrx_word' id='word_1_689' title='bbox 2755 4828 2814 4875; x_wconf 86' lang='lat' dir='ltr'><strong>et</strong></span> <span class='ocrx_word' id='word_1_690' title='bbox 2843 4819 3037 4875; x_wconf 85' lang='lat' dir='ltr'><strong>civitas</strong></span> <span class='ocrx_word' id='word_1_691' title='bbox 3059 4817 3287 4882; x_wconf 62' lang='lat' dir='ltr'><strong>Tusciae,</strong></span> <span class='ocrx_word' id='word_1_692' title='bbox 3328 4830 3447 4885; x_wconf 76' lang='lat' dir='ltr'><strong>quin</strong></span> <span class='ocrx_word' id='word_1_693' title='bbox 3479 4830 3577 4870; x_wconf 92' lang='lat' dir='ltr'><strong>co-</strong></span> 
     </span>
    </p>
   </div>
   <div class='ocr_carea' id='block_1_94' title="bbox 289 4892 3579 5000">
    <p class='ocr_par' dir='ltr' id='par_1_94' title="bbox 289 4892 3579 5000">
     <span class='ocr_line' id='line_1_94' title="bbox 289 4892 3579 5000; baseline -0.009 -13"><span class='ocrx_word' id='word_1_694' title='bbox 289 4892 951 5000; x_wconf 57' lang='lat' dir='ltr'><strong>ihs‘frf&#39;anfeS_Pw?°f=Pw</strong></span> <span class='ocrx_word' id='word_1_695' title='bbox 1003 4898 1135 4958; x_wconf 58' lang='lat' dir='ltr'><strong>sua?</strong></span> <span class='ocrx_word' id='word_1_696' title='bbox 1188 4898 1266 4958; x_wconf 69' lang='lat' dir='ltr'><strong>De</strong></span> <span class='ocrx_word' id='word_1_697' title='bbox 1298 4901 1461 4973; x_wconf 72' lang='grc' dir='ltr'><strong>,ἱυειίε</strong></span> <span class='ocrx_word' id='word_1_698' title='bbox 1505 4905 1633 4961; x_wconf 68' lang='lat' dir='ltr'><strong>audi</strong></span> <span class='ocrx_word' id='word_1_699' title='bbox 1684 4906 1882 4963; x_wconf 66' lang='lat' dir='ltr'><strong>iterum</strong></span> <span class='ocrx_word' id='word_1_700' title='bbox 1907 4939 1962 5000; x_wconf 80' lang='lat' dir='ltr'><strong>D</strong></span> <span class='ocrx_word' id='word_1_701' title='bbox 1988 4915 2335 4985; x_wconf 78' lang='lat' dir='ltr'><strong>gnominatur</strong></span> <span class='ocrx_word' id='word_1_702' title='bbox 2366 4913 2689 4970; x_wconf 79' lang='lat' dir='ltr'><strong>-Orbevetus</strong></span> <span class='ocrx_word' id='word_1_703' title='bbox 2711 4950 2725 4973; x_wconf 92' lang='lat'><strong>,</strong></span> <span class='ocrx_word' id='word_1_704' title='bbox 2780 4909 2851 4964; x_wconf 88' lang='lat' dir='ltr'><strong>ab</strong></span> <span class='ocrx_word' id='word_1_705' title='bbox 2903 4908 3147 4965; x_wconf 85' lang='lat' dir='ltr'><strong>exercitu</strong></span> <span class='ocrx_word' id='word_1_706' title='bbox 3205 4908 3404 4963; x_wconf 68' lang='lat' dir='ltr'><strong>invasa:</strong></span> <span class='ocrx_word' id='word_1_707' title='bbox 3452 4913 3579 4959; x_wconf 86' lang='lat' dir='ltr'><strong>sunt</strong></span> 
     </span>
    </p>
   </div>
   <div class='ocr_carea' id='block_1_95' title="bbox 293 4985 3577 5075">
    <p class='ocr_par' dir='ltr' id='par_1_95' title="bbox 293 4985 3577 5075">
     <span class='ocr_line' id='line_1_95' title="bbox 293 4985 3577 5075; baseline 0.003 -36"><span class='ocrx_word' id='word_1_708' title='bbox 293 4986 471 5042; x_wconf 85' lang='lat' dir='ltr'><strong>David</strong></span> <span class='ocrx_word' id='word_1_709' title='bbox 500 4985 735 5043; x_wconf 80' lang='lat' dir='ltr'><strong>:Junior</strong></span> <span class='ocrx_word' id='word_1_710' title='bbox 758 4988 856 5057; x_wconf 80' lang='lat' dir='ltr'><strong>fui,</strong></span> <span class='ocrx_word' id='word_1_711' title='bbox 887 4998 936 5044; x_wconf 80' lang='lat' dir='ltr'><strong>et</strong></span> <span class='ocrx_word' id='word_1_712' title='bbox 956 4991 1128 5056; x_wconf 82' lang='lat' dir='ltr'><strong>senui,</strong></span> <span class='ocrx_word' id='word_1_713' title='bbox 1156 5001 1206 5046; x_wconf 84' lang='lat' dir='ltr'><strong>et</strong></span> <span class='ocrx_word' id='word_1_714' title='bbox 1236 5008 1338 5047; x_wconf 85' lang='lat' dir='ltr'><strong>non</strong></span> <span class='ocrx_word' id='word_1_715' title='bbox 1371 4995 1476 5048; x_wconf 74' lang='lat' dir='ltr'><strong>vidi</strong></span> <span class='ocrx_word' id='word_1_716' title='bbox 1493 4995 1705 5066; x_wconf 80' lang='lat' dir='ltr'><strong>justum</strong></span> <span class='ocrx_word' id='word_1_717' title='bbox 1733 4996 1884 5052; x_wconf 54' lang='lat' dir='ltr'><strong>dere.</strong></span> <span class='ocrx_word' id='word_1_718' title='bbox 1907 4985 1958 5000; x_wconf 65' lang='grc'><strong>”</strong></span> <span class='ocrx_word' id='word_1_719' title='bbox 1989 4998 2487 5075; x_wconf 85' lang='lat' dir='ltr'><strong>Langobardorum.</strong></span> <span class='ocrx_word' id='word_1_720' title='bbox 2533 4998 2603 5057; x_wconf 85' lang='lat' dir='ltr'><strong>Et</strong></span> <span class='ocrx_word' id='word_1_721' title='bbox 2634 4999 2692 5056; x_wconf 84' lang='lat' dir='ltr'><strong>in</strong></span> <span class='ocrx_word' id='word_1_722' title='bbox 2723 5012 2912 5055; x_wconf 87' lang='lat' dir='ltr'><strong>mense</strong></span> <span class='ocrx_word' id='word_1_723' title='bbox 2945 4998 3147 5070; x_wconf 78' lang='lat' dir='ltr'><strong>Aprilis</strong></span> <span class='ocrx_word' id='word_1_724' title='bbox 3175 5008 3231 5054; x_wconf 85' lang='lat' dir='ltr'><strong>et</strong></span> <span class='ocrx_word' id='word_1_725' title='bbox 3255 4996 3380 5052; x_wconf 79' lang='lat' dir='ltr'><strong>Maii</strong></span> <span class='ocrx_word' id='word_1_726' title='bbox 3421 4995 3577 5050; x_wconf 82' lang='lat' dir='ltr'><strong>stella</strong></span> 
     </span>
    </p>
   </div>
   <div class='ocr_carea' id='block_1_96' title="bbox 291 5076 1883 5156">
    <p class='ocr_par' dir='ltr' id='par_1_96' title="bbox 291 5076 1883 5156">
     <span class='ocr_line' id='line_1_96' title="bbox 291 5076 1883 5156; baseline 0.01 -27"><span class='ocrx_word' id='word_1_727' title='bbox 291 5076 504 5142; x_wconf 74' lang='lat' dir='ltr'><strong>(ictum,</strong></span> <span class='ocrx_word' id='word_1_728' title='bbox 540 5094 703 5148; x_wconf 84' lang='lat' dir='ltr'><strong>neque</strong></span> <span class='ocrx_word' id='word_1_729' title='bbox 721 5095 901 5133; x_wconf 84' lang='lat' dir='ltr'><strong>semen</strong></span> <span class='ocrx_word' id='word_1_730' title='bbox 927 5078 1041 5148; x_wconf 89' lang='lat' dir='ltr'><strong>ejus</strong></span> <span class='ocrx_word' id='word_1_731' title='bbox 1068 5096 1304 5152; x_wconf 77' lang='lat' dir='ltr'><strong>quwrens</strong></span> <span class='ocrx_word' id='word_1_732' title='bbox 1326 5100 1533 5153; x_wconf 88' lang='lat' dir='ltr'><strong>panem.</strong></span> <span class='ocrx_word' id='word_1_733' title='bbox 1579 5085 1657 5142; x_wconf 88' lang='lat' dir='ltr'><strong>De</strong></span> <span class='ocrx_word' id='word_1_734' title='bbox 1688 5098 1883 5156; x_wconf 85' lang='lat' dir='ltr'><strong>pecca-</strong></span> 
     </span>
    </p>
   </div>
   <div class='ocr_carea' id='block_1_97' title="bbox 295 5160 1882 5242">
    <p class='ocr_par' dir='ltr' id='par_1_97' title="bbox 295 5160 1882 5242">
     <span class='ocr_line' id='line_1_97' title="bbox 295 5160 1882 5242; baseline 0.008 -21"><span class='ocrx_word' id='word_1_735' title='bbox 295 5167 510 5221; x_wconf 84' lang='lat' dir='ltr'><strong>toribus</strong></span> <span class='ocrx_word' id='word_1_736' title='bbox 530 5176 711 5224; x_wconf 87' lang='lat' dir='ltr'><strong>autcm</strong></span> <span class='ocrx_word' id='word_1_737' title='bbox 749 5169 879 5239; x_wconf 83' lang='lat' dir='ltr'><strong>quid</strong></span> <span class='ocrx_word' id='word_1_738' title='bbox 922 5160 1183 5239; x_wconf 79' lang='lat' dir='ltr'><strong>scriptum</strong></span> <span class='ocrx_word' id='word_1_739' title='bbox 1225 5173 1352 5228; x_wconf 86' lang='lat' dir='ltr'><strong>est?</strong></span> <span class='ocrx_word' id='word_1_740' title='bbox 1402 5174 1679 5242; x_wconf 63' lang='lat' dir='ltr'><strong>Peccatori</strong></span> <span class='ocrx_word' id='word_1_741' title='bbox 1704 5188 1882 5235; x_wconf 84' lang='lat' dir='ltr'><strong>autem</strong></span> 
     </span>
    </p>
   </div>
   <div class='ocr_carea' id='block_1_98' title="bbox 293 5257 1881 5335">
    <p class='ocr_par' dir='ltr' id='par_1_98' title="bbox 293 5257 1881 5335">
     <span class='ocr_line' id='line_1_98' title="bbox 293 5257 1881 5335; baseline 0.009 -24"><span class='ocrx_word' id='word_1_742' title='bbox 293 5257 433 5311; x_wconf 68' lang='lat' dir='ltr'><strong>dixit</strong></span> <span class='ocrx_word' id='word_1_743' title='bbox 455 5257 634 5314; x_wconf 80' lang='lat' dir='ltr'><strong>Deus:</strong></span> <span class='ocrx_word' id='word_1_744' title='bbox 659 5259 838 5327; x_wconf 82' lang='lat' dir='ltr'><strong>Quare</strong></span> <span class='ocrx_word' id='word_1_745' title='bbox 861 5271 921 5317; x_wconf 83' lang='lat' dir='ltr'><strong>tu</strong></span> <span class='ocrx_word' id='word_1_746' title='bbox 958 5278 1176 5318; x_wconf 80' lang='lat' dir='ltr'><strong>enarras</strong></span> <span class='ocrx_word' id='word_1_747' title='bbox 1188 5264 1458 5334; x_wconf 80' lang='lat' dir='ltr'><strong>justitiam</strong></span> <span class='ocrx_word' id='word_1_748' title='bbox 1482 5282 1674 5335; x_wconf 80' lang='lat' dir='ltr'><strong>meum,</strong></span> <span class='ocrx_word' id='word_1_749' title='bbox 1704 5278 1756 5324; x_wconf 83' lang='lat' dir='ltr'><strong>et</strong></span> <span class='ocrx_word' id='word_1_750' title='bbox 1784 5284 1881 5325; x_wconf 85' lang='lat' dir='ltr'><strong>su-</strong></span> 
     </span>
    </p>
   </div>
   <div class='ocr_carea' id='block_1_99' title="bbox 299 5351 1880 5433">
    <p class='ocr_par' dir='ltr' id='par_1_99' title="bbox 299 5351 1880 5433">
     <span class='ocr_line' id='line_1_99' title="bbox 299 5351 1880 5433; baseline 0.008 -28"><span class='ocrx_word' id='word_1_751' title='bbox 299 5351 401 5405; x_wconf 82' lang='lat' dir='ltr'><strong>mis</strong></span> <span class='ocrx_word' id='word_1_752' title='bbox 416 5359 783 5408; x_wconf 76' lang='lat' dir='ltr'><strong>testamentum</strong></span> <span class='ocrx_word' id='word_1_753' title='bbox 806 5370 978 5410; x_wconf 77' lang='lat' dir='ltr'><strong>nteant</strong></span> <span class='ocrx_word' id='word_1_754' title='bbox 998 5366 1094 5426; x_wconf 84' lang='lat' dir='ltr'><strong>per</strong></span> <span class='ocrx_word' id='word_1_755' title='bbox 1111 5371 1170 5410; x_wconf 88' lang='lat' dir='ltr'><strong>os</strong></span> <span class='ocrx_word' id='word_1_756' title='bbox 1189 5365 1356 5423; x_wconf 81' lang='lat' dir='ltr'><strong>tuum,</strong></span> <span class='ocrx_word' id='word_1_757' title='bbox 1379 5366 1435 5414; x_wconf 88' lang='lat' dir='ltr'><strong>et</strong></span> <span class='ocrx_word' id='word_1_758' title='bbox 1458 5368 1655 5416; x_wconf 58' lang='lat' dir='ltr'><strong>caetera</strong></span> <span class='ocrx_word' id='word_1_759' title='bbox 1674 5362 1880 5433; x_wconf 72' lang='lat' dir='ltr'><strong>usque:</strong></span> 
     </span>
    </p>
   </div>
   <div class='ocr_carea' id='block_1_100' title="bbox 305 5440 1881 5525">
    <p class='ocr_par' dir='ltr' id='par_1_100' title="bbox 305 5440 1881 5525">
     <span class='ocr_line' id='line_1_100' title="bbox 305 5440 1881 5525; baseline 0.008 -28"><span class='ocrx_word' id='word_1_760' title='bbox 305 5440 329 5497; x_wconf 82' lang='grc'><strong><em>1</em></strong></span> <span class='ocrx_word' id='word_1_761' title='bbox 336 5441 603 5515; x_wconf 73' lang='lat' dir='ltr'><strong>ntelligite,</strong></span> <span class='ocrx_word' id='word_1_762' title='bbox 626 5442 715 5516; x_wconf 88' lang='lat' dir='ltr'><strong>qui</strong></span> <span class='ocrx_word' id='word_1_763' title='bbox 737 5444 1101 5504; x_wconf 76' lang='lat' dir='ltr'><strong>obliuiscimini</strong></span> <span class='ocrx_word' id='word_1_764' title='bbox 1133 5446 1322 5517; x_wconf 86' lang='lat' dir='ltr'><strong>Deum,</strong></span> <span class='ocrx_word' id='word_1_765' title='bbox 1350 5467 1413 5506; x_wconf 88' lang='lat' dir='ltr'><strong>ne</strong></span> <span class='ocrx_word' id='word_1_766' title='bbox 1445 5450 1660 5523; x_wconf 87' lang='lat' dir='ltr'><strong>quando</strong></span> <span class='ocrx_word' id='word_1_767' title='bbox 1684 5453 1881 5525; x_wconf 79' lang='lat' dir='ltr'><strong>mpiat,</strong></span> 
     </span>
    </p>
   </div>
   <div class='ocr_carea' id='block_1_101' title="bbox 380 5556 1889 5635">
    <p class='ocr_par' dir='ltr' id='par_1_101' title="bbox 380 5556 1889 5635">
     <span class='ocr_line' id='line_1_101' title="bbox 380 5556 1889 5635; baseline 0.004 -22"><span class='ocrx_word' id='word_1_768' title='bbox 380 5569 410 5635; x_wconf 56' lang='grc' dir='ltr'><strong><em>ξ</em></strong></span> <span class='ocrx_word' id='word_1_769' title='bbox 446 5556 575 5635; x_wconf 52' lang='grc' dir='ltr'><strong>Νθιζ</strong></span> <span class='ocrx_word' id='word_1_770' title='bbox 617 5571 789 5632; x_wconf 80' lang='lat' dir='ltr'><strong>marg.</strong></span> <span class='ocrx_word' id='word_1_771' title='bbox 832 5559 1251 5635; x_wconf 61' lang='lat' dir='ltr'><strong>Classiscivitus</strong></span> <span class='ocrx_word' id='word_1_772' title='bbox 1295 5572 1467 5635; x_wconf 85' lang='lat' dir='ltr'><strong>empta</strong></span> <span class='ocrx_word' id='word_1_773' title='bbox 1512 5580 1546 5618; x_wconf 90' lang='lat' dir='ltr'><strong>a</strong></span> <span class='ocrx_word' id='word_1_774' title='bbox 1574 5561 1754 5635; x_wconf 60' lang='lat' dir='ltr'><strong>joan.</strong></span> <span class='ocrx_word' id='word_1_775' title='bbox 1800 5580 1889 5619; x_wconf 88' lang='lat' dir='ltr'><strong>ar-</strong></span> 
     </span>
    </p>
   </div>
   <div class='ocr_carea' id='block_1_102' title="bbox 300 5625 1890 5705">
    <p class='ocr_par' dir='ltr' id='par_1_102' title="bbox 300 5625 1890 5705">
     <span class='ocr_line' id='line_1_102' title="bbox 300 5625 1890 5705; baseline 0.008 -26"><span class='ocrx_word' id='word_1_776' title='bbox 300 5625 486 5705; x_wconf 74' lang='lat' dir='ltr'><strong>cbiep._</strong></span> <span class='ocrx_word' id='word_1_777' title='bbox 535 5625 765 5705; x_wconf 54' lang='lat' dir='ltr'><strong>Ravenn:</strong></span> <span class='ocrx_word' id='word_1_778' title='bbox 787 5671 802 5697; x_wconf 95' lang='lat'><strong>,</strong></span> <span class='ocrx_word' id='word_1_779' title='bbox 849 5648 969 5703; x_wconf 69' lang='lat' dir='ltr'><strong>qum</strong></span> <span class='ocrx_word' id='word_1_780' title='bbox 1028 5633 1135 5705; x_wconf 73' lang='lat' dir='ltr'><strong>fuit</strong></span> <span class='ocrx_word' id='word_1_781' title='bbox 1174 5625 1437 5705; x_wconf 65' lang='lat' dir='ltr'><strong>destructa</strong></span> <span class='ocrx_word' id='word_1_782' title='bbox 1491 5646 1530 5705; x_wconf 68' lang='lat' dir='ltr'><strong>a_</strong></span> <span class='ocrx_word' id='word_1_783' title='bbox 1564 5632 1890 5705; x_wconf 83' lang='lat' dir='ltr'><strong>Liutprando</strong></span> 
     </span>
    </p>
   </div>
   <div class='ocr_carea' id='block_1_103' title="bbox 304 5695 1707 5772">
    <p class='ocr_par' dir='ltr' id='par_1_103' title="bbox 304 5695 1707 5772">
     <span class='ocr_line' id='line_1_103' title="bbox 304 5695 1707 5772; baseline 0.007 -25"><span class='ocrx_word' id='word_1_784' title='bbox 304 5695 424 5772; x_wconf 65' lang='lat' dir='ltr'><strong>rege</strong></span> <span class='ocrx_word' id='word_1_785' title='bbox 444 5695 917 5772; x_wconf 51' lang='lat' dir='ltr'><strong>Mgwardorum</strong></span> <span class='ocrx_word' id='word_1_786' title='bbox 941 5695 1234 5772; x_wconf 81' lang='lat' dir='ltr'><strong>proditione</strong></span> <span class='ocrx_word' id='word_1_787' title='bbox 1260 5703 1472 5759; x_wconf 84' lang='lat' dir='ltr'><strong>civium.</strong></span> <span class='ocrx_word' id='word_1_788' title='bbox 1509 5695 1707 5759; x_wconf 65' lang='lat' dir='ltr'><strong>Baccn&#39;.</strong></span> 
     </span>
    </p>
   </div>
   <div class='ocr_carea' id='block_1_104' title="bbox 375 5765 1889 5847">
    <p class='ocr_par' dir='ltr' id='par_1_104' title="bbox 375 5765 1889 5847">
     <span class='ocr_line' id='line_1_104' title="bbox 375 5765 1889 5847; baseline 0.007 -27"><span class='ocrx_word' id='word_1_789' title='bbox 375 5765 405 5807; x_wconf 66' lang='grc' dir='ltr'>δ</span> <span class='ocrx_word' id='word_1_790' title='bbox 442 5765 511 5821; x_wconf 82' lang='lat' dir='ltr'><strong>Et</strong></span> <span class='ocrx_word' id='word_1_791' title='bbox 537 5765 626 5826; x_wconf 80' lang='lat' dir='ltr'><strong>hic</strong></span> <span class='ocrx_word' id='word_1_792' title='bbox 643 5770 900 5843; x_wconf 81' lang='lat' dir='ltr'><strong>Agncllus</strong></span> <span class='ocrx_word' id='word_1_793' title='bbox 927 5765 1010 5828; x_wconf 78' lang='lat' dir='ltr'><strong>sui</strong></span> <span class='ocrx_word' id='word_1_794' title='bbox 1046 5774 1301 5843; x_wconf 83' lang='lat' dir='ltr'><strong>temporis</strong></span> <span class='ocrx_word' id='word_1_795' title='bbox 1338 5776 1619 5847; x_wconf 82' lang='lat' dir='ltr'><strong>episc0pos</strong></span> <span class='ocrx_word' id='word_1_796' title='bbox 1658 5775 1889 5834; x_wconf 86' lang='lat' dir='ltr'><strong>insccta-</strong></span> 
     </span>
    </p>
   </div>
   <div class='ocr_carea' id='block_1_105' title="bbox 1989 5085 3579 5164">
    <p class='ocr_par' dir='ltr' id='par_1_105' title="bbox 1989 5085 3579 5164">
     <span class='ocr_line' id='line_1_105' title="bbox 1989 5085 3579 5164; baseline -0.008 -9"><span class='ocrx_word' id='word_1_797' title='bbox 1989 5096 2162 5155; x_wconf 85' lang='lat' dir='ltr'><strong>oomis</strong></span> <span class='ocrx_word' id='word_1_798' title='bbox 2189 5095 2247 5152; x_wconf 81' lang='lat' dir='ltr'><strong>in</strong></span> <span class='ocrx_word' id='word_1_799' title='bbox 2273 5094 2414 5151; x_wconf 62' lang='lat' dir='ltr'><strong>caelo</strong></span> <span class='ocrx_word' id='word_1_800' title='bbox 2437 5091 2705 5164; x_wconf 80' lang='lat' dir='ltr'><strong>apparuit,</strong></span> <span class='ocrx_word' id='word_1_801' title='bbox 2737 5098 2793 5148; x_wconf 89' lang='lat' dir='ltr'><strong>et</strong></span> <span class='ocrx_word' id='word_1_802' title='bbox 2822 5091 3021 5146; x_wconf 89' lang='lat' dir='ltr'><strong>iterum</strong></span> <span class='ocrx_word' id='word_1_803' title='bbox 3068 5085 3313 5145; x_wconf 80' lang='lat' dir='ltr'><strong>fecerunt</strong></span> <span class='ocrx_word' id='word_1_804' title='bbox 3350 5085 3579 5142; x_wconf 83' lang='lat' dir='ltr'><strong>Romani</strong></span> 
     </span>
    </p>
   </div>
   <div class='ocr_carea' id='block_1_106' title="bbox 1989 5176 3578 5260">
    <p class='ocr_par' dir='ltr' id='par_1_106' title="bbox 1989 5176 3578 5260">
     <span class='ocr_line' id='line_1_106' title="bbox 1989 5176 3578 5260; baseline -0.006 -18"><span class='ocrx_word' id='word_1_805' title='bbox 1989 5201 2180 5260; x_wconf 87' lang='lat' dir='ltr'><strong>pacem</strong></span> <span class='ocrx_word' id='word_1_806' title='bbox 2220 5199 2346 5242; x_wconf 87' lang='lat' dir='ltr'><strong>cum</strong></span> <span class='ocrx_word' id='word_1_807' title='bbox 2383 5182 2645 5255; x_wconf 69' lang='lat' dir='ltr'><strong>prtedicto</strong></span> <span class='ocrx_word' id='word_1_808' title='bbox 2681 5195 2811 5255; x_wconf 86' lang='lat' dir='ltr'><strong>rege</strong></span> <span class='ocrx_word' id='word_1_809' title='bbox 2842 5181 3024 5238; x_wconf 87' lang='lat' dir='ltr'><strong>tribus</strong></span> <span class='ocrx_word' id='word_1_810' title='bbox 3054 5179 3238 5235; x_wconf 84' lang='lat' dir='ltr'><strong>annis.</strong></span> <span class='ocrx_word' id='word_1_811' title='bbox 3283 5176 3414 5233; x_wconf 86' lang='lat' dir='ltr'><strong>Post</strong></span> <span class='ocrx_word' id='word_1_812' title='bbox 3461 5177 3578 5233; x_wconf 65' lang='lat' dir='ltr'><strong>haec</strong></span> 
     </span>
    </p>
   </div>
   <div class='ocr_carea' id='block_1_107' title="bbox 1989 5268 3580 5349">
    <p class='ocr_par' dir='ltr' id='par_1_107' title="bbox 1989 5268 3580 5349">
     <span class='ocr_line' id='line_1_107' title="bbox 1989 5268 3580 5349; baseline -0.006 -15"><span class='ocrx_word' id='word_1_813' title='bbox 1989 5287 2168 5334; x_wconf 85' lang='lat' dir='ltr'><strong>autem</strong></span> <span class='ocrx_word' id='word_1_814' title='bbox 2207 5276 2393 5333; x_wconf 87' lang='lat' dir='ltr'><strong>invasa</strong></span> <span class='ocrx_word' id='word_1_815' title='bbox 2436 5283 2522 5332; x_wconf 86' lang='lat' dir='ltr'><strong>est</strong></span> <span class='ocrx_word' id='word_1_816' title='bbox 2563 5273 2816 5349; x_wconf 80' lang='lat' dir='ltr'><strong>Neapolis</strong></span> <span class='ocrx_word' id='word_1_817' title='bbox 2866 5287 2898 5330; x_wconf 85' lang='lat' dir='ltr'><strong>a</strong></span> <span class='ocrx_word' id='word_1_818' title='bbox 2936 5268 3164 5339; x_wconf 83' lang='lat' dir='ltr'><strong>Joanne,</strong></span> <span class='ocrx_word' id='word_1_819' title='bbox 3209 5278 3265 5328; x_wconf 90' lang='lat' dir='ltr'><strong>ct</strong></span> <span class='ocrx_word' id='word_1_820' title='bbox 3299 5284 3423 5327; x_wconf 89' lang='lat' dir='ltr'><strong>cum</strong></span> <span class='ocrx_word' id='word_1_821' title='bbox 3456 5277 3580 5341; x_wconf 88' lang='lat' dir='ltr'><strong>post</strong></span> 
     </span>
    </p>
   </div>
   <div class='ocr_carea' id='block_1_108' title="bbox 1990 5358 3579 5439">
    <p class='ocr_par' dir='ltr' id='par_1_108' title="bbox 1990 5358 3579 5439">
     <span class='ocr_line' id='line_1_108' title="bbox 1990 5358 3579 5439; baseline -0.004 -14"><span class='ocrx_word' id='word_1_822' title='bbox 1990 5368 2109 5426; x_wconf 89' lang='lat' dir='ltr'><strong>dies</strong></span> <span class='ocrx_word' id='word_1_823' title='bbox 2135 5366 2347 5439; x_wconf 88' lang='lat' dir='ltr'><strong>aliquos</strong></span> <span class='ocrx_word' id='word_1_824' title='bbox 2362 5364 2743 5436; x_wconf 72' lang='lat' dir='ltr'><strong>&#39;Eleutberius,</strong></span> <span class='ocrx_word' id='word_1_825' title='bbox 2768 5374 3055 5438; x_wconf 88' lang='lat' dir='ltr'><strong>postquam</strong></span> <span class='ocrx_word' id='word_1_826' title='bbox 3086 5361 3316 5435; x_wconf 87' lang='lat' dir='ltr'><strong>expulit,</strong></span> <span class='ocrx_word' id='word_1_827' title='bbox 3357 5358 3579 5418; x_wconf 75' lang='lat' dir='ltr'><strong>interfe-</strong></span> 
     </span>
    </p>
   </div>
   <div class='ocr_carea' id='block_1_109' title="bbox 1987 5453 3581 5525">
    <p class='ocr_par' dir='ltr' id='par_1_109' title="bbox 1987 5453 3581 5525">
     <span class='ocr_line' id='line_1_109' title="bbox 1987 5453 3581 5525; baseline -0.004 -8"><span class='ocrx_word' id='word_1_828' title='bbox 1987 5458 2067 5517; x_wconf 87' lang='lat' dir='ltr'><strong>cit</strong></span> <span class='ocrx_word' id='word_1_829' title='bbox 2110 5472 2258 5515; x_wconf 85' lang='lat' dir='ltr'><strong>eum.</strong></span> <span class='ocrx_word' id='word_1_830' title='bbox 2308 5457 2379 5513; x_wconf 88' lang='lat' dir='ltr'><strong>Et</strong></span> <span class='ocrx_word' id='word_1_831' title='bbox 2415 5458 2547 5515; x_wconf 87' lang='lat' dir='ltr'><strong>dum</strong></span> <span class='ocrx_word' id='word_1_832' title='bbox 2575 5472 2699 5513; x_wconf 79' lang='lat' dir='ltr'><strong>cum</strong></span> <span class='ocrx_word' id='word_1_833' title='bbox 2735 5456 2963 5513; x_wconf 89' lang='lat' dir='ltr'><strong>victoria</strong></span> <span class='ocrx_word' id='word_1_834' title='bbox 2994 5461 3380 5521; x_wconf 86' lang='lat' dir='ltr'><strong>reverteretur,</strong></span> <span class='ocrx_word' id='word_1_835' title='bbox 3407 5453 3581 5525; x_wconf 83' lang='lat' dir='ltr'><strong>patri-</strong></span> 
     </span>
    </p>
   </div>
   <div class='ocr_carea' id='block_1_110' title="bbox 1991 5565 3577 5653">
    <p class='ocr_par' dir='ltr' id='par_1_110' title="bbox 1991 5565 3577 5653">
     <span class='ocr_line' id='line_1_110' title="bbox 1991 5565 3577 5653; baseline -0.003 -26"><span class='ocrx_word' id='word_1_836' title='bbox 1991 5569 2326 5653; x_wconf 87' lang='lat' dir='ltr'><strong>_tur;eodem</strong></span> <span class='ocrx_word' id='word_1_837' title='bbox 2353 5565 2745 5653; x_wconf 59' lang='lat' dir='ltr'><strong>itaquqanimp</strong></span> <span class='ocrx_word' id='word_1_838' title='bbox 2781 5566 3082 5653; x_wconf 56' lang='lat' dir='ltr'><strong>eademque</strong></span> <span class='ocrx_word' id='word_1_839' title='bbox 3122 5566 3333 5653; x_wconf 71' lang='lat' dir='ltr'><strong>cautela</strong></span> <span class='ocrx_word' id='word_1_840' title='bbox 3375 5573 3432 5653; x_wconf 85' lang='lat' dir='ltr'><strong>et</strong></span> <span class='ocrx_word' id='word_1_841' title='bbox 3461 5566 3577 5653; x_wconf 71' lang='lat' dir='ltr'><strong>hzee</strong></span> 
     </span>
    </p>
   </div>
   <div class='ocr_carea' id='block_1_111' title="bbox 1990 5635 3577 5768">
    <p class='ocr_par' dir='ltr' id='par_1_111' title="bbox 1990 5635 3577 5768">
     <span class='ocr_line' id='line_1_111' title="bbox 1990 5635 3577 5768; baseline -0.003 -71"><span class='ocrx_word' id='word_1_842' title='bbox 1990 5635 2129 5767; x_wconf 48' lang='lat' dir='ltr'><strong>ipse,</strong></span> <span class='ocrx_word' id='word_1_843' title='bbox 2150 5652 2262 5768; x_wconf 55' lang='lat'>{11:13</span> <span class='ocrx_word' id='word_1_844' title='bbox 2292 5635 2587 5719; x_wconf 76' lang='lat' dir='ltr'><strong>superioris</strong></span> <span class='ocrx_word' id='word_1_845' title='bbox 2629 5638 2868 5711; x_wconf 86' lang='lat' dir='ltr'><strong>episcopi</strong></span> <span class='ocrx_word' id='word_1_846' title='bbox 2921 5635 3097 5697; x_wconf 70' lang='lat' dir='ltr'><strong>Vitam</strong></span> <span class='ocrx_word' id='word_1_847' title='bbox 3137 5636 3420 5712; x_wconf 87' lang='lat' dir='ltr'><strong>legendam</strong></span> <span class='ocrx_word' id='word_1_848' title='bbox 3466 5652 3577 5694; x_wconf 88' lang='lat' dir='ltr'><strong>mo-</strong></span> 
     </span>
     <span class='ocr_line' id='line_1_112' title="bbox 2033 5728 2227 5767; baseline -0.005 0"><span class='ocrx_word' id='word_1_849' title='bbox 2033 5728 2105 5767; x_wconf 86' lang='grc' dir='ltr'><strong>υι.</strong></span> <span class='ocrx_word' id='word_1_850' title='bbox 2213 5749 2227 5766; x_wconf 95' lang='grc'><strong>.</strong></span> 
     </span>
    </p>
   </div>
   <div class='ocr_carea' id='block_1_112' title="bbox 2033 5728 2227 5767">
    <p class='ocr_par' dir='ltr' id='par_1_112' title="bbox 2033 5728 2227 5767">
     <span class='ocr_line' id='line_1_113' title="bbox 2033 5728 2227 5767; baseline -0.005 0"><span class='ocrx_word' id='word_1_851' title='bbox 2033 5728 2105 5767; x_wconf 86' lang='grc' dir='ltr'><strong>υι.</strong></span> <span class='ocrx_word' id='word_1_852' title='bbox 2152 5728 2227 5767; x_wconf 83' lang='grc' dir='ltr'><strong>ω.</strong></span> 
     </span>
    </p>
   </div>
  </div>
