3936 6180
396 340 499 397 659

1104 330 1412 387 ΑΕΝΕΙᾸΛ
1446 327 1737 386 ABBATIS
1754 322 1832 384 'S.
1877 326 2004 381 MAIl

2108 326 2115 380 '.
2155 327 2248 381 AD
2284 323 2759 393 BLACHERNAS,
2799 323 2953 380 ETC.
3034 343 3059 359 κ

3558 321 3657 378 060

395 458 573 512 ciatus
594 448 911 522 dedignatus
941 454 1024 501 est
1056 445 1261 513 fasces;
1306 454 1361 500 et
1402 444 1652 519 quamvis
1688 444 1980 499 Eunuchus
2008 447 2057 506 Α
2083 446 2323 502 omnium
2380 454 2678 501 conventus
2720 445 3022 501 dmmonum
3065 442 3464 515 congrebantur
3506 438 3659 512 [con-

394 547 607 610 fuisset,
636 540 845 611 imperii
872 539 995 609 jura
1036 539 1292 608 suscepit.
1350 537 1453 605 Qui
1490 551 1741 607 egressus
1766 536 1831 590 de
1874 535 1981 589 Ra-

394 654 572 695 venna
602 637 828 691 Romam
868 631 1054 687 volens
1090 631 1188 696 ire,
1225 646 1257 685 a
1284 629 1543 685 militibus
1574 630 1627 684 in
1657 636 1840 684 castro
1880 627 1982 682 Lu-

396 729 562 787 ceolis
599 725 774 798 gladio
815 730 1124 795 peremptus
1160 729 1275 787 est;
1316 719 1470 789 cujus
1506 728 1667 790 (mput
1705 719 1979 774 conditum

396 833 555 874 sacco
584 812 1105 883 Constantinopolim
1133 810 1448 881 imperatori
1479 810 1716 865 delatum
1751 815 1853 863 est.
1903 808 1982 862 Eo

396 920 613 978 quoque
642 913 882 974 tempore
906 901 1199 973 praedictus
1231 916 1328 955 rex
1354 900 1672 972 Agilulphus
1713 898 1980 953 notarium

398 1012 555 1053 suum
598 994 959 1051 Stubilianum
993 991 1061 1046 ad
1097 991 1398 1047 Phocacem
1426 991 1811 1061 imperatorem
1840 988 1982 1058 lega-

397 1097 514 1142 tum
543 1084 710 1149 misit,
737 1082 930 1138 deinde
959 1096 1082 1136 cum
1106 1079 1297 1150 legatis
1318 1079 1662 1150 imperatoris
1682 1085 1978 1140 revertens,

395 1193 505 1249 pax
544 1177 688 1231 inter
720 1183 1012 1244 utrumque
1045 1171 1206 1227 facta.
1262 1170 1567 1241 Aliquantis
1600 1170 1760 1224 annis
1801 1168 1985 1239 quieta

399 1270 502 1326 fuit
528 1268 696 1324 Italia.
721 1265 912 1337 Igitur,
944 1273 1005 1318 nt
1027 1261 1279 1328 diximus,
1309 1261 1521 1317 Phocas
1551 1261 1818 1315 exstincto
1842 1258 1986 1313 Mau-

400 1363 550 1429 ritio,
587 1361 811 1431 ejusque
842 1357 990 1422 ﬁliis,
1038 1355 1403 1409 Romanorum
1446 1354 1707 1409 invadens
1758 1365 1985 1424 regnum

398 1469 500 1525 per
521 1461 646 1508 octo
673 1464 938 1505 annorum
963 1444 1230 1501 curricula
1261 1444 1625 1515 principatum
1655 1444 1847 1499 tenuit.
1884 1442 1985 1498 Po-

403 1545 639 1602 stulante
674 1542 736 1597 B.
768 1539 1042 1596 Bonifacio
1079 1552 1240 1609 papa,
1269 1536 1462 1591 statuit
1498 1543 1559 1589 ut
1602 1536 1843 1594 Romana
1881 1532 1985 1588 Ec-

404 1640 567 1697 clesia
596 1638 836 1695 omnium
862 1635 1225 1692 Ecclesiarum
1253 1642 1308 1687 et
1336 1639 1495 1701 caput
1514 1639 1680 1698 esset,
1719 1639 1775 1685 et
1810 1630 1984 1695 sedes,

407 1730 551 1803 quod
578 1740 741 1786 antea
760 1726 1352 1798 Constantinopolitana
1400 1725 1638 1781 Ecclesia
1684 1725 1858 1794 prima
1894 1740 1989 1779 vo—

2082 534 2489 610 gregabantur],
2516 542 2576 589 ut
2607 535 2681 590 ibi
2708 533 2947 591 omnium
2976 539 3283 589 sanctorum
3327 538 3385 585 et
3423 530 3517 584 Dei
3560 531 3664 585 ele-

2081 637 2293 685 ctorum
2330 626 2589 682 memoria
2642 631 3015 680 veneraretur.
3068 622 3278 678 Interea
3326 620 3662 690 exagitatam

2081 706 2404 772 estbellum
2453 716 2507 770 in
2566 712 2805 769 Orientis
2861 712 3107 783 partibus
3160 719 3216 766 et
3266 707 3662 781 Egyptiorum.

2080 806 2316 872 Prasini,
2349 814 2406 862 et
2433 804 2624 861 Veneti
2654 803 2797 857 inter
2825 817 2885 858 se
2912 801 3057 856 civili
3086 799 3386 881 certamine
3414 799 3668 869 gravissi-

2083 912 2201 953 mas
2226 905 2434 967 strages
2464 902 2763 951 mactantes
2790 893 2820 933 ιι
2851 907 2905 947 se
2939 901 3120 946 mutua
3146 890 3286 944 crede
3311 898 3665 960 prosternunt.

2084 988 2264 1044 Persa:
2289 1004 2491 1060 quoque
2527 988 2777 1040 adversus
2805 984 3174 1055 rempublicam
3200 980 3510 1053 gravissima
3536 982 3669 1036 bella

2084 1090 2314 1151 gerentes
2340 1077 2540 1134 multas
2564 1076 2930 1131 Romanorum
2955 1072 3284 1144 provincias,
3311 1072 3475 1126 etiam
3500 1071 3669 1141 ipsam

2085 1166 2513 1241 Hierosolymam
2536 1170 2905 1236 captaverunt,
2932 1170 2987 1217 et
3014 1161 3273 1217 ecclesias
3297 1160 3673 1230 deprzedantcs

2086 1261 2155 1315 ad
2196 1259 2424 1314 nihilum
2452 1257 2798 1328 redegerunt,
2829 1263 2884 1309 et
2913 1268 3043 1323 opes
3078 1252 3340 1317 ecclesiae,
3384 1265 3676 1305 ornamen-

2087 1362 2248 1424 taque
2274 1350 2601 1413 dctulerunt,
2633 1358 2689 1403 et
2713 1348 2886 1417 ipsum
2915 1345 3187 1408 vexillum,
3219 1357 3317 1413 per
3350 1344 3493 1412 quod
3526 1340 3676 1416 [san-

2086 1454 2233 1501 ctum
2262 1441 2389 1515 quo]
2420 1441 2680 1510 redempti
2702 1453 2908 1504 sumus,
2947 1438 3127 1492 crucis
3165 1436 3477 1491 auferentes
3516 1435 3675 1504 depo-

2086 1536 2424 1608 pulaverunt,
2459 1542 2516 1588 et
2544 1546 2729 1587 secum
2757 1530 3087 1586 detulerunt.
3145 1527 3500 1584 Heraclianus
3527 1542 3673 1591 vero,

2087 1628 2178 1698 qui
2227 1627 2280 1683 in
2333 1625 2440 1681 illis
2489 1625 2679 1679 diebus
2718 1622 2955 1678 Africam
3002 1622 3242 1692 regebat,
3298 1628 3487 1675 contra
3538 1620 3678 1674 hunc

2088 1717 2392 1774 Phocacem
2422 1714 2721 1779 rebellavit,
2769 1720 2931 1783 atque
2972 1712 3196 1766 veniens
3243 1725 3367 1766 cum
3411 1709 3677 1773 exercitu,

406 1800 641 1883 curetur.
693 1836 720 1865 ι
756 1824 1067 1894 lterumque
1087 1822 1245 1894 petiit
1268 1820 1335 1875 ab
1361 1832 1425 1874 eo
1450 1818 1739 1890 prmdictus
1763 1830 1899 1885 papa
1929 1822 1988 1868 nt
2016 1811 2063 1870 B
2089 1809 2324 1879 privavit
2350 1820 2472 1861 eum
2496 1820 2663 1875 regno
2689 1812 2745 1859 et
2769 1805 2901 1858 vita.
2934 1802 3238 1867 lleraclius,
3267 1802 3492 1871 ejusque
3540 1800 3679 1854 ﬁlius

407 1919 462 1973 in
487 1916 657 1973 veteri
687 1915 834 1982 fano,
864 1916 1005 1986 quod
1038 1913 1263 1969 Romani
1290 1911 1567 1966 Pantheon
1594 1899 1877 1972 vocabant,
1902 1908 1995 1962 de-

409 2019 613 2068 structa
646 2009 911 2065 idolorum
939 2008 1121 2073 sorde,
1160 2004 1388 2061 ecclesia
1433 2011 1632 2058 sanctae
1668 2009 1725 2056 et
1767 2000 1993 2055 inteme-

408 2109 543 2157 ratae
563 2100 787 2171 virginis
814 2098 1015 2163 Mariae,
1046 2106 1100 2153 et
1123 2097 1364 2153 omnium
1392 2103 1702 2149 sanctorum
1725 2091 1819 2146 Dei
1850 2105 1995 2145 mar-

409 2200 612 2263 tyrum,
640 2190 723 2246 vel
752 2188 1143 2254 confessorem,
1173 2186 1329 2242 ﬁeret
1351 2194 1512 2255 atque
1540 2183 1868 2250 ﬁrmaretur,
1899 2182 1992 2238 ubi

486 2334 512 2364 ι
552 2322 631 2377 Ex
655 2321 1000 2377 schismatico
1025 2319 1206 2374 animo
1244 2318 1360 2374 haec
1396 2329 1659 2387 perverse.
1694 2313 1835 2387 dicta
1881 2312 1994 2367 ani-

413 2393 708 2447 madverte.
755 2390 906 2445 Notae
944 2397 1102 2453 sunt,
1142 2404 1263 2458 quae
1308 2383 1473 2458 ὶιιιὲει·⁸
1504 2385 1751 2458 Magnum
1796 2383 1995 2452 Grego-

414 2462 577 2526 rium,
617 2469 673 2514 et
706 2454 1355 2529 Constantinopolitanum
1391 2454 1700 2529 episcopum
1726 2454 1998 2529 interces-

415 2545 538 2587 sere
564 2522 937 2599 quaestiones,
983 2522 1196 2599 quaque
1243 2522 1832 2599 constaintia_'_pontifex
1875 2523 1994 2599 ejus

414 2592 738 2671 patriarcha:
760 2592 1126 2654 temeritatem"
1151 2595 1491 2668 represserit.
1539 2592 1747 2651 Phocas
1774 2593 1829 2649 id
1860 2592 1990 2664 egit,

2096 1917 2210 1957 rem
2255 1900 2554 1956 Romanam
2599 1897 2869 1967 publicam
2919 1895 3210 1964 regendam
3259 1893 3517 1962 suscepit.
3591 1890 3682 1947 llis

2097 1995 2280 2065 itaque
2305 1992 2592 2049 transactis
2629 1988 2914 2046 defunctus
2950 1995 3036 2042 est
3076 1986 3167 2041 hic
3211 1984 3585 2049 beatissimus,
3630 1993 3683 2038 et

2096 2085 2339 2156 sepultus
2367 2092 2469 2150 est,
2495 2092 2557 2137 ut
2593 2081 2901 2151 suspicatus
2932 2095 3072 2144 sum,
3106 2078 3159 2132 in
3188 2078 3369 2131 ardica
3401 2076 3463 2130 Β.
3491 2075 3684 2146 Apolli~

2098 2178 2265 2233 naris.
2311 2174 2463 2232 Sedit
2500 2191 2628 2230 ann.
2656 2189 2814 2238 xvtn,
2846 2186 3020 2227 mens.
3048 2186 3126 2236 vr,
3160 2171 3273 2226 dies
3306 2185 3422 2223 vni.

2101 2317 2162 2365 ut
2194 2306 2282 2364 ille
2316 2325 2347 2363 a
2387 2309 2580 2376 emptis
2617 2305 2923 2376 desisteret,
2957 2303 3365 2376 Romanumque
3391 2301 3681 2373 primatum

2101 2386 2387 2435 assereret.
2438 2373 2666 2433 Mendax
2690 2374 2945 2444 Agnellus
2965 2415 2978 2438 ,
3006 2373 3096 2444 qui
3124 2375 3177 2428 id
3207 2389 3234 2428 a
3264 2374 3683 2444 Phocaiconrcs-

2099 2464 2235 2510 sum,
2262 2464 2379 2503 cum
2401 2458 2555 2501 antea
2581 2443 3160 2514 Constantinopolitana
3200 2443 3345 2498 sedes
3384 2443 3559 2512 prima
3595 2458 3684 2495 ro-

2100 2528 2330 2585 caretur,
2351 2516 2566 2572 effutire
2585 2516 2764 2571 audet.
2796 2514 2996 2570 Bacon.

2172 2588 2200 2627 ι)
2235 2578 2369 2643 Vide
2401 2585 2839 2642 dissertationem
2884 2584 3303 2656 praecedentem,
3342 2597 3469 2652 cap.
3524 2580 3577 2635 6.
3603 2578 3685 2633 lo.

979 2947 1660 3077 nummo
1751 2937 3111 3075 GHRONOLOGICO-HISTORICA

429 3185 519 3243 De
548 3184 725 3242 astate
755 3176 1135 3256 sequentium
1154 3173 1527 3255 pontiﬁcum
1546 3170 2171 3309 RavennatunltéBom,
2208 3170 2451 3242 Meum,
2486 3170 2833 3243 Reman],
2873 3169 3234 3245 Tusononr,
3274 3171 3583 3244 Durum,
3625 3177 3683 3229 et

1986 3267 2208 3309 sucrs.

1986 3267 2208 3310 BLICIS.

996 3452 1172 3508 PARS
1205 3450 1439 3507 PRIMA.

428 3548 593 3607 Hubei
631 3547 866 3617 syntaxis
898 3546 1194 3617 exponitur.
1221 3541 1408 3617 Plura
1540 3557 1602 3595 ea
1652 3542 1844 3617 absque
1880 3525 2008 3617 teste

501 3610 1250 3688 relata'nequgunt'sustineri.
1289 3610 1537 3688 Agneltus
1574 3627 1692 3665 cum
1727 3610 2008 3665 Anastasio

502 3682 787 3759 confertur.
814 3686 976 3742 Sedes
997 3682 1358 3754 chronologice
1390 3683 1758 3753 disponuntur.

502 3798 543 3852 Ι.
582 3796 716 3852 Cum
741 3795 817 3850 nil
843 3794 1210 3865 inpostremis
1229 3793 1455 3865 duorum
1476 3792 1847 3865 episcoporum
1871 3789 2025 3865 Yitis‘

432 3867 808 3923 observatione
871 3860 1091 3935 dignum
1153 3860 1450 3918 invenerim
1469 3902 1489 3935 _,
1510 3860 1526 3862 ⁷
1547 3861 1615 3916 ad
1658 3860 2009 3935 sequentium

432 3936 834 4015 chronologiap
852 3929 1113 4015 transire
1144 3932 1583 4015 opermnpretium
1604 3929 2010 4015 putavi..lgitu.r

434 4022 532 4078 pro
571 4002 721 4078 more
767 4005 937 4061 Rubei
982 4002 1270 4078 clarissimi
1312 4002 2011 4078 Rav_ennatum___scr_iptoris

434 4070 784 4146 chonologica
839 4075 1085 4146 syntaxis
1144 4072 1460 4144 exponenda
1522 4080 1644 4146 ests
1676 4070 1769 4125 Ille
1817 4072 2010 4146 horum

435 4141 695 4202 omnium'
718 4141 1031 4202 pontificum
1059 4152 1179 4199 acta
1217 4141 1273 4197 et
1297 4157 1385 4197 res
1423 4142 1696 4196 memoriae
1738 4141 2013 4195 mandavit

436 4217 532 4271 lib.
583 4232 638 4271 IV
682 4209 934 4271 Historiae
974 4228 1101 4268 suae.
1134 4212 1360 4267 Mortem
1407 4209 1543 4266 Boni
1599 4210 1890 4281 contigisse
1936 4210 2013 4264 ait

439 4286 768 4358 paulo__ante
795 4284 1035 4355 prmlium
1073 4283 1142 4358 ad
1177 4282 1523 4358 Seu_ltenna_m
1559 4281 1927 4358 commissum,
1956 4281 2011 4334 in

440 4350 549 4427 quo
585 4350 897 4427 Theodorus
924 4354 1194 4427 exarchus
1221 4368 1250 4405 a
1280 4350 1645 4427 liangobardis
1670 4358 1755 4406 est
1792 4365 2013 4427 supera-

441 4420 554 4490 t'ns,
572 4424 783 4493 amissis
806 4431 1025 4493 septeni
1039 4422 1273 4493 millibus
1293 4420 1688 4493 Ilav'ennatum,
1713 4422 1855 4491 quod
1877 4435 2014 4490 pne—

442 4494 574 4549 linm
606 4489 1055 4549 incidisse—tradit
1098 4492 1152 4545 in
1181 4505 1379 4544 annum
1422 4489 1545 4544 650.
1585 4489 1891 4547 Decessisse
1919 4506 2015 4545 au-

443 4572 555 4619 tem
590 4562 667 4615 ait
707 4562 981 4616 laudatum
1024 4559 1328 4629 pontiﬁcem
1369 4573 1512 4613 anno
1530 4561 1859 4629 praecedenti
1887 4560 2011 4625 648,

448 4647 525 4688 vn
542 4630 703 4702 VKal._
727 4628 1078 4702 Septembris.
1108 4630 1184 4702 De
1225 4628 1433 4702 Mauro,
1464 4628 1651 4702 relatis
1677 4646 1801 4699 quae
1818 4631 1901 4702 ad
1928 4645 2017 4702 sy-

445 4701 646 4758 nodum
674 4696 971 4756 Ronianam
999 4699 1099 4756 sub
1119 4698 1347 4753 Martino
1382 4696 1671 4767 pertinent,
1694 4696 1894 4757 scribit
1931 4696 2019 4757 se-

2036 3450 2081 3513 C
2112 3448 2204 3503 bet
2244 3465 2257 3500 :
2290 3464 2309 3497 ι
2344 3445 2498 3501 Felix
2547 3444 3005 3515 archiepiscOpus,
3057 3460 3181 3499 cum
3226 3444 3424 3515 divinis
3465 3444 3683 3514 insignis

2112 3516 2429 3572 muneribus
2452 3513 2751 3571 maximum
2777 3513 3050 3584 specimen
3093 3513 3401 3570 sanctitatis
3428 3513 3683 3584 prcebuisc

2114 3596 2216 3653 set,
2250 3586 2467 3640 tandem
2492 3601 2565 3638 vn
2604 3584 2724 3638 Kal.
2765 3583 3078 3655 Decembris
3115 3600 3182 3655 ex
3214 3585 3317 3640 hoc
3347 3583 3682 3655 Iacrymabili

2111 3656 2344 3727 hospitio
2370 3655 2646 3736 cmlestem
2697 3655 2751 3709 in
2780 3654 3011 3736 patriam
3031 3654 3332 3736 profectus
3359 3654 3478 3736 est;
3498 3656 3561 3736 in.
3590 3669 3683 3735 n_u-

2109 3723 2319 3783 merum
2356 3733 2663 3781 sanctorum
2687 3723 2908 3788 ascitus,
2941 3743 2959 3775 ι
2993 3723 3096 3779 etc.
3132 3742 3151 3776 ι
3187 3723 3406 3779 Praefuit
3434 3724 3683 3778 Ecclesia!

2110 3812 2282 3853 annos
2309 3796 2527 3851 circiter
2562 3809 2716 3848 xvm.
2753 3814 2771 3846 ι
2804 3793 2931 3848 Haec
2958 3792 3198 3859 Rubeus,
3223 3795 3314 3864 qui
3353 3796 3423 3850 ab
3464 3793 3682 3864 Agnello

2110 3866 2597 3934 recedensabsque
2625 3864 2871 3934 validiori
2902 3871 3057 3927 teste,
3087 3864 3223 3919 alias
3246 3879 3377 3934 rem
3396 3864 3684 3919 deﬁniendi

2111 3936 2285 3992 locum
2319 3932 2590 4003 relinquit.
2626 3932 2771 4005 Sunt
2795 3934 2957 3988 etiam
2984 3934 3056 4005 ob
3085 3950 3204 4005 qua:
3234 3935 3304 3988 ab
3332 3932 3451 4005 ejus
3475 3934 3685 4005 syntaxi

2112 4005 2467 4061 recedendum
2495 4018 2617 4058 esse
2644 4004 2953 4059 suademur.
2982 4003 3192 4058 Etenim
3215 4019 3337 4058 cum
3375 4003 3581 4057 diserte
3606 4003 3683 4057 di-

2114 4084 2203 4131 cat
2229 4075 2548 4129 Damianum
2571 4074 2775 4129 sedisse
2806 4088 2976 4128 annos
3005 4088 3114 4137 xvi,
3141 4089 3313 4129 mens.
3345 4088 3405 4134 ιι.
3436 4075 3557 4128 dies
3577 4088 3679 4135 xvi,

2112 4154 2167 4202 et
2196 4161 2253 4200 ιιι
2284 4144 2360 4199 Id.
2384 4143 2607 4199 Martias
2629 4143 2942 4213 decessisse,
2965 4144 3108 4213 quod
3131 4143 3273 4199 idem
3301 4142 3466 4198 tradit
3491 4142 3688 4213 Λευει-

2113 4215 2215 4280 lus,
2244 4224 2299 4269 et
2325 4212 2577 4269 similiter
2610 4215 2790 4269 tradat
2818 4212 3049 4268 Felicem
3081 4228 3222 4269 anno
3248 4228 3279 4267 a
3317 4221 3477 4282 partu
3508 4212 3684 4283 Virgi-

2113 4287 2197 4340 nis
2226 4284 2327 4339 702
2352 4286 2701 4355 subrogatum
2734 4283 2992 4355 Damiano
3018 4283 3317 4355 demortuo,
3346 4295 3688 4355 consequens

2114 4356 2175 4410 ﬁt
2198 4353 2854 4409 Damiannm‘ordinatum
2884 4353 3162 4407 Decembri
3201 4366 3387 4407 mense
3426 4353 3496 4407 ad
3529 4353 3684 4406 ﬁnem

2114 4432 2368 4496 vergente
2389 4424 2516 4496 anni
2547 4424 2670 4490 685,
2703 4424 2788 4478 die
2816 4422 3061 4496 videlicet
3090 4422 3160 4496 s7
3188 4422 3683 4496 pgedicti_mensis,

2115 4490 2248 4549 feria
2290 4494 2345 4565 5,
2383 4494 2535 4565 cyclo
2576 4508 2768 4565 nempe
2810 4493 2937 4565 solis
2976 4490 3382 4565 _l‘2,_lit.:Dom.
3415 4490 3483 4547 ϐ.
3529 4492 3602 4546 At
3643 4490 3688 4546 si

2117 4560 2432 4619 Theodorus
2452 4560 2815 4634 praedecessor
2836 4562 3081 4617 Damiani
3106 4562 3295 4634 eodem
3310 4560 3422 4634 fere
3444 4572 3687 4630 tempore

2115 4643 2363 4690 mortuus
2385 4633 2467 4689 est
2493 4648 2599 4703 quo
2620 4633 2803 4703 Conon
2831 4647 3071 4703 summus

2118 4714 2252 4770 tem,
2283 4702 2575 4760 secundum
2606 4702 2920 4772 Baronium,
2957 4702 3048 4772 qui

3164 4631 3356 4696 ntil'ex,
3380 4630 3572 4687 Conon
3599 4646 3687 4685 au-

3129 4702 3266 4757 ubeo
3304 4702 3481 4772 praeit,
3526 4700 3687 4757 mori-

450 4766 2014 4859 s'issesueecsss..E'ceiexv_;9lﬁi§§e3ire_3911991
2041 4799 2095 4859 1)
2119 4784 2207 4830 ων
2235 4766 2498 4859 eunetis?
2544 4773 2630 4828 die
2663 4774 2730 4828 *5
2772 4766 3045 4859 οο.ιριη’ῖεν
3083 4766 3452 4859 Consentinus.
3470 4772 3688 4859 Dams-

450 4843 520 4897 ab
556 4849 681 4896 ortu
716 4840 927 4909 Christi
960 4839 1083 4894 672.
1126 4838 1455 4909 Reparatum
1490 4837 1683 4893 asserit
1719 4840 2017 4898 decessisse

450 4926 511 4968 ιιι
536 4910 672 4966 Non.
702 4908 953 4975 Sextiles,
975 4925 1096 4966 cum
1119 4907 1423 4978 praefuisset
1442 4922 1616 4963 annos
1633 4923 1686 4970 v,
1711 4924 2017 4977 mens.vm,

450 4981 568 5037 dies
612 4996 760 5045 xxvi,
815 4981 965 5035 Dono
1018 4977 1259 5034 Romano
1302 4977 1582 5044 Pontilice,
1625 4986 1683 5034 et
1738 4979 2021 5039 Theodoro

451 5051 721 5106 Exarcho.
761 5048 1101 5105 Theodorum
1137 5048 1505 5103 Ravennatem
1548 5058 1737 5103 narrat
1770 5049 1838 5103 ad
1876 5049 2020 5106 Arza-

451 5122 675 5191 thonem
715 5119 1025 5191 pontiﬁcem
1053 5118 1345 5191 Maximum
1386 5118 1678 5191 accessisse
1722 5134 1862 5191 anno
1892 5118 2018 5187 680,

453 5205 521 5246 ex
551 5190 687 5246 actis
704 5187 918 5246 concilii
946 5187 1200 5259 Romani,
1221 5196 1276 5242 et
1301 5194 1452 5259 sexta
1480 5190 1719 5259 synodo:
1755 5206 1774 5240 ι
1804 5188 2022 5245 Conone

458 5268 659 5330 autem,
690 5259 787 5325 ait,
820 5260 993 5330 adhuc
1022 5256 1297 5330 pontiﬁce,
1330 5257 1416 5311 cui
1462 5256 1586 5311 cum
1618 5273 1818 5330 annum
1845 5261 2023 5330 ponti-

457 5328 553 5400 fex
590 5344 711 5400 non
726 5327 1064 5400 perfecisset,
1115 5326 1428 5400 Theodorus
1459 5329 1726 5400 exarchus
1764 5326 2021 5400 moritur,

458 5399 649 5454 eodem
687 5395 800 5453 fere
829 5407 1067 5479 tempore
1097 5410 1204 5476 quo
1231 5403 1285 5449 et
1309 5395 1624 5479 Theodorus
1665 5395 2025 5479 archiepiscm

457 5482 582 5536 pus,
611 5484 733 5522 cum
766 5464 1121 5522 undecimum
1131 5464 1243 5536 jam
1291 5480 1488 5518 annum
1508 5465 1821 5536 Ravennati
1845 5464 2029 5523 Eccle-

462 5535 556 5591 sise
584 5546 856 5607 praeesset,
888 5556 905 5588 ι
933 5545 1037 5592 etc.
1069 5535 1383 5607 Damianum
1412 5535 1619 5607 scribit,
1651 5551 1772 5591 cum
1799 5538 2027 5607 sedisset

465 5603 637 5662 annos
666 5622 775 5663 xvi.
805 5620 976 5660 mens.
1010 5621 1073 5670 ιι,
1098 5605 1215 5659 dies
1240 5620 1350 5667 xu,
1374 5618 1436 5657 ιιι
1464 5603 1785 5675 Ιόκρίειιτιίθε
1806 5606 2025 5675 obiisse,

465 5683 521 5729 et
564 5685 685 5745 post
714 5679 833 5746 ejus
869 5685 1099 5746 mortem
1139 5675 1485 5746 subrogatum
1510 5673 1767 5746 felicem
1814 5692 1958 5732 anno
1995 5673 2026 5732 a

468 5742 622 5815 partu
652 5742 882 5815 Virginis
913 5743 1032 5798 702.
1067 5744 1290 5799 Domum
1312 5742 1388 5799 de
1434 5742 1610 5800 Felice
1640 5745 1755 5816 ipso
1782 5746 1895 5803 huic
1934 5747 2029 5803 ha-

2124 4860 2252 4898 num
2290 4844 2597 4898 ordinatum
2635 4859 2745 4898 uno
2784 4842 2975 4899 saltem
3001 4856 3143 4897 anno
3184 4850 3240 4897 et
3266 4841 3544 4897 mensibus
3567 4848 3687 4895 ante

2124 4913 2392 4968 Theodori
2422 4923 2671 4978 mortem,
2702 4928 2825 4967 cum
2854 4912 3091 4967 maxime
3112 4912 3265 4981 juxta
3293 4911 3515 4981 Barcinii
3544 4925 3684 4966 com-

2122 4991 2312 5053 putum
2336 4982 2520 5053 Conon
2553 4983 2766 5053 nonnisi
2800 4997 2942 5053 anno
2968 4982 3073 5038 686
3097 4980 3387 5053 ordinatus
3416 4980 3539 5035 fuit.
3569 4980 3689 5053 Haec

2126 5049 2307 5107 autem
2354 5052 2633 5108 molestius
2671 5052 2841 5107 Rubei
2890 5060 3153 5107 assertum
3200 5052 3603 5115 inliciabuntur,
3644 5049 3687 5105 si

2127 5130 2436 5193 spectentur
2470 5122 2704 5193 rationes
2727 5138 2847 5193 quae
2871 5119 2933 5176 C.
2966 5121 3029 5177 ν.
3059 5119 3482 5193 Papehrochium
3507 5135 3691 5193 coegej

2128 5188 2255 5274 runt
2282 5191 2459 5274 serius
2488 5191 2724 5274 Cononis
2737 5188 2998 5274 Lte‘mpora
3016 5188 3386 5274 _coiisignara_,
3437 5191 3512 5244 ita
3535 5188 3689 5274 _qu'o_d

2124 5261 2405 5315 ordinatus
2435 5260 2600 5316 fuerit
2622 5261 2709 5316 die
2735 5262 2770 5317 8
2797 5259 3071 5330 Septemb.
3099 5259 3225 5315 anni
3260 5261 3390 5324 687,
3419 5268 3475 5315 et
3497 5259 3691 5316 obierit

2126 5330 2460 5401 507Augusti
2509 5331 2633 5401 anni
2660 5330 2785 5401 688.
2833 5331 2962 5401 Inde
3005 5331 3150 5385 enim
3178 5330 3343 5401 ﬁeret
3374 5331 3690 5401 Damianum

2125 5399 2431 5454 ordinatum
2462 5400 2634 5455 tribus
2674 5399 2792 5455 fere
2819 5400 2975 5455 annis
3016 5408 3142 5455 ante
3166 5399 3436 5455 Theodori
3466 5400 3690 5459 obitum.

2128 5468 2213 5523 vel
2238 5468 2580 5524 Theodorum
2608 5469 2805 5525 obiisse
2829 5485 2933 5524 non
2961 5468 3102 5523 circa
3133 5468 3389 5535 Cononis,
3431 5469 3530 5525 sed
3552 5472 3691 5523 circa

2130 5538 2327 5593 Leonis
2375 5539 2612 5610 (servato
2655 5539 2861 5610 calculo
2907 5539 3370 5610 Papebrochiano)
3416 5538 3694 5594 morientis

2134 5606 2549 5678 tempusglnitia
2585 5609 2825 5664 Damiani
2864 5606 3097 5678 episcopi
3127 5606 3365 5664 sedentis
3385 5625 3529 5663 anno
3561 5624 3695 5677 prm-

2132 5676 2277 5749 dicto
2298 5676 2402 5732 685
2429 5694 2682 5749 expresse
2706 5676 2987 5748 consignat
3014 5676 3286 5749 Ughellus;
3313 5688 3390 5741 at,
3420 5676 3569 5748 quod
3598 5679 3694 5731 ab-

2134 5747 2349 5803 surdius
2376 5757 2479 5815 est,
2498 5747 2748 5805 errorem
2778 5747 2883 5803 non
2908 5747 3168 5819 agnoscit,
3191 5749 3436 5820 quamvis
3456 5762 3521 5804 cx
3542 5749 3687 5804 Ana-
