3936 6180
216 368 326 425 669

1276 368 1474 425 LIBER
1513 363 1994 423 PONTIFICALIS.
2022 398 2094 408 —
2116 368 2297 426 PARS
2329 365 2392 426 [ι.

3366 373 3471 429 670

215 482 468 538 oratione
496 494 743 539 assuetus
780 499 888 539 non
921 484 1174 541 cessabat
1211 500 1400 555 preces
1439 484 1653 540 assidue
1682 481 1793 537 Deo
1818 483 1868 541 Α
1895 490 2174 539 senectute
2208 484 2381 549 bona,
2413 480 2756 554 sepultusque
2782 494 2865 539 est
2899 479 2953 537 in
2987 498 3120 553 pace
3158 485 3211 539 in
3238 483 3466 544 basilica

216 572 368 627 dare.
402 572 506 627 Pro
529 573 775 629 ﬁdelibus
799 574 1007 639 orabat,
1036 584 1097 629 ut
1127 575 1535 645 perﬁcerentur,
1575 587 1675 642 pro
1707 571 1791 625 in-

217 663 488 731 ﬁdelibus,
519 673 583 720 ut
604 666 671 723 ad
696 667 925 736 gratiam
951 668 1329 736 pervenirent,
1356 667 1479 737 quia
1504 675 1793 736 antequam

214 754 533 810 destruatur
556 757 807 821 mundus,
834 771 1023 811 omnes
1056 758 1126 812 ad
1145 756 1420 829 Christum
1446 762 1784 811 concurrent.

212 843 357 898 Audi
389 844 558 898 David
589 867 607 898 ε
634 843 1053 900 Reminiscantur
1089 854 1139 900 et
1175 855 1540 901 convertantur
1578 845 1657 899 ad
1685 845 1792 900 Βο-

212 934 419 987 minam
461 949 637 988 omnes
675 935 842 989 tribus
878 944 1050 1001 terrae,
1088 944 1147 990 et
1181 935 1474 993 adorabunt
1515 945 1635 990 ante
1671 952 1793 990 con-

212 1033 446 1093 spectant
480 1025 728 1093 gentium.
763 1025 949 1080 Videte
978 1026 1246 1095 quomodo
1278 1034 1404 1080 ante
1432 1024 1618 1094 judicii
1650 1026 1791 1081 diem

214 1116 393 1170 omnis
420 1116 653 1171 mundus
686 1126 808 1187 post
831 1116 1106 1174 Christum
1141 1118 1267 1181 ibit,
1297 1128 1352 1174 et
1377 1118 1679 1173 adorabunt
1705 1135 1795 1174 so-

212 1203 326 1257 lum
347 1205 517 1258 Deum
544 1205 809 1260 viventem
832 1206 885 1259 in
914 1206 1108 1260 saecula
1136 1207 1589 1269 smeulorum._Dic
1613 1217 1666 1262 et
1689 1223 1782 1264 ca:-

214 1301 352 1357 tera,
383 1307 419 1345 0
442 1308 536 1347 rex
566 1311 581 1346 :
618 1292 686 1346 Et
710 1293 1001 1348 odorabunt
1029 1312 1147 1349 eum
1171 1313 1346 1351 omnes
1375 1313 1515 1367 reges
1542 1307 1713 1363 terrm,
1742 1310 1791 1355 et

212 1400 391 1438 omnes
421 1401 565 1453 reges
592 1386 809 1439 servient
836 1388 903 1440 ei.
937 1388 1003 1441 Et
1026 1387 1223 1443 Paulus
1252 1390 1523 1458 apostolus
1547 1390 1745 1448 clamat
1772 1411 1786 1448 :

212 1473 391 1528 Donec
415 1473 682 1543 plenitudo
703 1477 934 1544 gentium
954 1477 1236 1543 introierit,
1263 1488 1310 1532 et
1336 1480 1411 1533 sic
1433 1482 1600 1535 omnis
1620 1480 1790 1537 Israel

208 1564 387 1618 saltus
411 1565 521 1633 ﬁet.
554 1565 620 1619 Et
644 1581 811 1636 quare
836 1583 941 1622 non
966 1568 1194 1623 credunt
1220 1571 1416 1626 modo?
1444 1571 1577 1638 Quia
1603 1588 1788 1630 eorum

206 1657 476 1711 obdurato
516 1668 642 1713 sunt
679 1660 866 1725 corda,
910 1668 967 1716 et
1004 1660 1185 1716 clausa
1227 1671 1352 1718 sunt
1390 1664 1612 1719 viscera.
1655 1666 1790 1721 illud

205 1746 476 1808 velamen,
508 1748 650 1815 quod
692 1748 903 1819 Moyses
940 1748 1129 1803 habuit
1156 1749 1210 1804 in
1253 1749 1411 1816 facie,
1456 1751 1667 1807 illorum
1707 1754 1788 1808 in-

204 1836 377 1891 ﬁxum
402 1846 482 1891 est
514 1838 782 1893 cordibus.
824 1838 891 1893 Et
926 1838 972 1892 si
1002 1838 1235 1894 velatum
1274 1856 1370 1894 cor
1393 1841 1624 1906 habent,
1655 1858 1789 1913 quo-

204 1928 371 1981 modo
401 1942 529 1997 ergo
556 1928 804 1983 Ezechiel
840 1928 1042 1983 clamat
1076 1947 1089 1984 :
1129 1929 1381 1999 Auferam
1409 1947 1499 1985 cor
1525 1932 1787 2003 lapideum

197 2018 265 2072 de
288 2035 454 2073 carne
481 2028 674 2086 vestra,
704 2030 753 2074 et
781 2019 916 2075 dabo
944 2021 1082 2076 vobis
1118 2037 1210 2076 cor
1242 2038 1510 2089 corneum,
1539 2033 1587 2077 et
1613 2026 1785 2080 scietis

196 2109 325 2178 quia
356 2126 453 2178 ego
486 2109 779 2165 Dominus?
807 2112 936 2165 Data
966 2120 1091 2166 sunt
1115 2112 1221 2168 illis
1250 2128 1451 2168 carnea
1476 2116 1662 2181 corda,
1691 2119 1786 2173 sed

200 2197 407 2251 duritia
433 2197 522 2252 illa
543 2213 757 2268 semper
781 2199 831 2253 in
856 2200 935 2254 eis
956 2199 1242 2256 adcrescit.
1267 2202 1403 2257 Audi
1427 2204 1740 2273 Apostolum
1767 2226 1780 2262 :

197 2286 507 2343 Secundum
547 2290 789 2344 duritiem
830 2302 1003 2346 autem
1046 2302 1193 2347 tuam
1232 2304 1280 2347 et
1327 2294 1649 2365 impwnitens
1695 2314 1788 2351 cor

197 2378 532 2432 thesaurizas
564 2380 656 2434 tibi
677 2380 810 2433 iram
833 2380 887 2434 in
912 2380 996 2434 die
1016 2381 1130 2446 ine,
1154 2392 1201 2435 et
1223 2382 1631 2452 indignationem
1643 2385 1781 2455 justi

188 2469 391 2538 ιιιάίάί
413 2468 530 2531 Dei,
558 2469 647 2540 qui
676 2470 852 2523 reddet
876 2471 1155 2541 unicuique
1174 2472 1459 2526 secundum
1482 2490 1637 2543 opera
1661 2492 1778 2529 sua.

195 2559 271 2614 De
304 2574 500 2615 eorum
527 2561 722 2615 duritia
749 2561 874 2616 audi
904 2561 1073 2631 ipsam
1106 2562 1403 2618 Veritatem
1435 2584 1448 2618 :
1484 2563 1678 2621 Potens
1707 2578 1781 2622 est

192 2648 343 2703 Deus
374 2650 441 2704 de
469 2648 726 2721 lapidibus
756 2651 870 2704 istis
895 2652 1149 2706 suscitare
1181 2652 1321 2722 ﬁlios
1353 2652 1599 2708 Abrahw.
1626 2655 1781 2726 Apud

195 2740 377 2795 Deum
408 2741 588 2796 omnia
622 2741 899 2812 possibilia
925 2750 1074 2797 sunt.
1113 2742 1180 2796 Et
1212 2759 1385 2813 quare
1419 2760 1526 2798 non
1554 2747 1783 2800 suscita-

191 2834 306 2887 vit?
348 2832 413 2889 Si
451 2832 646 2901 voluit,
683 2834 806 2904 quis
836 2835 1160 2889 contradixit
1199 2836 1281 2890 ei?
1319 2835 1452 2891 Cum
1488 2837 1633 2892 solus
1663 2853 1782 2892 om-

192 2921 344 2976 nium
398 2922 628 2978 donator
672 2920 1018 2995 [dominator]
1074 2924 1615 2995 suscitavitvsanctos
1655 2942 1783 2997 apo-

192 3011 394 3076 stolos,
420 3012 511 3081 qui
546 3027 614 3068 ex
648 3013 879 3067 Abrahae
902 3014 1199 3087 propagine
1232 3012 1478 3080 fuerunt,
1509 3015 1661 3084 cujus
1685 3033 1782 3073 vos

192 3102 504 3157 imitatores
535 3101 690 3168 estis,
724 3109 780 3156 et
815 3117 1002 3158 eorum
1045 3103 1268 3173 gestatis
1302 3101 1548 3174 ﬁguram.
1583 3105 1782 3167 Recor-

190 3191 673 3257 daminisollicite,
710 3207 855 3263 rogo,
887 3201 1087 3247 sanetae
1130 3192 1382 3247 Ecclesia:
1426 3193 1773 3262 inspectores,

189 3279 449 3352 quamvis
479 3280 761 3335 sublimem
797 3281 1024 3337 teneatis
1060 3282 1272 3345 sedem,
1306 3289 1483 3337 tamen
1519 3282 1778 3338 mortales

188 3373 350 3437 estis,
409 3387 622 3442 semper
640 3371 894 3440 solliciti,
940 3388 1154 3443 semper
1196 3372 1393 3443 pavidi.
1441 3371 1636 3428 Audite
1680 3389 1778 3443 per

184 3465 518 3536 prophetam
557 3482 570 3517 :
618 3463 715 3518 Vos
752 3466 884 3519 sicut
923 3466 1154 3519 homines
1191 3466 1514 3530 moriemini,
1554 3475 1605 3519 et
1643 3468 1777 3520 sicut

189 3568 325 3606 unus
360 3552 430 3607 de
468 3553 786 3623 principibus
818 3556 1032 3609 cadetis.
1078 3556 1146 3610 Et
1183 3555 1324 3610 ﬁlius
1364 3556 1610 3626 praedicti
1653 3572 1780 3626 pro-

188 3642 373 3711 phetae
419 3656 435 3696 :
475 3640 670 3698 Beatus
713 3645 890 3711 homo,
933 3646 1023 3716 qui
1055 3663 1257 3717 semper
1293 3655 1368 3699 est
1403 3646 1657 3716 pavidus;
1686 3645 1779 3717 qui

187 3749 306 3787 rere
339 3735 533 3789 mentis
566 3745 640 3791 est
668 3736 833 3802 durce,
863 3745 1066 3791 corruet
1096 3737 1149 3790 in
1177 3737 1394 3791 malum.
1423 3735 1571 3793 Obiit
1594 3745 1774 3790 autem

187 3826 278 3883 hic
318 3828 671 3886 beatissimus
712 3829 908 3901 praesul
947 3832 1036 3887 die
1068 3847 1140 3887 vn
1182 3831 1303 3886 Kal.
1335 3830 1676 3903 Septembris
1718 3831 1773 3886 in

203 3992 535 4017 *οι-...ι-

1897 570 1956 629 S.
1982 572 2317 643 Apollenaris
2338 574 2637 629 sacerdotis
2659 581 2713 627 et
2735 574 2988 644 martyris
3009 574 3063 627 in
3087 574 3285 630 Classe.
3317 573 3468 632 Sedit

1894 678 2075 724 autem
2103 683 2458 757 annos...._....
2487 682 2885 722 menses.......
2915 666 3215 723 dies........

2612 785 2753 796 ..ι-.-

2387 860 2951 920 OBSERVATIONES

2449 968 2518 1008 AD
2555 969 2719 1008 VITAM
2758 969 2899 1009 BONI.

1890 1067 2269 1139 Episcoporum
2304 1066 2489 1139 efﬁgies
2528 1069 2582 1122 in
2619 1067 2835 1122 ecclesia
2872 1070 3061 1139 apponi
3099 1070 3284 1126 solitm.
3326 1072 3459 1128 Item

1997 1135 2367 1206 Augustorum.
2388 1135 2785 1191 Saracenorum
2811 1135 2985 1208 canitie
3012 1140 3349 1195 incursiones.

1960 1245 2002 1299 l.
2042 1244 2099 1297 In
2142 1244 2301 1316 hujus
2344 1244 2616 1314 pontiﬁcis
2656 1247 2774 1300 Vita
2820 1248 2891 1300 nil
2935 1248 3046 1303 fere
3087 1250 3462 1306 observatione

1891 1312 2132 1383 dignum.
2162 1312 2356 1368 Noster
2381 1330 2500 1368 cum
2526 1316 2598 1368 nil
2626 1317 2690 1370 de
2718 1316 2863 1371 Bono
2888 1320 3213 1372 narrandum
3240 1321 3458 1385 habent,

1929 1399 1986 1456 ro
2005 1399 2111 1456 suo
2132 1398 2280 1456 more
2301 1386 2717 1456 convertitur-ad
2742 1403 2961 1441 suorum
2984 1397 3286 1456 temporum
3308 1392 3454 1445 vitia.

1914 1453 2021 1529 llud
2056 1453 2296 1529 auctoris
2325 1453 3145 1529 tidemutcunquecommendat
3165 1499 3184 1529 ,γ
3219 1461 3360 1529 quod
3392 1476 3460 1514 ne

1888 1523 2010 1591 quis
2039 1521 2307 1595 dubitaret
2331 1523 2398 1575 de
2426 1521 2948 1595 cujusque-episcopi
2979 1528 3221 1595 corporis
3239 1521 3454 1593 habitu,

1888 1592 2384 1667 guemdescrihere
2413 1592 2674 1667 sol_et,_’_it_l
2703 1592 2961 1667 sé_ait_ex
2995 1592 3179 1649 eorum
3211 1592 3459 1667 imagini;

1886 1662 1994 1737 bus
2021 1662 2229 1737 pictura
2258 1663 2838 1737 _e_xpressis_didi_c_isse.
2862 1665 3031 1737 Licet
3071 1674 3249 1737 autem
3281 1662 3456 1737 (qttod

1887 1746 1954 1785 ex
1981 1733 2083 1786 hoc
2106 1731 2311 1799 Agnell-i
2340 1731 2503 1787 Libro
2531 1731 2827 1788 Pontiﬁcali
2860 1735 3180 1801 innotescit)
3210 1744 3271 1789 ut
3290 1731 3456 1789 mini-

1818 1818 1863 1877 Β
1894 1816 2040 1877 mum
2082 1817 2113 1855 a
2152 1801 2511 1877 Yalentiniani
2554 1801 2802 1856 Martiani
2843 1804 3254 1877 praedecessoris
3298 1814 3457 1877 {etate

1892 1870 2127 1926 solerent
2173 1871 2226 1924 in
2278 1871 2509 1926 basilicis
2560 1870 2859 1940 earumque
2892 1874 3185 1941 porticibus
3235 1874 3455 1929 honoris

1888 1955 2048 2012 causa
2074 1941 2447 2012 episcoporum
2476 1941 2735 2012 imagines
2762 1942 2907 2012 pingi
2927 1983 2940 2005 ,
2970 1943 3022 1997 id
3055 1952 3233 1997 tamen
3260 1944 3455 1998 solem-

1887 2010 2009 2066 nius
2032 2010 2328 2082 obtinuisse
2350 2010 2495 2082 circa
2520 2010 2787 2082 liaéchoni
2815 2010 3057 2082 tempora
3079 2013 3309 2075 videtur,
3335 2015 3454 2082 qui-

1885 2081 1986 2136 bus
2013 2080 2297 2152 orthodoxi
2323 2081 2579 2152 episcopi,
2609 2081 2749 2149 sicut
2778 2082 2830 2134 in
2860 2080 3125 2152 diptychis
3150 2080 3455 2137 scribeban-

1887 2096 1986 2136 nus
2013 2096 2297 2134 OI‘IIIOGOXI
2323 2096 2579 2203 episcopi,
2609 2096 2749 2149 Sicut
2778 2098 2830 2134 in
2860 2096 3125 2152 uiptycuts
3150 2096 3451 2137 seruieban-

1887 2158 1993 2213 tur,
2026 2150 2104 2204 sic
2134 2152 2185 2204 in
2215 2151 2383 2205 sacris
2410 2152 2507 2204 aedi
2550 2167 2612 2204 us
2642 2151 2768 2213 picti
2798 2151 2973 2206 locum
3004 2152 3288 2206 habebant.
3313 2152 3451 2207 Iliuc

1884 2218 2203 2274 Anastasius
2229 2221 2282 2274 in
2318 2220 2611 2290 Agathonis
2636 2218 2755 2275 Vita
2793 2222 2900 2284 ait,
2929 2223 3069 2289 quod
3099 2223 3152 2275 in
3190 2230 3341 2276 sexta
3371 2238 3456 2290 sy-

1884 2291 2024 2344 nodo
2048 2289 2255 2353 Patres,
2281 2288 2642 2345 Monothelitis
2664 2288 2961 2353 damnatis,
2978 2309 2998 2341 ‹
3026 2290 3364 2346 abstulerunt
3385 2288 3453 2346 de

1884 2360 2555 2430 diptychisEcclesiarum
2598 2361 2815 2415 nomina
2858 2361 3322 2430 patriarcharum,
3368 2361 3452 2415 vel

1883 2430 1949 2482 de
1987 2429 2213 2498 picturis
2241 2429 2482 2485 ecclesia:
2520 2430 2719 2498 ﬁguras
2757 2445 2976 2494 eorum,
3011 2439 3103 2483 aut
3134 2432 3184 2483 in
3218 2429 3446 2495 foribus,

1882 2498 1971 2569 ubi
1996 2499 2105 2569 illa;
2128 2513 2247 2553 esse
2269 2507 2514 2569 poterant
2541 2498 2862 2560 auferentes,
2888 2498 2942 2553 id
2970 2508 3053 2553 est
3077 2498 3221 2569 Cyri,
3249 2499 3447 2568 Sergii,

1881 2566 2054 2631 Pauli,
2081 2566 2294 2638 Pyrrhi,
2320 2568 2485 2630 Petri,
2516 2583 2611 2637 per
2644 2584 2964 2638 quoserror
2986 2566 3298 2624 orthodoxa:
3327 2566 3451 2623 ﬁdei

1881 2652 2050 2708 usque
2081 2637 2224 2708 nunc
2250 2638 2548 2708 pullulavit.
2593 2657 2612 2691 ι
2659 2637 2737 2693 De
2774 2637 2980 2694 Joanne
3021 2640 3182 2693 ctiam
3214 2639 3298 2693 Vll
3337 2639 3451 2693 hmc

1881 2707 2040 2779 habet
2070 2726 2082 2759 :
2120 2726 2138 2757 ‹
2174 2706 2327 2779 Fecit
2359 2724 2488 2762 vero
2521 2716 2577 2763 et
2604 2709 2862 2779 imagines
2892 2724 2988 2777 per
3012 2710 3252 2762 diversas
3280 2708 3452 2779 eccle-

1881 2776 2009 2847 sias,
2042 2791 2174 2846 quas
2208 2778 2512 2847 quicunque
2536 2793 2697 2847 nosse
2718 2776 3022 2839 desiderat,
3059 2780 3109 2831 in
3137 2778 3217 2831 cis
3246 2777 3449 2847 vultum

1880 2846 2153 2915 depictum
2180 2846 2439 2915 reperiet;
2470 2865 2488 2898 ι
2522 2846 2578 2901 ld
2602 2849 2765 2901 etiam
2794 2849 3012 2902 honoris
3046 2847 3307 2902 tributum
3342 2846 3453 2898 Au-

1881 2916 2051 2985 gustis
2088 2916 2367 2985 utriusque
2409 2931 2593 2980 sexus,
2639 2926 2750 2969 tum
2799 2916 2958 2977 alibi,
3011 2932 3143 2985 cum,
3178 2916 3450 2971 Ravenna:

1880 2984 2034 3053 plura
2061 2984 2349 3067 ostendunt
2383 3000 2447 3065 ex
2477 2985 2888 3067 passinrrelatis
2912 2987 2967 3067 in
2995 2987 3098 3039 hoc
3121 2984 3447 3067 Pontiﬁcali,

1880 3069 2051 3124 usque
2080 3069 2109 3107 a
2138 3054 2493 3124 Yalentiniani
2523 3054 2877 3124 Placidiazque
2906 3056 3258 3122 temporibus,
3288 3054 3449 3124 etin-

1808 3157 1851 3219 Ο
1884 3123 1986 3219 ira,
2030 3122 2379 3219 es-Dnamiani
2406 3125 2640 3219 episcLOpi
2686 3122 2841 3219 actis.
2878 3124 3056 3219 Facile
3085 3132 3153 3219 ,ει
3195 3125 3311 3178 haec
3331 3123 3451 3219 illa:

1883 3200 2126 3247 strantur
2164 3208 2232 3247 ex
2272 3194 2498 3248 historia
2540 3194 2762 3250 haeresis
2809 3194 3292 3259 lconoclastarum,
3328 3208 3450 3262 qua:

1881 3274 2072 3318 octavo
2100 3263 2293 3317 sarculo
2322 3264 2616 3319 Ecclesiam
2648 3265 2903 3318 turbavit.

1953 3332 2014 3386 ll.
2055 3332 2208 3400 Quod
2237 3333 2313 3386 ait
2340 3342 2544 3399 noster,
2578 3353 2596 3384 ‹
2632 3334 2698 3387 ab
2731 3333 2887 3388 istius
2920 3353 2936 3386 ι
2968 3332 3205 3403 episcopi
3245 3351 3263 3383 ι
3296 3340 3450 3403 tem-

1879 3417 2023 3473 pore
2043 3422 2061 3456 ι
2102 3403 2415 3458 vexationes
2441 3404 2678 3473 gentium
2708 3419 2828 3458 esse
2854 3405 3115 3472 cmpisse,
3163 3402 3450 3457 manifesto

1882 3488 1947 3526 ex
1975 3472 2061 3527 his
2089 3488 2208 3543 quae
2237 3472 2639 3543 subsequuntur
2671 3483 2895 3542 apparet
2926 3472 2988 3543 ad
3019 3473 3448 3543 Mahmnetanant

1878 3540 2479 3611 sectatii,'Arabumque
2507 3542 2562 3595 in
2606 3540 2904 3596 Romanum
2949 3542 3254 3610 imperium,
3294 3549 3361 3611 et
3392 3540 3444 3611 in

1877 3610 2147 3681 llispanire
2203 3609 2471 3681 ltalriteque
2518 3611 2810 3680 perniciem
2828 3609 3193 3681 parmatorum
3220 3609 3446 3681 ἱμίηἰιίει

1875 3696 1899 3732 s
1940 3678 2140 3733 ectare.
2191 3679 2376 3733 Serius
2434 3678 2612 3733 tamen
2664 3681 2777 3733 haec
2826 3679 3136 3734 Ravennam
3185 3678 3443 3733 alllixerc.

1885 3694 2008 3803 V‘ide
2034 3747 2321 3803 Baronium
2338 3790 2354 3803 .
2381 3740 2449 3803 ad
2474 3765 2674 3803 annum
2704 3752 2808 3803 650
2831 3758 2885 3803 et
2908 3765 3021 3803 seu.

1922 3749 2008 3803 ide
2034 3747 2321 3804 Baronium
2338 3790 2354 3815 ,
2381 3747 2449 3804 ad
2474 3765 2674 3804 annum
2704 3752 2808 3805 650
2831 3758 2885 3805 et
2908 3765 3021 3819 seq.

545 3987 3433 4016 W

1097 4143 1347 4225 VIT'A
1403 4142 1727 4221 MAURI
1787 4140 2446 4221 SCHISMATICI
2505 4139 2562 4216 ³.

713 4359 938 4417 CAPUT
972 4358 1261 4416 PRIMUM.

1880 4378 2073 4418 norum
2117 4370 2402 4419 averteret.
2439 4361 2771 4431 Factumque
2803 4369 2887 4415 est
2930 4361 3041 4426 ita;
3078 4370 3133 4416 et
3168 4361 3442 4421 subtracta

190 4454 699 4529 Haurusdiaconus
724 4463 771 4507 et
795 4454 953 4529 abbas
975 4451 1035 4509 S.
1041 4450 1476 4529 ﬁBarlholomtei:
1482 4451 1769 4523 Episcopus
1795 4436 1848 4497 Π
1873 4465 1958 4513 est
1985 4456 2314 4511 Ravennatis
2337 4454 2575 4511 Ecclesia
2594 4495 2610 4519 ,
2635 4470 2706 4509 nc
2733 4470 3004 4524 nunquam
3032 4456 3285 4528 deinceps
3308 4475 3442 4529 pon-

412 4526 584 4596 factus
607 4522 865 4577 contendit
890 4539 1007 4577 cum
1031 4521 1269 4576 Romano
1293 4521 1554 4592 pontiﬁce.

260 4640 491 4697 Maurus
522 4637 763 4693 XXXIV.
801 4635 907 4692 Iste
936 4635 1092 4692 fortis
1119 4635 1219 4691 fuit
1246 4636 1470 4691 viribus.
1503 4634 1773 4691 Diaconus

191 4728 650 4800 hujusEcclesiae
682 4726 814 4793 fuit,
846 4734 901 4782 et
939 4727 1274 4792 Yconomus,
1312 4736 1367 4781 et
1405 4726 1543 4781 abba
1582 4741 1772 4781 mona-

192 4822 351 4875 sterii
390 4818 448 4874 S.
485 4817 862 4873 Bartholomaai
899 4817 1107 4881 extitit,
1139 4817 1437 4883 ubinunc,
1470 4816 1605 4893 sicin
1643 4832 1773 4872 con-

191 4912 431 4982 spicitis,
463 4924 563 4979 ego
591 4924 728 4973 sum,
760 4907 871 4962 Deo
900 4905 1129 4970 favente,
1160 4921 1226 4960 ex
1257 4905 1572 4961 dimissione
1598 4905 1773 4977 Sergii

190 5002 414 5058 diaconi
444 4999 699 5070 patruelis
732 4997 857 5053 mei.
890 4995 988 5053 llic
1013 4997 1305 5066 praedictus
1326 5037 1340 5062 ,
1370 5006 1430 5051 ut
1459 4996 1567 5051 dixi
1587 5037 1603 5062 ,
1634 5013 1773 5067 pon-

194 5093 330 5148 tifex
371 5091 566 5145 multas
598 5090 915 5143 vexationes
952 5101 1075 5142 cum
1112 5086 1355 5140 Romano
1387 5086 1640 5156 pontiﬁce
1678 5087 1773 5140 ha-

192 5183 350 5247 buit,
402 5180 570 5234 multa
622 5179 955 5244 certamina,
1007 5176 1204 5231 multos
1259 5177 1530 5241 turbines,
1579 5176 1773 5232 multas

191 5269 601 5324 altercationes.
639 5266 818 5322 Multis
853 5266 1062 5321 vicibus
1092 5264 1605 5335 (IonstantinOpolim
1644 5265 1772 5321 atti-

191 5359 274 5430 git
293 5399 311 5424 ,
335 5368 394 5412 ut
419 5357 715 5413 EcClesiam
738 5371 889 5412 suam
912 5354 979 5409 ab
994 5353 1123 5425 jugo
1145 5353 1226 5408 vel
1249 5355 1556 5409 conditione
1578 5354 1775 5409 Roma-

268 5484 295 5513 ι
337 5471 440 5527 Hic
467 5470 886 5538 enimvero,pie
912 5469 1096 5531 lector,
1132 5467 1422 5538 infandum
1442 5467 1775 5538 Ravennatis

194 5542 443 5611 episcopi
476 5541 683 5596 facinus
707 5536 994 5611 detestare,
1024 5538 1231 5611 quohil
1260 5537 1493 5611 iniquius
1520 5536 1776 5611 in__histo—

196 5605 284 5664 ria
316 5605 681 5666 ecclesiastica
712 5609 949 5663 invenire
976 5605 1075 5663 esi.
1108 5608 1306 5663 Verum
1335 5605 1389 5662 et
1414 5605 1619 5676 Agnelli
1654 5620 1777 5674 per-

196 5693 420 5733 versam
459 5689 692 5735 mentcm
725 5678 874 5739 vide,
906 5678 995 5748 qui
1027 5694 1092 5733 eo
1130 5677 1394 5748 sermonis
1428 5689 1624 5748 genere
1662 5676 1775 5729 hare

203 5759 503 5812 memorat,
532 5750 673 5804 unde
697 5756 750 5803 ct
776 5748 887 5817 ipse
914 5746 971 5803 se
997 5747 1395 5803 schismaticum
1422 5754 1473 5799 et
1502 5746 1552 5799 in
1579 5746 1776 5800 Roma-

1873 4546 2045 4601 titiccs
2098 4545 2370 4601 Ravennae
2423 4545 2566 4600 sedis
2615 4543 2682 4598 ad
2730 4546 3165 4602 consecrationes
3213 4547 3441 4604 Romam

1870 4636 2033 4691 irent.
2064 4636 2300 4691 Futurus
2325 4644 2511 4705 pastor
2537 4633 2868 4690 Ravennatis
2896 4634 3151 4691 Ecclesim
3182 4654 3283 4693 nec
3312 4640 3441 4695 illud

1872 4730 2110 4799 regimen
2145 4744 2307 4798 super
2339 4743 2397 4783 se
2435 4727 2689 4793 haberet,
2719 4742 2820 4782 nec
2853 4728 2953 4783 sub
2988 4727 3175 4802 [illius]
3212 4732 3438 4787 Romani

1869 4818 2138 4889 pontiﬁcis
2165 4819 2368 4874 ditione
2394 4820 2535 4874 foret
2561 4818 2863 4885 aliquando,
2894 4819 2988 4871 sed
3018 4819 3105 4872 hic
3132 4834 3442 4876 consecras-

1871 4914 1994 4961 sent
2020 4922 2175 4961 suum
2208 4906 2437 4963 electum
2466 4920 2496 4959 a
2527 4906 2700 4959 tribus
2724 4905 2835 4957 suis
2862 4906 3158 4973 episcopis,
3187 4908 3439 4976 pallium-

1869 5010 1976 5066 que
1998 5011 2063 5050 ex
2091 4996 2415 5065 imperatore
2438 4992 3033 5061 Constantinopolitano
3059 4994 3351 5050 deferebat.
3381 4997 3437 5051 Si

1869 5100 1970 5140 nos
2005 5084 2429 5139 discurreremus
2461 5098 2556 5151 per
2585 5082 2748 5135 multa
2769 5122 2783 5145 ,
2827 5090 2881 5135 et
2918 5081 3208 5152 longinqua
3244 5086 3434 5139 itinera

1869 5187 1967 5246 per
1998 5175 2242 5229 ordinem
2282 5188 2505 5227 narrare
2541 5171 2755 5244 [potui]
2791 5172 3059 5241 quomodo
3096 5173 3199 5228 hoc
3234 5174 3436 5229 factum

1870 5271 1957 5319 est
1978 5303 1993 5329 ,
2022 5270 2114 5316 aut
2151 5277 2249 5331 pro
2275 5276 2380 5331 qua
2408 5262 2611 5327 causa,‘
2630 5261 2713 5315 vel
2742 5262 2935 5331 quibus
2960 5262 3225 5332 ingeniis;
3253 5265 3296 5317 si
3336 5266 3439 5320 hoc

1871 5352 2050 5409 facere
2076 5352 2403 5408 voluerimus
2420 5392 2435 5411 .
2462 5361 2520 5407 ut
2542 5368 2640 5423 per
2659 5354 2837 5408 omnia
2864 5350 3254 5423 discurram‘us,
3281 5358 3440 5412 char-

1872 5478 1998 5519 nam
2027 5463 2206 5537 sedem
2224 5462 2504 5537 infensum
2530 5454 2794 5537 ostendat.
2826 5464 2964 5537 [line
2988 5465 3137 5521 disce
3160 5469 3289 5537 quid
3314 5470 3435 5526 ﬁdei

1874 5541 2146 5587 mereatur
2184 5532 2304 5596 hic,
2337 5533 2449 5587 sive
2486 5549 2608 5587 cum
2649 5535 2887 5589 Maurum
2927 5535 3141 5599 laudat,
3176 5532 3290 5594 sive
3315 5555 3436 5594 cum

1873 5602 2013 5656 infra
2038 5602 2380 5656 Theodorum
2408 5603 2623 5659 lacessit
2645 5619 2710 5658 ac
2734 5605 3050 5670 insectatur,
3078 5613 3132 5659 et
3158 5611 3437 5664 sanctissi-

1872 5671 2301 5747 mospontiﬁces
2325 5672 2607 5728 calumniis
2627 5674 2777 5743 petit.
2803 5673 2858 5729 Id
2880 5683 2932 5731 te
2954 5675 3143 5747 paucis
3167 5680 3439 5737 monuisse

1874 5741 2134 5812 proderit.
2165 5740 2358 5798 Bacon.
