3906 6182
451 400 553 461 (iii

1158 386 1455 447 seuseu
1489 364 1779 441 Aesaris
1812 380 1875 438 s.
1913 375 2155 436 manus
2194 375 2287 432 so
2322 366 2806 440 BLACHERNAS,
2844 367 2999 425 me.

3615 359 3721 418 ωε

453 534 539 576 tas
564 525 621 572 et
643 517 1004 569 atramentum
1030 505 1277 576 expende
1295 545 1311 570 ,
1339 512 1396 559 et
1416 514 1513 558 vos
1538 504 1886 570 expectantes
1912 503 2028 550 tar-
2055 497 2111 558 Α
2134 490 2203 547 ad
2240 502 2368 546 eum
2413 486 2740 559 legationem
2758 524 2773 551 ,
2796 491 2884 576 fut
2925 482 3154 576 Romam
3197 483 3483 576 pergeret,
3523 475 3716 576 volens

455 613 674 671 dabitis.
727 609 997 663 Diaconos
1046 612 1104 658 et
1153 599 1526 657 vicedominus
1576 596 1733 653 istius
1781 590 2039 648 Ecclesiae

2138 597 2265 639 cum
2291 578 2583 651 subjugare
2613 590 2726 633 suae
2754 573 2970 631 ditioni.
3001 570 3108 640 Qui
3133 576 3358 639 accepta
3384 565 3615 639 epistola
3642 566 3720 623 le-

458 659 1010 768 diiungas“...
1035 693 1099 746 Β.
1125 688 1505 746 Βανιὶιοὶοηιίεὶ
1531 683 1795 756 apostoli,
1822 681 1917 737 ubi
1937 693 2041 753 ego
2138 676 2251 768 git,
2281 682 2338 768 et
2365 670 2682 768 cotnplieuit
2708 666 2996 768 ἀκαρφέα
3025 665 3233 766 legatos
3276 659 3593 768 ξιιξοέίειὶεω
3634 672 3725 761 se-

455 794 625 849 abbas
650 803 772 845 esse
794 786 1000 851 videor,
1026 783 1142 852 ipse
1169 779 1342 835 tenuit
1369 818 1384 833 .
1418 816 1433 830 .
1465 815 1479 831 .
1512 815 1528 831 .
1561 815 1575 829 .
1605 814 1619 829 .

1082 893 1309 951 CAPUT
1354 891 1419 946 ll.

460 995 772 1053 Benedictus
800 990 1054 1044 diaconus
1084 985 1288 1042 Siciliw
1317 990 1510 1036 rector.
1541 971 2040 1053 Siculi_patrimo]tii

531 1042 988 1122 ﬁnitimam
1024 1055 1314 1111 Ecclesium
1345 1049 1628 1122 spectantis
1663 1042 1882 1122 diuitite.
1914 1042 2037 1097 Ma-

532 1116 827 1208 nipuiarius
854 1130 1044 1183 iterum
1074 1127 1128 1181 in
1160 1116 1399 1180 Siciliam
1427 1119 1655 1176 missus;
1695 1116 1840 1171 dives
1874 1124 2045 1168 rever-

533 1210 681 1262 titur.

532 1300 704 1369 lgitur
732 1294 884 1351 misit
906 1292 974 1347 ad
998 1296 1263 1345 rectorem
1288 1297 1448 1339 suum
1474 1277 1672 1335 Siciliae
1698 1275 1917 1332 nomine
1939 1268 2045 1326 Be-

465 1391 743 1448 nedictum
768 1387 1057 1442 diaconum
1075 1421 1091 1446 ,
1115 1377 1207 1448 qui
1230 1376 1324 1431 illo
1344 1382 1591 1442 tempore
1612 1369 1837 1441 regebat
1861 1379 2049 1423 curam

468 1479 745 1549 decausis
774 1493 839 1532 ac
869 1474 1031 1530 rebus
1058 1466 1396 1525 Ravennatis
1423 1462 1714 1525 Ecclesiae,
1745 1455 2052 1528 manipula-

467 1548 611 1629 rium
647 1583 834 1633 suum,
872 1572 929 1621 ct
967 1561 1137 1619 voluit
1169 1560 1350 1629 ipsum
1385 1561 1657 1610 rectorem
1688 1548 1890 1604 Sicilia?
1920 1561 2053 1602 con-

468 1664 698 1719 stituere
725 1673 823 1728 per
849 1653 1135 1726 epistolam
1173 1650 1361 1705 dicens
1387 1665 1400 1700 :
1434 1644 1581 1701 Satis
1611 1640 1758 1697 nobis
1785 1636 2054 1694 servitium

468 1751 692 1823 placuit.
730 1727 971 1803 .Senuisti
994 1759 1014 1808 ;
1040 1747 1294 1796 revertere
1322 1735 1391 1791 ad
1420 1742 1659 1790 sanctam
1693 1739 1916 1784 matrem
1944 1727 2054 1782 Ecn

2141 762 2226 821 dis
2251 780 2263 819 :
2290 763 2433 831 Quid
2456 770 2540 817 est
2579 761 2707 826 hoc,
2736 758 2881 828 quod
2910 756 3091 812 facere
3116 753 3395 809 nitimini?
3422 751 3613 805 Nonne
3638 750 3725 805 in-
3765 812 3769 816 μ

2141 864 2228 911 ter
2261 869 2362 911 nos
2387 860 2650 909 statutum
2680 858 2767 906 est
2801 847 2901 922 [et]
2935 852 3278 903 sacramento
3311 843 3727 905 conﬁrmatum,

2142 956 2204 1004 ut
2229 960 2329 1003 nec
2352 946 2442 1001 ille
2463 945 2723 1001 adversus
2748 956 2855 1007 me,
2884 939 2971 995 vel
2992 952 3169 994 meam
3193 934 3494 991 Ecclesiam
3511 972 3528 997 ,
3551 946 3731 1000 neque

2144 1037 2228 1093 sui
2252 1035 2456 1108 posteri
2487 1045 2836 1089 successores
2861 1042 3013 1085 meos
3038 1025 3385 1096 inquietent?
3410 1024 3587 1078 Meum
3613 1022 3733 1077 ebi-

2144 1126 2472 1197 rographum
2497 1121 2640 1193 apud
2665 1136 2725 1176 se
2752 1119 2918 1175 habet
2936 1155 2951 1185 ,
2979 1125 3038 1173 et
3060 1129 3163 1187 ego
3192 1113 3337 1169 illius
3361 1112 3583 1167 detineo
3605 1117 3736 1180 post

2146 1214 2329 1271 omnia
2354 1207 2619 1268 inter'nos
2643 1209 2971 1278 conscripta,
2993 1216 3048 1261 et
3071 1205 3417 1262 sacerdotum
3443 1214 3697 1257 meorum
3718 1239 3735 1265 ,

2147 1313 2205 1361 et
2227 1304 2373 1360 illius
2396 1303 2647 1357 manibus
2671 1299 2946 1355 roborata.
2976 1310 3002 1339 ι
3028 1297 3090 1353 Ιιι
3115 1295 3289 1367 ipsius
3310 1293 3562 1349 manibus
3584 1305 3733 1361 pra:-

2149 1405 2306 1467 eepta
2333 1396 2530 1466 pagina
2557 1393 2878 1450 conﬁrmata
2902 1397 3049 1446 sunt.
3076 1389 3257 1444 Etiam
3281 1400 3382 1442 vos
3405 1386 3503 1456 ipsi
3530 1384 3740 1467 ibidem

2150 1464 2650 1544 literas—erarastis.
2684 1483 2781 1540 [iis
2804 1484 2975 1556 jussis
3004 1497 3116 1537 non
3146 1478 3447 1536 consentio.
3478 1464 3742 1531 Reverti-

2152 1581 2287 1636 mini
2325 1580 2394 1635 ad
2424 1590 2551 1634 eum
2585 1577 2678 1648 qui
2715 1589 2815 1632 vos
2850 1576 3033 1642 misit,
3071 1583 3126 1629 ct
3157 1571 3302 1642 quod
3334 1570 3565 1625 audistis
3597 1582 3745 1622 nun-

2154 1674 2311 1729 tiate.
2348 1670 2454 1740 Qui
2504 1666 2708 1725 reversi
2746 1664 3135 1723 nuntiaverunt
3164 1679 3262 1736 per
3289 1663 3537 1719 ordinem
3567 1666 3743 1733 gesta.

2159 1762 2312 1817 Tunc
2335 1759 2651 1830 indignatus
2675 1772 2812 1829 papa
2834 1755 3002 1828 jussit
3024 1755 3265 1810 scribere
3287 1751 3577 1823 epistolam
3599 1749 3745 1807 obli-

469 1845 716 1910 άεδίαηδν
760 1839 848 1896 πω
888 1836 1117 1892 mum“
1160 1832 1328 1903 Μαί
1356 1828 1596 1930 Emi”?
1634 1833 1709 1929 θξί
1732 1823 1851 1895 iam
1879 1820 2053 1930 "an"?
2080 1846 2128 1910 Β
2157 1854 2399 1930 gationis
2450 1820 3093 1910 anathematis'vinculis
3130 1820 3442 1906 innodatam
3465 1887 3481 1913 ,
3526 1855 3585 1902 et
3628 1846 3748 1917 ipse

471 1937 627 1992 deum
666 1944 744 1999 te,
785 1940 835 1986 et
875 1930 1037 1983 istum
1077 1933 1315 1980 nostrum
1346 1917 1766 1991 Manipularium
1798 1911 2054 1970 constitue

473 2036 726 2082 rectorem
762 2031 878 2094 post
923 2028 991 2074 te.
1036 2017 1095 2074 Si
1135 2014 1254 2087 ﬁeri
1288 2021 1488 2085 potest,
1519 2027 1625 2066 non
1651 2011 1719 2065 sit
1746 2008 1844 2064 tibi
1882 2006 2055 2078 gravis

476 2114 588 2171 Iure
618 2123 800 2168 nostra
824 2107 1152 2174 admonitio;
1177 2104 1318 2178 quod
1344 2104 1389 2159 si
1416 2103 1510 2158 tibi
1536 2100 1707 2173 gravis
1736 2104 1809 2153 est
1836 2098 1933 2152 hoc
1960 2096 2059 2150 hu-

466 2206 594 2278 jus,
630 2204 743 2260 vide
780 2199 1040 2274 quomodo
1075 2214 1194 2255 eum
1227 2195 1297 2251 ad
1331 2212 1425 2250 nos
1460 2194 1714 2253 remittas.
1748 2190 1843 2245 llle
1876 2194 2058 2244 autem

475 2299 654 2355 sciens
681 2296 1019 2352 voluntatem
1043 2290 1315 2362 pontiﬁcis
1334 2326 1350 2353 ,
1377 2286 1665 2344 honoravit
1683 2299 1808 2340 etim
1828 2280 2059 2339 diversis

477 2390 685 2445 exeniis
702 2428 718 2453 ,
743 2394 801 2442 et
826 2384 1012 2451 donis,
1042 2397 1175 2438 auro
1192 2422 1208 2448 ,
1232 2388 1567 2452 argentoque
1586 2418 1602 2444 ,
1625 2375 1776 2430 vasis
1804 2370 2061 2440 concupi-

475 2481 785 2544 scihilibus,
813 2486 976 2547 atque
1001 2473 1325 2546 promiscuis
1351 2469 1490 2525 aliis.
1519 2469 1656 2524 Cum
1681 2481 1811 2521 vero
1838 2461 2057 2519 deducti

478 2573 711 2630 fuissent
733 2572 801 2626 ad
826 2584 1056 2633 navem,
1110 2564 1349 2622 osculati
1366 2567 1495 2618 sunt
1519 2575 1581 2617 se
1602 2558 1866 2623 invicem,
1890 2563 1946 2612 et
1970 2570 2064 2609 va-

478 2662 950 2723 lediecntesdedit
980 2658 1058 2715 illi
1088 2665 1359 2714 trecentos
1390 2668 1612 2719 aureos,
1644 2660 1703 2707 et
1732 2651 1882 2707 misit
1912 2649 2065 2704 illum

479 2758 721 2829 opimum
758 2754 827 2810 ad
860 2750 1170 2823 pontiﬁcem
1209 2763 1390 2804 suum.
1426 2743 1581 2801 Tunc
1620 2740 1916 2815 prazdictus
1958 2738 2064 2795 Be-

483 2845 738 2903 nedictus
764 2845 1029 2900 diaconus
1057 2840 1208 2895 venit
1234 2841 1430 2895 iterum
1471 2837 1526 2890 in
1564 2832 1804 2892 Siciliam
1826 2873 1842 2900 ,
1870 2832 2066 2889 exinde

483 2937 727 2996 oneratis
755 2933 1107 2992 dromonibus
1133 2928 1525 3002 quinquaginta
1552 2926 1721 2982 millia
1758 2925 2065 2980 modiorum

484 3031 685 3096 tritici,
713 3029 830 3085 sine
856 3025 1137 3097 quibusvis
1164 3022 1286 3078 aliis
1306 3020 1522 3087 aristis,
1551 3027 1648 3074 aut
1670 3016 2066 3087 leguminibus,

490 3120 661 3191 pelies
702 3119 936 3173 arietum
964 3114 1293 3179 rubricatas,
1323 3120 1381 3168 et
1403 3110 1782 3182 hyacinthinas
1816 3106 2064 3171 casulas,

484 3220 543 3267 et
575 3208 834 3281 pluviales
868 3206 1060 3262 sericis
1093 3210 1385 3260 exornatus
1403 3242 1419 3268 ,
1450 3199 1649 3267 laenas,
1679 3208 1737 3254 et
1761 3207 1956 3254 ctetera
1984 3198 2069 3252 in—
2094 3196 2139 3263 C

488 3304 781 3365 dumenta,
828 3313 959 3353 vasa
1006 3297 1073 3352 de
1115 3293 1387 3351 auricalco
1439 3299 1496 3347 et
1557 3298 1815 3362 argento,
1864 3288 2067 3344 solido-

490 3408 611 3449 rum
625 3405 913 3447 aureorum
934 3388 1154 3458 triginta
1179 3400 1344 3441 unum
1359 3382 1545 3440 millia.
1563 3382 1643 3437 Ex
1654 3382 1741 3443 bis
1759 3380 2069 3452 quindecim

489 3482 661 3539 millia
706 3482 763 3536 in
806 3478 1008 3551 palatio
1047 3475 1681 3544 Constantinopolitano,
1728 3481 1784 3529 et
1824 3471 2065 3528 sedecim

490 3574 657 3631 millia
695 3573 754 3628 in
789 3569 1011 3626 a‘rchivo
1046 3567 1290 3625 ecclesiae
1323 3562 1652 3636 deportavit.
1700 3561 1828 3618 Hmc
1874 3561 2066 3634 pensio

491 3665 640 3722 omni
690 3677 833 3718 anno
885 3659 1220 3726 solvebatur,
1276 3656 1513 3711 triticum
1560 3668 1691 3709 vero
1739 3667 1957 3723 semper
2001 3650 2073 3707 ad

493 3772 739 3814 mensam
782 3753 909 3809 inde
946 3749 1195 3824 pontifex
1244 3736 1587 3804 vescebatur.
1630 3744 1902 3800 Reversus
1941 3754 2072 3798 vero

493 3846 887 3920 manipularius
930 3841 1173 3916 pontiﬁci
1222 3839 1471 3895 narravit
1517 3835 1703 3892 omnia
1748 3849 1874 3904 qme
1917 3841 2071 3904 gesta

493 3947 652 4007 sunt,
679 3946 737 3994 et
763 3935 1024 3992 indicavit
1049 3933 1115 3988 de
1141 3930 1299 3988 donis
1327 3944 1449 3999 qua:
1477 3926 1581 3982 sibi
1609 3924 1838 3996 largitus
1863 3930 1949 3979 est
1966 3963 1982 3988 ,
2016 3930 2074 3977 et

492 4033 604 4105 egit
625 4030 829 4102 gratias
855 4025 1065 4082 absenti
1091 4023 1230 4079 viro.
1254 4021 1387 4077 Post
1407 4019 1628 4075 tertium
1650 4030 1850 4070 annum
1873 4014 2071 4070 iterum

493 4122 643 4178 misit
669 4136 792 4176 eum
812 4159 827 4187 ,
860 4117 955 4188 qui
983 4125 1140 4171 antea
1170 4113 1380 4178 fuerat,
1412 4111 1472 4166 in
1500 4108 1745 4165 Siciliam
1775 4107 1841 4162 ad
1870 4105 2071 4177 praedi-

494 4221 644 4268 ctum
679 4211 969 4266 diaconum
993 4247 1009 4274 ,
1045 4203 1334 4262 occasione
1367 4200 1494 4257 data
1527 4212 1629 4271 pro
1676 4201 1872 4264 horto,
1910 4208 2072 4267 quem

496 4305 749 4368 tenebat,
779 4300 1145 4356 accessionem
1175 4296 1414 4362 faceret,
1440 4302 1500 4348 ut
1531 4294 1731 4348 iterum
1761 4299 2075 4349 muneraret

492 4409 656 4459 cum;
696 4400 751 4449 et
787 4392 963 4455 misit,
998 4400 1058 4444 ut
1092 4386 1143 4443 si
1180 4402 1288 4442 non
1324 4391 1511 4455 posset
1547 4368 1775 4439 delinire
1814 4398 2071 4451 causam,

386 4476 399 4492 ’
495 4500 563 4541 ne
596 4483 717 4554 quis
752 4480 998 4545 invadat,
1044 4475 1210 4532 etiam
1256 4473 1781 4544 Constantinopolim
1825 4476 2068 4547 pergite,

494 4584 552 4630 et
593 4570 907 4642 imperatori
950 4567 1263 4639 supplicate.
1311 4562 1403 4621 ille
1438 4578 1569 4620 vero
1606 4573 1897 4636 postquam
1938 4565 2071 4638 legit

496 4668 717 4723 missam
755 4664 858 4720 sibi
894 4662 1174 4733 epistolam
1192 4701 1207 4728 ,
1235 4657 1473 4729 suscepit
1496 4671 1619 4713 eum
1650 4657 1946 4713 honoriﬁce
1966 4698 1980 4725 ,
2010 4665 2067 4713 et

494 4758 635 4814 dixit
659 4757 776 4812 illi:
808 4755 1033 4813 Hortum
1053 4793 1067 4819 ,
1097 4753 1164 4809 de
1189 4767 1296 4822 quo
1322 4750 1521 4822 agitur,
1550 4748 1639 4804 dic
1662 4745 1881 4805 domino
1913 4763 2035 4804 meo
2053 4788 2070 4814 ,

496 4865 597 4907 nos
620 4848 902 4904 habemus.
929 4845 1065 4902 Cras
1089 4857 1403 4899 maneamus
1428 4839 1553 4895 illuc
1572 4880 1587 4904 ,
1612 4848 1670 4894 et
1693 4854 1913 4895 causam
1934 4878 1948 4904 ,
1972 4850 2074 4909 pro

495 4959 602 5015 qua
643 4952 701 4997 tu
733 4940 933 4996 missus
967 4953 1058 5004 es,
1095 4937 1174 4992 sic
1207 4935 1403 4991 faciam
1424 4932 1568 5002 quod
1599 4938 1657 4985 tu
1689 4942 1966 4999 nunquam
2003 4926 2075 4984 ad

497 5034 740 5092 Siciliam
783 5032 1056 5089 desideres
1096 5028 1299 5084 venire.
1332 5025 1435 5094 Qui
1478 5022 1670 5079 tribuit
1701 5021 1753 5077 ei
1790 5028 2071 5091 argentum

494 5128 758 5193 multum,
782 5124 1127 5197 ponderaque
1151 5118 1271 5173 auri
1296 5116 1525 5187 plurima
1545 5155 1562 5182 ,
1588 5121 1642 5169 et
1668 5112 1810 5168 ultra
1835 5126 1943 5167 non
1969 5109 2072 5165 fuit

496 5220 544 5276 ei
567 5261 581 5285 ,
607 5226 892 5290 postquam
914 5213 1226 5269 Ravennam
1250 5206 1462 5279 attigit,
1488 5218 1710 5262 necesse
1737 5202 1806 5259 ad
1828 5201 2069 5258 Siciliam

497 5309 783 5380 remigare.
1108 5367 1340 5425 CAPUT
1376 5367 1443 5424 ΠΙ

498 5471 721 5527 Maurus
760 5466 982 5520 Romam
1024 5480 1057 5516 α
1095 5460 1339 5532 pontiﬁce
1378 5466 1589 5512 vocatus
1616 5466 1836 5578 pergere
1877 5452 2067 5506 renuit.

574 5539 911 5578 Annrlmmnm
945 5533 1188 5578 minima.
1220 5529 1499 5578 anathema
1532 5527 1589 5578 in
1642 5528 1906 5578 tentorium
1935 5537 2067 5578 mn-

564 5539 911 5592 Anatlzemate
942 5527 1499 5604 punitus,_anathema
1532 5527 1589 5581 in
1616 5527 1906 5579 Romanum
1935 5537 2069 5591 pou-

569 5609 763 5677 ti/icem
790 5598 961 5659 dicere
986 5602 1164 5657 audet.
1195 5598 1342 5655 Mors
1368 5598 1660 5667 utriusque.

570 5696 810 5765 Contigit
838 5710 907 5750 eo
940 5702 1212 5763 tempore,
1251 5699 1313 5746 ut
1342 5702 1477 5760 papa
1518 5687 1795 5744 Romanus
1832 5683 2071 5739 mitteret

574 5820 599 5849 τι
633 5806 765 5860 Vide
788 5806 1208 5860 observationes.
1240 5805 1434 5860 Bacon.

2158 1962 2323 2003 manu
2349 1945 2571 2016 propria
2600 1943 2980 2007 subscribens,
3007 1947 3069 1995 ut
3092 1941 3141 1996 si
3164 1954 3272 1995 non
3300 1939 3366 1995 ad
3391 1935 3746 2007 apostolicam

2159 2038 2347 2094 sedem
2382 2035 2604 2090 Maurus
2633 2034 3077 2105 archiepiscopus
3104 2031 3346 2100 veniret,
3376 2028 3485 2084 non
3518 2028 3750 2084 haberet

2158 2122 2437 2182 licentiam
2483 2125 2681 2180 missas
2723 2136 2959 2188 canere,
3006 2132 3109 2176 nec
3151 2119 3291 2175 ullus
3324 2119 3501 2174 homo
3528 2117 3599 2172 ad
3634 2117 3750 2188 ejus

2161 2215 2713 2274 communicationem
2737 2213 3059 2279 accederet,
3085 2226 3262 2282 neque
3287 2211 3623 2282 quicumque
3648 2208 3751 2265 cle-

2161 2311 2307 2365 ricus
2336 2322 2396 2364 se
2426 2308 2503 2363 illi
2534 2307 2838 2363 adhaereret
2863 2346 2877 2367 .
2906 2318 3007 2360 nec
3034 2304 3103 2360 ad
3134 2310 3545 2359 sacrosanctum
3574 2301 3749 2356 altare

2161 2413 2288 2454 cum
2314 2398 2432 2468 ipso
2457 2397 2781 2460 accederet,
2811 2407 2911 2449 nec
2939 2391 3105 2448 ullam
3134 2392 3465 2449 oblationem
3487 2407 3622 2447 cum
3648 2405 3745 2457 eo,

2161 2488 2247 2544 vel
2290 2500 2390 2559 pro
2433 2500 2500 2543 eo
2543 2485 2786 2543 oll'erret.
2830 2484 3169 2553 Quicumque
3203 2491 3385 2537 autem
3421 2482 3750 2537 temerarius

2162 2579 2389 2645 fuisset,
2418 2586 2476 2634 et
2502 2593 2612 2633 non
2637 2577 3019 2639 observasset,
3049 2573 3293 2630 Judaicis
3328 2580 3479 2628 esset
3517 2572 3750 2627 vinculis

2163 2671 2413 2743 alligatus
2429 2711 2444 2736 ,
2476 2678 2530 2724 et
2553 2682 2588 2724 a
2614 2684 2781 2740 regno
2806 2667 2901 2722 Dei
2929 2666 3137 2727 alienus
3161 2664 3373 2720 fuisset.
3402 2663 3531 2721 Haec
3556 2664 3746 2719 omnia

2164 2762 2368 2818 inserta
2398 2760 2451 2814 in
2479 2758 2705 2830 epistola
2728 2754 2980 2813 deferunt
3004 2755 3168 2828 legati
3196 2754 3458 2810 Romana:
3483 2754 3635 2809 sedis
3653 2795 3670 2820 ,
3692 2762 3751 2810 et

2162 2852 2408 2925 pontiﬁci
2458 2850 2646 2907 Mauro
2698 2848 3074 2919 Ravenncnsis
3121 2848 3360 2903 civitatis
3406 2848 3746 2903 obtuierunt.

2167 2946 2316 3015 Quas
2346 2945 2622 3016 accipiens
2652 2942 2874 2999 Maurus
2903 2942 3130 2998 antistes
3159 2941 3498 2997 tristissimas
3529 2940 3755 3012 lcgitlit-

2164 3047 2334 3094 teras.
2364 3035 2466 3105 Qui
2490 3046 2546 3092 et
2569 3036 2673 3093 iste
2698 3036 2778 3091 ira
2805 3034 3067 3106 repletus,
3093 3048 3202 3089 non
3231 3030 3419 3106 [Forte
3443 3033 3500 3087 in
3529 3031 3753 3103 Baeda]

2170 3130 2351 3202 specie
2386 3128 2572 3194 furiae,
2604 3126 2700 3183 sed
2734 3127 2888 3197 quasi
2916 3125 3069 3182 furor
3100 3123 3473 3179 irrevocabilis
3505 3122 3755 3178 scribens

2170 3227 2225 3273 et
2264 3218 2380 3288 ipse
2414 3215 2699 3289 epistolam
2735 3215 2988 3271 similiter
3026 3212 3375 3285 obligationis
3414 3227 3481 3268 ex
3524 3211 3757 3267 anathe-

2168 3312 2317 3365 mate
2342 3308 2632 3364 commissa
2649 3347 2666 3374 ,
2691 3314 2749 3362 ut
2774 3320 2876 3361 nec
2902 3303 3036 3377 [ille]
3060 3318 3198 3375 papa
3225 3302 3501 3359 licentiam
3527 3303 3758 3357 haberet

2170 3399 2366 3455 missas
2397 3397 2665 3464 canendi,
2703 3395 2843 3452 sicut
2880 3408 2981 3451 nec
3015 3395 3135 3450 iste.
3172 3392 3255 3448 Ad
3290 3392 3464 3448 instar
3495 3391 3759 3447 Romana:

2169 3487 2456 3559 epistolam
2505 3501 2661 3542 suam
2708 3485 2952 3541 scribere
2994 3481 3191 3554 jussit,
3227 3483 3484 3552 misitque
3519 3481 3757 3536 Romam

2172 3578 2242 3635 ad
2285 3578 2607 3652 praedictum
2632 3592 2862 3649 papam,
2899 3592 3065 3648 quam
3094 3574 3292 3631 lectam
3327 3576 3559 3647 proiecit
3595 3591 3629 3630 a
3664 3590 3757 3639 se,

2172 3672 2481 3742 iterumque
2516 3666 2679 3739 jussit
2725 3664 2924 3739 colligi.
2973 3664 3100 3723 Post
3146 3668 3263 3722 haec
3306 3667 3477 3721 voluit
3521 3666 3760 3738 dirigere

2170 3760 2379 3836 legatos
2425 3759 2954 3830 Constantinopolim
3000 3758 3069 3813 ad
3111 3758 3537 3828 imperatorem,
3586 3766 3651 3811 ut
3693 3771 3766 3813 eo

2177 3862 2461 3912 coerceret
2484 3850 2730 3908 Maurum
2755 3848 3223 3921 archiepiscopum
3245 3847 3313 3903 ad
3336 3847 3629 3904 caecilium
3651 3846 3762 3901 Ro-

2172 3961 2317 4002 mam
2342 3945 2455 4013 ire;
2479 3951 2535 4000 et
2560 3942 2832 4013 quomodo
2853 3954 3017 3997 ausus
3041 3939 3234 3996 fuisset
3253 3940 3573 4013 magistrum
3599 3954 3762 3996 suum

2171 4011 2524 4110 obligationis
2556 4011 2845 4107 epistolam
2880 4017 3118 4090 mittere'.
3152 4033 3211 4088 In
3246 4011 3339 4089 tali
3373 4049 3507 4090 vero
3551 4033 3762 4103 obliga.

2172 4129 2319 4186 tione
2345 4126 2547 4183 mortui
2577 4133 2709 4182 sunt
2733 4125 2913 4180 ambo.
2945 4124 3021 4179 Ex
3052 4123 3142 4179 illa
3171 4139 3302 4179 vero
3329 4124 3417 4180 die
3440 4138 3544 4179 nec
3570 4122 3763 4178 Reum:

2174 4217 2477 4274 oblationes
2508 4229 2608 4285 pro
2642 4229 2708 4269 eo
2738 4208 3007 4280 oll‘erunt,
3047 4228 3148 4268 nec
3192 4213 3285 4268 hic
3330 4230 3433 4284 pro
3477 4214 3624 4279 isto;
3662 4215 3763 4270 sed

2175 4316 2384 4365 tantum
2421 4306 2567 4361 omni
2602 4305 2940 4361 hebdomada
2974 4305 3062 4360 die
3090 4304 3295 4376 quinae
3328 4305 3480 4363 feria:
3511 4315 3635 4378 post
3667 4323 3761 4364 vc-

2174 4398 2475 4472 spertiuum
2503 4395 2735 4453 ofﬁcium
2770 4394 3042 4468 expletum
3074 4398 3405 4454 conveniunt
3429 4400 3762 4473 presbyteri,

2175 4492 2432 4549 diaconos
2453 4532 2469 4559 ,
2508 4490 2869 4548 subdiacones
2893 4531 2909 4558 ,
2946 4491 3161 4559 clerici,
3196 4501 3253 4549 et
3287 4492 3669 4565 ingrediuntur
3705 4496 3761 4549 in

2174 4585 2528 4640 secretarium
2546 4625 2563 4651 ,
2588 4593 2646 4640 et
2668 4583 2917 4639 dividunt
2942 4585 3085 4640 inter
3107 4600 3165 4641 se
3190 4586 3458 4642 bucellam
3486 4589 3642 4657 panis
3660 4630 3680 4654 ,
3704 4601 3766 4644 et

2171 4674 2387 4732 botulos
2415 4674 2689 4746 singulos,
2717 4674 2977 4749 cyathum
3004 4676 3116 4731 vini
3146 4693 3165 4755 ;‘
3194 4687 3249 4732 et
3286 4676 3423 4732 dicit
3446 4678 3764 4750 presbyter,

2173 4769 2259 4823 vel
2285 4770 2609 4839 quicumque
2628 4768 2680 4823 in
2702 4767 2892 4824 ordine
2912 4768 3062 4837 prior
3081 4775 3165 4823 est
3186 4785 3200 4822 :
3229 4764 3483 4841 Requiem
3505 4780 3770 4825 cateruam

2175 4858 2329 4914 donet
2361 4857 2616 4913 Dominus
2648 4855 2789 4911 Deus
2830 4857 3022 4912 animo:
3052 4855 3228 4924 illius,
3258 4856 3315 4912 in
3342 4858 3498 4929 cujus
3532 4876 3773 4914 comme-

2176 4951 2519 5004 morationem
2553 4948 2663 5004 hare
2699 4948 3057 5023 sumpsimus;
3094 4956 3151 5004 et
3185 4950 3369 5005 caeteri
3397 4951 3582 5006 dicunt
3611 4969 3625 5005 :
3651 4951 3775 5006 Ju-

2177 5042 2295 5096 beat
2326 5037 2489 5096 Deus.
2524 5040 2591 5095 Et
2622 5039 2708 5095 his
2743 5039 2903 5097 dictis
2942 5038 3222 5096 recedunt.
3266 5039 3438 5097 Aiunt
3475 5042 3566 5097 alii
3608 5044 3778 5113 quod

2173 5139 2297 5201 post
2325 5139 2555 5185 mortem
2584 5128 2824 5199 ipsorum
2853 5138 2978 5199 post
3006 5128 3163 5200 plura
3194 5136 3440 5200 tempora
3480 5131 3672 5187 Romae
3711 5132 3781 5188 in

2174 5223 2405 5281 concilio
2432 5224 2548 5279 hcce
2573 5238 2738 5279 causa
2766 5216 3012 5279 discussa
3040 5219 3267 5289 fuisset;
3293 5218 3388 5292 qui
3413 5221 3779 5293 providentia

2172 5311 2552 5387 episcoporum
2577 5308 2733 5383 quasi
2770 5328 2870 5383 pro
2912 5311 3247 5383 depositione
3289 5309 3508 5368 illorum
3546 5312 3778 5385 incide:

2175 5415 2304 5462 runt
2342 5404 2709 5460 summitatem
2744 5403 3007 5473 cunpadis
3044 5401 3198 5472 pedis
3239 5401 3469 5457 dexteri.
3516 5401 3607 5458 Sic
3644 5402 3779 5469 illi,

2174 5499 2254 5556 sic
2274 5496 2383 5552 isti.
2411 5495 2470 5551 ln
2489 5496 2627 5551 hora
2655 5502 2837 5550 autem
2864 5492 3055 5565 mortis
3077 5509 3190 5549 suae
3208 5493 3425 5548 vocavit
3450 5507 3640 5549 omnes
3672 5508 3783 5548 sa.

2168 5593 2425 5650 ecrdotes
2451 5605 2579 5646 suos
2602 5588 2823 5659 plorans
2848 5600 3035 5642 coram
3060 5584 3143 5642 eis
3162 5624 3178 5652 ,
3202 5593 3397 5655 petens
3422 5584 3636 5639 veniam
3662 5623 3685 5649 ,
3710 5594 3785 5640 et

2177 5684 2314 5743 dixit
2338 5683 2409 5739 ad
2433 5695 2528 5739 eos
2552 5697 2565 5734 :
2595 5678 2709 5750 Ego
2731 5675 3010 5751 ingrediar
3035 5674 3180 5731 viam
3204 5673 3417 5743 mortis,
3442 5679 3777 5737 mutestor,
