3936 6180
229 234 338 292 677

1286 228 1485 284 LIBER
1524 225 2021 285 PONTlFlCALIS.
2062 259 2130 271 --
2169 230 2348 287 PARS
2386 232 2446 286 ll.

3385 240 3489 296 678

223 346 383 419 nolis
414 344 485 419 ab
515 343 633 411 ejus
678 339 958 419 majestate
1008 338 1291 419 Romana"
1310 337 1606 419 republica.
1662 336 1802 391 Fiat.
1833 342 1879 401 Α
1909 338 2267 419 gobardpmm
2298 342 2534 410 potentia
2565 343 2887 419 meticulosi,
2922 359 2983 419 ac
3010 346 3081 400 ob
3120 346 3493 419 illicogitantis

220 418 445 473 Littera:
472 406 831 481 imperatoris.
864 410 1054 463 Datum
1082 408 1197 481 Kal.
1246 407 1465 481 Martias
1491 406 1800 481 Syracusa;

219 478 615 557 imperantihits
665 479 1158 557 dominismnostris
1216 478 1473 557 piissimis
1521 479 1805 557 perpetuis

219 547 482 627 Augustis
526 551 879 607 Constantino
905 549 1242 627 [Constante,
1286 547 1389 619 ἰώ]
1432 547 1634 627 majore
1669 547 1800 627 imp.

219 616 367 683 anno
394 625 489 688 25,
517 631 571 676 et
607 631 730 691 post
786 616 1129 691 consulatum
1174 617 1296 691 eius
1330 616 1471 691 εἶμι.-
1508 616 1805 691 l4,__atque

218 712 360 753 novo
400 685 755 749 Constantino
785 690 1032 761 lleradio,
1062 688 1336 761 [Heraclio
1372 687 1473 761 ἐᾷς]
1504 696 1560 742 et
1586 685 1805 761 Tiberio

220 786 250 822 a
282 769 393 821 Deo
435 762 743 817 conservati
777 760 901 823 ﬁlii;
932 757 1269 813 Constantini
1315 757 1530 828 quidem
1561 772 1691 812 ann.
1736 757 1802 811 14

221 836 472 892 llcraclio
510 841 712 894 autem,
739 838 795 884 et
821 830 1037 884 Tiberio
1073 844 1199 882 ann.
1228 830 1281 882 7.
1315 848 1334 880 ι

291 909 355 961 ν.
426 902 579 969 Quod
618 902 673 955 in
708 900 900 969 primis
949 901 1001 953 in
1048 899 1212 953 allato
1248 899 1570 953 documento
1601 897 1799 969 corrigi

221 978 425 1037 debuit,
458 971 559 1027 fuit
594 970 873 1038 multiplex
903 969 1316 1038 chronologicus
1354 969 1643 1023 character
1677 984 1802 1022 cor-

224 1055 412 1116 ruptus
442 1058 475 1097 a
505 1041 854 1116 descriptore.
885 1038 1170 1116 Syracusis
1197 1054 1319 1116 cum
1345 1039 1528 1116 dolum
1565 1038 1796 1116 dicatur,

222 1108 443 1186 spectat
467 1114 536 1186 ad
577 1108 743 1186 unum
773 1126 851 1186 ex.
880 1108 1052 1164 tribus
1095 1109 1253 1186 annis
1280 1110 1372 1186 qui
1403 1108 1607 1162 ﬁuxere
1657 1108 1801 1163 inter

221 1179 319 1239 tibi
343 1194 403 1241 et
426 1182 550 1245 668,
577 1181 776 1250 quibus
812 1179 1081 1233 Constans
1115 1180 1167 1232 in
1196 1179 1385 1250 Sicilia
1428 1186 1671 1250 moratus
1692 1186 1794 1250 est.

222 1255 479 1309 Novimus
498 1247 643 1306 enim
672 1269 691 1300 ι
712 1264 849 1303 eum
865 1250 1167 1320 ingressum
1188 1247 1425 1304 Siciliam
1452 1248 1681 1318 period.
1699 1249 1751 1302 7.
1773 1269 1793 1301 ›

220 1325 506 1395 Syracusis
532 1320 744 1395 degisse
770 1335 837 1374 ex
863 1319 1031 1375 Paulo
1063 1320 1323 1383 Diacono,
1346 1320 1440 1373 lib.
1468 1334 1524 1382 γ,
1547 1334 1673 1395 cap.
1708 1320 1795 1395 ll,

217 1388 342 1449 licet
383 1388 748 1461 Theophanes
778 1398 1099 1459 computans
1134 1399 1364 1461 tempus,
1412 1406 1520 1459 quo
1546 1388 1599 1461 in
1629 1389 1797 1461 italia

217 1474 406 1520 contra
447 1459 830 1531 Langobardos
865 1476 975 1531 rem
1005 1460 1194 1530 gessit,
1232 1460 1523 1528 Romaeque
1567 1459 1799 1531 fuit,ldi-

216 1546 457 1590 cateum
499 1529 595 1588 sei
630 1531 787 1584 annis
822 1530 875 1584 in
920 1529 1103 1584 Sicilia
1154 1539 1448 1594 moratum,
1492 1530 1590 1597 qui
1631 1530 1797 1584 etiam

214 1620 438 1659 causam
465 1604 621 1657 docet
646 1617 743 1655 cur
771 1598 1239 1670 Constantinopoli
1281 1600 1616 1664 discesserit,
1654 1600 1797 1670 quod

213 1675 427 1729 scilicet
456 1674 560 1727 sibi
592 1679 838 1726 metuens
880 1671 1198 1740 cogitaverit
1241 1670 1452 1737 imperii
1483 1670 1664 1723 sedem
1694 1669 1798 1740 llo-

212 1760 359 1799 mam
394 1742 708 1797 transferre.
750 1739 965 1795 Paulus
982 1741 1178 1796 ibidem
1225 1740 1390 1795 tradit
1417 1741 1665 1811 eumdem
1701 1739 1800 1811 Sy-

210 1815 426 1869 racusis
445 1813 657 1882 degisse
677 1826 846 1880 usque
866 1811 935 1866 ad
959 1810 1311 1882 indictionem
1331 1811 1421 1873 η,
1443 1809 1586 1878 quod
1611 1809 1801 1882 verum

210 1894 313 1950 est,
345 1899 476 1937 nam
522 1879 853 1936 woccisus’est
897 1881 1043 1935 circa
1092 1880 1453 1934 Novembrem
1500 1880 1629 1950 anni
1673 1879 1797 1945 668,

208 1948 330 2010 cum
372 1952 597 2008 indictio
658 1951 722 2005 12
769 1949 886 2017 jam
934 1950 1191 2017 cmpisset
1237 1948 1545 2015 numerari,
1591 1963 1691 2004 nec
1747 1950 1801 2005 id

209 2030 483 2095 repugnat
515 2021 827 2095 Anastasio,
876 2021 982 2095 vel_
1007 2017 1339 2095 Tlicophani,
1375 2028 1433 2074 ut
1457 2020 1651 2095 _visum
1700 2017 1801 2072 fuit

205 2089 467 2150 Baronio.
500 2092 817 2146 Anastasius
841 2091 1041 2145 etenim
1069 2090 1418 2146 indictionem
1449 2089 1507 2143 ll
1542 2098 1802 2159 prorogat

209 2180 385 2236 usque
425 2164 491 2236 ad
524 2162 652 2236 Kal1
687 2160 929 2236 Januarii
968 2162 1351 2236 prosimacht
1386 2161 1524 2236 bene
1555 2160 1801 2236 subsistit

206 2230 329 2290 cum
360 2235 553 2288 indict.
592 2232 660 2285 l2
689 2246 865 2286 annus
890 2230 1103 2300 imperii
1143 2230 1211 2283 27
1258 2230 1575 2300 Theophani
1619 2230 1800 2300 signa-

207 2316 310 2360 tus.
338 2306 598 2359 Arbitror
622 2312 802 2357 autem
832 2301 1065 2370 diploma
1088 2301 1157 2354 ad
1178 2315 1379 2355 annum
1402 2300 1505 2353 666
1532 2308 1796 2368 spectare,

205 2391 328 2431 etim
359 2391 431 2429 ex
461 2380 695 2443 quatuor
722 2372 956 2443 signatis
986 2371 1396 2443 characteribus
1418 2370 1523 2424 duo
1545 2384 1687 2443 anno
1719 2370 1796 2443 illi

204 2439 559 2507 conveniant,
590 2444 750 2512 .juxta
772 2439 909 2511 quos
925 2439 1035 2512 duo
1065 2440 1416 2512 reliquilsunt
1450 2440 1796 2512 emendandi.

202 2516 555 2572 Conveniunt
585 2509 764 2568 autem
790 2509 983 2566 annus
1012 2511 1222 2574 imperii
1255 2509 1567 2566 Constantis
1603 2509 1697 2574 25,
1744 2517 1800 2564 et

204 2602 391 2640 annus
420 2584 634 2652 imperii
681 2582 914 2638 lleraclii
960 2590 1015 2636 et
1060 2581 1263 2635 Tiberii
1310 2582 1360 2644 7,
1410 2594 1578 2652 quare
1626 2595 1800 2635 annus

203 2648 641 2726 postconsularis
668 2653 1035 2726 emendandus
1076 2661 1158 2706 est
1188 2652 1301 2726 23,_
1319 2659 1375 2726 et
1536 2648 1801 2726 Copstan-

206 2719 305 2780 tini
370 2740 514 2778 anno
564 2723 631 2777 14
683 2721 1022 2793 reponendus
1067 2737 1241 2776 annus
1284 2722 1349 2793 Ψ
1385 2719 1563 2793 adhuc
1604 2719 1795 2793 ﬂuens,

202 2796 486 2850 ﬁniendus
531 2802 709 2847 tamen
744 2790 1003 2863 sequenti
1053 2807 1256 2863 mense.
1301 2790 1567 2863 Rationes
1608 2790 1797 2863 calculi

204 2865 259 2920 iu
292 2867 450 2920 hunc
482 2865 698 2917 modum
726 2859 849 2918 initi
872 2862 1115 2931 petenda:
1141 2876 1205 2914 ex
1245 2860 1569 2931 pta-cedenti
1596 2859 1797 2914 disser-

203 2937 441 2990 tatione.
476 2933 726 2987 blcndose
771 2930 1084 2987 Constantis
1131 2945 1325 2984 nomen
1356 2930 1410 2984 in
1457 2930 1799 2985 Constantini

202 3014 477 3069 mutatur,
502 3003 644 3074 quod
678 3002 944 3057 familiare
978 2999 1221 3070 sphalma
1248 3008 1334 3055 est
1357 3000 1409 3053 iu
1439 3014 1626 3074 eorum
1664 3008 1801 3074 tem-

1908 407 1962 462 in
2009 406 2215 464 Italiam
2272 406 2393 466 eum
2442 414 2682 467 exercitu
2733 406 3118 470 transmittere.
3178 406 3306 472 Post
3347 406 3491 477 hunc

1906 477 2224 559 Gregorium
2256 482 2594 559 Tlieodorus,
2644 484 2783 559 alter
2815 502 2845 539 a
2875 486 3135 559 Calliopa,
3165 489 3491 559 subrogatus

1905 559 2009 612 est,
2055 550 2147 618 qui
2194 552 2574 627 et_'l‘heodoro
2612 554 2867 627 episcopo
2914 550 3164 627 sedente,
3219 550 3494 616 Ravenna:

1906 627 2045 694 erat,
2101 628 2159 672 ut
2210 620 2349 675 infra
2391 624 2617 691 patebit,
2648 620 2718 678 et
2766 620 2936 694 uSque
2969 626 3034 679 ad
3064 643 3263 682 annmn
3296 630 3399 685 686
3437 633 3492 685 in

1905 689 2228 766 magistratu
2247 689 2630 766 perseveravit.
2664 689 2872 766 Novum
2898 696 3189 751 exarchum
3207 709 3331 766 post
3353 701 3495 756 Con—

1906 760 2351 840 stanlis_obitum
2380 762 2629 840 missum,
2661 764 2789 818 illud
2812 766 2949 840 facit
2977 774 3037 820 ut
3065 760 3305 834 credam,
3348 774 3491 840 quod

1903 839 1959 884 ut
1998 830 2287 909 plurimum
2324 832 2563 909 A_ugusti_
2590 850 2712 889 cum
2746 835 2844 889 soli
2888 836 3155 909 imperare
3185 830 3489 909 coeperunt,

1903 908 2155 975 revocato
2177 901 2270 969 qui
2295 902 2396 975 sub
2420 905 2818 971 prasdceessore
2840 901 3337 975 administraverat,
3366 901 3492 965 alte;

1902 985 2025 1024 rum
2061 971 2115 1024 in
2154 972 2487 1040 provinciam
2529 975 2832 1030 mittebant.
2876 974 2949 1028 lta
2992 991 3022 1029 a
3048 975 3299 1034 Mauritio
3324 971 3494 1036 'Sma-

1903 1040 2122 1113 ragdus,
2174 1056 2205 1113 a
2257 1041 2435 1113 Phloca
2478 1042 2809 1113 Smaragdus
2860 1045 3077 1110 iterum,
3123 1049 3193 1101 ab
3244 1048 3493 1107 Heraclio

1901 1108 2137 1185 loannes
2190 1112 2460 1185 ngiges,
2514 1130 2608 1169 seu
2672 1108 2945 1185 Remiges,
3009 1108 3070 1169 et
3120 1132 3151 1170 a
3197 1118 3490 1175 Constante

1903 1180 2219 1255 Theodorus
2240 1181 2511 1255 Calliopas
2532 1185 2681 1255 missi
2704 1180 2857 1239 sunt:
2878 1184 3016 1238 Sunt
3038 1187 3107 1241 ob
3127 1203 3246 1255 qua:
3271 1191 3491 1245 credam

1903 1250 2263 1330 Theodorum
2280 1250 2719 1330 huiie_juniorem_
2741 1256 2978 1325 Calliopa
3011 1266 3066 1310 et
3089 1250 3351 1330 Gregorio
3379 1277 3493 1315 mc-

1902 1319 2043 1374 liont
2072 1322 2300 1399 consilia
2342 1319 2541 1399 fugisse
2567 1366 2597 1399 ,_
2633 1327 2829 1399 quippe
2982 1319 3358 1399 magistratum
3396 1346 3490 1399 ge—

1901 1399 2056 1471 rente
2072 1392 2366 1471 Ravennas
2393 1392 2892 1471 Ecclesia‘Romani
2922 1392 3199 1466 pontiﬁcis
3220 1396 3311 1466 jus
3342 1392 3487 1455 fassa

1902 1469 2004 1521 est,
2031 1470 2086 1515 et
2111 1462 2179 1516 ad
2208 1462 2324 1528 ejus
2355 1465 2623 1521 unitatem
2648 1467 2827 1520 rediit.

1972 1531 2083 1606 ΥΠ.
2112 1531 2295 1606 ΔΟίῐὶίείί
2324 1535 2428 1588 mei
2467 1534 2557 1606 hic
2594 1544 2679 1606 est
2719 1537 2770 1590 in
2802 1536 2991 1606 primis
3016 1536 3240 1606 Agnello
3271 1550 3493 1595 narrata

1900 1602 1980 1656 uti
2013 1602 2231 1657 veritati
2259 1605 2533 1658 contraria
2568 1602 2847 1671 refellere,
2876 1607 2968 1660 ubi
3005 1602 3142 1662 falso
3168 1609 3343 1666 innuit
3367 1612 3490 1665 chi-

1829 1673 2231 1755 BLograpbum
2286 1673 2421 1755 oliui
2472 1674 2615 1755 inter
2671 1676 2917 1730 Maurum
2972 1685 3043 1755 et
3086 1679 3489 1755 sanctissimum

1906 1741 2209 1824 _Roman_um
2236 1744 2547 1824 pontificem
2584 1745 2906 1824 ﬁrmatum.__
2926 1764 2945 1796 ‹
2969 1746 3187 1824 _Non_ne
3224 1748 3491 1819 (Maurum

1905 1812 2216 1881 loquentem
2237 1812 2446 1888 inducit
2465 1815 2774 1888 apostolica:
2795 1816 2938 1871 sedis
2954 1816 3179 1888 legatis)
3203 1812 3487 1883 statutum,

1904 1895 1960 1937 et
1993 1892 2339 1938 sacramento
2378 1884 2670 1949 ﬁrmatum,
2714 1894 2770 1940 ut
2807 1902 2909 1943 nec
2950 1884 3045 1941 ille
3083 1884 3343 1943 adversus
3379 1904 3490 1953 me,

1903 1953 1986 2007 vel
2018 1968 2195 2006 meam
2220 1954 2549 2026 Ecclesium,
2582 1971 2754 2026 neque
2774 1959 2855 2011 sui
2880 1958 3084 2026 posteri
3115 1974 3485 2013 successores-

1904 2037 2008 2098 que
2040 2038 2189 2077 meos
2216 2022 2563 2098 inquietent?
2600 2047 2623 2098 ro
2666 2022 2833 2082 Porro
2863 2022 3165 2098 Vitalianus
3194 2029 3241 2083 is
3264 2027 3364 2081 fuit
3396 2029 3489 2098 qui

1904 2093 2048 2147 inter
2088 2093 2307 2148 sanctos
2338 2096 2392 2148 in
2418 2096 2800 2152 ecclesiasticis
2850 2097 3044 2152 tabulis
3081 2099 3242 2153 scribi
3274 2093 3487 2161 meruit,

1904 2164 2103 2236 quique
2131 2177 2197 2217 ea
2238 2166 2462 2236 proinde
2489 2167 2544 2220 in
2577 2168 2789 2223 tuendis
2828 2167 3084 2223 Ecclesim
3116 2167 3371 2222 Romamn
3403 2167 3493 2236 ju-

1906 2233 2055 2314 ribus
2088 2233 2390 2320 constantia
2418 2235 2583 2316 fuisse
2612 2244 2819 2292 certum
2849 2239 3348 2320 estquteopinioni
3386 2233 3484 2292 liu-

1897 2302 2131 2377 j_u_smodi
2162 2305 2518 2377 responderit,
2548 2323 2710 2377 quam
2739 2308 2951 2363 nonnisi
2975 2302 3171 2376 impius
3197 2309 3488 2363 inﬁcietur.

1906 2373 2133 2456 _Virtutis
2163 2374 2469 2456 huiusmodi
2495 2373 2875 2456 argumentum
2899 2392 3027 2456 sane
3047 2373 3367 2456 praeclarum
3393 2379 3487 2432 ba-

1903 2443 2095 2519 bemus
2116 2457 2182 2498 ex
2205 2443 2448 2512 ejusdem
2471 2443 2627 2519 epist.
2658 2447 2683 2500 1
2718 2448 2786 2502 ad
2808 2447 3031 2519 Paulum
3048 2443 3370 2519 Cretensem
3398 2463 3491 2502 ar-

1904 2512 2331 2589 chiepiscopum,
2359 2512 2521 2589 queui
2547 2517 2620 2571 ibi
2641 2531 2826 2589 severe
2853 2518 3205 2589 arguit,quod
3227 2512 3488 2572 Joannem

1903 2582 2099 2665 Lappa:
2120 2582 2427 2665 episcopum
2448 2587 2609 2665 ad_se
2631 2582 3024 2665 appellantem),
3038 2582 3226 2665 contra
3248 2602 3488 2642 canones

1904 2654 2158 2707 cohibere
2200 2663 2478 2729 tentasset.
2525 2654 2682 2729 llunc
2702 2654 2834 2729 etin
2857 2658 3062 2729 synodo
3089 2656 3272 2712 Roma:
3295 2667 3486 2729 coacta

1906 2738 1951 2795 a_
1968 2724 2381 2793 metropolitano
2423 2726 2680 2793 praedicto
2712 2724 2906 2795 injuria
2952 2727 3202 2782 affectum
3238 2726 3485 2781 absolvit.

1906 2792 2021 2867 Non
2065 2792 2241 2867 potuit
2269 2792 2451 2867 itaque
2493 2795 2609 2863 ejus
2644 2792 2864 2851 virtutis
2892 2805 2947 2867 et
2978 2798 3282 2867 sanctitatis
3308 2798 3486 2867 ponti-

1906 2862 2018 2927 fex,
2041 2862 2132 2933 qui
2158 2862 2574 2933 appellationum
2595 2867 2684 2934 jus
2705 2876 2892 2919 contra
2922 2866 3212 2921 Orientalis
3230 2862 3485 2920 Ecclesia:

1906 2933 2306 3005 metropolitam
2355 2933 2613 3005 prteclare
2653 2935 2790 2989 tueri
2828 2935 3027 3001 voluit,
3070 2937 3270 3005 quique
3304 2952 3368 2991 eo
3400 2953 3489 2989 nn-

1907 3003 2052 3077 mine
2090 3004 2158 3058 ab
2194 3002 2478 3077 Anastasio
2508 3004 2775 3069 laudatur,
2808 3006 2951 3075 quod
2993 3025 3011 3056 ι
3047 3002 3286 3077 regulam
3315 3006 3488 3061 eccle-

277 3091 405 3129 rum
447 3067 801 3141 documentis,
839 3082 900 3128 ut
926 3067 1152 3141 apparet
1191 3086 1260 3126 ex
1301 3068 1656 3126 conciliorum
1692 3071 1800 3126 col-
1826 3067 1871 3128 C
1904 3073 2176 3127 siasticam
2209 3081 2371 3142 atque
2397 3075 2653 3144 rigorem,
2694 3067 2904 3130 utm'os
2929 3084 3079 3142 erat,
3108 3067 3335 3131 omnino
3359 3092 3487 3131 con-

201 3092 445 3199 latione
485 3143 805 3198 Labbmana.
1898 3142 2163 3199 servavit,
2228 3160 2246 3193 ι
2305 3158 2461 3197 suum
2510 3145 2565 3198 in
2614 3144 2982 3199 Ravennatem
3038 3148 3345 3199 eniscouum
3403 3146 3487 3199 ius

221 3164 252 3202 ε

252 3146 445 3201 ctione
485 3143 805 3198 Labbmana.

275 3215 370 3271 VI.
406 3215 487 3268 Ex
513 3216 614 3267 hoc
638 3221 817 3267 autem
848 3210 1136 3281 diplomate
1158 3208 1477 3281 Gregorium
1514 3224 1656 3281 anno
1681 3210 1799 3264 lau-

200 3286 336 3340 dato
383 3283 490 3338 666
539 3284 804 3337 Ravennae
850 3279 1141 3336 exarchum
1185 3279 1349 3335 fuisse
1403 3279 1683 3347 novimus,
1744 3290 1801 3335 et

202 3354 482 3411 Theodori
497 3352 747 3423 Calliopa:
759 3352 1133 3423 magistratum
1148 3364 1410 3423 cessasse.
1437 3348 1669 3423 Stupeba
1678 3367 1797 3423 mus

200 3434 395 3481 autem
436 3423 597 3490 hujus
637 3421 870 3478 eiarchi
907 3430 1117 3490 tempus
1158 3421 1383 3475 durasse
1425 3421 1493 3474 ab
1526 3436 1666 3477 anno
1692 3421 1797 3477 630

201 3508 384 3565 usque
413 3494 483 3548 ad
510 3490 632 3565 686,
665 3493 823 3565 anuis
852 3492 1102 3565 videlicet
1123 3490 1313 3565 36._U_t
1343 3491 1537 3565 horum
1546 3500 1796 3565 tempora

202 3561 508 3621 metiamur
541 3562 817 3618 observari
860 3562 1048 3627 debet,
1088 3561 1246 3623 iunui,
1280 3562 1333 3615 in
1376 3561 1477 3614 hoc
1507 3561 1797 3630 diplomate

202 3635 464 3691 Maurum
489 3632 803 3703 imperatori
836 3632 936 3685 sibi
966 3632 1290 3703 demerendo
1315 3630 1615 3703 studuisse,
1642 3630 1798 3703 illud-

200 3720 311 3776 que
352 3700 607 3767 curasse,
640 3712 698 3757 ut
725 3703 827 3758 sibi
860 3700 1499 3776 exarehmnbeuevolum
1526 3702 1793 3776 redderet,

199 3771 448 3845 irreptis
468 3790 588 3844 qua:
611 3788 674 3827 ea
702 3783 942 3845 tempora
967 3771 1792 3845 suppeditabantoccasionibus.

200 3789 448 3845 arreptis
468 3790 588 3844 qua:
611 3789 674 3827 ea
702 3789 942 3894 tempora
969 3789 1792 3841 suppeditabantOCCﬂSlOﬂlDUS.

200 3845 360 3899 Inter
391 3846 490 3898 bas
532 3852 708 3897 autem
743 3858 812 3896 nu
837 3843 918 3896 lus
950 3842 1134 3895 dubito
1164 3840 1675 3911 opportunissimam
1711 3841 1795 3894 af-

201 3915 383 3969 fuisse
424 3914 787 3967 Romanorum
821 3913 875 3965 in
904 3911 1251 3967 Constantem
1280 3910 1465 3967 odium
1486 3912 1555 3965 ob
1577 3911 1797 3979 impiam

201 3986 264 4040 ὃ.
318 3983 539 4038 Martini
578 3982 978 4047 abductionem,
1025 3996 1090 4036 ac
1136 3981 1583 4050 deportationem,
1627 3995 1797 4049 quare

199 4055 391 4125 potuit
424 4052 652 4125 Maurus
696 4069 773 4125 ea
815 4067 973 4125 agere
1011 4066 1129 4125 qua:
1168 4050 1511 4125 amplissimae
1541 4066 1651 4125 suae
1694 4050 1799 4104 lla-

200 4119 437 4180 vennati
488 4124 709 4178 dioecesi
762 4123 813 4176 in
853 4119 1061 4176 'ofﬁcio
1115 4119 1451 4176 continenda:
1504 4119 1795 4187 plurimum

202 4194 587 4249 conferebant.
623 4192 937 4247 Verosimile
967 4202 1148 4245 autem
1186 4198 1270 4245 est
1300 4188 1672 4253 Constantem,
1702 4189 1796 4257 qui

202 4265 277 4319 ad
334 4263 464 4319 facti
510 4263 765 4317 invidiam
794 4262 1152 4316 avertendam
1207 4259 1477 4322 Vitaliani,
1531 4258 1623 4327 qui
1675 4268 1799 4327 post

204 4334 516 4403 Eugenium
549 4332 778 4403 Martin
820 4331 1103 4403 successit,
1140 4346 1244 4403 non
1284 4330 1442 4403 modo
1476 4328 1794 4403 electionem

1898 3142 2163 3217 servavit,
2228 3160 2246 3193 ι
2305 3142 2484 3217 ειιιιηὶ⁸
2510 3145 2565 3217 in
2614 3144 2982 3217 Ravennatem
3038 3148 3349 3217 episcopum
3397 3146 3488 3213 jus

1898 3212 2187 3285 negligere,
2232 3220 2307 3278 et,
2345 3214 2486 3282 quod
2517 3215 2793 3285 indignum
2823 3216 2943 3281 ﬁde,
2990 3217 3043 3271 in
3070 3212 3195 3284 suae
3220 3212 3486 3271 Ecclesia:

1898 3283 2280 3362 delrimentum
2327 3284 2500 3352 pactis
2539 3283 2851 3362 huiusmodi
2890 3283 3488 3362 consentirc.__l{cs_titit

1899 3356 2194 3423 enimvero,
2232 3362 2288 3407 et
2309 3356 2885 3411 exeommuuicationis
2920 3373 3178 3412 mucrone
3208 3356 3377 3410 Mauri
3398 3357 3486 3423 ju—
3558 3392 3567 3399 -

1898 3422 2023 3492 gulo
2052 3424 2671 3495 adacto,autocepbalize
2698 3440 2797 3495 per
2823 3426 2977 3481 nefas
3005 3443 3035 3481 a
3065 3428 3361 3482 Constante
3377 3422 3487 3480 Au-

1897 3501 2054 3566 gusto
2099 3494 2503 3566 sta_tut:e__initia
2554 3494 2738 3549 tollere
2784 3497 2987 3566 ingenti
3034 3497 3215 3551 animo
3252 3497 3483 3560 curavit,

1898 3562 2040 3635 Quod
2070 3570 2125 3616 et
2166 3562 2423 3632 Agnellus
2460 3562 2867 3635 ipsertestatur:
2902 3566 3190 3630 Constans,
3235 3567 3486 3635 quamvis

1897 3632 2137 3687 omnimu
2165 3647 2440 3704 consensui
2476 3633 2671 3701 impius
2701 3634 3071 3699 Monothclita,
3106 3632 3269 3704 quod
3291 3650 3479 3689 eorum

1900 3710 2202 3773 temporum
2237 3711 2292 3756 et
2327 3701 2495 3773 Italia:
2528 3705 2673 3758 vices
2700 3704 3007 3773 exigebant,
3045 3701 3383 3773 Catholicum
3419 3721 3481 3759 se

1899 3771 2225 3827 demerendo
2263 3771 2503 3841 pontiﬁci
2549 3771 2855 3838 simulabat,
2885 3782 2941 3828 et
2968 3775 3092 3828 licet
3125 3776 3193 3828 ob
3232 3772 3481 3829 eamdem

1898 3856 2115 3912 causam
2144 3841 2391 3909 Gregorii
2414 3844 2664 3897 exarchze
2693 3859 2878 3912 opera,
2902 3853 2961 3897 ut
2983 3844 3083 3897 sibi
3119 3844 3481 3912 archiepiscos

1897 3922 2026 3981 pum
2050 3911 3136 3982 Ravennatemdevinciretautocephalia:
3154 3911 3481 3982 praeceptum

1900 3982 2267 4044 concesserit,
2311 3981 2532 4036 minime
2577 3990 2756 4037 tamen
2796 3981 3119 4037 Vitalianum
3156 3981 3229 4038 ad
3257 3999 3483 4043 consen-

1899 4066 2017 4121 sum
2047 4050 2261 4121 adigere
2289 4052 2593 4115 tentaverit,
2615 4067 2773 4121 quem
2797 4053 2866 4106 ob
2888 4053 2941 4106 id
2968 4053 3144 4107 alieno
3166 4068 3195 4106 a
3217 4069 3275 4107 se
3296 4054 3481 4106 animo

1899 4119 2139 4173 futurum
2181 4120 2421 4190 timebat.
2456 4121 2532 4173 Ex
2570 4119 2685 4189 ipéo
2720 4122 2862 4190 quod
2894 4123 3139 4177 dedimus
3166 4122 3480 4178 Constantis

1898 4189 2235 4261 praeceptoid
2260 4190 2445 4244 haberi
2475 4200 2623 4258 puto,
2654 4189 2795 4259 quod
2818 4192 2959 4245 haud
2981 4191 3096 4244 dari
3126 4192 3475 4261 oportuisset,

1900 4260 1946 4313 si
1978 4259 2279 4313 Vitalianus
2318 4261 2372 4314 in
2402 4262 2619 4329 propria
2646 4276 2823 4315 causa,
2848 4276 2947 4315 suo
2979 4261 3088 4331 juri
3122 4259 3483 4331 chirographo

1899 4337 1955 4400 et
1984 4338 2326 4400 sacramento
2350 4331 2633 4393 cessisset,
2665 4331 2749 4384 vel
2785 4332 2828 4385 si
2869 4342 2991 4400 post
3018 4332 3314 4387 cessionem
3347 4347 3484 4400 pon-

205 4398 391 4457 ratam
419 4403 628 4465 habuit,
660 4402 776 4465 sed,
801 4403 939 4470 quod
966 4399 1484 4464 traditAnastasius,
1514 4400 1797 4470 renovavit
1824 4409 1875 4468 1)
1902 4399 2061 4470 tiﬁcis
2109 4398 2459 4453 nihilominus
2504 4400 2731 4470 idipsum
2783 4398 2885 4454 suo
2928 4401 3106 4455 edicto
3156 4398 3478 4457 ﬁrmandum

204 4468 872 4543 privilegia,lcgatosque
916 4471 1150 4543 olliciose
1206 4470 1417 4543 habitos
1450 4468 1797 4543 remisit,_si-

205 4538 437 4611 inulqué
483 4542 552 4595 ad
593 4538 651 4596 S.
700 4538 916 4596 Petrum
944 4540 1185 4595 muneris
1220 4540 1338 4611 loco
1373 4539 1591 4593 ferenda
1628 4538 1796 4611 voluit

211 4631 233 4663 ι
284 4610 581 4694 liivangelia
621 4628 786 4693 aurea
828 4627 950 4666 cum
977 4611 1202 4680 gemmis
1235 4610 1371 4694 albis
1398 4611 1547 4691 mirae
1586 4610 1793 4694 magni:

208 4682 424 4737 tudinis
449 4680 507 4736 in
530 4682 753 4736 circuitu
778 4694 966 4736 ornata
985 4720 999 4746 ,
1039 4699 1057 4731 ι
1086 4681 1408 4743 verosimile,
1440 4680 1678 4749 inquam,
1710 4688 1795 4734 est

206 4751 565 4807 Theodorum
589 4751 908 4821 Calliopam,
931 4752 996 4806 de
1015 4766 1120 4820 quo
1147 4750 1289 4804 nulla
1315 4750 1543 4820 amplius
1567 4749 1789 4821 mentio,

209 4822 285 4892 ab
336 4822 634 4892 egarchatu
674 4819 989 4892 removisse,
1038 4819 1093 4875 et
1120 4819 1447 4892 Gregorium
1476 4819 1792 4892 suffecisse.

208 4891 337 4946 lloc
370 4890 605 4956 factum,
637 4907 701 4947 ex
733 4890 1071 4960 conjectura,
1118 4890 1355 4961 Eugenio
1393 4891 1633 4954 sedente,
1674 4905 1796 4944 cum

211 4961 360 5017 satis
386 4962 490 5017 sibi
534 4962 770 5017 infensos
800 4963 1141 5030 exarcboque
1166 4960 1434 5030 Romanos
1456 4967 1795 5030 agnosceret,

211 5046 287 5085 ex
321 5033 560 5085 unanimi
598 5032 787 5085 horum
834 5026 1136 5085 constantia
1191 5029 1244 5082 in
1288 5026 1623 5099 reprobanda
1651 5029 1795 5083 Petri

213 5101 800 5184 Constantinopolitani
824 5100 1149 5184 Patriarcbm
1170 5100 1444 5184 synodica,
1477 5116 1496 5150 ι
1532 5114 1651 5180 qua:
1676 5114 1799 5184 cu‘m

214 5168 419 5239 majori
432 5168 678 5241 strepitu,
708 5193 727 5224 ι
750 5171 922 5240 inquit
942 5168 1256 5224 Anastasius
1279 5171 1331 5225 in
1349 5170 1604 5241 Eugenio,
1629 5188 1646 5219 ι
1670 5177 1799 5241 esta

216 5241 431 5298 Sancta
457 5239 559 5297 Dei
573 5242 808 5298 Ecclesia
821 5239 1079 5313 projecla,
1105 5255 1240 5313 inec
1266 5239 1608 5313 permiserint
1626 5239 1800 5308 ponti-

218 5313 386 5366 ﬁcem
408 5313 598 5368 missas
626 5310 899 5366 celebrare
924 5310 981 5364 in
1011 5310 1229 5364 basilica
1266 5310 1324 5363 Β.
1361 5310 1617 5380 Virginis,
1649 5319 1799 5364 ante-

217 5396 390 5451 quam
410 5383 753 5451 spoponderit
773 5396 831 5437 se
853 5381 1073 5436 minime
1102 5379 1655 5451 eamdemialiquando
1682 5394 1801 5433 sus-

219 5448 530 5520 cepturum.
564 5452 748 5520 Itaque
775 5452 917 5506 circa
954 5467 1155 5505 annum
1196 5449 1298 5503 658
1328 5448 1625 5518 Calliopam
1654 5463 1802 5520 revo-

221 5529 410 5591 catum
457 5536 596 5587 reor,
636 5519 691 5574 et
726 5520 1041 5591 Gregorium
1070 5520 1382 5583 sullectum,
1414 5535 1574 5588 quem
1618 5519 1799 5591 statim

225 5586 449 5661 Maurus
472 5591 685 5661 duxerit
710 5591 775 5644 ad
801 5586 895 5645 sua
919 5600 1039 5646 vota
1064 5586 1495 5661 praeparandum,
1518 5589 1802 5661 occasione

230 5658 573 5728 imperatoris
594 5661 649 5716 in
672 5659 938 5718 Romanos
960 5657 1237 5732 pciiiiiticcs
1260 5659 1472 5727 infensi,
1504 5669 1555 5716 ct
1578 5659 1645 5716 de
1664 5657 1806 5716 Lan-

1899 4469 2283 4541 esistimtlssct,
2316 4470 2368 4524 id
2397 4469 2589 4541 agens,
2615 4471 2679 4524 de
2706 4470 2976 4539 pontilicis
2996 4486 3263 4525 consensu
3293 4472 3482 4525 memi—

1900 4540 2094 4610 uisset.
2132 4537 2465 4609 Praeceptum
2520 4537 2721 4594 antem'
2749 4540 3050 4609 bujusmodi
3109 4542 3219 4610 typi
3264 4543 3481 4597 nomine

1899 4609 2042 4679 apud
2070 4608 2415 4680 Anastasi’um
2444 4610 2669 4665 indicari
2696 4608 2828 4679 puto
2849 4610 2901 4664 in
2924 4610 3104 4667 Leone
3134 4608 3177 4665 ll
3204 4613 3347 4680 quod
3380 4611 3483 4666 Po~

1898 4677 2094 4750 gouato
2128 4677 2424 4749 imperante
2461 4681 2671 4734 tandem
2700 4677 2730 4730 ἰ
2771 4682 2837 4733 ad
2866 4682 3190 4749 amputanda
3220 4677 3474 4737 Scandala

1897 4750 2041 4804 sedis
2068 4750 2375 4822 apostolica;
2403 4750 2714 4822 restitutum
2740 4757 2855 4822 est;
2884 4766 3005 4822 cum
3032 4750 3323 4822 (videlicet)
3350 4767 3471 4820 per-

1899 4818 2323 4890 currentedivali
2344 4821 2587 4890 jussione
2608 4819 3009 4873 clementissimi
3037 4818 3478 4889 principis'r'esti-

1899 4898 2014 4944 tuta
2057 4898 2142 4943 est
2169 4889 2411 4945 Ecclesia
2450 4890 2780 4944 Ravennatis
2813 4890 2914 4943 sub
2958 4890 3295 4944 ordinatione
3335 4890 3478 4943 sedis

1900 4958 2225 5029 apostolicae.
2274 4977 2313 5029 »ί
2335 4960 2597 5029 [dqueex
2628 4973 2692 5012 eo
2717 4957 3071 5011 conﬁrmatur
3092 4959 3232 5029 quod
3257 4959 3477 5029 t_ypi__vo-

1902 5025 2151 5085 cabulum
2183 5025 2549 5097 signiﬁcandis
2588 5028 2972 5097 imperatorum
3006 5025 3479 5097 constitutionibus

1901 5099 2103 5181 passim
2123 5095 2441 5181 usurpatum
2470 5095 2737 5181 novimus,
2764 5095 3004 5181 quamuiri
3035 5111 3147 5149 rem
3173 5096 3477 5181 Dti‘caugi'us

1903 5163 1957 5223 in
1986 5163 2274 5223 Glossarid
2298 5168 2441 5221 hunc
2476 5166 2648 5235 ipsum
2684 5163 2953 5221 Anastasii
2990 5165 3166 5235 locum
3196 5163 3479 5218 aﬁ‘crthx

1903 5239 2006 5293 hoc
2040 5238 2268 5306 aliisque
2310 5233 2580 5291 AnaStasii
2614 5236 2865 5299 assertis,
2908 5235 3036 5306 quid
3060 5233 3291 5306 Maurus
3311 5249 3481 5306 ausus

1901 5309 1991 5371 sit,
2022 5308 2149 5377 quid
2174 5303 2229 5361 et
2248 5322 2279 5359 a
2309 5322 2417 5377 quo
2437 5306 2731 5361 obtinuerit
2759 5303 3185 5377 autocephaliam
3206 5303 3478 5369 videlicet,

1903 5373 2252 5447 intelligimus
2270 5417 2284 5440 ,
2313 5373 2473 5445 quam
2502 5392 2605 5447 non
2635 5373 3033 5447 pontilex,_scd
3060 5374 3327 5447 Constans
3349 5389 3479 5447 con-

1902 5443 2103 5511 cessit,—
2120 5443 2343 5516 quaque
2358 5462 2462 5501 non
2494 5446 2824 5501 eximeretur
2859 5460 2889 5497 a
2907 5444 3030 5516 jure
3058 5443 3151 5516 illo
3171 5458 3279 5511 quo
3300 5443 3475 5512 ponti~

1905 5519 2004 5593 fex_
2023 5520 2121 5581 toti
2139 5512 2403 5593 Ecclesiae
2426 5524 2643 5586 prgeest,
2676 5516 2768 5593 sed
2792 5528 2823 5593 a
2851 5512 3210 5593 patriarcllico
3232 5552 3246 5576 ,
3277 5528 3373 5567 seu
3385 5527 3482 5593 nve-

1908 5588 2007 5642 teri
2053 5582 2463 5656 metropolitano
2492 5602 2600 5656 quo
2640 5585 2707 5639 ab
2750 5582 2904 5656 initio
2924 5582 3181 5656 Ecclesia:
3207 5582 3485 5656 unusluit

1908 5658 1960 5711 in
1988 5650 2279 5713 Occidente
2315 5650 2781 5724 metropolitanus,
2814 5653 2894 5708 uti
2921 5653 2976 5707 in
3002 5652 3218 5709 dissert.
3257 5650 3324 5708 de
3357 5650 3479 5709 lliu-
