3936 6180
245 275 336 332 681

1313 271 1512 326 Lmen
1553 269 2032 325 PONTIFICALIS.
2075 301 2144 310 -
2178 267 2357 325 rans
2394 255 2455 324 u.

3391 264 3497 320 (ἀεὶ

246 388 428 443 minem
455 385 746 440 verebatur.
788 381 960 437 Vidua
979 381 1221 453 quantum
1247 381 1464 436 molesta
1487 391 1598 434 erat
1621 382 1669 435 ci
1688 398 1816 451 (γαυ-
1845 387 1889 442 Λ
1919 395 2203 453 ascensum
2233 382 2541 453 prmstabat.
2600 381 2893 450 Episcopus
2933 379 3106 435 factus
3131 387 3214 435 est
3236 380 3498 438 Constan-

245 479 365 532 tidie
386 478 563 530 dicens
596 489 614 526 :
651 473 871 529 Vindice
900 491 980 528 me
1007 475 1072 528 de
1100 473 1402 528 adversario
1431 490 1566 537 meo,
1598 482 1702 528 etc.
1732 473 1821 526 Ait

244 579 420 624 autem
446 569 561 638 ipse
585 565 846 620 Dominus
877 585 890 619 :
921 564 1065 620 Deus
1091 575 1264 618 tamen
1286 562 1508 634 [autem]
1534 581 1636 617 non
1665 563 1820 632 faciet

242 661 524 718 vindictam
548 657 827 712 electorum
849 672 1062 710 suorum
1087 655 1425 710 clamantium
1457 655 1526 708 ad
1550 671 1604 708 se
1625 655 1726 720 die,
1759 671 1820 708 ac

244 761 406 807 nocte.
450 750 573 804 Ideo
616 756 830 818 Oportet
869 761 1082 815 semper
1106 760 1297 810 orare,
1329 755 1382 800 et
1423 761 1527 798 non
1567 744 1819 810 deﬁcere,

243 844 378 897 sicut
411 842 524 912 ipse
559 839 617 894 S.
669 839 914 909 pontifex
943 839 1282 893 orationibus
1321 838 1501 891 omnia
1542 836 1823 890 obtinebat

243 933 409 1001 magis
432 945 596 1001 quam
624 930 820 1000 pretio.
854 928 1096 984 Mortuus
1121 929 1284 999 igitur
1307 939 1362 981 et
1387 928 1628 994 sepultus
1657 937 1740 982 est
1766 928 1818 981 in

242 1023 463 1079 ecclesia
497 1023 554 1075 Β.
591 1020 985 1096 Appollenaris.
1016 1019 1357 1090 Epitaphium
1383 1019 1550 1089 ipsms
1582 1019 1820 1098 deletum

243 1126 338 1169 est.
371 1113 536 1178 Obiit,
565 1113 894 1178 utdiximus,
926 1128 986 1167 ιιι
1009 1111 1125 1165 Kal.
1154 1111 1400 1182 Augusti.
1436 1111 1588 1165 Sedit
1613 1127 1738 1164 alin.
1769 1127 1819 1176 ν,

244 1220 411 1260 mens.
437 1219 491 1259 xx
509 1245 525 1270 ,
553 1203 782 1259 dies.....

951 1323 1094 1334 .—

741 1381 1315 1438 OBSERVATIONES

654 1491 730 1529 ΑΙ)
786 1489 998 1528 νιτΑιι
1053 1489 1418 1528 REPABATI.

241 1563 532 1636 Reparatus
559 1565 654 1636 sub
686 1563 879 1618 Mauro
904 1555 1319 1635 autocepltalia'm
1347 1565 1676 1636 obtinendam
1704 1585 1828 1636 pro-

304 1635 528 1690 turacit.
581 1635 668 1689 Ea:
711 1636 1026 1689 monasterio
1054 1647 1372 1704 assuntptus.
1425 1635 1820 1704 Monasterium,

303 1723 375 1761 ex
409 1723 512 1776 quo
546 1705 826 1776 qua'situs,
851 1703 1468 1776 quodnamfl’rilegium
1495 1724 1525 1758 a
1551 1703 1824 1776 Pogonato

303 1775 918 1840 obtinet,'concordiam
963 1775 1138 1847 pdtius
1187 1791 1343 1847 quam
1405 1778 1825 1832 aulocevltaliam

291 1847 515 1915 juvans.
1121 1845 1134 1865 ’

301 1938 345 1992 Ι.
382 1936 562 1990 Prima
587 1936 767 2004 itaque
793 1950 859 1990 ex
909 1935 1283 2004 antocephalia
1329 1935 1672 1991 ordinatione
1723 1936 1827 1992 Re-

233 2016 460 2078 paratus
508 2007 794 2060 Ravennas
843 2006 1129 2076 episcOpus
1180 2023 1211 2062 a
1254 2007 1427 2060 tribus
1473 2006 1828 2078 suifragaiieis

235 2076 316 2132 est
347 2085 720 2140 consecratus,
748 2084 1134 2198 receptumque
1154 2092 1262 2132 non
1289 2091 1318 2130 a
1351 2076 1606 2144 pontiﬁce
1629 2077 1828 2133 Roma-

235 2163 320 2198 no.
349 2146 447 2198 sed
494 2147 562 2198 ab
601 2147 927 2198 imperatore
952 2146 1040 2198 Da]
1065 2147 1195 2198 ium.
1226 2145 1414 2198 Nullus
1444 2147 1495 2198 in
1527 2146 1827 2198 Ravennati

235 2163 320 2209 no,
349 2146 447 2202 sed
494 2147 562 2200 ab
601 2145 927 2216 imperatore
952 2145 1195 2216 pallium.
1226 2145 1414 2216 Nullus
1444 2147 1495 2200 in
1527 2146 1827 2204 Ravennati

233 2217 384 2272 clero
409 2225 528 2270 erat
556 2215 825 2285 Reparato
871 2215 1047 2285 aptior
1075 2217 1168 2285 qui
1213 2215 1403 2271 Mauro
1443 2217 1828 2286 subrogaretur

233 2295 580 2357 cmptamque
624 2297 820 2340 restem
856 2287 1217 2354 produceret,
1258 2287 1458 2356 quippe
1502 2287 1549 2340 is
1581 2289 1825 2343 eamdem

235 2357 550 2427 implicandi
583 2373 776 2428 manus
809 2357 992 2410 Mauro
1018 2357 1215 2413 fuerat.
1257 2357 1514 2428 Legatum
1542 2358 1647 2428 sub
1686 2359 1828 2413 Con-

233 2425 416 2482 stante
463 2442 562 2496 pro
591 2427 846 2497 episcopo
888 2436 1095 2497 egerat,
1129 2437 1188 2482 ut
1235 2425 1610 2496 autoccphalia
1662 2429 1825 2484 divali

228 2497 482 2570 jussioue
529 2496 1116 2570 conﬁrmaretur,pejus
1147 2497 1292 2570 cnim
1332 2499 1409 2550 rei
1462 2498 1623 2570 testis
1645 2498 1828 2570 Augu-

233 2577 352 2622 stus
384 2569 499 2636 ipse
524 2567 806 2636 acceditin
851 2567 1096 2622 exhibito
1143 2569 1486 2622 documento.
1531 2587 1549 2618 ι
1593 2569 1669 2622 Ex
1716 2567 1829 2626 ιῐιο-

236 2635 482 2710 nasterio
519 2635 577 2690 S.
615 2637 942 2706 Apollinaris
972 2637 1248 2710 (primum)
1275 2640 1538 2707 quzesitus
1567 2649 1672 2703 est,
1713 2659 1732 2690 ι
1752 2648 1827 2710 ιιι

233 2707 480 2779 loquitur
513 2717 734 2779 noster,
768 2724 868 2762 nec
891 2707 1237 2779 monasterii
1267 2711 1486 2764 nomine
1519 2711 1662 2779 quod
1690 2709 1827 2766 alias

233 2779 380 2832 solet
399 2778 486 2831 hic
510 2777 776 2847 intelligit,
809 2778 900 2832 se.l
927 2778 1316 2832 monachorum
1349 2777 1676 2834 cmnob'ium.
1715 2779 1824 2834 Du-

233 2848 388 2917 bium
417 2855 596 2900 autem
629 2856 872 2902 remanet
911 2864 978 2900 an
1017 2863 1082 2902 cx
1115 2848 1172 2901 S.
1201 2849 1526 2917 Apollinaris
1549 2859 1826 2904 monaste-

237 2919 316 2973 rio
344 2915 621 2988 Classensi
653 2927 960 2988 assumptus
990 2918 1173 2984 fuerit,
1200 2915 1322 2972 cum
1351 2935 1418 2973 ex
1451 2919 1621 2975 Rubri
1645 2928 1827 2976 mente

233 2987 494 3044 monachi
526 2987 724 3041 ibidem
755 2987 912 3042 locati
939 2989 1050 3043 sint
1075 2990 1286 3044 demum
1313 2990 1454 3044 circa
1473 3005 1672 3044 annum
1700 2989 1821 3046 755.

238 3057 520 3135 Xepesius
561 3065 762 3135 tanien,
798 3067 928 3112 tom.
987 3075 1067 3129 p.,
1121 3059 1437 3135 adannum
1462 3059 1612 3135 @953,
1640 3061 1826 3135 sentit
1853 3073 1898 3135 ρ

233 3127 416 3197 Μειξηί
481 3127 728 3198 Gregorii
790 3143 905 3182 aevo
967 3127 1249 3183 monachis
1309 3144 1408 3198 per
1462 3129 1822 3186 Mariuianum

229 3199 410 3254 aedem
459 3197 608 3252 illam
656 3197 860 3264 datam,
890 3200 1036 3266 quod
1062 3200 1106 3254 si
1140 3197 1671 3255 certis'documentis
1695 3217 1826 3256 con-

230 3276 440 3331 smret,
498 3267 827 3336 Reparatmn
897 3269 1095 3324 ibidem
1149 3270 1218 3324 ab
1277 3271 1432 3325 initio
1495 3273 1823 3328 monachum

231 3340 415 3410 egisse
457 3339 924 3410 verosimillimum
957 3340 1128 3410 fieret.
1170 3340 1438 3404 Dubium,
1467 3341 1724 3410 inquam,
1753 3360 1822 3397 an

229 3408 299 3482 es
325 3409 506 3482 altero
543 3419 853 3482 assumptus
969 3408 1303 3482 Apollinaris,
1322 3408 1650 3482 monasterio
1681 3414 1823 3482 quod

231 3479 331 3550 fuit
373 3479 663 3550 Ravenna},
705 3479 770 3533 ad
811 3479 1074 3550 insignem
1118 3481 1262 3534 illam
1295 3481 1574 3535 basilicam
1633 3479 1767 3550 quin,
1795 3499 1824 3537 a

231 3549 948 3622 Theoderico_(amstructa.
979 3559 1034 3622 et
1082 3553 1150 3622 ab
1203 3551 1432 3620 Agnello
1454 3549 1710 3622 episcopo
1737 3569 1825 3607 re-

230 3619 552 3682 conciliata,
585 3620 708 3675 divo
737 3621 967 3674 Martino
1003 3619 1273 3675 dedicata,
1295 3629 1432 3686 erat,
1473 3619 1828 3677 describitur-

229 3707 333 3758 ιιιιο
369 3691 641 3761 nosti-oin
671 3689 877 3761 Agnelli
909 3691 1144 3761 episcopi
1191 3691 1334 3754 V'ita,
1368 3700 1421 3745 ct
1445 3691 1649 3746 Blondo
1694 3693 1822 3747 Dec.

230 3777 280 3827 p.
316 3761 420 3814 lib.
454 3774 528 3830 tv.
559 3759 629 3813 At
657 3777 761 3814 non
791 3759 1005 3814 videtur
1049 3759 1270 3815 basilica
1309 3762 1424 3815 lucc
1463 3761 1520 3815 S.
1553 3761 1828 3830 Apollina-

232 3830 305 3882 ris
355 3829 582 3884 nomiue
625 3839 837 3894 vocata,
881 3831 984 3884 nisi
1015 3833 1228 3885 tandem
1250 3871 1265 3894 ,
1295 3847 1415 3884 cum
1447 3829 1826 3888 circa’annum

367 3901 426 3954 in
460 3915 580 3973 eam
603 3916 668 3953 ex
691 3900 964 3973 Classensi
989 3901 1210 3973 basilica
1238 3917 1435 3970 corpus
1466 3902 1524 3957 S.
1549 3903 1821 3973 Apollina-

231 3969 310 4042 ris
365 3969 695 4025 translatum
727 3981 830 4025 est.
863 3970 1156 4042 Monachus
1187 3969 1366 4026 tamen
1397 3989 1426 4025 a
1466 3969 1707 4042 tempore
1735 3991 1829 4029 cu-

224 4038 312 4106 jus
341 4055 457 4094 non
483 4048 660 4112 esstat
688 4040 971 4105 memoria,
1004 4041 1076 4112 ibi
1105 4042 1313 4112 dcgisse
1345 4044 1498 4097 testis
1520 4038 1604 4098 est
1631 4043 1826 4111 Faber,

227 4119 283 4163 ct
309 4119 506 4165 noster
530 4109 773 4183 indicare
793 4112 1006 4166 videtur
1025 4111 1091 4165 de
1113 4109 1345 4181 quonam
1371 4113 1620 4166 curnobio
1643 4109 1831 4183 loqua-L

231 4187 320 4252 tur
345 4195 451 4250 per
473 4194 586 4252 ea:
622 4199 641 4230 ι
680 4181 950 4252 Ravenna:
997 4197 1104 4252 non
1147 4183 1305 4252 longe
1331 4197 1361 4235 a
1401 4184 1674 4251 posterula
1714 4181 1832 4238 'ovi-

229 4249 421 4323 tionis,
473 4251 590 4323 loco
631 4252 722 4323 qui
768 4251 968 4306 dicitur
1023 4249 1263 4323 Menem—
1291 4249 1524 4321 publica,
1573 4273 1591 4304 ι
1636 4253 1832 4323 quibus

230 4319 466 4390 basilica
499 4319 974 4376 intraRavcnnam
1005 4322 1244 4376 existens
1273 4319 1569 4390 signiﬁcari
1597 4319 1826 4378 videtur.

229 4389 458 4462 Eisdem
514 4391 772 4462 gradibus
821 4407 882 4462 ac

229 4461 506 4526 ascendit,
538 4461 752 4518 abbatis
803 4461 1050 4517 videlicet
1077 4463 1130 4516 in
1164 4463 1312 4518 clero
1337 4472 1394 4517 et
1436 4461 1680 4519 ecclesiae
1721 4465 1826 4518 Ra-

229 4531 494 4602 vennatis
531 4532 818 4587 meonomi.
850 4532 927 4586 lta
961 4533 1296 4602 publicorum
1331 4534 1635 4589 reddituum
1657 4544 1711 4589 et
1737 4551 1826 4590 ec-

229 4599 560 4656 clesiastica:
588 4603 831 4670 pecunia:
851 4599 1249 4660 administratio
1278 4603 1488 4660 facilem
1524 4605 1592 4660 ad
1622 4603 1826 4672 majora

971 4393 1304 4486 rtedecessor
1348 4393 1415 4486 ad
1458 4393 1828 4486 cpiscopatpm
1858 4428 1909 4486 Ι)

1927 453 2038 504 tino
2079 450 2352 520 Pogonato
2409 451 2722 520 imperante,
2764 464 2946 519 quem,
2987 465 3110 505 cum
3154 462 3408 520 corrupte
3443 457 3498 510 in

1923 520 2129 588 Agnelli
2162 520 2360 575 Codice
2392 531 2540 590 pater
2580 521 2812 575 lleraelii
2835 529 2889 574 et
2919 521 3119 574 Tiberii
3144 522 3499 590 scriberetur,

1923 591 2139 658 fratrem
2195 590 2540 661 scribendtnn
2597 591 2803 654 censui,
2857 592 3291 661 quandoquidem
3343 603 3500 650 extra

1924 660 2350 734 controversiam
2381 668 2465 734 es_t
2483 660 2808 734 Vitalianum
2840 660 3147 734 pontificem
3175 661 3498 734 Romanum,
3583 681 3586 686 ·

1925 739 1979 783 et
2007 730 2126 783 idco
2157 729 2402 783 Maurum
2431 729 2706 798 Pogonalo
2739 730 3037 798 imperante
3062 731 3389 787 demortuos.

1994 799 2056 853 ll.
2085 799 2308 871 Summa
2332 799 2656 871 Reparatnm
2678 799 2930 871 Opinione
2950 801 3090 869 apud
3119 803 3501 871 imperatorem

1924 870 2354 944 commendatum
2388 869 2554 924 fuisse
2581 871 2741 944 tradit
2758 870 3043 944 Agnellus,
3061 871 3152 940 qui
3171 869 3350 928 omnia
3381 889 3501 944 qua:

1925 939 2507 1013 peteret__impetraret,
2531 949 2584 1013 et
2612 955 2675 1013 ex
2699 939 3163 1013 Agnello_Rubeus
3191 939 3495 1013 ceterique.

1925 1009 2068 1062 lnter
2099 1008 2204 1062 alia
2238 1008 2418 1062 autem
2461 1008 2769 1066 obtinuisse
2801 1011 2876 1064 ait
2919 1010 3138 1065 Ruleus
3171 1031 3189 1062 ι
3225 1008 3502 1068 dominatu

1925 1077 2152 1151 Romani
2193 1079 2463 1151 pontificis
2513 1081 2852 1136 Ravennates
2897 1081 3332 1151 archicpiscopos
3371 1083 3504 1137 libeo

1925 1149 2055 1221 rari,
2099 1157 2154 1202 et
2190 1148 2307 1216 ejus
2353 1151 2638 1221 imaginem
2686 1161 2848 1220 atque
2894 1148 3250 1206 Constantini
3273 1153 3505 1208 Ctesaris

1927 1217 2341 1291 l_ibrum__eorum
2368 1217 2773 1290 privilegioruni
2796 1223 3064 1290 charato
3095 1223 3422 1291 porrigentis
3450 1225 3504 1278 in

1929 1287 1985 1360 _S.
2009 1288 2335 1358 Apollinaris
2365 1287 2890 1360 tetnpli‘Classeusis’
2924 1287 3192 1347 testudine
3229 1287 3501 1347 vermicu-

1929 1357 2034 1432 lato
2055 1357 2504 1432 epereiconspici.
2542 1381 2560 1413 ι
2605 1361 2731 1416 Haec
2774 1363 2861 1418 ille
2890 1361 2981 1416 lib.
3009 1379 3080 1427 Iv,
3115 1378 3234 1432 pag.
3267 1363 3391 1417 207.
3426 1364 3506 1417 Ex

1927 1429 2043 1497 ejus
2073 1429 2178 1484 ﬁde
2225 1429 2508 1492 Baronius.
2540 1433 2606 1487 ad
2633 1449 2830 1488 annum
2863 1433 2989 1498 669,
3019 1429 3207 1488 eadem
3241 1434 3422 1498 tradit,
3453 1441 3510 1488 et

1927 1512 1994 1552 ex
2015 1506 2247 1570 utroque
2277 1499 2531 1570 Ughellus
2581 1512 2631 1556 et
2671 1501 2862 1559 Faber.
2899 1503 3098 1558 Verum
3143 1504 3356 1559 diversa
3397 1513 3509 1558 toto

1927 1567 2066 1622 cmlo
2091 1567 2280 1643 narrat
2307 1567 2508 1643 [fustem
2539 1571 2885 1643 Privilegium
2925 1588 2954 1626 ιι
2995 1573 3352 1628 Constantino
3379 1589 3509 1627 con-

1929 1653 2139 1712 cessum
2169 1640 2525 1712 immunitatis
2557 1640 2900 1712 amplissima:
2931 1643 3031 1696 fuit
3058 1658 3088 1696 a
3128 1643 3504 1710 vectigalibus,

1854 1733 1900 1792 Β
1928 1719 2028 1792 eta
2047 1709 2230 1792 .laicali
2260 1709 2380 1792 foro
2408 1727 2505 1781 pro
2533 1709 2786 1792 episcopo
2813 1723 2864 1767 et
2897 1713 3226 1792 Ravennatis
3250 1709 3506 1767 Ecclesia;

1931 1778 2162 1853 clericis,
2196 1781 2338 1836 inter
2365 1778 2500 1851 quos
2533 1778 2953 1853 Staurophorus,
2981 1783 3095 1838 sive
3123 1781 3348 1853 Crucem
3371 1799 3510 1853 prae.

1930 1848 2130 1913 ferens,
2147 1848 2402 1920 expresse
2429 1848 2763 1906 numeratur.
2794 1852 2924 1907 Illud
2945 1852 3224 1907 observari
3250 1848 3508 1917 meretur,

1927 1928 2190 1992 statutum
2221 1922 2564 1991 imperatoris
2601 1924 2848 1988 decreto,
2887 1939 2954 1978 ne
2993 1923 3262 1977 Ravenna:
3295 1923 3505 1992 episeo-

1928 2005 2028 2112 βίης
2056 1990 2278 2056 electus,
2301 1990 2728 2047 consecrationis
2761 2003 3024 2074 tempore,
3061 1994 3200 2047 ultra
3244 1990 3368 2048 octo
3395 1993 3511 2048 dies

1978 2076 2114 2112 omae
2140 2076 2342 2112 moram
2373 2063 2630 2112 traheret.
2655 2064 2847 2112 Actmn
2872 2071 3054 2112 itanne
3081 2065 3148 2112 de
3175 2063 3509 2112 restituendo

1978 2076 2114 2134 omae
2140 2076 2351 2134 moram
2373 2063 2630 2118 traheret.
2655 2064 2848 2118 Actum
2871 2063 3054 2134 itaque
3081 2065 3148 2118 de
3175 2063 3509 2118 restituendo

1929 2131 1981 2184 in
2007 2130 2296 2199 pristinum
2323 2133 2548 2204 Romani
2573 2134 2842 2202 pontificis
2869 2133 2920 2187 in
2944 2130 3288 2188 Ravennates
3307 2134 3514 2204 cpisco-

1927 2215 2024 2269 pos
2048 2203 2474 2272 consecrationis
2489 2203 2634 2272 jure,
2664 2219 2725 2258 ea
2749 2204 3078 2266 conditione,
3105 2218 3172 2258 ne
3194 2203 3512 2258 ultra’oeta-

1927 2285 2058 2343 vani
2098 2271 2166 2343 ab
2205 2274 2433 2327 adventu
2469 2275 2626 2328 clecti
2659 2273 2906 2337 Romam,
2939 2274 3380 2343 exhibitioneque
3415 2273 3511 2328 de-

1927 2341 2062 2396 creti
2093 2342 2374 2414 electionis
2407 2343 2610 2398 dill‘erri
2639 2354 2822 2414 posset
2865 2343 3104 2412 ejusdem
3145 2341 3510 2408 consecratio,

1927 2425 2089 2480 quam
2119 2411 2188 2468 ob
2214 2428 2326 2466 rem
2355 2411 2656 2479 obtentum,
2676 2423 2733 2468 ut
2751 2415 2820 2469 ad
2849 2411 3053 2470 certum
3081 2415 3288 2469 dierum
3327 2429 3518 2470 nume-

1927 2496 2170 2555 rumper
2199 2483 2580 2552 imperatorem
2610 2501 2774 2540 morte
2801 2493 3012 2555 tempus
3047 2494 3438 2555 coarctarctur.

1997 2550 2090 2605 ΙΙΙ.
2117 2550 2288 2607 Ροιϊό
2313 2554 2573 2624 quidquid
2595 2555 2666 2608 sit
2691 2557 2757 2609 de
2785 2550 2998 2610 traditis
3031 2555 3098 2609 ab
3126 2554 3370 2625 Agnello,
3393 2569 3511 2608 cer-

1929 2631 2041 2676 tum
2063 2631 2153 2694 est
2176 2639 2266 2694 ex
2305 2625 2611 2694 Anastasio,
2654 2625 2923 2694 Reparato
2942 2627 3197 2688 sedente,
3229 2625 3515 2678 Ravenna-

1930 2702 2036 2747 tem
2062 2692 2360 2747 Ecclcsiam
2393 2693 2652 2750 Rutnana:
2672 2692 2786 2751 sedi
2815 2697 3112 2760 redditam;
3149 2695 3264 2748 lucc
3289 2693 3430 2748 enim
3457 2695 3512 2748 in

1927 2763 2077 2817 Dono
2121 2763 2414 2834 leguntur:
2467 2786 2484 2816 ‹
2528 2765 2686 2832 hujus
2737 2766 3068 2834 temporibus
3116 2765 3354 2819 Ecclesia
3401 2763 3511 2816 Ra-

1930 2841 2238 2898 vennatum,
2269 2850 2388 2902 qua:
2417 2850 2476 2889 se
2505 2838 2572 2889 ab
2599 2836 2837 2890 Ecclesia
2875 2837 3116 2889 Romana
3135 2840 3515 2904 segregaverat

1927 2917 2092 2975 causa
2126 2905 2539 2975 antecephaliag,
2576 2907 2754 2958 denuo
2782 2921 2840 2960 se
2867 2907 3125 2975 pristinae
3147 2905 3258 2975 sedi
3297 2911 3514 2973 aposto-

1929 2971 2406 3044 liocsubjugm‘it;
2440 2973 2594 3043 cujus
2631 2971 2889 3030 Ecclesiae
2934 2973 3130 3044 praesul
3156 2971 3456 3044 Reparatus
3480 2988 3512 3028 o

1928 3043 2178 3114 vestigio,
2207 3054 2264 3096 ut
2295 3043 2404 3098 Deo
2431 3045 2652 3114 placuit,
2683 3047 2846 3114 vitam
2881 3043 3070 3099 finivit.
3111 3065 3129 3096 ι
3167 3043 3301 3099 Male
3333 3053 3510 3098 tamen

1931 3113 2208 3184 Agnellus,
2227 3115 2366 3183 quod
2385 3113 2630 3170 fortassis
2652 3113 2888 3184 pontifex
2911 3118 3206 3170 clementer
3221 3114 3510 3175 concessit,

1929 3183 2001 3238 uti
2038 3184 2288 3238 videlicet
2339 3185 2543 3241 electus
2595 3183 2882 3240 Ravennas
2926 3203 3032 3241 non
3069 3185 3350 3254 plusquam
3388 3194 3513 3240 octo

1929 3255 2120 3310 diebus
2142 3256 2500 3310 ordinationis
2520 3273 2682 3312 causa
2713 3257 2897 3312 Romae
2920 3265 3242 3317 moraretur,
3273 3255 3512 3324 scripsit,

1929 3327 2206 3397 dceremm
2255 3327 2322 3379 ab
2373 3327 2718 3397 imperatore.
2757 3327 2950 3396 Aptius
2978 3327 3117 3381 infra
3155 3327 3208 3380 in
3245 3326 3514 3397 Theodori

1931 3395 2051 3449 Vita
2083 3397 2184 3450 hoc
2211 3397 2350 3468 idem
2386 3395 2528 3452 inter
2551 3395 2849 3453 Romanum
2879 3398 3186 3468 pontificem
3220 3405 3274 3451 et
3301 3395 3515 3452 Raven—

1931 3476 2110 3520 uatem
2141 3465 2804 3540 episcopumconventum
2833 3465 3324 3540 narrat,7pontiliee
3364 3475 3516 3540 certe

1930 3552 1996 3589 ex
2027 3551 2253 3608 summa
2289 3537 2610 3592 liberalitate
2651 3548 2941 3603 annuente,
2975 3537 3117 3592 nulla
3171 3537 3516 3608 imperatoris

1931 3606 2207 3660 mentione
2229 3604 2390 3660 facta.
2417 3607 2487 3660 At
2513 3608 2557 3661 si
2585 3624 2669 3663 res
2705 3609 2779 3661 ita
2807 3624 2872 3661 ex
2900 3609 3187 3663 Anastasio
3217 3604 3275 3662 se
3301 3607 3514 3672 habuit,

1931 3677 2058 3746 quid
2089 3675 2395 3742 significant
2426 3693 2504 3748 ea
2543 3678 2761 3748 Agnelli
2797 3678 3034 3744 ejusdem
3085 3679 3151 3732 de
3198 3678 3512 3748 Reparatoi:

1939 3760 2148 3826 iverus
2177 3753 2362 3826 pastor
2382 3747 2472 3826 pie
2510 3747 2630 3801 cum
2681 3747 2871 3826 ovibus
2908 3749 3032 3826 suis
3062 3748 3216 3826 vixit,
3251 3763 3374 3826 _uon
3414 3747 3514 3801 sub

1933 3815 2171 3888 Romana
2197 3831 2256 3868 se
2277 3815 2579 3888 subiugavit
2600 3819 2761 3872 sede?
2787 3840 2804 3868 ι
2826 3817 3112 3887 lndulgens
3136 3817 3358 3872 nimium
3386 3832 3512 3886 erga

1933 3886 2217 3957 Agnellum
2240 3886 2454 3957 vnlear,
2491 3889 2558 3951 si,
2592 3898 2651 3942 ut
2695 3895 2908 3941 narrata
2953 3886 3280 3950 obhaereant,
3311 3891 3514 3941 exscrio

1972 3956 2102 4010 turis
2146 3957 2277 4010 vitio
2325 3956 2525 4011 factum
2551 3959 2782 4022 ,dixcm,
2828 3968 2886 4011 ut
2923 3973 3046 4012 cum
3093 3974 3212 4012 nam
3254 3959 3513 4025 scriptum

1957 4028 2116 4090 uerit,
2147 4026 2477 4097 descriptum
2505 4028 2575 4082 sit
2606 4046 2744 4092 rion;
2771 4029 2893 4082 ideo
2919 4029 2962 4082 si
2992 4028 3066 4081 illi
3095 4029 3290 4097 quibus
3320 4028 3373 4082 id
3409 4029 3512 4080 mi-

1934 4097 2080 4150 nime
2126 4096 2340 4164 placeat
2383 4098 2664 4166 Agucllum
2695 4107 2880 4167 aperte
2923 4099 3023 4152 sibi
3052 4096 3512 4152 contradicentem

1934 4176 1989 4221 et
2035 4167 2386 4238 rep-.guantia
2429 4167 2730 4222 tradentem
2772 4179 3019 4238 arguant,
3057 4169 3234 4222 nullus
3273 4168 3387 4237 ipse
3426 4184 3510 4221 re—

1934 4237 2203 4308 pugnabo.
2235 4237 2388 4308 Licet
2431 4246 2609 4294 autem
2649 4238 2951 4308 Reparatus
2975 4240 3042 4292 ad
3068 4239 3428 4293 obedientiam
3459 4247 3516 4291 et

1936 4310 2002 4360 ad
2045 4322 2142 4361 cor
2182 4307 2424 4372 l‘Cdlt'l‘ll,
2469 4307 2817 4364 nihilominus
2869 4325 3148 4364 successor
3199 4309 3516 4363 Theodorus

1935 4378 2324 4450 autocephalim
2353 4389 2614 4446 praetextu
2641 4396 2671 4432 ιι
2703 4381 2874 4433 tribus
2898 4379 3250 4450 sull'ragancis
3273 4379 3511 4434 ordinari

1933 4447 2133 4518 voluit;
2165 4456 2222 4500 at
2269 4449 2409 4518 idem
2453 4450 2668 4504 tandem
2699 4451 2919 4503 omnino
2953 4468 3011 4505 se
3043 4447 3304 4518 suamque
3329 4450 3515 4503 Eccleo

1934 4517 2073 4572 siam
2099 4517 2338 4591 pQMillcl
2363 4535 2584 4591 romano
2623 4521 2910 4584 submisit;
2944 4537 3049 4591 qua
3082 4521 3132 4574 in
3161 4517 3229 4574 re
3258 4521 3515 4590 Agncllus

1935 4588 2191 4642 convenit
2235 4605 2359 4643 cum
2391 4590 2678 4646 Anastasio
2703 4591 2755 4645 in
2781 4588 3081 4662 Agathone.

1047 4772 3501 4800 ______.___..__________________________________,

1405 4941 1653 5016 VITA
1713 4939 2245 5018 TIIEODORI
2305 4941 2362 5017 ⁸.

1703 5103 2058 5117 συ--οσ-οσ-

748 5185 976 5242 CAPUT
1015 5185 1304 5242 PRIMUM.

228 5305 450 5374 Quarta
499 5300 846 5374 ecclesiastica
895 5301 1046 5374 clero,
1082 5301 1202 5354 dari
1229 5301 1408 5374 “solita
1441 5302 1663 5374 tollitur.
1717 5303 1824 5357 Do-

300 5383 555 5429 cumenta
601 5372 738 5428 clero
791 5373 1103 5441 favorabilia
1155 5372 1393 5438 collecta,
1441 5373 1655 5444 igneque
1702 5391 1826 5428 cou-

303 5454 542 5514 surrupta.

305 5557 630 5613 Theodorus
675 5555 915 5612 XXXVI.
953 5557 1056 5612 Iste
1087 5556 1304 5626 juvenis
1352 5567 1532 5617 actate.
1567 5558 1824 5615 terribilis

312 5699 340 5726 ο
385 5686 481 5744 llic
528 5691 808 5743 enimvero
859 5704 1073 5743 omnem
1127 5691 1180 5744 in
1221 5689 1562 5747 Theodorum
1615 5691 1821 5748 rabiem

643 5783 917 5841 ΡΑἰ-ιιοι..
954 5779 1084 5843 CVl

1927 5186 2118 5252 forma,
2152 5188 2405 5244 horridus
2452 5199 2695 5258 aspectu,
2726 5199 2778 5244 et
2807 5192 2953 5246 omni
2979 5191 3268 5247 l'ailacitate
3299 5194 3513 5264 plenus.

1926 5278 1985 5334 ln
2005 5280 2231 5336 ecclesia
2270 5279 2647 5349 Apostolorum
2676 5282 2762 5336 hic
2794 5281 3065 5338 Ravenna:
3090 5299 3120 5337 a
3156 5283 3267 5338 suis
3299 5285 3509 5354 episco-

1927 5373 2011 5443 pis
2045 5383 2397 5428 consecratus
2430 5372 2549 5428 fuit.
2577 5374 2768 5431 Plures
2792 5375 3026 5430 malitias
3071 5376 3136 5429 de
3175 5392 3240 5430 eo
3271 5378 3516 5432 seniores

1933 5465 2103 5520 nostri
2149 5465 2468 5520 retulerunt.
2503 5466 2666 5522 Miror
2707 5467 2978 5537 quomodo
3016 5467 3104 5522 die
3143 5483 3253 5522 uno
3299 5467 3354 5523 in
3398 5467 3516 5522 suis

1929 5555 2090 5612 malis
2135 5554 2442 5610 actionibus
2491 5557 2672 5612 sedem
2715 5557 2963 5613 obtinuere
3007 5557 3211 5612 valuit!
3244 5557 3425 5630 Usque
3447 5557 3515 5614 ad

1931 5691 2105 5748 exerit
2143 5689 2418 5762 Aguellus.
2453 5689 2682 5747 Causam
2718 5688 2834 5760 ejus
2880 5691 3048 5756 noris,
3082 5693 3311 5748 reditum
3361 5691 3508 5746 vidsc

2993 5785 3074 5844 22
