3936 6180
410 258 516 311 083

1116 239 1410 297 AUNELLI
1447 234 1737 290 ABBATIS
1776 232 1833 287 S.
1880 228 2115 285 ΜΑῘὶΙέΕ
2156 229 2249 281 AD
2288 222 2766 288 BLACIIERNAS,
2810 219 2958 276 ETC.

3568 213 3664 269 6M

409 370 567 425 istius
613 366 914 434 ingressum
965 362 1166 412 statuta
1197 350 1443 414 Ecclesii,
1466 365 1585 419 quae
1633 348 1687 401 in
1741 355 1980 414 tempore
2010 351 2059 407 Α
2086 356 2279 410 corpus
2311 338 2427 408 ejus
2471 339 2561 393 ubi
2593 338 2871 392 humatum
2912 342 2967 388 et
3005 332 3337 386 destructum
3382 328 3668 397 requiescit

411 457 605 514 Felicis
650 468 799 525 papa:
827 450 968 503 inter
1015 445 1323 500 sacerdotes
1360 449 1415 494 et
1462 438 1664 493 clerum
1700 434 1836 489 facta
1863 439 1987 487 sunt

411 551 844 620 permanserunt.
876 537 1261 594 Crudelitatem
1290 532 1459 603 ipsius
1502 530 1556 584 in
1601 528 1835 582 medium
1864 540 1988 595 pro-

412 618 669 697 feramus.
695 634 955 701 Quartam
994 644 1025 683 a
1067 626 1281 683 clericis
1319 621 1599 692 surripuit.
1632 618 1843 689 Scripta
1873 625 1958 672 sta

412 740 523 785 tuta
553 723 798 787 Ecclesii,
822 736 943 792 quae
972 716 1403 777 continebantur,
1428 726 1559 783 rogo
1585 708 1840 780 prmcepit
1869 721 1993 761 con-

411 818 663 876 cremari.
713 814 955 869 Pontlera
1009 823 1209 880 panum
1259 804 1575 868 constituit;
1632 800 1745 854 vini
1786 796 1994 862 ,minuit

416 922 717 965 mensuras.
743 904 1006 972 Deinceps
1034 898 1199 954 multa
1225 907 1280 952 et
1299 895 1403 949 alia
1434 891 1635 947 addidit
1654 886 1989 961 gravamina,

413 1015 532 1069 quae
552 998 664 1061 hic,
693 996 817 1051 dum
848 993 915 1046 ad
964 999 1159 1045 caetera
1203 987 1282 1041 ire
1326 998 1511 1049 conor,
1545 982 1877 1052 lacrymante
1902 993 1992 1032 ca-

415 1064 581 1151 lanio,
621 1084 905 1153 adsignare
936 1096 1039 1134 non
1068 1076 1237 1131 valeo.
1266 1074 1325 1128 In
1359 1072 1548 1127 diebus
1584 1070 1748 1139 igitur
1772 1066 1877 1121 illis
1916 1064 1996 1119 fa-

415 1186 503 1234 cta
533 1184 616 1231 est
642 1174 813 1228 fames
837 1172 1013 1225 valida
1044 1170 1097 1223 in
1127 1175 1240 1221 tota
1269 1173 1413 1218 terra
1441 1163 1566 1226 ista,
1595 1169 1649 1215 et
1676 1160 1789 1228 ipse
1812 1156 1998 1225 deglu-

421 1269 541 1325 tivit
562 1265 726 1321 totius
757 1261 991 1331 regionis
1014 1258 1362 1313 frumentum.
1379 1252 1512 1308 Cum
1538 1264 1669 1305 vero
1687 1247 1997 1303 sacerdotes

420 1375 527 1415 non
559 1354 863 1411 invenirent
894 1350 1033 1404 unde
1062 1353 1325 1411 emerent,
1362 1344 1543 1398 ierunt
1581 1340 1650 1394 ad
1692 1339 1841 1393 illum
1873 1353 2000 1407 sup-

422 1451 688 1521 plicantes
718 1454 776 1499 ut
811 1442 1068 1496 auxilium
1102 1438 1363 1493 tribueret
1393 1435 1516 1489 illis.
1573 1432 1666 1487 Ille
1705 1438 1884 1485 autem
1911 1444 2001 1484 ac-

421 1540 682 1597 cersitum
720 1532 1158 1589 archidiaconum
1208 1526 1427 1582 nomine
1459 1524 1817 1583 Theodorum,
1845 1529 1901 1574 et
1920 1534 2002 1573 ar-

423 1628 885 1699 chipresbyterum
938 1621 1188 1676 similiter
1218 1618 1435 1672 nomine
1480 1614 1845 1675 Theodorum,
1867 1610 2002 1665 dixit

2239 430 2672 485 maledictiouem
2693 435 2748 480 ct
2768 425 3001 480 convitia
3026 423 3227 477 dicunt.
3256 420 3432 474 Etiam
3463 417 3664 479 czrtcri,

2091 522 2181 593 qui
2215 522 2483 591 ignorant,
2508 518 2808 572 irascentes
2853 514 3069 568 dicunt:
3097 511 3369 565 lnsinuate
3398 507 3555 561 nobis
3584 506 3671 560 ubi

2093 611 2387 681 requiescit
2408 608 2497 664 ille
2526 606 2898 676 iniquissimus
2926 600 3141 674 przesul.

2710 716 2937 773 CAPUT
2987 713 3048 769 ll.

2095 813 2496 875 Monastermm,
2522 810 2626 865 sive
2648 809 2936 863 oratorium
2959 805 3023 858 Β.
3058 804 3317 858 Theodori
3343 819 3389 875 a_
3404 798 3675 875 Theodoro

2164 883 2389 937 emarcho
2455 871 2830 935 constructum.
2887 876 3140 940 Ejusdem
3208 871 3425 927 exat-chi
3483 872 3672 940 pietas.

2164 953 2475 1006 Joannicius
2505 952 2672 1020 ﬂoret.
2713 946 2881 999 Plura
2909 946 2972 999 de
2998 962 3076 999 eo.

2166 1065 2432 1134 Tempbre
2459 1075 2691 1131 namque
2714 1060 2807 1115 illo
2835 1058 3155 1114 aedificatum
3176 1065 3259 1112 est
3289 1052 3678 1110 monasterium

2096 1155 2157 1209 Β.
2176 1153 2442 1209 Theodori
2468 1152 2677 1206 diaconi
2710 1167 2740 1204 a
2762 1150 3046 1204 Theodoro
3062 1148 3313 1219 patricio,
3336 1162 3440 1200 non
3462 1146 3620 1216 longe
3646 1158 3679 1199 a

2098 1249 2216 1303 loco
2254 1247 2344 1316 qui
2374 1254 2597 1300 vocatur
2624 1244 2831 1308 Calchi,
2859 1243 3012 1314 juxta
3059 1241 3347 1298 ecclesiam
3373 1240 3435 1293 B.
3463 1236 3681 1293 Martini

2100 1340 2447 1404 confessoris,
2495 1339 2589 1408 qui
2650 1345 2876 1393 vocatur
2928 1336 3139 1392 Caelum
3197 1350 3460 1399 aureum,
3516 1347 3680 1403 quam

2102 1430 2470 1485 Theudoricus
2531 1427 2820 1484 aedificavit
2888 1443 2982 1482 rex
3009 1468 3024 1492 ,
3087 1427 3182 1481 sed
3246 1427 3345 1481 sub
3413 1433 3682 1495 potestate

2103 1524 2259 1579 istius
2298 1520 2571 1593 pontificis
2619 1518 2790 1574 relata
2839 1516 2975 1589 [...].
3007 1517 3159 1572 Fecit
3200 1516 3544 1585 supradictus
3590 1529 3687 1582 pa-

2103 1614 2295 1669 tricius
2362 1619 2416 1667 et
2469 1611 2736 1665 exarchus
2787 1608 2983 1663 calices
3035 1622 3228 1662 aureos
3296 1615 3409 1661 tres
3467 1605 3524 1660 in
3585 1603 3686 1658 hac

433 1722 498 1774 ad
515 1697 619 1773 eos
647 1697 866 1769 :VDicite
898 1709 1269 1766 sacerdotibus
1308 1706 1586 1770 Ecclesize,
1621 1711 1675 1757 et
1704 1702 1848 1757 clero
1885 1698 2002 1753 uni-
2032 1700 2078 1758 B
2107 1711 2295 1760 sancta
2323 1701 2637 1755 Ravennate
2666 1698 2897 1754 ecclesia
2918 1738 2933 1764 ,
2965 1698 3056 1766 qui
3089 1704 3215 1752 sunt
3254 1697 3308 1750 in
3361 1702 3684 1766 praesentem

427 1826 621 1869 verso:
650 1810 829 1877 Quare
857 1820 953 1861 vos
983 1803 1161 1873 inopia
1192 1799 1349 1854 famis
1393 1795 1694 1852 consumit?
1722 1792 1779 1848 Si
1820 1791 2001 1847 dimit-

429 1903 541 1958 titis
582 1914 796 1955 omnem
843 1903 1091 1967 quartam
1130 1892 1392 1954 ecclesiae,
1418 1898 1473 1943 et
1512 1894 1720 1943 tantum
1751 1899 1846 1955 per
1876 1882 2003 1936 anni

427 1990 687 2047 circulum
716 2003 813 2059 pro
832 1994 1024 2057 quarta
1049 1984 1247 2039 donum
1268 1979 1546 2048 accipiatis
1567 1976 1862 2032 secundum
1887 1988 2007 2044 pro-

432 2081 722 2136 videntiam
774 2075 1078 2147 pontificis,
1122 2071 1283 2127 modo
1340 2068 1590 2124 relevabo
1640 2065 1873 2136 inopiam
1914 2076 2008 2117 ve-

431 2181 621 2228 stram.
651 2168 753 2237 Qui
782 2168 873 2221 diu
896 2163 1171 2235 'castigati,
1199 2166 1551 2233 gravescente
1588 2157 1749 2223 fame,
1780 2169 2008 2210 consen-

432 2273 642 2326 serunt,
667 2269 720 2317 et
748 2260 815 2314 ab
842 2258 932 2313 illo
955 2267 1194 2326 tempore
1219 2261 1411 2324 quarta
1440 2267 1473 2306 a
1499 2250 1711 2307 clericis
1739 2248 1897 2304 istius
1919 2262 2007 2302 ec-

431 2353 610 2409 clesia:
638 2350 849 2407 sublata
878 2356 982 2414 est,
1012 2359 1184 2416 usque
1222 2345 1275 2398 in
1313 2349 1637 2413 praesentem
1680 2340 1841 2396 diem.
1870 2338 2011 2393 Con-

435 2444 775 2501 suetudinem
798 2457 927 2496 vero
956 2438 1201 2501 Ecclesii,
1234 2450 1352 2505 qua:
1381 2435 1435 2488 iu
1476 2432 1701 2504 singulis
1728 2429 2011 2486 volumini-

435 2534 536 2593 bus
560 2549 657 2605 per
683 2530 1101 2600 unumquodque
1123 2527 1356 2584 cilicium
1381 2532 1501 2579 erat
1523 2524 1743 2593 scripta,
1769 2520 2009 2584 abstulit,

437 2634 494 2681 et
523 2625 645 2695 igne
671 2620 1025 2689 consumpsit.
1054 2617 1296 2685 Quadam
1327 2615 1414 2670 die
1442 2614 1635 2669 sedens
1660 2612 1713 2666 in
1755 2610 2010 2666 cathedra

437 2715 733 2787 dignitatis,
760 2714 887 2767 dum
918 2726 1164 2766 murmur
1205 2707 1543 2763 sacerdotum
1593 2712 1649 2758 et
1693 2701 2014 2757 clericorum

438 2816 585 2865 esset
609 2805 893 2861 adversum
921 2818 1045 2858 eum
1072 2802 1139 2857 de
1175 2797 1563 2856 consuetudine
1610 2794 1856 2858 Ecclesii,
1881 2806 2015 2863 quo-

440 2898 597 2955 modo
626 2911 768 2951 unus
786 2909 855 2950 ex
880 2892 1056 2948 olIicio
1077 2893 1278 2947 habere
1314 2888 1595 2960 potuisset,
1621 2886 1812 2940 videns
1840 2898 1899 2939 se
1927 2899 2017 2938 su—

438 2996 703 3059 peratum,
741 2984 919 3056 palam
957 2983 1211 3039 omnibus
1243 2981 1415 3036 dixit:
1442 2978 1659 3035 Credite
1702 2975 1856 3043 mihi,
1897 2975 2014 3040 filii,

438 3077 562 3146 quia
611 3088 712 3145 ego
751 3075 803 3127 in
835 3073 1086 3129 omnibus
1132 3079 1371 3127 vestram
1415 3067 1858 3125 consuetudinem
1907 3081 2016 3122 non
2044 3041 2089 3105 (ἶ

446 3178 666 3235 usurpo,
697 3163 793 3219 sed
823 3162 995 3233 magis
1057 3168 1381 3233 augmento;
1432 3168 1487 3215 et
1534 3159 1659 3213 data
1690 3157 2018 3228 obligatione

444 3254 497 3309 in
521 3252 767 3309 ecclesiae
796 3259 961 3317 C(Blll,
988 3258 1049 3305 ut
1074 3251 1398 3320 quicumque
1423 3264 1490 3304 ex
1532 3248 1636 3303 illis
1678 3248 2019 3303 consuetudi-

444 3360 539 3400 nes
567 3344 766 3414 ubique
790 3342 1022 3412 scriptas
1050 3341 1360 3412 reperisset,
1388 3349 1514 3396 ante
1539 3355 1663 3395 eum
1690 3339 1865 3394 allatae
1886 3337 2018 3395 fuis-

442 3441 584 3491 sent.
613 3432 788 3501 Quod,
819 3447 942 3487 cum
988 3431 1171 3487 multa:
1213 3429 1480 3485 schcdulte
1526 3439 1651 3486 ante
1690 3445 1814 3485 eum
1843 3428 2019 3484 allatae

448 3525 699 3591 fuissent,
726 3524 779 3577 in
825 3522 1224 3578 machinatione
1269 3521 1446 3577 cordis
1489 3520 1651 3587 mala,
1686 3520 1887 3592 placuit
1919 3520 2017 3576 illi.

446 3612 536 3673 ille
563 3631 691 3671 vero
718 3614 874 3687 quasi
903 3630 1025 3669 cum
1051 3614 1247 3685 gaudio
1281 3613 1595 3683 accepisset,
1627 3627 1817 3668 serena
1842 3611 2020 3668 fronte

440 3724 626 3764 coram
654 3706 925 3771 omnibus,
954 3704 1046 3760 sed
1094 3706 1147 3759 in
1188 3713 1405 3775 pectore
1437 3704 1629 3759 vulnus
1666 3706 2018 3761 saevissimum

444 3804 584 3861 erat,
615 3797 751 3851 dixit
790 3796 987 3850 iterum
1037 3794 1179 3849 illis:
1226 3794 1505 3865 Exquirite
1544 3795 1707 3850 etiam
1743 3797 1936 3861 adhuc,
1962 3805 2023 3851 ut

448 3886 754 3951 inveniatis,
778 3893 834 3941 et
864 3885 958 3939 ﬁat
983 3883 1322 3939 continuatio
1345 3883 1468 3939 talis
1509 3883 1649 3939 inter
1688 3899 1794 3950 me,
1826 3895 1881 3940 ct
1902 3902 2018 3955 vos,

447 3987 506 4031 ut
528 3990 801 4046 nunquam
830 3975 971 4030 inter
1001 3990 1098 4030 nos
1122 3973 1289 4047 [vos],
1316 3983 1371 4029 et
1417 3990 1567 4030 meos
1610 3984 1857 4045 posteros
1899 3977 2023 4034 lites

446 4069 779 4122 adcrescant.
806 4066 882 4120 Illi
905 4066 1099 4120 iterum
1121 4065 1389 4131 abierunt,
1420 4074 1475 4120 et
1501 4067 1726 4121 scrutati
1750 4076 1877 4122 sunt
1900 4068 2022 4124 dili-

447 4169 653 4227 genter,
681 4172 816 4226 quas
837 4164 1057 4221 mox,ut
1078 4157 1320 4211 invenire
1346 4164 1660 4225 potuerunt,
1687 4156 2025 4214 adduxerunt

448 4248 514 4300 ad
536 4246 702 4299 illum.
720 4246 810 4299 ille
823 4260 950 4300 vero
968 4245 1339 4301 fraudulenter
1363 4246 1650 4301 simulabat
1670 4263 1860 4303 omnes
1872 4249 2025 4304 sche-

454 4338 629 4400 dulas,
660 4346 715 4392 et
743 4338 818 4391 ait
850 4338 918 4391 ad
955 4337 1109 4392 illos:
1138 4337 1212 4391 ite
1249 4338 1429 4402 modo,
1471 4346 1532 4392 ut
1553 4355 1762 4395 mecum
1790 4332 2022 4396 volutem

449 4427 683 4499 qualiter
707 4425 1021 4482 conﬁrmem
1053 4436 1111 4480 ut
1154 4444 1428 4496 nunquam
1474 4431 1716 4485 causatio
1757 4432 2018 4498 iteretur;

451 4529 504 4573 et
529 4525 748 4586 accepta
774 4517 954 4572 omnia
983 4526 1269 4571 coarctans
1315 4518 1367 4571 in
1407 4519 1677 4575 volumina
1709 4522 1938 4593 singula,
1968 4524 2021 4577 in

453 4608 675 4662 fornace
725 4606 880 4661 istius
926 4606 1102 4660 balnei
1130 4606 1297 4679 [igne]
1329 4611 1710 4664 concremavit.
1746 4611 1893 4667 Talia
1923 4614 2025 4669 iste

455 4717 575 4756 cum
624 4702 735 4756 suis
773 4703 965 4758 ovibus
1011 4702 1122 4772 egit
1170 4704 1406 4774 perjuria
1453 4706 1729 4774 pontifex,
1764 4718 1821 4763 ct
1869 4711 2025 4765 sedu-

452 4795 630 4849 ctione
672 4794 807 4849 mala
837 4795 1065 4865 decepit.
1098 4795 1314 4851 Utinam
1363 4798 1505 4867 quod
1552 4814 1658 4853 non
1703 4801 2021 4855 cathedram

453 4886 707 4955 pastoris,
735 4885 819 4940 vel
854 4887 1017 4941 etiam
1062 4885 1179 4942 loco
1224 4888 1546 4943 mercenarii
1595 4890 1890 4945 tenuisset!
1922 4891 2026 4946 Iste

456 4979 509 5035 in
535 4992 631 5032 sua
658 4978 805 5043 sede,
831 4986 888 5031 ut
914 4977 1071 5047 lupus
1110 4979 1162 5032 in
1209 4994 1387 5051 grege,
1413 4979 1495 5035 leo
1538 4980 1678 5035 inter
1724 4982 2027 5053 quadrupe-

459 5068 564 5133 iiia,
588 5069 795 5140 geracis
837 5068 979 5123 inter
1006 5068 1263 5133 volatilia,
1292 5070 1526 5139 procella
1559 5070 1611 5125 in
1649 5072 1877 5127 maturis
1917 5071 2028 5126 fru-

460 5164 647 5219 ctibus.
679 5165 816 5233 Quid
850 5164 923 5219 illi
954 5163 1157 5234 profuit
1180 5165 1533 5233 pontificium,
1554 5166 1643 5234 qui
1670 5166 1832 5221 etiam
1860 5182 2031 5237 usque

457 5257 634 5322 hodie,
665 5257 880 5326 quando
923 5256 1230 5326 sepulcrum
1277 5256 1393 5325 ejus
1432 5255 1617 5313 clerici
1676 5259 2028 5323 mentiuntur,

455 5344 547 5414 qui
588 5345 751 5401 etiam
785 5352 909 5415 post
949 5344 1219 5399 curricula
1263 5360 1528 5400 annorum
1576 5345 1808 5402 fortasse
1859 5363 2031 5401 ccxxx

459 5475 584 5548 licet
611 5477 727 5545 ejus
740 5478 806 5533 ad
835 5478 1193 5532 obedientiam
1218 5493 1342 5547 erga
1373 5477 1672 5532 Romanum
1700 5478 2028 5548 pontificem.

462 5545 637 5602 Mores
657 5550 820 5602 etiam
847 5548 973 5600 cleri
1020 5545 1345 5602 Ravennatis
1385 5545 1716 5603 deformatos
1745 5550 2034 5602 emendare

465 5633 585 5670 cum
633 5620 913 5687 episcopus
966 5620 1144 5683 vellet,
1206 5619 1276 5672 nil
1326 5619 1517 5672 mirum
1566 5620 1872 5672 offendisse.
1925 5618 2032 5673 Nos

2104 1796 2281 1860 diem;
2339 1793 2691 1865 quotidieque
2746 1791 3108 1846 concurrebat
3165 1787 3233 1843 ad
3296 1786 3687 1843 monasterium

2106 1888 2164 1944 S.
2213 1889 2412 1955 Mariae,
2443 1888 2586 1959 quod
2637 1896 2864 1942 vocatur
2912 1886 2979 1940 ad
3030 1884 3382 1948 Blachernas,
3427 1883 3520 1938 ubi
3580 1883 3689 1939 Deo

2108 1981 2324 2036 volente
2345 1995 2444 2051 ego
2473 1980 2641 2035 abbas
2668 1978 2876 2042 existo;
2928 1984 2983 2032 et
3008 1976 3208 2031 ibidem
3235 1975 3531 2044 requiescit
3567 1990 3688 2029 cum

2104 2074 2314 2146 Agatha
2353 2071 2581 2142 conjuge
2616 2086 2731 2127 sua.
2780 2070 2849 2125 Et
2887 2069 3017 2124 fecit
3061 2069 3275 2124 thecam
3325 2082 3488 2137 super
3524 2067 3691 2137 ipsius

2111 2165 2282 2219 altare
2308 2163 2547 2234 Virginis
2574 2178 2642 2218 ex
2672 2161 2848 2217 blacta
2882 2160 3110 2215 alithina
3143 2159 3562 2230 pretiosissima,
3596 2158 3689 2213 ha-

2105 2261 2324 2316 bentem
2366 2257 2673 2321 historiam,
2723 2254 2997 2325 quomodo
3047 2253 3189 2308 Deus
3234 2251 3363 2307 fecit
3388 2250 3613 2316 coelum,
3639 2258 3691 2305 et

2108 2357 2331 2413 terram,
2360 2355 2415 2403 et
2438 2355 2717 2402 creaturas
2748 2344 2951 2406 mundi,
2980 2351 3036 2397 et
3061 2342 3254 2406 Adam,
3305 2348 3361 2396 et
3405 2340 3691 2412 progenies

2109 2439 2273 2494 illius.
2299 2437 2431 2505 Quis
2455 2436 2685 2491 similem
2724 2432 3038 2502 conspexit?
3086 2431 3198 2485 Deo
3242 2429 3479 2493 favente,
3525 2443 3692 2498 usque

2110 2530 2270 2586 hodie
2296 2535 2598 2600 permanet.
2642 2526 2944 2581 Ecclesiam
2992 2538 3122 2578 vero
3165 2522 3227 2577 B.
3269 2520 3422 2576 Pauli
3466 2519 3693 2591 apostoli

2112 2623 2344 2695 positam
2378 2635 2545 2691 prope
2580 2618 2982 2675 Wandalariam
3014 2618 3129 2688 ipse
3156 2631 3278 2671 cum
3308 2616 3415 2670 isto
3436 2612 3693 2684 pontifice

2114 2715 2522 2777 exaltaverunt,
2554 2720 2609 2765 et
2654 2711 3024 2770 adauxerunt,
3056 2706 3184 2778 quia
3230 2713 3388 2759 antea
3427 2717 3693 2774 synagoga

2114 2803 2421 2860 Judmorum
2479 2800 2906 2857 describebatur.
2966 2797 3127 2852 Istius
3186 2795 3401 2865 patricii
3453 2802 3696 2862 tempore

2116 2895 2282 2964 coepit
2306 2891 2622 2948 Joannicius
2648 2889 2867 2944 nomine
2893 2887 2947 2941 in
2968 2884 3087 2955 ejus
3106 2885 3303 2956 palatio
3324 2882 3414 2938 hic
3431 2881 3700 2936 Ravennae

2120 2984 2383 3055 sapientia
2408 2982 2693 3052 pullulare.
2724 2979 2900 3037 Causa
2931 2974 3211 3049 [Causam]
3260 2988 3391 3029 vero
3429 2989 3531 3044 pro
3572 2987 3699 3044 qua,

2122 3076 2177 3132 in
2207 3075 2382 3131 medio
2404 3073 2764 3144 proferamus,
2794 3085 2900 3125 non
2931 3075 3079 3123 tanta
3111 3065 3237 3138 [nec
3267 3062 3514 3137 tacitam]
3544 3063 3700 3119 relin—

2121 3182 2369 3238 quamus.
2402 3163 2642 3233 Contigit
2666 3176 2731 3217 eo
2760 3170 3004 3232 tempore
3032 3159 3173 3228 quod
3212 3156 3463 3213 notarius
3511 3154 3701 3225 praedi-

2120 3258 2195 3313 cti
2223 3255 2442 3311 exarchi
2467 3254 2652 3309 divino
2675 3253 2830 3323 jussu
2855 3260 3099 3307 mortuus
3126 3259 3232 3315 est,
3255 3264 3356 3320 pro
3369 3263 3479 3319 quo
3505 3246 3702 3301 lamen-

2119 3348 2338 3404 tabatur
2375 3345 2656 3416 patricius,
2711 3360 2819 3399 non
2870 3344 3044 3399 solum
3091 3356 3190 3412 pro
3231 3348 3410 3396 morte
3439 3338 3583 3407 ejus,
3613 3336 3702 3393 sed

2120 3438 2269 3508 plus,
2301 3436 2425 3506 quia
2457 3450 2563 3489 non
2604 3433 2839 3489 habebat
2872 3432 3105 3488 similem
3147 3432 3326 3485 virum
3368 3427 3705 3499 sapientissi-

2121 3546 2291 3595 mum,
2318 3528 2410 3599 qui
2441 3527 2708 3598 potuisset
2739 3524 2996 3595 epistolas
3023 3522 3330 3593 imperiales
3357 3535 3705 3592 componere,

2121 3622 2206 3677 vel
2235 3628 2460 3676 caeteras
2487 3620 2789 3690 scripturas
2816 3614 3080 3672 chartulis
3099 3629 3235 3686 quas
3261 3627 3486 3668 necesse
3514 3621 3637 3667 erat
3657 3611 3705 3666 in

2122 3713 2325 3784 palatio
2359 3710 2642 3783 perficere.
2673 3708 2806 3765 Cum
2837 3715 3021 3763 autem
3051 3706 3139 3762 ille
3184 3706 3298 3761 suis
3344 3720 3500 3760 suam
3548 3704 3704 3761 tristi.

2124 3806 2253 3859 tiam
2283 3803 2592 3865 iudicasset,
2618 3801 2871 3855 dixerunt
2893 3798 2961 3852 ad
3002 3796 3151 3851 illum
3185 3813 3198 3849 :
3234 3794 3451 3851 Nullam
3498 3794 3707 3849 dubita-

2126 3884 2325 3949 tionem
2350 3893 2604 3948 dominus
2630 3899 2816 3946 noster
2841 3904 2909 3944 ex
2934 3889 3039 3944 hac
3066 3888 3266 3943 habeat
3298 3901 3465 3941 causa
3481 3902 3497 3939 :
3514 3893 3601 3941 est
3623 3884 3705 3940 hic

2125 3985 2440 4040 adolescens
2467 3998 2609 4037 unus
2636 3979 2952 4045 Joannicius
2971 3976 3406 4043 nomine,scriba
3433 3976 3701 4048 peritissi-

2125 4089 2268 4139 mus,
2295 4073 2347 4126 in
2380 4070 2679 4141 Scripturis
2721 4070 2932 4135 doctus,
2957 4068 3013 4123 in
3048 4067 3314 4138 sapientia
3345 4064 3631 4128 facundus,
3657 4066 3705 4119 in

2126 4163 2355 4231 consilio
2380 4162 2657 4232 providus,
2687 4160 2739 4215 in
2771 4174 3023 4215 sermone
3049 4174 3236 4223 verax,
3254 4166 3447 4213 cautus
3475 4157 3705 4227 eloquio,

2124 4254 2379 4321 omnique
2404 4252 2629 4307 scientia
2652 4251 2862 4321 plenus,
2879 4250 3232 4305 nobilissimis
3245 4257 3397 4304 ortus
3417 4248 3702 4304 natalibus.

2128 4344 2187 4400 Si
2225 4360 2350 4399 mox
2371 4343 2604 4413 jusseris
2646 4345 2867 4409 venire,
2897 4351 2953 4398 et
2997 4350 3123 4397 ante
3165 4349 3316 4396 tuum
3359 4351 3703 4411 conspectum

2129 4434 2370 4500 adstare,
2403 4443 2531 4488 tunc
2555 4433 2788 4504 placebit
2818 4433 2934 4496 tibi,
2971 4432 3175 4487 Graecis
3201 4440 3257 4486 et
3297 4431 3510 4486 Latinis
3543 4430 3714 4487 literis

2129 4528 2253 4597 quia
2277 4528 2521 4582 eruditus
2548 4535 2649 4581 est.
2677 4525 2793 4592 Quo
2816 4526 2998 4579 audito
3023 4525 3216 4590 verbo,
3239 4524 3381 4594 quod
3408 4524 3707 4588 dicebatur,

2129 4617 2462 4673 exhilaratus
2487 4617 2742 4686 praicepit
2771 4630 2893 4670 eum
2920 4616 3127 4670 venire.
3143 4616 3210 4670 Et
3234 4616 3386 4669 stetit
3412 4624 3542 4670 ante
3566 4630 3707 4677 eum,

2132 4708 2480 4776 despexitque
2504 4721 2625 4761 eum
2659 4706 2711 4759 in
2743 4706 2904 4760 corde
2928 4719 3061 4770 suo,
3086 4720 3151 4760 eo
3178 4707 3321 4774 quod
3366 4705 3554 4760 brevis
3596 4711 3709 4759 erat

2130 4798 2326 4865 forma,
2352 4807 2408 4853 et
2437 4797 2721 4852 indecorus
2743 4805 2985 4867 aspectu.
3007 4796 3500 4862 llorruitvisibilia,
3522 4795 3708 4852 dilexit

2132 4890 2475 4961 postmodum
2520 4890 2830 4945 invisibilia.
2876 4888 3099 4945 lnfirma
3137 4890 3321 4945 mundi
3350 4889 3517 4960 elegit
3547 4888 3706 4951 Deus,

2134 4992 2192 5039 ut
2231 4981 2525 5039 confundat
2559 4979 2740 5035 fortia.
2804 4980 3073 5037 Patricius
3104 4990 3284 5036 autem
3322 4995 3620 5036 conversus
3642 4978 3707 5036 ad

2134 5073 2421 5143 optimates
2456 5068 2615 5140 hujus
2658 5070 2893 5124 civitatis
2945 5070 3122 5125 dixit:
3154 5070 3362 5125 Putatis
3410 5070 3555 5139 quod
3602 5069 3706 5138 ipso

2132 5165 2244 5220 hoc
2267 5163 2526 5234 palatium
2549 5174 2647 5232 per
2672 5176 2825 5216 suam
2849 5161 3130 5216 scientiam
3164 5162 3302 5217 tueri
3333 5161 3571 5231 poterit?
3598 5160 3706 5214 Non

2135 5265 2287 5327 puto.
2320 5257 2388 5311 Et
2411 5255 2666 5310 dixerunt
2686 5255 2736 5310 ei
2767 5272 2779 5307 :
2814 5253 3007 5310 Jubeat
3033 5255 3282 5310 dominus
3316 5262 3505 5309 noster
3548 5255 3708 5308 inter-

2136 5347 2314 5418 rogari
2345 5361 2491 5410 eum,
2523 5344 2665 5415 quod
2704 5344 2750 5399 si
2789 5359 2896 5399 non
2942 5343 3107 5407 valet,
3151 5345 3387 5400 recedat.
3439 5343 3709 5413 Jussitque

2139 5482 2318 5536 itaque
2343 5478 2682 5533 Theodorum
2708 5480 3084 5535 commendare
3117 5482 3272 5536 decet
3296 5496 3363 5536 ex
3401 5481 3591 5535 iisdem
3621 5496 3709 5535 ca-

2136 5549 2358 5631 pitibus.
2385 5550 2454 5671 olb
2475 5564 2616 5618 quae,
2646 5550 2889 5623 ringente
2914 5549 3137 5615 invidia,
3167 5551 3236 5605 ab
3258 5551 3482 5622 Agncllo
3510 5551 3707 5605 calum-

2136 5637 2239 5674 nus
2268 5634 2398 5674 vexa
2429 5634 2511 5673 ur.
