3936 6180
314 277 421 334 685

1374 275 1574 332 LIBER
1614 274 2102 333 PONTIFICALIS.
2145 304 2215 315 —
2252 272 2432 331 PARS
2465 273 2526 329 11.

3476 279 3582 344 (ἰόῦ

314 394 513 448 deferri
539 392 845 462 epistolam,
873 407 994 463 quae
1015 393 1082 448 ad
1113 408 1171 448 se
1201 395 1268 447 de
1300 393 1628 462 imperatore
1677 398 1900 445 venerat
1925 394 1971 448 Α
2001 387 2139 441 hanc
2168 386 2515 443 festivitatem
2552 398 2611 443 ιιι
2644 390 2935 459 nunquam
2967 389 3129 446 alium
3161 406 3293 449 voce
3323 393 3580 456 lacessas.

313 485 503 539 Graece
531 485 812 555 scriptam,
843 484 1087 553 dixitque
1115 485 1165 539 ei
1194 484 1457 555 patricius
1491 502 1503 535 :
1537 482 1697 551 Lege.
1718 481 1899 536 Atille

314 585 621 647 prostratus
677 584 804 632 ante
844 576 1010 645 pedes
1049 575 1186 644 ejus,
1226 575 1483 640 surrexit,
1513 574 1896 643 explicuitque,

313 678 372 726 et
405 670 483 723 ait
518 687 531 722 :
558 667 740 737 jubes,
765 667 985 724 domine
1026 669 1125 733 mi,
1162 675 1223 722 ut
1261 666 1449 723 Graece
1474 666 1648 737 legam
1671 704 1687 731 ,
1719 672 1778 719 ut
1808 680 1902 719 ex-

315 766 467 813 arata
479 767 668 822 est,an
698 773 796 828 per
823 757 1015 812 Latina
1045 758 1245 813 verba?
1263 756 1399 823 Quia
1421 755 1609 811 Graece
1630 763 1686 811 ct
1711 753 1901 810 Latine

312 849 588 912 utebatur,
621 857 673 902 et
700 847 949 902 Latinam
983 856 1043 902 ut
1088 846 1329 904 Graecam
1362 846 1598 902 tenebat.
1635 845 1786 900 Tunc
1810 846 1901 899 ad-

316 939 545 993 miratus
560 938 819 997 natricius
844 953 949 994 una
971 954 1093 992 cum
1121 936 1417 1006 majoribus
1441 944 1497 993 et
1523 944 1666 992 coetu
1694 935 1899 1006 populi,

309 1029 473 1095 jussit
497 1028 698 1084 deferri
728 1038 1054 1100 praeceptum
1086 1029 1298 1085 Latinis
1325 1029 1497 1084 literis
1524 1034 1903 1090 exaratum,et

310 1118 636 1187 pmipiens
666 1119 713 1173 ei
745 1119 902 1183 dixit,
934 1118 1085 1174 Tolle
1127 1119 1231 1174 hoc
1266 1126 1593 1189 praeceptum
1629 1118 1684 1173 in
1735 1133 1899 1174 manu

314 1217 429 1270 tua,
455 1216 512 1261 et
537 1207 653 1277 lege
682 1208 819 1263 idem
855 1208 1061 1263 Graecis
1095 1211 1295 1265 verbis.
1324 1209 1613 1280 Accipiens
1646 1224 1776 1263 vero
1813 1207 1901 1264 ille

311 1295 444 1365 legit
468 1295 657 1351 Grzece
684 1313 781 1368 per
826 1306 1016 1352 totum.
1062 1298 1215 1354 Tunc
1257 1298 1468 1369 placuit
1503 1298 1735 1368 patricio
1778 1314 1900 1353 scn-

314 1388 482 1442 tentia
522 1387 763 1457 ejusdem
806 1386 1072 1456 Joannicii
1094 1429 1110 1453 ,
1136 1397 1191 1443 et
1233 1388 1555 1458 gloriﬁcavit
1586 1389 1778 1453 Deum,
1807 1388 1900 1458 qui

314 1479 540 1535 abstulit
571 1479 831 1544 animam,
860 1487 916 1533 et
947 1479 1246 1534 animatum
1272 1480 1509 1536 restituit
1534 1495 1760 1550 corpus;
1783 1477 1900 1546 jus.-

315 1573 496 1640 sitque
520 1572 623 1627 nisi
650 1588 747 1642 pro
782 1588 880 1627 sua
910 1573 1141 1629 scientia
1172 1582 1326 1629 extra
1367 1574 1624 1645 palatium
1673 1575 1902 1629 nullate—

314 1677 416 1716 nus
448 1670 692 1716 moveret
727 1662 925 1732 pedes,
972 1665 1067 1718 sed
1114 1664 1355 1733 quotidie
1401 1670 1529 1718 ante
1569 1662 1688 1732 ejus
1728 1671 1900 1718 staret

2002 477 2058 531 ln
2090 477 2203 547 ipsa
2230 493 2362 532 vero
2409 478 2489 532 ira
2540 489 2895 549 perrexerunt
2937 496 3129 537 omnes
3180 483 3248 537 ad
3296 484 3580 546 ecclesiaut

2000 568 2174 622 beatae
2209 565 2394 622 Mariae
2434 581 2649 639 semper
2679 568 2917 641 Virginis
2946 571 3223 627 celebrare
3247 574 3489 646 vigilias;
3523 586 3580 635 ct

2002 666 2123 730 post
2146 674 2274 715 vero
2300 658 2571 730 expletum
2616 660 2847 718 cilicium
2878 664 3179 720 retulerunt
3212 667 3375 721 verba
3399 669 3577 737 ponti-

2003 749 2121 804 ﬁcis
2148 749 2214 804 ad
2245 750 2449 805 clerum
2493 750 2804 805 universum
2822 793 2836 817 ,
2860 762 2915 807 et
2944 754 3205 825 indignati
3236 767 3382 823 sunt,
3406 758 3578 817 oonsi-

2002 840 2303 911 liantcsque
2333 849 2521 898 mutuo
2547 843 2797 899 abierunt
2838 845 3033 916 singuli
3080 849 3136 901 in
3184 848 3358 904 locum
3402 866 3580 907 suum.

2001 929 2153 986 Tunc
2180 931 2496 987 Theodorus
2522 934 2961 1006 archipresbyter
2994 937 3092 993 ivit
3120 939 3188 993 ad
3239 939 3582 1001 Theodorum

2004 1021 2445 1077 archidiaconum
2496 1039 2649 1077 suum
2701 1026 3107 1090 consobrinum,
3141 1028 3194 1083 in
3254 1033 3585 1088 monasterio

2004 1108 2062 1166 S.
2093 1110 2321 1166 Andreae
2355 1113 2604 1181 apostoli,
2631 1115 2775 1182 quod
2814 1125 2897 1170 est
2936 1115 3219 1173 fundatum
3268 1135 3376 1174 non
3426 1121 3588 1191 longe

2003 1199 2071 1253 ab
2106 1200 2334 1257 ecclesia
2361 1200 2682 1265 Gothorum,
2715 1218 2883 1274 prope
2928 1204 3146 1260 domum
3196 1223 3318 1277 quae
3364 1222 3590 1266 vocatur

2004 1289 2326 1347 Mariuiana.
2359 1291 2617 1347 Pulsantc
2644 1308 2710 1348 co
2753 1296 2952 1350 ostium
2978 1296 3183 1368 janute,
3214 1310 3477 1355 venerunt
3506 1299 3587 1357 .‘a-

2002 1381 2133 1436 muli
2158 1382 2351 1437 domus
2376 1399 2755 1453 percussorem
2784 1385 2914 1457 ligni
2943 1388 3218 1460 inquirere
3260 1391 3383 1461 quis
3418 1401 3585 1450 esmzt.

2002 1473 2073 1528 At
2096 1473 2184 1528 ille
2212 1475 2358 1529 dedit
2377 1476 2788 1548 notitiam,quia
2817 1494 2917 1547 ego
2943 1496 3084 1536 sum.
3112 1481 3189 1536 llli
3219 1492 3401 1540 autem
3425 1486 3592 1545 cilius

2004 1565 2262 1620 abeuntes
2304 1576 2684 1635 narraverunt,
2713 1570 2999 1627 dicentes:
3049 1572 3363 1631 Theodorus
3410 1577 3591 1632 archi-

2003 1658 2285 1728 presbyter
2311 1659 2509 1714 ostium
2538 1660 2737 1730 pulsat,
2766 1662 2876 1716 vult
2901 1664 2968 1717 atl
2994 1675 3046 1718 te
3076 1665 3303 1736 ingredi.
3337 1667 3597 1737 Rapidis-

315 1761 614 1822 aspectum.
632 1751 727 1807 llis
751 1751 935 1822 itaque
952 1754 1139 1837 gestis,
1168 1761 1292 1823 post
1313 1754 1529 1809 tertium
1548 1769 1676 1809 vero
1701 1769 1900 1811 annum
1930 1746 1977 1805 B
2006 1747 2176 1806 simus
2205 1749 2344 1805 alius
2374 1751 2547 1817 venit,
2572 1762 2629 1807 et
2654 1754 2791 1808 dixit
2826 1756 2954 1824 quia
2986 1756 3039 1810 in
3072 1758 3405 1813 monasterio
3450 1769 3586 1819 erat.

316 1843 611 1912 imperator
636 1841 1271 1912 Constantinopolitanus
1317 1842 1485 1914 jussit
1522 1844 1736 1899 exarari
1786 1843 1900 1913 epi-

314 1933 509 1988 stolam
539 1933 608 1987 ad
651 1933 796 1989 hunc
840 1934 1149 2006 patricium,
1182 1934 1550 1989 continentem
1595 1933 1669 1987 ita
1704 1951 1717 1988 :
1750 1932 1901 1987 Mitte

267 2079 279 2088 ,
314 2024 381 2078 ad
411 2038 499 2079 me
526 2023 701 2078 virum
730 2022 878 2077 illum
899 2064 914 2089 ,
957 2024 1047 2094 qui
1093 2024 1227 2080 tales
1275 2024 1697 2094 compositiones
1717 2062 1733 2088 ,
1763 2039 1901 2093 quas

315 2118 382 2171 ad
409 2132 498 2172 me
531 2116 761 2181 misisti,
790 2125 845 2171 et
868 2116 1109 2170 carmina
1138 2116 1312 2187 ﬁngit.
1355 2114 1458 2184 Qui
1489 2123 1713 2171 onerata
1743 2116 1902 2171 robo-

318 2223 407 2263 rea
435 2207 558 2262 navi
589 2207 802 2264 diversa
834 2208 1180 2272 necessitate,
1209 2207 1361 2263 misit
1386 2221 1509 2261 eum
1546 2208 1600 2262 in
1637 2207 1902 2263 Constan-

318 2298 618 2368 tinopolim,
650 2305 851 2354 etcum
892 2313 1016 2353 eum
1069 2298 1296 2353 intuitus
1339 2296 1531 2352 fuisset
1572 2297 1898 2368 imperator,

316 2387 648 2444 incredibilis
696 2387 798 2442 fuit
849 2388 917 2443 de
970 2389 1087 2459 ejus
1135 2387 1384 2444 scientia.
1430 2387 1560 2443 Post
1606 2387 1723 2443 dies
1771 2403 1900 2443 vero

316 2494 518 2550 paucos
543 2476 660 2546 ejus
699 2476 897 2532 claruit
924 2477 1201 2543 doctrina,
1226 2485 1282 2532 et
1310 2476 1453 2531 inter
1480 2476 1740 2547 primates
1773 2491 1899 2533 eum

318 2567 525 2623 habuit.

891 2656 1118 2713 CAPUT
1172 2655 1261 2711 Ill.

316 2770 501 2826 Clarus
551 2785 584 2822 a
643 2767 913 2823 Theodoro
960 2769 1151 2823 secedit
1207 2768 1264 2823 in
1317 2767 1607 2828 Nativitote
1664 2768 1896 2824 Domini.

388 2839 680 2921 Dissidium
699 2840 1106 2922 perhexarcltum
1127 2840 1476 2909 componitur.
1501 2837 1687 2895 Clarus
1710 2840 1765 2892 in
1789 2839 1901 2911 pri-

384 2918 585 2965 stinum
608 2918 920 2966 restituitur.
1734 2936 1739 2941 ~

387 3024 555 3094 Igitur
584 3022 899 3079 Theodorus
934 3023 1091 3081 istius
1118 3023 1356 3079 civitatis
1386 3022 1625 3093 pontifex
1663 3038 1771 3078 non
1816 3038 1899 3080 re-

2000 1837 2066 1891 Et
2105 1838 2524 1895 archidiaconus
2550 1842 2625 1897 ait
2655 1861 2667 1897 :
2694 1843 2830 1910 Quid
2854 1846 3094 1917 prodest,
3122 1849 3265 1917 quod
3294 1848 3587 1919 loquimur,

2001 1932 2127 2001 quia
2142 1932 2208 1989 ad
2223 1932 2472 1989 effectum
2490 1952 2597 1991 non
2627 1939 3007 2007 pervenimus?
3038 1940 3299 1996 Dixerunt
3317 1942 3368 1998 ei
3395 1943 3584 2001 dome-

2001 2024 2121 2079 stici
2150 2023 2267 2093 ejus
2298 2045 2311 2079 :
2341 2026 2480 2094 Quid
2504 2034 2589 2083 est
2616 2030 2761 2099 quod
2791 2031 3077 2088 irasceris?
3106 2032 3247 2089 Caro
3277 2043 3367 2091 tua
3402 2034 3590 2105 proiio

2002 2130 2113 2179 ma,
2138 2117 2495 2173 consobrinus
2526 2125 2652 2175 tuus
2675 2130 2778 2185 est,
2804 2120 3022 2191 loquere
3052 2139 3177 2179 cum
3223 2140 3288 2180 eo
3308 2166 3323 2190 ,
3350 2142 3457 2184 non
3504 2140 3593 2184 se-

2001 2207 2289 2275 paremini.
2325 2209 2475 2277 Quod
2504 2212 2549 2269 si
2585 2213 2824 2282 pontifex
2873 2225 3062 2272 contra
3113 2226 3165 2273 te
3208 2219 3464 2285 smvierit,
3503 2219 3594 2281 illo

2000 2311 2100 2366 pro
2121 2304 2174 2354 te
2200 2302 2471 2368 quomodo
2500 2304 2663 2358 verba
2687 2304 2961 2373 proferet?
2990 2307 3057 2361 Et
3077 2308 3355 2378 ingressus
3381 2310 3436 2367 in
3454 2326 3594 2381 prte-

2001 2385 2147 2442 dicto
2172 2391 2504 2446 monasterio
2533 2392 2699 2448 locuti
2730 2404 2857 2449 sunt
2886 2397 3028 2452 inter
3048 2414 3106 2454 se
3129 2410 3336 2465 mutuo,
3364 2410 3420 2456 et
3439 2410 3593 2461 ante-

1999 2491 2162 2548 quam
2188 2489 2573 2548 separarentur
2592 2484 2844 2540 dixerunt
2868 2486 3009 2542 inter
3037 2503 3099 2544 se
3126 2507 3137 2542 :
3166 2488 3449 2560 Quomodo
3479 2494 3595 2553 lucc

2000 2568 2223 2624 consilia
2251 2580 2436 2626 nostra
2489 2574 2701 2629 stabilia
2753 2587 2936 2644 erunt,
2979 2596 3102 2649 qum
3154 2582 3320 2638 locuti
3371 2588 3594 2647 sturnus?

2002 2657 2450 2731 Archipresbyter
2475 2662 2611 2718 dixit
2644 2682 2656 2717 :
2691 2662 2831 2721 Deus
2850 2668 3194 2741 omnipotens
3225 2673 3295 2727 sit
3322 2674 3465 2730 inter
3491 2691 3592 2734 nos

2002 2749 2291 2816 mediator,
2306 2758 2360 2806 et
2384 2751 2484 2808 iste
2511 2753 2787 2822 apostolus
2813 2755 2953 2828 ejus,
2971 2759 3101 2814 etin
3128 2760 3214 2815 die
3230 2762 3422 2832 judicii
3449 2764 3593 2824 inter

2000 2857 2090 2898 me
2125 2851 2180 2898 et
2216 2850 2299 2908 te;
2351 2844 2444 2913 qui
2505 2853 2881 2916 transgressus
2937 2850 3125 2915 fuerit,
3174 2855 3417 2923 requirat
3450 2856 3592 2915 Deus

2005 2947 2225 2989 causam
2243 2932 2491 2990 fallacire.
2519 2935 2950 2995 Archidiaconus
2982 2945 3258 3013 respondit
3297 2964 3311 3000 :
3349 2947 3488 3016 Fiat,
3511 2951 3592 3008 sic

2003 3020 2118 3079 flat.
2144 3021 2292 3079 Talis
2331 3026 2598 3082 terminus
2644 3028 2787 3084 inter
2835 3046 2934 3087 nos
2987 3031 3231 3092 ﬁrmatus
3289 3046 3376 3094 est
3429 3056 3593 3111 quem

314 3115 547 3171 cedebat
586 3130 615 3168 a
655 3114 892 3183 nequitia
931 3114 1173 3179 inﬁnita,
1224 3128 1330 3183 qua
1380 3111 1589 3187 [quam]
1637 3122 1897 3185 coeperat.
1929 3109 1974 3171 C
2008 3114 2387 3185 transgredere
2411 3129 2517 3171 non
2550 3132 2856 3187 possumus.
2883 3120 3084 3178 Omnes
3103 3126 3407 3199 presbyteri
3436 3109 3594 3189 istius

315 3204 544 3272 Quando
568 3204 996 3275 amplectebatur
1023 3206 1396 3278 presbyteros,
1428 3209 1617 3262 omnes
1647 3206 1905 3263 diaconos

315 3295 640 3365 repellebat;
672 3304 795 3365 post
820 3295 1115 3350 vindictam
1147 3296 1444 3353 exercitam
1472 3296 1669 3352 iterum
1711 3297 1905 3369 dilige-

314 3388 411 3442 bat
432 3387 712 3453 diaconos,
731 3396 785 3442 et
813 3390 1162 3460 presbyteros
1188 3389 1496 3458 abjiciebat.
1518 3389 1679 3447 Tales
1703 3389 1909 3447 dissen-

313 3478 501 3533 siones
529 3488 656 3534 ante
680 3494 775 3533 eos
803 3478 1167 3547 nequissimus
1192 3481 1408 3537 serebat
1437 3488 1603 3544 sator,
1636 3488 1693 3536 et
1712 3496 1907 3536 unum-

314 3585 592 3643 quemque
619 3569 950 3627 ludiﬁcabat.
978 3570 1107 3626 Post
1134 3586 1265 3626 vero
1292 3585 1483 3626 omnes
1521 3571 1577 3625 in
1610 3581 1904 3642 pauperta-

316 3673 429 3718 tem
463 3662 690 3733 redegit,
722 3670 777 3717 ct
822 3662 1049 3731 penuria
1098 3647 1260 3718 nimis
1301 3661 1511 3717 alllixit.
1560 3661 1668 3716 Pro
1714 3663 1905 3734 grandi

316 3754 649 3811 necessitate
674 3768 864 3810 omnes
889 3752 1144 3825 indignati
1177 3764 1305 3809 sunt
1330 3753 1568 3811 maxima
1595 3754 1700 3808 ira.
1730 3754 1788 3808 lu
1819 3755 1907 3809 die

315 3858 557 3913 namque
576 3844 772 3914 vigilim
797 3842 1109 3898 Nativitatis
1143 3842 1355 3897 Domini
1386 3844 1566 3899 ierunt
1594 3844 1908 3901 sacerdotes

316 3935 655 3992 unanimiter
682 3935 749 3989 ad
775 3934 1120 3989 Theodorum
1160 3934 1718 4005 archipresbyterum,
1750 3941 1805 3991 et
1839 3935 1907 3988 ad

318 4032 686 4100 Theodorum
725 4028 1189 4093 archidiaconum,
1234 4034 1291 4081 et
1340 4027 1595 4083 dixerunt
1638 4026 1719 4082 eis
1762 4044 1774 4080 :
1812 4025 1908 4080 Dic

317 4122 544 4180 domino
574 4128 757 4175 nostro
795 4118 1036 4189 pontiﬁci
1063 4136 1076 4171 :
1109 4117 1245 4173 Male
1282 4126 1471 4173 contra
1497 4132 1595 4172 nos
1618 4118 1750 4187 agit,
1774 4117 1907 4173 satis

321 4227 425 4266 nos
464 4210 743 4281 opprimit,
760 4210 873 4280 sive
902 4208 1166 4274 stimulat,
1195 4207 1364 4263 multa
1393 4208 1711 4278 gravamina
1741 4221 1906 4277 super

321 4319 424 4357 nos
457 4302 707 4373 imponit,
735 4316 855 4370 quae
885 4300 1119 4356 tolerare
1145 4298 1368 4355 minime
1396 4312 1705 4368 possumus.
1734 4296 1909 4364 Quar-

321 4404 408 4449 tas
439 4393 596 4447 nobis
621 4409 720 4465 per
744 4391 1059 4447 occasiones
1084 4390 1339 4455 abstulit,
1371 4396 1571 4445 statuta
1612 4389 1907 4460 apostolica

2007 3204 2139 3258 aedis
2163 3204 2230 3259 ad
2256 3220 2342 3260 me
2370 3217 2721 3275 concurrunt,
2756 3218 2812 3264 tu
2838 3226 3077 3270 convoca
3106 3215 3362 3275 diaconos
3382 3235 3592 3288 omnes,

2006 3304 2062 3351 et
2084 3305 2309 3353 caeteros
2331 3298 2593 3355 ecclesiae.
2636 3301 2837 3359 Eamus
2873 3305 2941 3361 ad
2975 3306 3259 3364 ecclesiam
3289 3310 3350 3364 Β.
3381 3312 3597 3384 Apollo.

2007 3389 2176 3453 naris,
2213 3397 2269 3444 ct
2305 3390 2572 3446 intrantes
2609 3391 2829 3448 domum
2873 3395 3198 3454 Antiocheni
3229 3402 3328 3455 viri
3366 3414 3592 3469 stemus,

2006 3477 2189 3548 ibique
2216 3479 2412 3535 missas
2442 3482 2744 3540 audiamus.
2772 3483 2960 3541 Nullus
2998 3504 3121 3544 cum
3150 3506 3215 3546 eo
3246 3491 3405 3549 hodie
3436 3495 3595 3553 mini-

2006 3577 2159 3625 stret.
2192 3570 2534 3640 Repellamus
2563 3588 2707 3639 eum,
2736 3578 2880 3645 quod
2907 3594 3014 3633 non
3045 3581 3119 3634 sit
3156 3591 3343 3651 pastor
3384 3594 3589 3644 noster.

2006 3658 2103 3714 llis
2127 3659 2288 3717 dictis
2315 3660 2577 3716 abscedit.
2612 3661 2780 3717 Nocte
2808 3680 2937 3721 vero
2966 3669 3156 3723 eadem
3202 3671 3378 3730 ierunt
3405 3688 3596 3735 omnes

2022 3764 2089 3819 ad
2117 3763 2399 3819 ecclesiam
2435 3764 2493 3819 Β.
2524 3762 2761 3835 Virginis
2787 3762 2969 3820 Marias
3005 3766 3279 3822 celebrare
3308 3769 3596 3829 missarum

1983 3889 1987 3895 -
2021 3854 2304 3919 solemnia,
2330 3861 2386 3909 et
2413 3854 2573 3909 locuti
2597 3854 2735 3910 clam
2760 3870 2882 3909 cum
2907 3853 3132 3926 singulis
3160 3854 3347 3914 oﬂiciis
3370 3857 3594 3929 [allicia-

2019 3945 2214 4017 libus],
2242 3955 2658 4010 consenserunt,
2691 3954 2746 4000 et
2783 3946 3074 4003 dixerunt:
3100 3946 3315 4005 Utinam
3358 3962 3485 4009 ante
3516 3952 3596 4013 fa.

2018 4044 2166 4091 ctum
2187 4034 2396 4100 fuisset,
2411 4045 2468 4092 et
2487 4052 2591 4090 non
2613 4036 2668 4091 in
2689 4036 2848 4091 talem
2869 4038 3269 4097 devenissemus
3292 4045 3589 4112 penuriam!

2019 4125 2242 4194 Expleta
2283 4141 2411 4180 vero
2451 4126 2615 4180 missa
2642 4126 2695 4180 in
2727 4126 2957 4182 ecclesia
2993 4131 3372 4199 Apostolorum
3415 4134 3595 4192 insur-

2018 4222 2177 4284 gente
2210 4228 2427 4279 aurora,
2460 4229 2581 4268 cum
2616 4214 2851 4271 Pbtebea
2890 4217 3091 4274 lumina
3130 4228 3329 4277 terram
3369 4223 3592 4281 lustras-

2016 4311 2168 4367 sent,
2217 4310 2568 4371 perrexerunt
2616 4318 2806 4359 omnes
2860 4306 3141 4364 unanimes
3191 4310 3259 4365 ad
3304 4312 3589 4373 ecclesiam

2014 4392 2075 4447 Β.
2100 4392 2454 4463 Apollenaris,
2486 4409 2604 4463 qua:
2635 4396 2736 4450 sita
2767 4408 2851 4452 est
2878 4398 2931 4452 in
2965 4399 3184 4458 civitate
3210 4403 3408 4461 dudum
3441 4406 3591 4466 ωδε.

322 4485 615 4559 confregit,
643 4484 1059 4541 consuetudines
1087 4482 1330 4538 ecclesiae
1360 4483 1622 4547 incendit,
1648 4483 1906 4540 matricu-
1941 4466 1984 4525 Β
2014 4481 2118 4546 sis,
2147 4490 2203 4537 et
2250 4481 2614 4538 exclamantes
2647 4485 2994 4554 ploraverunt
3036 4504 3223 4546 amaro
3250 4493 3450 4551 animo.
3485 4494 3589 4555 Fa-

325 4583 408 4632 las
447 4576 634 4639 demit,
658 4592 688 4628 a
709 4575 917 4646 gremio
943 4589 1042 4629 nos
1070 4573 1325 4628 Ecclesia:
1354 4574 1581 4645 repellit,
1613 4574 1905 4646 Evangelia

324 4665 653 4729 dissimulat,
687 4679 913 4734 corpora
955 4663 1171 4736 afﬂigit,
1200 4666 1529 4722 substantias
1577 4665 1778 4735 diripit,
1822 4665 1905 4721 fa-

325 4758 562 4813 cultates
590 4755 743 4820 tollit,
769 4756 1051 4813 censuales
1077 4771 1177 4811 nos
1213 4771 1335 4811 esse
1364 4756 1573 4810 nititur.
1596 4754 1736 4810 Iram
1765 4755 1908 4813 illius

326 4848 569 4905 tolerare
602 4862 705 4901 non
736 4862 1041 4918 possumus.
1073 4847 1151 4903 llli
1195 4856 1375 4904 autem
1414 4856 1607 4904 euntes
1655 4863 1908 4903 narrave-

328 4948 458 4994 runt
483 4938 803 4993 clericorum
836 4937 1000 4993 verba
1028 4939 1080 4992 in
1111 4955 1271 4995 aures
1298 4940 1587 5010 pontificis.
1619 4939 1712 4994 llle
1738 4940 1911 4995 omni-

327 5030 433 5087 bus
464 5029 648 5085 verbis
682 5030 911 5095 auditis,
934 5031 1089 5100 quasi
1134 5030 1334 5086 missile
1378 5030 1681 5099 suscipiens
1721 5027 1907 5093 telum,

327 5122 518 5176 statim
548 5121 602 5174 in
637 5121 772 5175 iram
800 5134 1011 5184 versus,
1043 5119 1217 5181 aiteis
1246 5139 1258 5172 :
1287 5120 1393 5174 Vos
1415 5118 1642 5173 irritatis
1662 5117 1907 5183 clericos,

331 5228 432 5268 vos
461 5212 576 5268 haec
605 5211 770 5267 verba
799 5211 853 5267 in
892 5223 989 5264 ore
1021 5224 1209 5263 eorum
1254 5210 1474 5281 ponitis.
1503 5208 1663 5263 Certe
1687 5208 1779 5277 qui
1809 5208 1912 5262 hoc

329 5302 590 5359 dixerunt
616 5316 888 5371 nunquam
920 5301 972 5355 in
1010 5299 1200 5354 melius
1229 5299 1532 5369 proﬁcient.
1569 5299 1637 5355 Et
1682 5314 1910 5353 conver—

332 5410 432 5453 sus
461 5396 527 5450 ad
557 5396 1083 5467 archipresbyterum
1121 5392 1258 5447 dixit
1287 5410 1298 5445 :
1336 5392 1412 5447 Tu
1442 5406 1502 5446 es
1534 5390 1693 5459 hujus
1718 5389 1913 5443 verbo-

335 5502 459 5543 rum
488 5486 710 5541 sceleris
731 5495 943 5552 auctor,
969 5495 1023 5541 tu
1051 5485 1390 5540 sacerdotum
1420 5483 1702 5538 seditionis
1728 5489 1908 5551 caput,

339 5589 397 5637 tu
429 5578 739 5647 plenissime
758 5579 1054 5634 acerrimus
1085 5578 1273 5643 hostis,
1296 5584 1349 5635 tu
1379 5576 1677 5630 concitator
1702 5574 1906 5644 plebis;

244 5660 245 5667 “
342 5668 723 5725 infestissimus
747 5669 981 5741 undique
1018 5668 1358 5724 adversarius
1398 5682 1475 5722 es.
1526 5665 1740 5722 Faciam
1792 5674 1912 5736 post

2012 4580 2158 4627 ctum
2194 4582 2278 4629 est
2306 4582 2485 4627 autem
2510 4582 2795 4646 postquam
2840 4578 3024 4635 radius
3057 4580 3187 4636 solis
3218 4581 3271 4637 in
3297 4584 3430 4641 orbe
3454 4586 3590 4645 emi-

2010 4665 2144 4731 cuit,
2171 4665 2321 4722 misit
2342 4667 2628 4738 praedictus
2650 4669 2889 4739 pontifex
2914 4672 3180 4728 notarium
3197 4673 3351 4745 juxta
3371 4659 3591 4737 consuc-

2010 4754 2283 4821 tudinem,
2324 4764 2386 4810 ut
2411 4766 2630 4813 vocaret
2664 4760 3005 4828 sacerdotes,
3048 4772 3109 4817 ut
3134 4766 3490 4834 procederent
3534 4771 3590 4830 in

2009 4845 2268 4911 ecclesia,
2315 4855 2371 4902 et
2400 4847 2595 4905 missas
2639 4849 2979 4907 celebrarent
3009 4870 3023 4906 :
3052 4854 3143 4923 qui
3171 4870 3296 4910 cum
3326 4859 3585 4926 venisset,

2011 4938 2211 4993 nullum
2240 4954 2306 4994 cx
2332 4939 2412 4995 eis
2441 4940 2674 5004 invenit,
2708 4950 2763 4995 et
2804 4957 3053 4997 reversus
3090 4946 3367 5001 nunciavit
3408 4947 3478 5004 ei.
3519 4948 3592 5006 At

2008 5029 2094 5085 ille
2119 5030 2195 5083 ait
2218 5048 2231 5082 :
2259 5030 2509 5085 Fortasse
2535 5030 2826 5095 dormiunt,
2849 5047 2947 5101 pro
2969 5048 3037 5087 eo
3058 5035 3202 5103 quod
3223 5035 3279 5092 in
3301 5035 3404 5093 hac
3429 5047 3588 5092 nocte

2006 5121 2211 5191 fatigati
2251 5120 2500 5185 fuerunt,
2541 5122 2664 5176 ideo
2709 5136 2902 5191 sopore
2949 5124 3187 5193 depressi
3226 5134 3370 5183 sunt.
3412 5125 3587 5184 Sustio

2003 5222 2164 5264 nente
2190 5218 2368 5264 autem
2399 5225 2464 5265 eo
2493 5211 2647 5280 quasi
2688 5228 2792 5267 una
2835 5213 2968 5267 hora
3009 5214 3146 5279 diei,
3191 5214 3386 5273 iterum
3434 5216 3586 5276 misit

2003 5301 2293 5364 notarium,
2323 5308 2378 5353 et
2408 5316 2514 5354 non
2545 5301 2751 5356 invenit
2780 5302 3010 5371 aliquem
3034 5319 3244 5369 eorum,
3281 5307 3584 5365 nunciavit-

2002 5404 2106 5458 que
2126 5389 2174 5442 ei
2200 5388 2323 5457 quia
2357 5404 2545 5444 omnes
2572 5391 2787 5449 desunt.
2822 5392 2886 5449 Et
2913 5393 2990 5448 ait
3012 5393 3101 5448 ille
3131 5413 3142 5448 :
3171 5395 3310 5462 Quid
3332 5406 3414 5451 est
3440 5397 3584 5457 hoc?

2001 5483 2183 5548 Qualis
2215 5480 2326 5549 iam
2366 5482 2496 5537 hora
2541 5484 2662 5537 est?
2699 5484 2758 5541 Si
2800 5501 2903 5541 non
2944 5501 3136 5542 omnes
3165 5500 3461 5555 venerunt,
3503 5494 3588 5557 vel

2001 5575 2165 5627 etiam
2195 5575 2615 5646 quanticumque
2646 5586 2771 5631 sunt
2815 5578 3049 5632 veniant.
3098 5579 3446 5650 Respondeas
3492 5600 3590 5641 au.

2026 5682 2109 5722 cm
2142 5666 2206 5720 de
2234 5665 2710 5723 circumstantilms
2736 5668 2869 5723 dixit
2891 5669 2940 5723 ei
2970 5687 2984 5723 :
3010 5668 3125 5727 Non
3152 5672 3384 5731 mstimct
3407 5673 3590 5733 domi-
