3906 6182
371 295 470 348 CS7

1078 278 1369 338 AGXELLI
1410 278 1696 333 ABBATiS
1737 276 1794 330 S.
1838 272 2076 328 MARle
2111 273 2201 326 AD
2238 266 2713 334 BLACIIERNAS,
2755 268 2903 322 ETC.

3517 262 3622 317 (133

373 422 473 461 nus
501 412 685 459 noster
719 400 819 455 nisi
850 395 993 467 quod
1018 408 1117 465 ego
1143 394 1282 448 dico.
1312 390 1521 445 Nullum
1550 388 1709 444 hodie
1731 402 1796 442 ex
1838 386 1944 441 tuis
1972 390 2018 448 Α
2049 392 2173 438 runt
2235 383 2336 438 sibi
2383 380 2565 436 retulit
2620 380 2849 451 patricio
2898 394 3021 432 cum
3076 355 3309 432 mmrore
3367 378 3555 433 dicens
3605 395 3620 432 :

371 496 741 552 sacerdotibus
785 489 1044 559 reperies,
1076 485 1169 555 qui
1208 492 1383 538 tecum
1413 483 1478 535 ad
1525 481 1695 535 altare
1745 479 1797 532 in
1843 477 1947 531 hac

377 587 693 642 r'olenttilate
744 578 983 635 accedat.
1022 576 1275 645 Dixitque
1323 573 1411 627 ille
1442 590 1453 625 :
1488 570 1701 639 Quare?
1755 569 1820 623 Et
1871 566 1946 620 ait

374 684 602 733 iterum:
628 672 761 739 Quia
790 683 978 725 omnes
1008 672 1407 722 transmearunt
1434 661 1690 717 Caesareae
1716 657 1941 731 [Repom

370 771 635 831 Classem,
676 760 931 833 Dare/1.],
963 760 1099 815 tales
1128 758 1194 811 ad
1243 755 1301 810 S.
1346 757 1525 809 ierunt
1547 752 1944 823 Apollenaretn,

368 870 417 915 ct
465 859 661 914 ibidem
719 856 938 909 missam
982 851 1258 907 celebrant
1309 846 1634 918 presbyteri,
1667 843 1945 907 diacones,

370 950 744 1011 subdiacones,
771 943 1024 1016 acolytbi,
1055 941 1289 999 ostiarii,
1316 940 1564 999 lectores,
1592 945 1949 1005 cantoresque

371 1058 490 1095 eum
520 1040 771 1093 universo
801 1036 946 1090 clero
974 1034 1099 1088 illuc
1130 1032 1571 1093 ambulaverunt;
1622 1043 1730 1082 non
1755 1035 1839 1081 est
1862 1042 1950 1080 re-

371 1136 527 1187 lictus
553 1149 617 1186 ex
648 1130 727 1184 eis
762 1143 933 1198 neque
965 1141 1102 1180 unus
1136 1145 1149 1179 :
1178 1125 1291 1179 sola
1324 1123 1554 1179 ecclesia
1585 1130 1700 1186 est,
1729 1136 1832 1175 non
1864 1128 1951 1174 est

370 1226 508 1278 ullus
546 1234 746 1276 custos.
781 1220 1110 1274 Asserebant
1151 1234 1209 1272 se
1253 1216 1407 1270 valde
1438 1213 1665 1269 afflictos
1686 1228 1823 1277 esse,
1850 1213 1949 1266 mi-

370 1320 675 1383 graverunt.
710 1310 860 1364 Tunc
903 1308 1139 1363 surrexit
1179 1306 1243 1361 de
1268 1322 1365 1359 sua
1398 1303 1548 1367 sella,
1576 1303 1667 1357 ubi
1706 1301 1946 1366 sedebat,

370 1404 517 1458 dedit
547 1402 648 1457 sili
676 1402 888 1469 alapam
911 1399 963 1452 in
987 1397 1162 1451 fronte
1186 1397 1371 1451 dicens
1400 1411 1412 1446 :
1439 1393 1573 1449 lteu!
1608 1392 1781 1447 victus
1807 1405 1945 1445 sum.

370 1495 448 1551 Ab
476 1496 585 1548 alto
609 1494 828 1546 trahens
857 1489 1087 1559 suspiria
1113 1496 1331 1558 pectore
1362 1486 1599 1554 seipsum
1626 1484 1947 1544 lamentans,

369 1586 674 1643 cubiculum
713 1583 978 1638 introivit.
1017 1579 1175 1634 Plebs
1199 1586 1378 1632 autem
1416 1577 1467 1630 in
1514 1573 1742 1629 ecclesia
1790 1572 1951 1625 mira~

371 1677 545 1738 batur,
578 1675 830 1743 ignorans
860 1668 1161 1738 hujusmodi
1192 1680 1431 1720 causam.
1461 1664 1554 1717 llis
1583 1663 1655 1716 ita
1693 1660 1945 1731 peractis,

2047 475 2458 544 Dereliquerunt
2489 487 2575 526 me
2599 485 2727 526 oves
2755 484 2908 533 mea},
2936 468 3241 537 expoliatus
3285 483 3404 521 sum
3441 477 3628 536 pasto-

2047 565 2143 619 rali
2173 565 2399 628 honore,
2430 572 2484 617 ct
2524 562 2800 631 repulsus,
2835 568 3177 630 spretusque.
3221 558 3363 613 Grex
3412 559 3626 614 Domini

2048 657 2179 712 mihi
2212 657 2536 711 commissus
2565 654 2756 725 quaerit
2785 654 2887 709 sibi
2928 663 3202 723 pastorem
3251 654 3448 717 alium;
3504 669 3628 723 pro-

2046 755 2370 817 peraverant
2392 746 2652 810 Classem,
2672 755 2727 800 et
2747 745 2973 813 ingressi
3004 746 3058 798 in
3084 745 3368 799 ecclesiam
3395 743 3453 797 Β.
3471 744 3632 812 Apol-

2049 838 2250 892 lenaris
2280 844 2538 892 accusant
2564 851 2653 890 me
2705 836 2841 904 apud
2901 836 3089 899 Deum,
3120 842 3175 888 et
3221 835 3469 889 derident
3522 850 3627 887 me.

2048 929 2316 984 Patricius
2338 944 2465 983 vero
2500 929 2681 983 subito
2715 928 2861 981 misit
2884 927 3091 981 nobiles
3118 927 3263 979 viros
3282 966 3296 989 ,
3321 935 3379 979 ut
3410 941 3632 979 revoca-

2048 1028 2171 1074 rent
2200 1018 2482 1073 universos
2510 1018 2706 1081 cleros,
2732 1026 2789 1071 et
2823 1032 3009 1071 eorum
3051 1030 3238 1070 omnes
3287 1015 3632 1069 consuetudi-

2050 1124 2147 1162 nes
2174 1108 2227 1162 in
2272 1108 2560 1177 pristinum
2620 1108 2949 1161 restitueret.
3001 1107 3079 1161 llli
3132 1118 3311 1161 autem
3368 1107 3629 1175 indignati

2050 1209 2331 1271 cceperunt
2384 1200 2541 1262 flere,
2575 1209 2630 1255 et
2668 1202 2920 1256 dixerunt
2962 1218 2975 1253 :
3015 1199 3071 1254 Si
3111 1198 3630 1269 Constantinopolim

2052 1293 2398 1364 attingemus,
2437 1294 2601 1346 etiam
2632 1301 2685 1347 et
2720 1308 2885 1363 super
2920 1292 3213 1347 exarclmm
3259 1291 3403 1346 lumc
3441 1306 3634 1359 quere-

2053 1382 2300 1446 lalzimus,
2331 1382 2457 1451 quia
2486 1391 2644 1437 antea
2673 1383 2949 1452 corrigere
2973 1398 3093 1436 eum
3122 1380 3311 1435 noluit.
3342 1379 3457 1434 Non
3487 1380 3635 1432 veni-

2052 1488 2173 1528 mus
2200 1471 2545 1544 [veniemus],
2570 1472 2664 1527 sed
2695 1488 2865 1543 usque
2890 1473 3077 1526 horam
3102 1486 3298 1526 nonam
3325 1471 3634 1540 expectabi-

2052 1577 2173 1617 mus
2199 1562 2339 1616 hunc
2359 1561 2420 1614 B.
2443 1561 2820 1631 Apollenarem
2838 1560 3149 1631 pontificem
3175 1568 3457 1624 nostrum;
3490 1558 3635 1630 quod

2054 1653 2099 1708 si
2132 1667 2313 1707 moras
2342 1651 2551 1717 fecerit,
2586 1651 2814 1706 Romam
2846 1652 3176 1721 gradiemur.
3206 1651 3273 1705 Et
3295 1651 3500 1706 reversi
3527 1650 3636 1704 lar-

368 1768 549 1821 statim
575 1739 813 1835 pontifex
842 1761 988 1815 misit
1014 1758 1218 1813 nobiles
1250 1757 1413 1819 viros,
1439 1770 1561 1809 cum
1593 1750 1948 1807 velocissimis
1978 1739 2023 1798 B
2052 1761 2149 1816 gas
2194 1744 2484 1801 fundentes
2534 1746 2802 1816 lacrymas
2847 1745 3244 1800 nunciaverunt
3287 1744 3555 1814 pontifici,
3582 1753 3636 1797 et

367 1858 539 1925 equis,
577 1866 635 1909 ut
666 1851 1121 1909 satisfactionibus
1149 1849 1214 1903 ad
1265 1846 1547 1901 ecclesiam
1606 1850 1944 1898 revocarent.

368 1948 441 2002 flii
472 1962 599 2000 vero
627 1960 748 1998 cum
780 1942 1041 1997 vidissent
1069 1955 1161 1994 eos
1182 1940 1249 1993 ad
1276 1953 1335 1992 se
1365 1937 1667 2000 venientes,
1699 1948 1825 1988 mox
1874 1931 1950 1986 lec

368 2045 623 2091 vavcrunt
646 2051 703 2089 se
723 2049 911 2089 omnes
933 2033 1186 2087 submissi
1215 2032 1379 2085 humo
1398 2030 1656 2093 vultibus,
1672 2034 1727 2081 et
1750 2040 1947 2096 magna

368 2142 516 2189 voce,
545 2136 834 2192 antequam
856 2122 1018 2191 legati
1041 2120 1313 2192 pontificis
1334 2119 1497 2174 locuti
1530 2118 1778 2181 fuissent,
1793 2113 1947 2169 dixe-

367 2226 490 2270 runt
523 2232 536 2270 :
573 2213 845 2277 ﬂeet‘dite,
880 2211 1007 2281 quia
1045 2227 1153 2266 non
1190 2210 1449 2265 habemus
1477 2209 1787 2272 pontificem
1832 2204 1951 2277 [pa-

363 2303 609 2376 storem],
634 2303 731 2358 sed
763 2300 1185 2357 interfectorem.
1213 2297 1438 2366 Quando
1468 2299 1520 2352 in
1550 2298 1655 2352 hoc
1677 2297 1951 2365 ingressus

363 2406 446 2451 est
466 2395 626 2459 ovile,
644 2409 748 2447 non
778 2392 907 2457 tale,
976 2399 1034 2445 ut
1058 2389 1189 2445 facit
1208 2390 1353 2445 dedit
1377 2389 1726 2458 promissum.
1754 2387 1947 2456 Surge,

365 2486 420 2538 δ.
456 2483 813 2553 Apollcnaris,
845 2480 1060 2536 celebra
1092 2480 1249 2534 nobis
1278 2479 1502 2533 missam
1526 2478 1612 2532 die
1642 2476 1949 2531 Nativitatis

366 2572 594 2627 Domini.
624 2572 699 2625 Te
722 2572 878 2625 nobis
899 2570 1046 2624 dedit
1070 2569 1128 2623 S.
1155 2568 1350 2623 Petrus
1372 2575 1668 2637 pastorem.
1699 2567 1824 2622 ideo
1846 2574 1949 2621 ture

363 2679 547 2719 sumus
576 2677 724 2717 oves.
753 2661 833 2715 Ad
865 2671 917 2716 te
945 2662 1340 2727 concurrimus,
1377 2660 1523 2716 salva
1560 2675 1679 2715 nos.
1714 2660 1830 2715 Non
1860 2660 1948 2715 hic

363 2754 824 2810 consecrationem
853 2752 1133 2823 accepisti,
1165 2751 1260 2806 sed
1286 2751 1399 2821 ipse
1432 2750 1709 2822 apostolus
1754 2750 1866 2805 suis
1898 2761 1949 2806 te

364 2845 543 2900 beavit
572 2844 842 2909 manibus,
867 2851 922 2898 et
950 2842 1211 2913 Spiritum
1248 2850 1493 2897 sanctum
1527 2842 1736 2907 tribuit,
1759 2843 1827 2897 ad
1850 2857 1948 2897 nos

363 2939 581 3002 direxit,
614 2946 669 2992 et
708 2953 807 2992 nos
848 2945 997 2991 tuam
1027 2935 1334 3006 recepimus
1361 2933 1822 3004 praedicationem.
1867 2934 1947 2987 Ad

364 3028 769 3098 gubernandum
802 3027 1001 3081 missus
1028 3041 1108 3090 es,
1141 3040 1248 3079 non
1278 3025 1345 3078 ad
1381 3023 1689 3079 delendum.
1716 3023 1797 3078 Tu
1823 3033 1948 3077 ante

364 3121 727 3191 aequissimum
750 3118 995 3175 Iudicem
1017 3128 1152 3183 stas,
1174 3127 1321 3173 certa
1342 3133 1442 3188 pro
1464 3119 1648 3183 nobis;
1671 3115 1947 3187 confringe

365 3226 457 3267 ora
493 3217 719 3265 cruenta
746 3209 955 3279 lupi,ut
980 3223 1079 3263 nos
1108 3207 1375 3264 deducere
1403 3209 1583 3264 valeas
1609 3225 1705 3279 per
1733 3223 1947 3263 amoena

366 3319 564 3375 pascua
590 3302 816 3359 Christi.
849 3300 1003 3368 Quod
1026 3301 1071 3355 si
1112 3316 1219 3356 non
1259 3301 1592 3365 surrexeris,
1623 3308 1675 3353 et
1704 3300 1864 3355 hodie
1893 3302 1945 3354 in

368 3398 467 3450 hac
492 3395 787 3449 Nativitate
816 3393 1011 3447 missas
1050 3390 1432 3455 celebraveris,
1463 3407 1649 3446 omnes
1682 3391 1950 3445 unanimi-

369 3494 451 3540 ter
472 3484 655 3539 statim
677 3498 741 3538 ex
769 3483 927 3537 domo
964 3490 1054 3536 tua
1078 3481 1440 3552 egrediemur,
1465 3490 1516 3536 et
1546 3483 1950 3551 proficiscemur

371 3578 592 3631 Romam
620 3576 686 3631 ad
714 3574 773 3628 Β.
805 3574 1024 3629 Petrum
1070 3574 1388 3645 magistrum
1429 3583 1602 3638 tuum,
1634 3583 1687 3629 et
1716 3591 1839 3629 cum
1872 3574 1948 3628 la-

370 3668 791 3723 mentationibus
830 3676 955 3723 ante
1000 3683 1124 3723 cum
1176 3677 1604 3738 prosternemur,
1633 3677 1837 3723 etcum
1868 3668 1951 3722 in-

368 3760 511 3829 genti
539 3759 705 3822 luctu,
740 3758 1112 3827 immensoque
1142 3757 1295 3823 ﬂetu,
1330 3757 1648 3828 magnisque
1690 3773 1814 3812 cum
1858 3773 1947 3812 su-

368 3850 549 3919 spiriis
570 3850 815 3905 dicemus
848 3866 860 3902 :
893 3848 1115 3903 Fuimus
1140 3849 1207 3903 ad
1232 3849 1550 3918 discipulum
1577 3859 1723 3903 tuum
1748 3864 1951 3918 prresu-

372 3941 473 3993 Iem
502 3947 769 4003 nostrum,
789 3946 844 3992 et
871 3938 1303 4007 praedicatorem,
1334 3952 1495 4007 quem
1535 3938 1689 3993 nobis
1732 3938 1947 4001 dedisti,

368 4041 422 4085 et
458 4030 627 4084 noluit
649 4032 844 4085 missas
875 4030 930 4083 in
964 4029 1059 4084 tali
1093 4030 1364 4099 pmcipuo
1390 4029 1475 4083 die
1504 4029 1815 4085 Nativitatis
1847 4030 1951 4083 Do-

370 4122 501 4176 mini
525 4122 823 4177 ceiebrare.
851 4119 959 4174 Aut
985 4121 1197 4177 vindica
1224 4137 1323 4175 nos
1349 4119 1416 4176 de
1441 4135 1525 4186 eo,
1556 4129 1650 4176 aut
1690 4123 1757 4175 da
1797 4121 1951 4176 nobis

370 4229 564 4268 novum
598 4220 891 4282 pastorem,
920 4212 1009 4281 qui
1041 4228 1139 4266 nos
1164 4211 1415 4266 defendat
1455 4212 1522 4267 de
1550 4229 1645 4268 ore
1675 4211 1948 4278 draconis,

370 4304 461 4371 qui
494 4300 631 4355 infra
658 4310 841 4357 nostra
871 4302 1067 4357 moenia
1098 4303 1260 4357 cubat
1311 4312 1365 4356 et
1406 4314 1622 4358 nostras
1668 4305 1951 4361 eondoleat

372 4390 705 4445 afﬂictioncs.
723 4391 862 4445 Ecce
886 4400 943 4444 tu
968 4391 1105 4460 ipse,
1130 4400 1315 4460 pastor
1336 4392 1490 4457 bone,
1514 4394 1652 4447 nosti
1670 4396 1792 4463 quia
1814 4396 1950 4449 mul-

374 4489 440 4535 ta:
471 4495 536 4534 ex
568 4480 676 4532 tuis
712 4480 902 4533 ovibus
930 4480 1176 4533 abierunt
1221 4495 1316 4548 per
1344 4481 1506 4535 nimia
1537 4484 1846 4551 gravamiua
1893 4494 1946 4539 et

372 4571 532 4627 famis
560 4573 864 4642 penuriam,
898 4582 1343 4642 recesseruntque
1364 4589 1392 4626 a
1438 4584 1625 4629 sancto
1671 4579 1943 4644 mandato,

371 4673 427 4721 et
460 4679 491 4718 a
520 4662 765 4719 doctrina
817 4673 941 4729 tua,
986 4665 1317 4734 nequissimo
1360 4666 1585 4734 prtesulc
1629 4667 1943 4724 suffocante.

371 4756 525 4825 Quod
552 4755 597 4811 si
617 4769 723 4810 non
746 4771 843 4811 nos
866 4757 1115 4821 audierit,
1134 4755 1326 4811 exinde
1346 4771 1630 4826 pergemus
1657 4759 1945 4832 [vadimus]

372 4846 894 4917 Constantinopolim
926 4848 992 4901 ad
1023 4846 1404 4916 imperatorem
1424 4889 1438 4911 ,
1463 4855 1518 4901 et
1546 4864 1847 4918 qumrcmus
1878 4853 1947 4905 ibi

375 4947 582 5005 patrem
605 4943 659 4990 et
685 4944 978 5006 pastorem.
1009 4935 1065 4991 In
1095 4937 1179 4991 his
1204 4949 1383 4991 autem
1417 4938 1574 4991 dictis
1608 4939 1727 4994 talis
1757 4940 1954 4994 lamen-

376 5028 506 5082 tatio
544 5026 827 5097 luctusque
857 5026 1042 5095 ingens
1070 5041 1131 5080 ex
1175 5026 1418 5096 utrisque
1458 5028 1702 5095 partibus
1744 5028 1865 5093 fuit,
1897 5040 1954 5084 ut

377 5119 449 5172 illi
479 5120 571 5189 qui
603 5118 670 5173 ad
699 5117 1007 5188 pontificem
1040 5117 1241 5171 reversi
1271 5125 1395 5171 sunt
1432 5135 1529 5187 pro
1582 5114 1955 5190 intemperans

378 5206 628 5276 lacrymis
665 5214 827 5275 atque
882 5204 1397 5258 murmurationibus
1450 5207 1690 5260 omnium
1740 5206 1951 5261 illorum

377 5294 718 5357 clericorum,
744 5295 835 5349 vix
865 5293 1029 5347 verba
1058 5293 1188 5346 dare
1213 5293 1519 5359 valuerunt,
1546 5303 1708 5365 atque
1735 5296 1955 5366 legatio-

379 5398 501 5436 nem
545 5385 762 5455 explere
805 5385 1180 5453 nequiverunt.
1235 5382 1388 5437 Tunc
1430 5384 1743 5441 Theodorus
1778 5388 1954 5441 archi-

379 5472 686 5543 episcOpus,
719 5485 966 5529 metuens
993 5475 1113 5538 hoc,
1148 5474 1316 5527 tristis
1331 5474 1399 5527 ad
1413 5475 1672 5544 palatium
1697 5494 1816 5531 cum
1844 5493 1946 5531 ma-

379 5574 483 5630 gna
517 5560 861 5619 festinatione
885 5546 1157 5634 profectus
1178 5574 1282 5627 est,
1313 5574 1367 5618 et
1394 5567 1573 5619 omnia
1606 5584 1721 5636 qme
1748 5569 1954 5621 accide-

455 5677 480 5709 ι
515 5668 572 5722 Id
599 5680 701 5735 est,
732 5672 990 5737 laborem;
1044 5674 1167 5729 inde
1184 5670 1437 5729 Italicum
1470 5676 1649 5746 fatim.
1684 5677 1874 5734 Bacon.

2051 1839 2302 1911 patricio,
2320 1848 2379 1894 ut
2400 1839 2688 1894 audierunt
2726 1848 2779 1894 et
2802 1838 3253 1893 lamentabantur.
3279 1837 3633 1899 Addiderunt,

2050 1931 2192 2001 quod
2225 1931 2348 1986 talis
2392 1931 2567 1986 luctus
2607 1931 2952 2001 mugitusque
3003 1928 3144 1984 infra
3199 1930 3369 1998 ipsam
3420 1938 3637 1983 resonat

2051 2021 2362 2088 ecclesiam,
2390 2021 2565 2092 qualis
2600 2037 2876 2092 nunquam
2912 2036 3011 2076 nec
3037 2021 3250 2076 auditus
3288 2036 3387 2075 nec
3409 2021 3557 2075 visus
3581 2021 3633 2073 in

2055 2121 2165 2167 tota
2192 2113 2376 2169 Classe
2406 2112 2523 2168 fuit.
2553 2114 2726 2168 Etiam
2754 2122 2808 2168 et
2843 2115 3128 2169 audientes
3154 2114 3366 2168 illorum
3397 2127 3635 2167 mearen-

2052 2205 2186 2259 tium
2220 2220 2408 2272 voces,
2437 2221 2560 2260 cum
2592 2204 2723 2276 ipsis
2755 2220 2942 2259 amare
2969 2202 3237 2259 flevimus.
3268 2203 3421 2258 Tunc
3457 2203 3636 2257 archi-

2051 2297 2353 2368 epiSCOpus,
2386 2312 2622 2353 mmrore
2659 2296 2815 2351 valde
2842 2295 3091 2360 amictus,
3116 2295 3284 2350 voluit
3319 2308 3377 2348 se
3411 2292 3637 2363 pedibus

2051 2387 2263 2455 patricii
2301 2397 2678 2457 prosternere;
2719 2387 2794 2441 ait
2828 2386 2971 2441 enim
3004 2387 3204 2455 ingenti
3240 2385 3385 2439 luctu
3422 2383 3635 2440 :Obse-

2050 2494 2144 2533 cro
2182 2486 2327 2533 tuam
2363 2479 2704 2535 clementiam
2726 2522 2740 2545 ,
2769 2494 2873 2534 non
2915 2495 3013 2533 vos
3047 2481 3227 2549 pigeat
3282 2479 3407 2533 illuc
3456 2479 3554 2543 irc,
3584 2489 3637 2533 et

2051 2570 2298 2639 fatigium
2345 2583 2369 2611 α
2406 2588 2503 2641 pro
2534 2588 2619 2626 me
2645 2572 2863 2637 habere,
2887 2580 2947 2625 ut
2970 2572 3234 2641 spondeas
3258 2586 3356 2641 pro
3380 2583 3485 2624 me.
3511 2571 3642 2626 Om-

2050 2664 2140 2717 nia
2164 2662 2435 2719 facturum
2464 2664 2736 2733 pollicere,
2759 2662 2914 2731 juxta
2939 2665 3081 2734 quod
3111 2664 3215 2718 illis
3252 2664 3456 2733 placet,
3486 2674 3540 2717 et
3570 2681 3630 2717 ex

2051 2754 2211 2808 rebus
2239 2753 2481 2809 ecclesizr
2527 2771 2633 2809 non
2682 2756 2946 2825 amplius,
2987 2756 3090 2811 nisi
3133 2764 3192 2809 ut
3220 2772 3359 2811 unus
3393 2771 3457 2811 ex
3504 2756 3630 2820 illis,

2049 2842 2321 2914 particeps
2345 2859 2483 2897 sum.
2511 2844 2664 2899 Tune
2690 2845 2950 2914 patricius
2972 2845 3169 2900 faleras
3198 2860 3339 2916 equo
3370 2847 3633 2916 superim—

2048 2936 2174 3006 poni
2208 2935 2401 3005 jussit,
2435 2937 2679 2992 ascendit
2713 2939 2978 3008 desuper,
3024 2940 3168 2993 venit
3206 2939 3274 2994 ad
3318 2940 3632 3011 prtedictum

2053 3025 2308 3096 martyris
2338 3025 2661 3097 sepulcrum,
2685 3036 2738 3083 et
2763 3040 3067 3083 c0nvocans
3093 3044 3281 3085 omnes
3310 3030 3377 3084 ad
3408 3045 3485 3096 se,
3502 3029 3637 3085 fudit

2054 3115 2195 3169 lenia
2227 3115 2389 3170 verba
2419 3116 2752 3187 pacificaque
2771 3158 2785 3182 ,
2816 3127 2871 3173 et
2927 3133 3111 3174 secum
3142 3121 3386 3185 reduxit,
3415 3122 3636 3191 promit-

2053 3213 2171 3259 tens
2207 3206 2385 3259 omnia
2417 3209 2726 3273 emendare,
2748 3209 2886 3263 sicut
2909 3225 3080 3281 nuper
3109 3211 3355 3267 audistis.
3385 3212 3452 3266 Et
3478 3228 3639 3267 vene—

2054 3304 2195 3360 runt,
2226 3306 2280 3350 et
2307 3297 2503 3352 missas
2536 3308 2590 3354 et
2618 3315 2901 3370 vesperum
2935 3318 3040 3355 una
3076 3302 3208 3357 hora
3231 3304 3640 3360 celebraverunt

2052 3398 2173 3439 cum
2210 3396 2493 3443 mansueto
2543 3390 2829 3459 pontifice.
2884 3403 3301 3461 vesperascente
3356 3395 3461 3450 die.
3520 3396 3638 3451 Alia

2052 3489 2179 3528 vero
2210 3475 2295 3531 die
2318 3479 2466 3531 venit
2494 3480 2760 3534 exarcbus
2787 3479 2854 3534 ad
2883 3482 3103 3535 domum
3130 3483 3392 3549 ecclesiae,
3423 3492 3477 3537 et
3501 3487 3641 3540 sedit

2054 3578 2173 3617 cum
2206 3565 2646 3638 archiepiscopo,
2674 3578 2729 3624 et
2770 3572 2980 3626 cunctis
3023 3573 3376 3645 presbyteris,
3409 3591 3440 3629 a
3489 3585 3641 3648 tergo

2052 3670 2239 3710 eorum
2270 3658 2480 3715 diaconi
2510 3670 2738 3728 stantes,
2766 3679 2873 3718 una
2902 3680 3025 3720 cum
3050 3668 3194 3721 omni
3223 3669 3369 3722 clero
3395 3669 3640 3725 ecclesize

2052 3753 2319 3801 steterunt
2350 3750 2404 3803 in
2430 3751 2701 3808 conflictu.
2728 3752 2858 3808 Cum
2885 3756 3053 3810 multa
3082 3761 3450 3814 controversia
3482 3769 3538 3815 et
3567 3760 3645 3815 al-

2055 3843 2203 3889 terna
2233 3839 2394 3893 verba
2418 3839 2560 3894 inter
2588 3857 2681 3896 eos
2712 3852 2914 3909 essent,
2941 3847 3220 3903 convictus
3244 3847 3330 3903 est
3376 3848 3637 3920 pontifex,

2054 3934 2107 3979 et
2142 3927 2323 3981 statim
2352 3931 2644 3985 restaurati
2671 3942 2798 3988 sunt
2818 3950 3009 3991 omnes
3036 3937 3101 3991 de
3129 3938 3333 3994 honore
3360 3949 3416 3994 et
3462 3941 3629 4011 digni.

2055 4016 2277 4083 tatibus,
2309 4026 2365 4073 et
2400 4021 2579 4075 sortiti
2614 4032 2739 4077 sunt
2770 4040 2899 4095 opes
2927 4027 3191 4094 ecclesim,
3222 4038 3278 4084 et
3308 4046 3415 4084 non
3445 4030 3547 4085 fuit
3574 4048 3637 4087 ex

2052 4107 2133 4162 eis
2173 4108 2368 4178 aliquis
2400 4113 2490 4180 qui
2528 4115 2816 4182 quamdam
2867 4116 3084 4188 [Forte,
3109 4128 3381 4189 quartam,
3411 4122 3640 4195 Bacch.]

2052 4209 2261 4267 partem
2290 4201 2534 4257 ecclesia:
2578 4220 2681 4258 non
2731 4205 2957 4262 haberet
2997 4210 3185 4275 etiam,
3233 4220 3287 4266 et
3336 4210 3640 4268 subtractos

2054 4299 2291 4357 actores,
2322 4300 2377 4347 et
2411 4295 2645 4363 prastias
2671 4296 2740 4349 ab
2779 4296 2937 4366 hujus
2985 4301 3229 4357 ecclesiae
3260 4302 3638 4369 familiaribus,

2056 4390 2109 4437 et
2138 4394 2492 4453 perrexerunt
2521 4401 2708 4442 omnes
2736 4389 2842 4443 freti
2872 4393 2939 4446 ad
2964 4395 3293 4449 monasteria
3318 4411 3436 4462 sua,
3466 4406 3524 4451 et
3550 4397 3635 4451 he-

2060 4476 2379 4531 nedicebant
2410 4478 2594 4533 Deum.
2638 4479 2968 4547 Quibusdam
3014 4482 3255 4557 [quibus]
3308 4494 3466 4542 antea
3514 4486 3641 4543 solis

2055 4567 2294 4637 pontifex
2344 4569 2622 4636 utebatur,
2655 4582 2839 4642 postea
2876 4590 3064 4631 omnes
3100 4577 3276 4632 sortiti
3305 4587 3461 4644 sunt,
3490 4588 3546 4635 ct
3576 4596 3636 4635 ex

2058 4658 2147 4712 illo
2173 4660 2259 4713 die
2289 4659 2395 4715 tale
2446 4660 2622 4717 foedus
2665 4664 2807 4717 inter
2850 4666 3161 4734 pontificem
3215 4676 3269 4722 et
3329 4670 3638 4724 sacerdotes

2058 4760 2315 4807 statutum
2362 4760 2464 4818 est,
2518 4764 2806 4823 antequam
2851 4767 3199 4813 consecretur
3223 4774 3321 4830 per
3350 4762 3637 4829 repromis-

2059 4842 2286 4906 sionem,
2318 4853 2376 4898 ut
2404 4842 2451 4897 fa
2462 4845 2602 4898 milia
2613 4862 2700 4900 res
2722 4847 2966 4903 ecclesia:
2988 4851 3282 4905 auctoriam
3306 4852 3635 4908 curatioretn

2059 4932 2309 4987 habeant.

2668 5027 2896 5085 CAPUT
2927 5028 3013 5086 IV.

2061 5136 2361 5211 Theodorus
2393 5142 2627 5211 pontiﬁci
2659 5141 2892 5199 Romano
2926 5145 3267 5201 submittitur.
3314 5147 3524 5203 Stantia
3544 5150 3635 5202 sub

2128 5209 2400 5283 Agat/ioue
2440 5209 2549 5283 tam
2600 5210 2664 5283 11
2713 5215 3022 5283 conﬁrmat,
3067 5220 3219 5270 certis
3250 5220 3635 5272 conditionibus

2127 5280 2391 5333 admissis.
2438 5280 2697 5335 Theodori
2722 5280 2916 5349 obitus,
2950 5285 3185 5357 sedisque
3208 5296 3431 5357 tempus.

2127 5396 2294 5466 igitur
2320 5406 2437 5468 post
2466 5399 2741 5468 paululum
2780 5412 2991 5470 tempus
3029 5402 3142 5472 ipse
3175 5403 3369 5472 prmsul
3398 5403 3637 5458 dolonem

2059 5488 2109 5541 iu
2136 5500 2354 5557 pectore
2381 5506 2604 5545 servans
2636 5494 2859 5546 nocendi
2888 5495 2999 5547 suis
3031 5495 3422 5559 sacerdotibus,
3453 5510 3637 5550 recor-

2056 5579 2319 5649 (latusque
2350 5581 2549 5635 malum
2580 5585 2723 5652 quod
2760 5584 2810 5637 in
2841 5601 2963 5639 eum
3000 5597 3385 5653 excreuerant,
3430 5594 3486 5642 et
3513 5586 3639 5660 quia
