3936 6180
366 372 471 431 689

1407 370 1607 427 LIBER
1645 367 1893 426 PONTIF
1897 364 2136 423 ICALIS.
2174 364 2357 445 P‘ARS
2398 366 2461 419 ll.

3512 362 3615 420 69')

363 492 588 547 minime
625 497 870 559 poterat,
898 489 1213 554 utvolebat,
1252 502 1378 542 suos
1406 494 1658 558 parentes
1683 485 1937 540 de’rcbus
1964 484 2017 543 Α
2040 479 2270 559 veritate
2301 479 2625 559 congerit.
2658 498 2677 531 ι
2742 479 2870 559 llzec
2914 493 3002 559 ea"
3023 478 3269 559 pluribus
3313 492 3615 559 excelpcre

364 584 541 640 ditare
560 582 838 648 Ecclesim,
862 582 1073 638 occulta
1101 580 1443 653 suggestione
1464 578 1694 636 Romam
1724 578 1944 632 mittens

366 673 433 729 ad
459 672 797 743 Agathonem
818 687 1011 743 papam
1037 714 1052 737 ,
1099 673 1254 743 quasi
1298 687 1398 742 pro
1432 687 1598 727 causa
1633 664 1942 726 sanctarum

364 764 463 820 Dei
494 764 851 819 ecclesiarum
885 765 938 818 in
990 764 1094 819 ﬁde
1135 764 1404 819 catholica
1430 779 1553 819 cum
1581 778 1647 817 eo
1686 769 1946 816 tractatu-

366 871 481 919 rus,
515 855 640 909 illuc
661 870 780 909 eum
807 856 1023 927 juberet
1049 855 1254 909 venire.
1305 855 1408 922 Qui
1440 870 1564 909 mox
1590 854 1806 923 scripsit
1834 852 1946 922 epi-

367 945 561 1003 stolam
579 986 593 1010 ,
633 953 694 999 ut
721 945 1036 1001 Theodorus
1061 944 1259 1015 prtesul
1295 960 1394 1014 pro
1417 953 1604 1000 sancta
1635 953 1689 998 et
1718 946 1947 998 intemeo

362 1046 483 1092 rata
515 1036 619 1092 tlde
644 1036 912 1091 catholica
941 1036 1168 1091 Romam
1212 1044 1545 1106 properaret.
1589 1035 1690 1102 Qui
1728 1044 1945 1091 ostensa

362 1145 549 1185 coram
580 1130 832 1184 omnibus
877 1130 991 1184 suis
1034 1130 1404 1184 sacerdotibus
1447 1129 1630 1199 legens
1675 1127 1944 1197 replicuit,

365 1220 610 1290 dixitque
636 1220 702 1273 ad
732 1218 855 1274 illos
889 1238 900 1271 :
940 1218 1081 1286 Quid
1105 1219 1258 1274 vobis
1287 1219 1535 1273 videtur?
1568 1219 1706 1274 Ecce
1732 1227 1948 1287 aposto-

366 1309 528 1365 licam
578 1309 859 1380 epistolam
907 1309 1149 1373 vidistis,
1198 1318 1254 1363 et
1285 1308 1428 1378 quod
1458 1308 1510 1362 in
1538 1323 1600 1364 ea
1636 1309 1948 1363 continetur

369 1400 553 1465 scitis;
611 1400 740 1470 quid
784 1399 940 1454 vobis
968 1398 1217 1454 videtur?
1259 1399 1425 1453 Extra
1458 1409 1689 1454 vestram
1726 1414 1831 1453 non
1865 1398 1946 1452 fa-

362 1491 508 1547 ciam
540 1490 892 1545 voluntatem.
954 1489 1132 1546 Unum
1170 1490 1433 1545 habemus
1477 1491 1797 1553 consilium,
1836 1489 1947 1544 fra-

365 1594 500 1649 tres,
525 1600 633 1639 una
662 1583 932 1650 voluntas,
959 1599 1099 1638 unus
1119 1584 1336 1638 animus
1372 1583 1475 1649 sit,
1500 1598 1710 1648 eamus,
1741 1598 1808 1637 an
1831 1597 1947 1638 ces~

364 1694 569 1735 semus.
628 1676 708 1731 llli
747 1692 879 1732 vero
924 1678 979 1731 in
1024 1676 1369 1747 simplicitate
1414 1676 1823 1745 respondentes,
1848 1689 1947 1729 ne-

360 1772 599 1827 scientes
632 1769 900 1825 oceultum
921 1769 1233 1834 consilium,
1266 1768 1554 1823 dixerunt:
1585 1768 1810 1839 Oportet
1851 1782 1948 1823 nos

2043 549 2267 620 placuit,
2288 549 2618 620 Agnelloque
2641 550 2876 604 narratis
2899 547 3154 620 adjicere,
3188 549 3412 620 utquod
3439 547 3620 607 Theo-

2044 617 2162 674 dori
2202 617 2400 672 famam
2446 617 2638 687 iuvare
2675 628 2896 743 potest,
2946 619 3266 682 maledictis,
3291 617 3619 691 probrisque

2044 696 2424 743 oononeretur.
2478 689 2629 743 Licet
2724 690 2931 743 anellus
2979 698 3239 743 orteterea
3289 697 3432 743 totus
3457 691 3528 743 sit
3562 690 3616 743 in

2044 696 2424 761 opponeretur.
2478 689 2629 761 Licet
2675 689 2940 761 Agnellus
2979 698 3239 761 praaterea
3289 697 3432 743 totus
3457 689 3616 761 sit—in

2094 758 2317 812 heodori
2368 759 2685 813 memoriam
2730 758 2873 814 'diris
2928 759 3286 822 insectando,
3341 775 3448 813 non
3497 759 3621 816 silet

2047 836 2227 883 tamen
2265 828 2511 896 quaedam
2560 828 2614 882 in
2644 827 2883 897 ejusdem
2922 828 3159 898 episcopi
3184 827 3397 882 laudem
3426 831 3621 884 ceden-

2046 899 2148 969 tia,
2160 898 2346 969 qualia
2377 906 2651 969 suntquae
2675 900 2945 969 pertinent
2967 899 3034 953 ad
3059 906 3423 953 constructam
3447 915 3539 954 seu
3566 901 3618 953 in

2047 967 2789 1038 meiioremiampliorem‘que
2840 969 3066 1024 formam
3124 969 3397 1023 redactam
3451 970 3619 1025 mdcm

2049 1036 2107 1092 S.
2134 1036 2303 1099 Pauli,
2339 1037 2393 1091 in
2425 1036 2747 1093 Vandalaria
2788 1047 3149 1107 nuncupatam
3169 1078 3183 1102 ,
3214 1053 3332 1106 qua:
3356 1042 3622 1093 anteactis

2049 1108 2379 1181 temporibus
2424 1107 2507 1161 vel
2554 1123 2825 1181 synagoga
2868 1109 3043 1181 fuerat
3077 1108 3403 1181 Judteorum,
3428 1110 3515 1181 vel
3546 1110 3624 1163 uti

2047 1192 2323 1257 synagoga
2345 1178 2619 1257 despectui
2642 1178 2846 1243 habita,
2870 1179 3118 1249 ambigua
3145 1179 3288 1233 enim
3310 1179 3441 1234 mihi
3461 1181 3625 1250 phra-

2048 1248 2231 1317 sisiest
2251 1263 2358 1317 qua
2382 1248 2433 1300 id
2462 1257 2645 1301 nostro
2681 1257 2950 1304 narratur.
3026 1248 3039 1249 ί
3326 1297 3349 1315 ,

2120 1315 2183 1370 Il.
2222 1315 2297 1371 Ea
2322 1317 2604 1372 occasione
2633 1333 2752 1386 quae
2787 1320 2839 1385 in
2873 1318 3063 1387 primis
3089 1317 3357 1373 Theodori
3402 1319 3623 1373 exarchi

2048 1387 2305 1455 pietatem
2343 1389 2723 1442 commendant
2780 1388 3088 1458 laudantur,
3142 1390 3233 1458 qui
3265 1389 3421 1443 beato
3450 1389 3626 1444 Theo-

2050 1459 2183 1513 doro
2228 1458 2458 1511 diacono
2500 1458 2797 1512 oratorium
2844 1457 3175 1523 aediﬁcavit,
3211 1458 3409 1514 calices
3434 1473 3627 1515 aureos

2052 1535 2163 1581 tres
2183 1527 2424 1583 ecclesiae
2446 1528 2746 1598 Ravennati
2777 1537 2832 1583 et
2854 1529 3063 1598 thecam
3088 1530 3378 1598 pretiosam
3408 1529 3622 1594 obtulit,

2089 1598 2250 1666 uique
2273 1597 2512 1666 quotidie
2540 1597 2598 1651 S.
2631 1598 2809 1652 Marim
2839 1596 2903 1650 ad
2926 1596 3252 1652 Blachernas
3271 1598 3441 1653 :edem
3470 1609 3626 1653 extra

2089 1614 2250 1666 utque
2273 1614 2512 1666 quoume
2540 1614 2598 1651 δ.
2631 1614 2809 1652 alarm
2839 1614 2903 1650 aa
2926 1614 3252 1652 macnernas
3271 1614 3441 1653 :euem
3470 1614 3626 1653 crura

2051 1614 2321 1722 Ravennae
2350 1668 2669 1737 pommrium
2702 1670 2860 1722 sitam
2892 1666 3148 1736 frequens
3180 1669 3421 1734 colebat,
3453 1669 3544 1723 ubi
3572 1678 3629 1723 et

2052 1753 2177 1792 cum
2214 1738 2442 1809 conjuge
2485 1752 2582 1792 sua
2622 1738 2839 1809 Agatha
2880 1738 3098 1809 sepeliri
3141 1739 3435 1792 mandavit.
3499 1738 3628 1809 iltcc

2054 1816 2233 1878 autem
2261 1823 2291 1861 a
2315 1804 2586 1863 Theodori
2609 1804 2861 1878 Calliopae
2886 1804 3129 1878 moribus
3154 1809 3441 1862 admodum
3477 1808 3628 1862 ablu-

362 1875 557 1915 omnes
598 1875 700 1931 pro
750 1858 853 1914 ﬁde
893 1859 1196 1913 orthodoxa
1243 1866 1299 1913 et
1347 1869 1533 1913 sancta
1567 1859 1662 1913 Dei
1709 1859 1949 1913 Ecclesia

2058 1877 2206 1940 dunt,
2237 1877 2638 1947 ostenduntque
2670 1854 2812 1932 hunc
2849 1876 2917 1930 ab
2956 1877 3044 1931 illo
3071 1878 3342 1931 diversum
3365 1878 3507 1947 quod
3537 1894 3630 1931 su-

363 1951 557 2005 mortis
593 1948 876 2018 subjaeere
904 1949 1171 2018 periculo.
1232 1947 1368 2004 Cum
1397 1958 1579 2003 autem
1612 1940 1950 2019 pervenisset

365 2040 616 2103 Romam,
649 2038 957 2109 subjugavit
987 2054 1066 2102 se,
1100 2054 1362 2109 suamque
1388 2039 1685 2094 Ecclesiam
1717 2038 1817 2094 sub
1840 2039 1949 2092 Ro-

364 2147 529 2185 mano
556 2131 831 2201 pontiﬁce.
875 2130 1151 2185 Romanus
1171 2131 1387 2201 gavisus
1414 2130 1655 2201 pontifex
1676 2171 1691 2195 ,
1730 2131 1821 2200 qui
1855 2132 1950 2186 atl-

364 2221 629 2291 quisierat
656 2220 801 2290 quod
841 2221 1275 2291 pmdeccssores
1310 2222 1393 2276 sui
1421 2221 1802 2292 perdiderant,
1834 2237 1952 2291 gra-

363 2311 607 2366 tulanter
629 2312 865 2383 suscepit
901 2327 1022 2367 eum
1049 2352 1064 2376 ,
1114 2319 1168 2366 et
1196 2312 1472 2366 consensit
1496 2311 1545 2366 ei
1572 2312 1832 2382 quidquid
1858 2328 1950 2382 po-

364 2401 625 2467 stulavit,
670 2410 725 2457 et
755 2402 897 2471 quod
941 2401 1097 2472 petiit
1137 2401 1364 2473 largitus
1394 2413 1478 2457 eSt
1508 2401 1768 2457 volontati
1809 2400 1946 2469 ejus.

363 2490 579 2547 Mortuo
604 2507 734 2547 vero
760 2492 1042 2563 Agathone
1069 2507 1209 2562 papa
1229 2534 1244 2557 ,
1280 2508 1402 2547 cum
1434 2508 1747 2548 successore
1770 2493 1950 2547 Leone

362 2580 549 2638 omnia
591 2581 789 2651 placita
830 2580 1141 2649 adimplevit
1166 2623 1180 2646 ,
1227 2590 1537 2653 statutaque
1577 2583 1717 2638 inter
1753 2598 1810 2637 se
1837 2583 1954 2637 fue-

362 2680 512 2736 runt,
548 2680 609 2725 ut
636 2671 848 2741 qualem
876 2671 1105 2728 electum
1130 2672 1217 2726 hic
1252 2686 1319 2726 ex
1345 2672 1611 2728 Ravenna
1638 2674 1952 2729 sacerdotes

368 2762 599 2817 Romam
623 2763 1021 2833 deportassem,
1049 2765 1225 2834 ipsum
1257 2774 1662 2831 consecrasset;
1706 2782 1811 2821 non
1837 2782 1953 2821 am-

365 2854 509 2925 plius
539 2854 593 2908 in
620 2864 860 2924 tempore
898 2856 1327 2911 consecrationis
1367 2855 1553 2911 Romae
1576 2864 1823 2911 maneret
1850 2856 1950 2911 nisi

364 2955 493 3001 octo
524 2946 737 3011 diebus,
775 2946 914 3000 ultra
938 2947 1051 3017 jam
1083 2947 1209 3001 illuc
1240 2964 1345 3002 non
1374 2949 1604 3002 veniret.
1646 2948 1761 3004 Nisi
1793 2950 1845 3002 in
1867 2949 1953 3003 die

362 3036 561 3091 natalis
578 3037 942 3109 apostolorum
962 3039 1196 3110 legatum
1217 3054 1283 3093 ex
1300 3039 1670 3094 sacerdotibus
1691 3040 1950 3104 mitteret,

360 3138 418 3185 et
442 3128 815 3215 Rayenncnsis
841 3130 1089 3200 pontifex
1128 3140 1275 3186 esset
1311 3132 1547 3203 quietus,
1565 3141 1622 3186 et
1644 3132 1747 3186 alia
1785 3133 1951 3187 multa

2051 1962 2146 2016 pra
2176 1948 2229 2000 in
2264 1947 2433 2001 Mauri
2456 1948 2693 2017 episcopi
2720 1948 3152 2002 Vitaindicatum
3175 1947 3429 2017 est.Mitis
3462 1947 3625 2001 etiam

2056 2015 2254 2087 ingenii
2279 2019 2455 2087 virum
2479 2015 2624 2071 hunc
2644 2015 2962 2087 ostendunt,
2988 2032 3109 2087 qua:
3136 2016 3192 2071 in
3216 2015 3374 2085 hujus
3391 2018 3628 2087 episcopi

2051 2086 2172 2141 Vita
2218 2086 2545 2152 referuntur,
2593 2088 2684 2156 qui
2732 2086 3015 2142 dissidium
3043 2086 3170 2141 cleri
3209 2086 3630 2156 prudentissime

2051 2157 2451 2227 composuerit,
2503 2165 2557 2212 et
2602 2157 2926 2227 abstinuerit
2977 2157 3044 2210 ab
3092 2157 3431 2227 emendando
3478 2157 3623 2211 clero

2053 2225 2215 2297 (quod
2242 2242 2430 2280 verum
2459 2242 2582 2281 cum
2612 2226 2801 2282 Rubeo
2838 2225 3110 2297 existimo)
3144 2225 3481 2297 refractario,
3512 2227 3628 2296 epi-

2052 2294 2309 2377 scopique
2338 2297 2536 2377 animo,
2568 2297 2622 2350 vi
2654 2296 2910 2377 adhibita,
2939 2294 3333 2377 componendo,
3364 2294 3630 2377 omneque

2055 2363 2329 2435 indicium,
2366 2366 2444 2420 uti
2470 2381 2705 2421 canones
2731 2366 3008 2431 ferebant,
3042 2363 3299 2420 Ecclesia:
3327 2363 3627 2435 reliquerit.

2101 2435 2238 2489 ullus
2260 2437 2422 2490 etiam
2444 2436 2627 2491 dubito
2647 2437 2896 2491 eumdem
2920 2436 3204 2491 consilium
3224 2449 3391 2504 opere
3405 2434 3628 2504 iuvisse,

2052 2520 2158 2574 quo
2188 2504 2490 2573 Reparatus
2538 2514 2770 2560 tractatu
2802 2505 3119 2561 Theodorus
3160 2503 3347 2559 ell'eCtu
3389 2503 3631 2561 Romano

2051 2575 2292 2645 pontiﬁci
2320 2575 2689 2645 Ravennatem
2721 2575 3016 2629 Ecclesiam
3048 2574 3304 2638 restituit,
3335 2590 3455 2644 quae
3487 2575 3632 2629 nullo

2054 2644 2214 2699 modo
2258 2644 2508 2715 Calliopae
2558 2646 2798 2715 moribus
2843 2645 3166 2715 ingenioque
3205 2659 3503 2714 congruere
3540 2660 3634 2713 po-

2056 2715 2232 2784 tuisse,
2263 2714 2439 2784 palam
2490 2726 2591 2770 est.
2646 2714 2920 2769 Referens’
2948 2714 3132 2769 noster
3171 2714 3465 2768 oratorium
3490 2714 3630 2784 beati

2051 2780 2323 2838 Theodori
2351 2784 2418 2838 ab
2443 2786 2681 2839 exat-eho
2701 2793 3095 2848 constructum,
3124 2784 3370 2836 meminit
3393 2783 3634 2838 ecclesia:

2056 2854 2115 2908 S.
2142 2853 2359 2907 Martini
2392 2853 2445 2906 in
2472 2854 2622 2906 Caelo
2662 2868 2851 2916 aureo,
2884 2868 2951 2906 ex
2991 2868 3099 2921 quo
3138 2849 3452 2918 conjectura
3483 2852 3633 2906 inﬁr-

2056 2932 2265 2987 matur,
2305 2937 2411 2991 qua
2442 2923 2744 2990 suspicatus
2776 2936 2895 2976 sum
2928 2922 3273 2991 Reparatum_
3292 2921 3488 2991 ibidem
3519 2938 3633 2975 mo.

2055 2992 2288 3046 nachum
2322 2988 2550 3062 egisse,_
2573 2992 2675 3062 nisi
2706 2992 2762 3045 in
2793 2992 2935 3062 illius
2959 2988 3195 3061 episcopi
3237 2988 3354 3045 Vita
3393 2990 3450 3047 S.
3478 2991 3636 3062 Apol-

2055 3062 2246 3141 linaris
2273 3052 2490 3141 naming:
2515 3052 2710 3141 eadem
2731 3052 2956 3141 basilica
2988 3052 3230 3141 vocetur,
3275 3076 3397 3141 quae
3421 3062 3510 3117 hic
3527 3052 3634 3115 ’γυ-

2056 3132 2158 3203 teri
2209 3130 2271 3203 _S_.
2320 3131 2537 3203 Martini
2595 3131 2856 3203 vocabulo
2900 3131 3170 3194 laudatur,
3230 3130 3316 3185 cui
3353 3140 3637 3203 repugnat

363 3200 626 3290 ωρῖιιῖιθ,
654 3236 775 3290 quae
794 3237 901 3277 non
930 3235 1218 3291 possumus
1237 3200 1481 3287 exarare.
1515 3222 1834 3278 conﬁrmata
1856 3239 1955 3294 per
1981 3205 2025 3266 (ἶ
2057 3200 3080 3294 ἒὲ9ἓ¹ξ¹ἕξ-ίέξ¹ξμ⁵;ηέίέἷξῖηίιέἒἮὲῗΞ
3090 3209 3316 3294 Ϊίέξτέἳῖ-
3339 3200 3483 3294 ἓὶίὲ
3504 3200 3632 3294 33??!

366 3325 587 3365 manum
634 3312 831 3367 Leonis
868 3328 993 3368 cum
1030 3314 1383 3384 presbyteris.
1457 3314 1627 3385 Igitur
1670 3315 1805 3370 obiit
1852 3315 1953 3370 iste

368 3400 740 3457 ferocissimus
784 3402 873 3457 die
922 3419 1056 3458 xvnt
1098 3404 1302 3460 mensis
1327 3403 1591 3471 Januarii,
1629 3421 1752 3460 cum
1781 3405 1950 3461 multa

366 3490 656 3546 alacritate
684 3493 1027 3549 sacerdotum
1053 3535 1068 3560 ,
1114 3502 1171 3549 et
1194 3496 1436 3550 omnium
1463 3497 1824 3567 gratulatione
1851 3498 1954 3552 hu-

367 3595 460 3634 mo
491 3581 809 3638 submersus
832 3590 952 3648 est,
995 3585 1059 3639 in
1084 3585 1269 3642 ardica
1295 3585 1356 3639 Β.
1392 3586 1732 3656 Apollenaris
1762 3589 1955 3644 subtus

362 3673 530 3743 jacet.
568 3675 915 3747 Epitaphium
942 3691 1071 3733 vero
1099 3679 1216 3749 ejus
1246 3678 1391 3734 clare
1420 3677 1601 3749 legere
1632 3695 1739 3735 non
1780 3681 1951 3751 potui.

370 3762 526 3819 Sedit
552 3780 723 3821 annos
751 3781 870 3830 xm,
895 3782 1110 3823 menses
1139 3784 1224 3834 ιιι,
1253 3776 1307 3824 et
1332 3768 1448 3824 dies
1474 3786 1563 3823 xx.

882 3967 1452 4026 OBSERVATIONES

787 4074 867 4113 AD
913 4077 1121 4116 νιτΑιι
1171 4077 1541 4118 τηεουοιιι.

374 4147 681 4202 Theodorus
704 4149 767 4202 ab
804 4150 1009 4220 Agnelli
1035 4152 1314 4207 calumniis
1340 4152 1680 4208 vindicatus-
1713 4153 1953 4211 Theodo-

446 4234 537 4272 rus
562 4220 818 4291 exarchas
851 4219 882 4273 ὰ
915 4219 1155 4291 Calliope
1195 4223 1450 4277 diversus.
1511 4223 1786 4279 Nonnulla
1816 4226 1957 4280 indi-

445 4298 563 4362 cata
606 4289 677 4362 ad
727 4289 1060 4362 disciplinam
1089 4289 1413 4362 spectantia,
1457 4302 1505 4347 et
1527 4293 1596 4347 ad
1637 4292 1956 4350 Ravennatis

444 4358 673 4428 episcopi
695 4358 1135 4435 autoceplzaliam.

446 4448 486 4502 l.
526 4448 656 4522 Qum
698 4450 958 4522 Agnellus
987 4454 1042 4508 in
1083 4453 1187 4508 hac
1236 4453 1506 4510 Theodori
1550 4455 1793 4522 episcopi
1826 4456 1949 4510 Vita

372 4520 608 4589 posteris
637 4520 926 4586 mandavit,
960 4522 1126 4577 refert
1155 4524 1468 4578 summatim
1501 4523 1581 4579 Ru

371 4606 495 4659 pag.
520 4589 626 4644 208
651 4630 664 4652 ,
705 4591 830 4645 inde
860 4593 1076 4662 subjicit
1118 4611 1130 4647 :
1183 4612 1201 4644 ι
1230 4593 1379 4651 Hanc
1410 4595 1690 4649 historiam
1722 4612 1787 4650 ex
1814 4589 1950 4651 Vitis

371 4661 751 4738 Ravennatnm
796 4661 1336 4738 archiepiscoporum
1372 4681 1403 4719 a
1439 4666 1596 4720 nobis
1623 4666 1947 4738 descriptam

372 4729 534 4806 facile
560 4729 752 4806 conjici
787 4729 997 4799 potest,
1042 4729 1153 4806 ιιιιῇ
1189 4750 1257 4790 ex
1284 4735 1370 4791 his
1399 4751 1520 4806 quae
1548 4737 1732 4790 caeteri
1761 4729 1951 4792 omnes

370 4800 682 4877 gravissimi
724 4804 1378 4877 auctorestradiderunt,
1417 4800 1563 4877 cum
1595 4822 1662 4861 ex
1714 4806 1828 4877 ipso
1873 4808 1951 4861 rei

373 4870 599 4946 merito,
637 4884 666 4922 a
699 4884 822 4946 vero
858 4872 1069 4946 longius
1108 4875 1385 4946 aberrare,
1429 4875 1497 4929 ab
1519 4870 1748 4946 ejusque
1768 4878 1952 4931 smculi

370 4938 685 5015 hominibus
712 4938 1182 5015 descriptam,qui
1212 4938 1525 5015 arrogantia
1546 4938 1815 5000 adversus
1848 4946 1951 5001 Ro-

373 5024 594 5086 manam
630 5009 933 5086 Ecclesiafn
958 5009 1259 5086 elatifeam
1288 5009 1680 5084 su'bjectionem
1709 5032 1851 5086 agre
1876 5015 1952 5071 fe—

372 5079 592 5154 rebant:
626 5077 758 5134 Nam
787 5077 1101 5137 Theodorus
1120 5083 1311 5154 fertur
1337 5077 1548 5139 summa
1592 5077 1790 5154 pietate
1820 5086 1951 5142 fuis-

373 5163 457 5225 s_e,
488 5155 543 5203 et
578 5147 632 5225 in
660 5165 925 5219 pauperes
951 5153 1509 5225 muniﬁcentissimns,
1541 5147 1741 5225 quique
1765 5172 1949 5210 sacer-

376 5216 561 5299 dolum
597 5216 967 5299 Ravennatem
995 5236 1172 5299 mores
1201 5223 1253 5277 in
1296 5233 1444 5279 tanta
1486 5216 1670 5280 reruni
1696 5226 1951 5299 omnium

376 5290 594 5344 licentia
625 5290 681 5344 in
713 5290 955 5347 deterius
992 5291 1262 5359 labentes,
1288 5308 1352 5350 ac
1375 5304 1660 5364 corruptos
1689 5294 1835 5363 justa
1865 5311 1950 5351 se-

1656 4541 1718 4580 us
1742 4527 1836 4581 lib.
1875 4542 1948 4592 IV,
1979 4560 2031 4618 D

1656 4611 1688 4618 ...
1726 4612 1784 4618 λ-.
1814 4596 1947 4618 una-

2058 3269 2237 3343 itaque
2257 3269 2518 3343 incertam
2541 3286 2797 3341 agnosco,
2821 3269 3117 3343 labensque
3141 3269 3316 3343 fateor
3335 3271 3481 3340 quod
3501 3272 3636 3326 alias

2058 3341 2290 3411 semper,
2323 3342 2729 3411 apudnostrum
2766 3341 3080 3411 monasterii
3096 3341 3313 3395 nomine
3335 3343 3633 3398 oratorium

2057 3410 2280 3482 intelligi
2304 3425 2481 3481 posse,
2507 3410 2647 3482 apud
2671 3425 2831 3480 quem
2871 3410 3175 3482 Reparatus
3215 3411 3631 3477 ministraverit,

2056 3482 2198 3537 unde
2222 3479 2289 3535 ad
2304 3479 3018 3551 episcopatum’assumptus
3032 3479 3223 3551 il‘uerit.

2128 3553 2213 3607 lll.
2254 3548 2414 3606 Plura
2443 3548 2520 3606 ex'
2552 3551 2654 3605 hac
2696 3548 2962 3605 Theodori
2997 3550 3121 3605 Vita
3148 3557 3441 3619 excerpent
3468 3548 3635 3605 lecto-

2058 3637 2145 3677 res
2171 3621 2237 3675 ad
2264 3621 2560 3691 disciplina:
2600 3634 2776 3691 mores
2805 3620 3105 3688 spectantia
3123 3659 3139 3684 ,
3177 3618 3338 3691 veluti
3366 3620 3634 3691 rationein

2059 3691 2367 3747 reddituum
2402 3687 2906 3760 'ecclesiasticortim
2972 3687 3400 3760 erogandorum,
3456 3687 3630 3744 ofﬁcia

2058 3761 2534 3844 archipresbyteri,
2549 3759 2913 3843 archidiaconi
2924 3759 3278 3844 ,nno‘ta’riiqne,
3310 3759 3634 3844 solemnium

2058 3829 2349 3888 missarum
2377 3829 2440 3886 in
2467 3831 2754 3901 praecipuis
2780 3830 2907 3885 anni
2936 3829 3092 3901 festis
3115 3829 3546 3901 indicendarum,
3580 3839 3638 3885 et

2057 3898 2489 3973 peragendaruni
2514 3898 2854 3973 methodum,
2873 3900 3113 3973 et_plura_
3130 3900 3215 3973 his
3241 3898 3439 3973 similia
3452 3939 3472 3973 _,
3515 3916 3638 3973 quat

2058 3969 2313 4027 enarrare
2343 3970 2670 4042 superﬂuum
2698 3979 2799 4026 est.
2836 3970 2894 4025 ln
2924 3969 3189 4025 Joannicii
3219 3969 3385 4024 etiam
3409 3969 3636 4042 historia

2056 4042 2306 4110 publicus
2330 4038 2655 4096 exarcbatus
2696 4041 2973 4106 notarius,
3024 4054 3132 4110 quo
3159 4053 3383 4110 munere
3413 4038 3638 4110 illustris

2058 4108 2221 4175 esset,
2249 4110 2690 4180 deprehenditur.
2748 4110 3016 4166 Cteterum
3043 4108 3121 4165 'de
3157 4109 3348 4165 eodem
3374 4108 3491 4163 viro
3517 4118 3639 4178 aget

2058 4179 2482 4253 Agnellus’infra
2511 4180 2566 4234 in
2592 4180 2713 4235 Vita
2740 4180 2958 4253 Felicis,
2980 4180 3246 4248 addetque
3272 4180 3637 4253 quaeadejns

2059 4248 2467 4320 cognationem,
2513 4265 2683 4320 genus
2715 4251 3029 4320 obitumque
3061 4248 3327 4320 spectant.
3384 4248 3511 4320 Illud
3545 4250 3639 4302 oh-

2059 4318 2264 4377 servari
2305 4318 2541 4375 meretur
2585 4335 2697 4389 prze
2736 4318 2959 4375 caateris’
2999 4318 3372 4374 Ravennatem
3426 4318 3629 4373 clerum

2060 4405 2339 4462 assensum
2363 4398 2651 4460 prtestasse
2668 4431 2682 4455 ,
2701 4398 2778 4462 aut
2792 4406 2916 4462 cum
2944 4397 3202 4462 ageretur
3223 4390 3291 4444 de
3319 4400 3636 4462 controver-

2059 4461 2140 4515 sia
2166 4459 2310 4525 ﬁdei,
2339 4459 2481 4531 qum,
2510 4459 3002 4531 monotbelitarum'
3015 4461 3207 4515 haeresi
3242 4459 3481 4531 nondpm
3512 4473 3638 4528 pro-
3718 4514 3727 4519 ,

2058 4539 2225 4586 strata
2247 4571 2262 4595 ,
2301 4528 2371 4584 in'
2397 4529 2691 4585 discrimen
2718 4532 3031 4595 vocabatur,
3063 4528 3643 4600 episcopusARomanze

2057 4600 2263 4681 synodo
2306 4608 2531 4681 vocatus
2574 4600 2814 4681 adesset,
2847 4601 3024 4681 _quod‘
3048 4597 3495 4681 ipsum‘profectp
3526 4605 3645 4652 erat

2057 4668 2499 4741 rationeisynodi
2544 4668 2930 4741 autocephaliie
2976 4668 3380 4741 abrenuntiare.
3434 4668 3638 4741 Verum

2058 4740 2230 4810 potuit
2270 4738 2384 4795 ﬁeri
2432 4748 2491 4794 ut
2535 4738 2820 4810 episcopus
2856 4756 2915 4796 se
2958 4740 3139 4794 vocari
3179 4740 3413 4810 diceret,
3458 4738 3543 4792 vel
3588 4749 3643 4791 ut

2059 4808 2211 4864 extra
2253 4811 2512 4881 synodum
2549 4808 2879 4875 Romanam,
2921 4809 3004 4863 vel
3045 4809 3097 4862 in
3130 4808 3621 4881 generaliimcume

2060 4876 2294 4949 nicaque
2318 4880 2557 4950 cogenda
2602 4896 2689 4935 res
2730 4889 3011 4950 ageretur;
3045 4876 3271 4947 utroque
3306 4879 3451 4950 enim
3486 4876 3628 4929 modi

2058 4947 2321 5020 potuisset
2367 4947 2575 5020 adesse,
2630 4965 2737 5005 non
2768 4947 2837 5020 ἰιι
2872 4949 3131 5020 Romano»
3153 4947 3511 5020 metropolita:
3547 4960 3613 5012 pa

2058 5016 2363 5075 iriarchove
2402 5018 2683 5083 subditus,
2735 5019 2829 5074 sed
2858 5019 2935 5072 nti
2986 5017 3298 5085 acephalus.
3337 5016 3432 5071 llis
3455 5029 3639 5069 assen~

2060 5090 2228 5143 tiente
2272 5088 2454 5153 clero,
2507 5089 2827 5144 Theodorus
2890 5103 2949 5143 se
3008 5086 3413 5156 Ecclesiamque
3459 5099 3634 5156 suam.

2057 5158 2202 5228 quod
2229 5158 2405 5213 clerus
2436 5157 2720 5223 noluisset,
2751 5157 2996 5213 Romano
3024 5155 3292 5227 pontiﬁci,
3326 5153 3395 5209 'et
3423 5153 3612 5228 ordina

2061 5224 2223 5282 tionis
2251 5239 2307 5282 et
2338 5228 2540 5297 synodi
2579 5230 2810 5291 ratione,
2854 5224 3136 5289 submisit,
3171 5238 3227 5280 et
3254 5224 3644 5295 autocephalia:

2060 5313 2233 5364 nuper
2260 5314 2291 5352 a
2329 5296 2513 5353 Mauro
2535 5313 2633 5367 per
2657 5298 2902 5353 fraudem
2928 5299 3163 5354 obtenta:
3186 5297 3537 5351 renuntiavit.
