3936 6180
398 412 487 470 θοι
1103 407 1394 464 AGNELLI
1431 406 1721 463 ABBATIS
1757 407 1813 462 S.
1857 405 1951 460 MA

2053 403 2096 457 Ε
2135 405 2225 457 AD
2264 400 2736 467 BLACHERNAS,
2777 400 2926 457 ETC.

3544 406 3644 463 699.

414 554 3225 580 Mm

1600 705 1843 785 VITA
1914 706 2390 784 DAMIANI.

896 925 1125 983 CAPUT
1161 923 1448 982 PRIMUM.

389 1016 533 1081 Puer
558 1021 628 1076 ad
668 1029 825 1076 vitam
865 1027 1156 1089 revocatur,
1195 1018 1285 1089 qui
1322 1018 1600 1072 chrismate
1621 1018 1960 1089 consignatus

511 1091 684 1147 denuo
710 1090 835 1145 obit.
872 1087 1183 1143 Joannicius
1208 1086 1504 1142 Ravennam
1532 1086 1818 1143 revertitur.

452 1205 749 1262 Damianus
775 1201 1039 1258 XXXVII.
1075 1201 1231 1256 Brevi
1255 1215 1509 1270 corpore,
1540 1215 1647 1255 non
1679 1201 1811 1257 satis
1841 1201 1961 1273 pin-

382 1297 526 1368 guis,
556 1309 624 1352 ex
656 1296 763 1351 isto
792 1294 941 1359 ovili,
978 1299 1326 1348 consecratus
1354 1289 1570 1357 Remm,
1601 1292 1821 1348 humilis
1858 1293 1957 1349 lio-

386 1402 496 1454 uno,
521 1396 854 1452 mansuetus,
880 1394 938 1442 et
962 1385 1103 1456 pius.
1136 1384 1213 1439 Eo
1235 1391 1453 1455 regente
1481 1384 1818 1449 cathedram,
1847 1400 1957 1439 ma-

383 1496 487 1555 gna
522 1484 677 1552 quies
702 1482 756 1537 in
779 1477 1151 1538 sacerdotibus
1179 1488 1237 1535 et
1258 1477 1454 1549 populo
1482 1477 1601 1540 fuit,
1635 1477 1774 1532 sicut
1805 1478 1961 1534 nobis

385 1577 707 1632 vetustiores
728 1574 1044 1632 retulerunt.
1081 1569 1298 1628 Audite.
1338 1570 1576 1642 Contigit
1602 1584 1668 1625 eo
1694 1578 1957 1640 tempore,

382 1668 523 1722 sicut
550 1680 776 1721 narrare
804 1662 1017 1728 audivi,
1045 1661 1198 1717 venit
1227 1660 1473 1730 quzedam
1499 1659 1693 1715 mulier
1720 1676 1843 1715 cum
1873 1660 1958 1715 ln-

382 1756 528 1813 fante
576 1754 839 1827 parvulo,
886 1761 948 1808 ut
987 1751 1231 1823 pontifex
1276 1750 1537 1821 Spiritum
1574 1758 1821 1805 sanctum
1860 1765 1960 1820 per

381 1858 637 1902 manuum
667 1844 1069 1915 impositionem
1104 1852 1160 1898 et
1190 1842 1501 1897 unctionem
1531 1842 1839 1898 chrismatis
1865 1843 1958 1897 da-

360 1945 496 2003 'ret;
527 1937 617 1993 ille
658 1951 788 1991 vero
836 1935 1180 1991 tondebatur.
1231 1933 1558 2005 Manipulum
1584 1948 1816 2004 namque
1841 1933 1958 2003 ejus

382 2026 635 2083 dixerunt
678 2026 889 2080 mulieri
929 2044 940 2083 :
978 2026 1215 2095 Expecta
1260 2024 1431 2079 donec
1484 2024 1791 2079 tondeatur.
1861 2025 1956 2081 llla

380 2125 558 2171 autem
607 2116 1007 2171 vociferabatur
1054 2115 1238 2170 dicens
1276 2129 1292 2168 :
1341 2113 1461 2169 Oh!
1496 2121 1694 2183 quanta
1724 2116 1952 2181 insania,

381 2206 512 2264 viri!
561 2207 703 2263 Puer
732 2206 980 2271 moritur,
1020 2216 1075 2261 et
1117 2221 1225 2261 non
1255 2205 1417 2261 vultis
1448 2204 1736 2263 subvenire
1761 2208 1956 2263 animas

1988 934 2037 991 Α
2063 927 2196 982 sulis
2227 926 2558 997 temporibus
2579 926 2634 980 in
2656 926 2758 981 hac
2780 925 3069 982 seminavit
3097 928 3335 985 civitate.
3370 929 3428 986 ln
3450 934 3645 1004 priscis

2063 1033 2193 1089 ergo
2224 1018 2558 1087 temporibus
2597 1016 2930 1072 consuetudo
2971 1026 3089 1073 orta
3128 1018 3262 1083 fuit,
3296 1036 3469 1092 usque
3499 1041 3644 1081 nunc

2065 1110 2189 1165 talis
2216 1109 2519 1172 horrenda,
2568 1116 2625 1162 et
2668 1107 2933 1173 cavenda,
2974 1117 3031 1164 et
3077 1109 3413 1168 detrahenda
3450 1115 3641 1186 iniqua

2064 1199 2181 1263 fuit,
2217 1208 2272 1255 et
2298 1207 2577 1269 permanet
2605 1213 2778 1269 usque
2818 1215 2981 1254 nunc.
3027 1199 3124 1256 Die
3156 1202 3306 1257 omni
3339 1204 3641 1271 Dominieo,

2062 1290 2147 1346 vel
2178 1290 2545 1360 apostolorum
2593 1290 2705 1354 die,
2732 1289 3118 1345 Ravennenses
3147 1292 3294 1348 cives
3330 1309 3438 1349 non
3469 1295 3643 1351 solum

2061 1379 2298 1434 illustres
2325 1418 2341 1445 ,
2390 1380 2485 1434 sed
2529 1379 2778 1433 homines
2810 1377 3037 1433 diversa;
3067 1380 3246 1435 artatis
3277 1379 3509 1450 juvenes
3530 1423 3548 1447 ,
3590 1394 3646 1440 et

2060 1470 2296 1539 ephmbi,
2328 1469 2666 1533 mediocres,
2708 1476 2765 1523 et
2810 1467 3053 1537 parvuli,
3104 1469 3400 1539 promiscui
3442 1486 3643 1539 sexus,

2061 1571 2121 1618 ut
2151 1562 2405 1627 diximus,
2457 1568 2578 1631 post
2625 1558 2971 1615 refectionem
3017 1574 3115 1630 per
3164 1560 3408 1618 diversas
3452 1574 3644 1633 portas

2059 1652 2393 1724 aggregatim
2423 1650 2759 1723 egredientes
2799 1650 2865 1704 ad
2905 1666 3141 1722 pugnam
3175 1653 3496 1722 procedunt.
3539 1654 3645 1710 De-

2059 1742 2147 1797 liri
2182 1751 2239 1797 et
2288 1740 2495 1796 insani!
2525 1740 2742 1810 quando
2785 1739 2903 1794 sine
2947 1754 3110 1795 causa
3153 1755 3215 1797 se
3263 1742 3429 1798 morti
3474 1741 3645 1812 subji-

2059 1833 2226 1888 ciunt.
2282 1830 2520 1902 Contigit
2569 1845 2657 1897 eo,
2705 1838 2767 1884 ut
2804 1830 3075 1895 diximus,
3121 1839 3390 1901 tempore,
3444 1840 3507 1887 ut
3554 1833 3646 1888 Ti-

2008 1942 2014 1949 ·
2058 1922 2331 1996 guriensis
2387 1929 2542 1992 porta
2598 1920 2761 1976 iniret
2826 1927 3103 1976 certamen
3155 1936 3280 1976 cum
3328 1920 3642 1987 Pusterula,

2058 2028 2179 2084 qua:
2216 2021 2437 2068 vocatur
2476 2027 2722 2067 summus
2777 2009 2975 2074 Vicus,
3006 2011 3161 2081 juxta
3211 2012 3413 2069 fossam
3457 2013 3646 2069 Lami-

2051 2119 2196 2160 sem.
2233 2103 2335 2170 Qui
2371 2102 2599 2174 ingressi
2646 2101 2700 2156 in
2741 2101 2917 2171 prima
2957 2100 3136 2156 fronte
3177 2117 3208 2155 a
3249 2101 3636 2161 fundibulariis

2060 2196 2287 2252 insecuti
2313 2236 2328 2263 ,
2370 2205 2517 2266 terga
2564 2192 2975 2249 Pusterulenses
3019 2193 3305 2249 dederunt.
3361 2194 3650 2265 Tigurien-

378 2296 691 2366 procedenti
714 2337 728 2362 ,
758 2310 936 2365 neque
961 2295 1241 2360 nunciam,
1287 2304 1342 2350 et
1363 2310 1465 2367 ego
1496 2297 1685 2352 taceo?
1713 2296 1950 2364 Currite,
1985 2284 2029 2344 Β
2057 2303 2145 2343 808
2188 2302 2318 2342 vero
2366 2301 2461 2342 eos
2515 2286 2861 2355 insequentes
2920 2284 3087 2339 multa
3145 2293 3459 2340 straverunt
3519 2302 3647 2342 cor-

377 2383 541 2441 diclte
570 2384 787 2440 domino
807 2383 1069 2454 pontifici,
1099 2392 1157 2437 ut
1184 2384 1465 2455 conslgnet
1486 2384 1630 2439 hunc
1649 2385 1951 2454 parvulum,

376 2474 505 2543 quia
546 2475 602 2529 in
633 2474 890 2530 extremis
931 2480 1047 2537 est,
1098 2481 1388 2542 antequam
1422 2470 1705 2539 moriatur,
1743 2489 1811 2529 ne
1835 2483 1957 2546 post

380 2563 540 2620 funus
559 2564 710 2635 pueri
742 2563 889 2619 noxii
915 2564 1225 2619 teneamini.
1267 2564 1376 2619 Illis
1404 2575 1585 2619 autem
1607 2566 1955 2635 abeuntibus,

376 2664 432 2710 et
460 2670 670 2710 moram
701 2653 1043 2720 facientibus,
1069 2662 1314 2710 mortuus
1343 2663 1427 2710 est
1461 2670 1616 2726 puer.
1657 2656 1809 2714 Tunc
1838 2674 1959 2714 mu-

376 2744 477 2804 lier
519 2747 681 2817 carpit
725 2744 1026 2803 vociferare
1049 2786 1065 2812 ,
1107 2755 1163 2800 et
1194 2748 1405 2819 magnis
1435 2749 1657 2805 vocibus
1695 2749 1952 2819 clamare,

376 2840 759 2909 theatrumque
780 2837 1043 2904 excitare,
1066 2846 1121 2894 et
1144 2838 1454 2911 plangorem
1484 2841 1780 2898 tubicinum
1808 2860 1958 2915 spar-

376 2929 537 3000 gebat
565 2929 620 2984 in
641 2927 850 2997 vulgus.
900 2927 1140 2985 Audiens
1168 2931 1283 2986 bare
1311 2930 1552 3000 pontifex
1588 2934 1751 3004 coepit
1784 2935 1954 2991 inter-

375 3032 569 3090 rogare
594 3019 722 3088 quid
746 3020 848 3074 hoc
879 3019 1057 3075 esset?
1092 3019 1160 3074 Et
1193 3019 1270 3075 illi
1306 3020 1550 3077 volentes
1578 3023 1834 3095 obtegere
1858 3025 1957 3080 hu-

368 3104 460 3180 jus
488 3107 633 3163 facta
674 3108 786 3173 rei,
836 3117 1084 3164 avertere
1138 3109 1450 3177 pontiﬁcem
1494 3111 1563 3167 ab
1603 3111 1717 3180 ira,
1759 3120 1815 3168 et
1848 3129 1953 3169 non

373 3207 683 3270 potuerunt.
722 3198 913 3254 Mulier
939 3214 1068 3255 vero
1091 3200 1415 3255 exclamavit
1448 3219 1460 3253 :
1487 3200 1627 3257 Ecce
1653 3203 1837 3259 multis
1867 3205 1957 3260 hic

373 3298 583 3348 morata
611 3306 729 3345 sum
761 3291 933 3356 boris,
957 3298 1012 3345 et
1036 3291 1215 3346 nullus
1242 3293 1503 3347 nunciare
1528 3293 1697 3349 voluit
1735 3310 1802 3350 ex
1848 3296 1954 3353 tuis

373 3388 433 3443 ut
479 3380 826 3457 consignares
869 3392 1127 3448 puerum;
1172 3380 1334 3435 modo
1363 3395 1494 3435 vero
1529 3381 1708 3436 anima
1738 3398 1842 3439 non
1870 3394 1955 3440 est

374 3470 430 3527 in
456 3485 543 3525 eo.
592 3468 803 3539 Corpus
826 3477 1097 3524 mortuum
1126 3470 1397 3540 quomodo
1425 3479 1603 3539 potest
1626 3473 1952 3542 paraclitum

368 3560 649 3630 suscipere
695 3560 957 3630 Spiritum
1009 3561 1293 3615 sanctum?
1349 3561 1429 3615 Tu
1473 3562 1697 3630 videris,
1749 3567 1952 3635 optime

2054 2392 2188 2448 pora
2240 2378 2437 2442 humo,
2478 2384 2533 2432 et
2580 2384 2847 2431 venerunt
2901 2375 2969 2429 ad
3023 2375 3335 2446 praedictam
3383 2377 3651 2433 Pusteru-

2058 2468 2187 2532 lam,
2238 2468 2581 2523 minaverunt
2630 2467 2900 2522 residuum
2950 2466 3109 2532 infra,
3148 2475 3204 2522 et
3257 2466 3645 2538 confregerunt

2058 2556 2320 2622 molcbos,
2348 2568 2403 2611 et
2454 2571 2655 2623 serras,
2685 2564 2743 2612 et
2787 2571 2909 2610 cum
2941 2557 3167 2611 victoria
3194 2557 3248 2612 in
3279 2574 3408 2612 suas
3435 2560 3641 2613 reversi

2057 2655 2188 2703 sunt
2237 2648 2446 2721 domos.
2484 2648 2551 2703 Et
2584 2656 2709 2718 post
2739 2647 2856 2703 dies
2904 2657 3050 2715 octo,
3104 2649 3193 2703 die
3236 2648 3525 2705 Dominieo
3574 2666 3641 2705 ex

2056 2748 2289 2804 utraque
2340 2741 2545 2811 egressi
2585 2749 2713 2796 sunt
2738 2748 2917 2811 porta,
2941 2749 2997 2797 et
3016 2740 3225 2811 parvuli
3258 2758 3385 2797 cum
3429 2744 3639 2800 modica

2055 2829 2325 2894 orbitella,
2361 2831 2502 2886 sicut
2532 2847 2651 2887 mos
2694 2840 2817 2887 erat
2859 2831 3097 2898 illorum,
3148 2832 3339 2889 relicto
3384 2832 3532 2901 ludo,
3561 2836 3638 2890 ir-

2055 2929 2279 2977 ruentes
2307 2922 2451 2977 inter
2478 2937 2537 2977 se
2564 2938 2687 2977 cum
2723 2922 2931 2978 baculis
2980 2938 3076 2979 sua
3100 2924 3278 2993 capita
3318 2918 3637 2996 fregerunt;

2056 3011 2144 3065 alii
2176 3026 2306 3067 vero
2331 3027 2391 3067 se
2418 3011 2819 3068 interficiebant
2842 3013 3029 3083 procul
3071 3014 3342 3080 manibus,
3367 3023 3422 3070 et
3449 3017 3638 3072 missili

2057 3117 2228 3169 saxo;
2259 3103 2352 3158 alii
2382 3104 2587 3175 mugitu
2627 3103 3017 3173 rumbolorum,
3074 3106 3254 3161 territi
3297 3122 3397 3176 per
3412 3108 3636 3176 diversa

2056 3188 2336 3261 fugiebant
2359 3172 2514 3259 locai;
2547 3191 2637 3246 alii
2663 3206 2791 3248 vero
2839 3194 2967 3250 hinc
2991 3204 3047 3250 et
3069 3195 3196 3250 inde
3224 3172 3638 3266 iudutijuveni-

2057 3280 2197 3337 libus
2225 3283 2394 3338 armis
2441 3291 2631 3338 contra
2687 3299 2816 3339 suos
2840 3293 3052 3357 strages
3079 3285 3366 3342 mittebant
3403 3304 3637 3355 coaevos,

2056 3382 2112 3429 et
2144 3389 2253 3430 non
2297 3384 2415 3431 erat
2439 3374 2547 3430 ulla
2594 3376 2830 3445 requies,
2862 3377 3098 3448 undique
3134 3379 3293 3449 vulgo
3329 3381 3637 3437 cadentium

2053 3464 2231 3535 gladio
2258 3481 2324 3521 ex
2350 3465 2644 3521 Pusterulze
2671 3476 2825 3536 parte
2851 3468 3049 3523 mortui
3083 3478 3246 3534 sunt;
3282 3470 3375 3525 alii
3401 3486 3640 3542 namque

2055 3555 2297 3611 semivivi
2326 3556 2521 3622 relicti,
2548 3564 2603 3610 et
2622 3557 2827 3614 calidus
2855 3556 3057 3614 ﬂuebat
3082 3563 3412 3631 sanguineus
3443 3562 3510 3617 de
3537 3579 3637 3633 pe-

373 3650 591 3728 prtesul.
632 3649 786 3706 Tunc
820 3650 1094 3721 accipiens
1116 3650 1357 3722 pontifex
1381 3652 1436 3706 in
1458 3652 1613 3708 ulnas
1645 3670 1771 3711 suas
1798 3657 1949 3712 valde

2054 3654 2203 3702 ctore
2233 3648 2419 3714 rivus;
2446 3656 2501 3703 et
2526 3647 2616 3702 alii
2642 3657 2819 3715 erant,
2847 3665 3078 3719 quorum
3113 3665 3209 3706 ore
3235 3661 3422 3721 aperto
3445 3668 3637 3708 mana-

372 3757 617 3813 gemens,
647 3750 703 3797 et
743 3743 876 3798 flens
920 3742 1196 3814 ingressus
1229 3751 1311 3798 est
1347 3751 1471 3813 post
1508 3746 1748 3802 absidam
1782 3749 1952 3805 eccle-

372 3833 489 3898 siae,
514 3832 916 3903 prostravitque
955 3847 1015 3887 se
1050 3848 1176 3887 cum
1202 3848 1267 3888 eo
1294 3847 1500 3902 pronus
1532 3834 1587 3889 in
1619 3844 1763 3891 terra
1795 3835 1947 3899 ﬂens.

371 3931 429 3977 et
452 3937 618 3979 orans
656 3922 960 3977 diutissime
994 3922 1268 3977 caelestem
1308 3922 1591 3978 Dominum
1626 3924 1948 3981 invocando.

374 4011 453 4076 Eo
480 4022 660 4079 autem
691 4022 882 4069 orante
907 4028 1122 4068 reversa
1152 4024 1235 4068 est
1263 4014 1443 4069 anima
1467 4015 1619 4083 pueri
1656 4016 1710 4070 in
1741 4017 1952 4072 viscera

372 4100 508 4176 ejus,
537 4113 592 4159 et
622 4106 950 4173 consignatis
974 4120 1099 4159 eum
1122 4104 1304 4160 emisit
1326 4105 1597 4174 spiritum.
1623 4107 1699 4163 Eo
1720 4123 1952 4178 namque

375 4206 618 4266 tempore
648 4211 899 4252 reversus
932 4205 1015 4252 est
1036 4197 1326 4267 praadictus
1350 4197 1666 4255 Joannicius
1690 4200 1952 4256 Constan-

377 4287 597 4358 tinopoli
631 4286 966 4355 Ravennam,
1000 4296 1055 4342 et
1084 4287 1278 4343 claruit
1310 4286 1427 4358 ejus
1454 4291 1720 4360 sapientia
1750 4291 1802 4346 in
1838 4301 1948 4347 tota

373 4375 549 4443 Italia.

1002 4469 1229 4527 CAPUT
1264 4469 1328 4524 ll.

381 4560 701 4627 Ravennates
726 4561 856 4614 cives
878 4576 1182 4615 consuevere
1204 4560 1338 4614 inter
1357 4577 1410 4630 se
1430 4558 1684 4630 pra'liari.
1714 4559 1948 4616 Factiosi

444 4634 508 4685 ab
536 4631 678 4701 urbis
694 4632 854 4701 portis
878 4647 1064 4685 nomen
1092 4631 1338 4701 mutuati.
1374 4628 1553 4701 Credas
1577 4630 1761 4701 ingens
1778 4633 1947 4685 homi-

446 4717 592 4762 num,
615 4698 735 4754 inde
768 4700 941 4771 plures
967 4700 1250 4771 proditorie
1287 4698 1494 4753 etclam
1516 4698 1693 4754 occisi.
1737 4700 1946 4755 Indicia

443 4771 652 4892 pubIIictt
693 4768 842 4841 prece
883 4768 1090 4823 sceleris
1144 4781 1384 4824 auctores
1432 4771 1661 4837 inventi,
1709 4781 1755 4825 et
1796 4788 1946 4841 pwnn

443 4858 529 4892 mu
556 4850 673 4892 tan.
968 4850 972 4853 '

443 4840 673 4897 multati.
698 4840 701 4841 ⁷
968 4850 972 4853 ·

440 4930 549 4985 Nos
579 4944 725 4993 vero,
764 4927 983 4994 fratres,
1012 4944 1225 4999 semper
1253 4930 1308 4984 in
1336 4930 1581 4986 excubiis
1598 4945 1784 4985 sumus
1805 4930 1944 4985 sicut

371 5021 571 5079 milites
600 5021 652 5075 in
694 5021 1002 5089 procinctu;
1058 5029 1116 5075 et
1154 5021 1371 5089 quando
1415 5020 1801 5088 omnipotentis
1848 5020 1941 5095 Dei

371 5114 541 5169 nostri
575 5113 832 5168 miracula
861 5112 1130 5174 audimus,
1162 5110 1519 5181 gratulamur,
1547 5112 1670 5181 quia
1694 5112 1944 5181 dignatus

372 5211 455 5258 est
477 5203 719 5258 labentes
746 5202 812 5257 ad
838 5216 1061 5271 regnum
1089 5202 1317 5271 erigere.
1360 5200 1426 5259 Et
1455 5200 1673 5269 quando
1697 5202 1946 5261 audimus

372 5294 644 5353 diabolum
694 5293 925 5361 aliquem
970 5291 1181 5353 laedere,
1229 5301 1283 5344 et
1321 5291 1433 5345 suis
1469 5291 1676 5360 laqueis
1705 5292 1938 5356 irretire,

368 5382 665 5446 tristamur,
696 5382 820 5449 quia
847 5388 1038 5450 captus
1065 5379 1152 5434 ille
1188 5396 1292 5435 non
1322 5381 1549 5435 certavit
1571 5380 1786 5437 fortiter
1805 5399 1939 5437 ροη-

371 5479 452 5531 lra
485 5472 804 5527 invisibilem
848 5472 1076 5526 hostem.
1119 5471 1229 5525 Sed
1270 5479 1447 5526 tamen
1476 5472 1652 5526 nullus
1686 5475 1946 5529 adversus

368 5577 492 5618 eum
522 5565 779 5621 dimicare
805 5563 1024 5634 poterit,
1052 5562 1155 5617 nisi
1185 5562 1390 5617 caelesti
1418 5562 1579 5617 fuerit
1606 5564 1793 5636 clypeo
1827 5582 1943 5619 mu-

369 5654 537 5715 nitus.
574 5655 665 5709 llle
702 5657 1106 5725 tergiversator,
1152 5664 1211 5708 ut
1247 5655 1338 5723 qui
1387 5672 1445 5711 se
1484 5656 1780 5711 altissimus
1817 5673 1938 5712 esse

370 5740 562 5805 voluit,
583 5752 638 5795 ct
665 5743 855 5796 Filium
881 5743 973 5797 Dei
1008 5745 1215 5797 derisit.
1240 5743 1296 5798 Si
1332 5760 1438 5798 non
1468 5760 1563 5799 vos
1600 5754 1744 5799 stare
1771 5747 1935 5815 piget,

369 5831 599 5895 audietis
626 5831 800 5906 qualia
845 5846 953 5886 suae
987 5833 1293 5889 calliditatis
1319 5849 1485 5905 Opera
1527 5835 1583 5892 in
1621 5835 1775 5891 istius
1805 5851 1939 5906 prte-

1972 4982 2021 5041 D

2054 3738 2147 3792 bat
2207 3753 2396 3794 roseus
2454 3740 2709 3810 sanguis;
2755 3740 3019 3815 multique
3069 3756 3137 3796 ex
3183 3742 3428 3810 corporis
3477 3743 3634 3815 plaga

2053 3826 2414 3899 largissimum
2472 3828 2769 3884 fundebant
2827 3813 3099 3896 cruorem,
3172 3847 3376 3902 oreqne
3433 3813 3633 3889 terrain

2053 3918 2356 3982 mordente,
2403 3919 2655 3989 spiritum
2702 3920 3051 3975 exhalabant.
3089 3921 3423 3991 Quicumque
3447 3938 3580 3978 vero
3603 3939 3634 3978 a

2053 4010 2167 4065 suis
2215 4010 2459 4065 hostibus
2517 4009 2737 4081 petebat
2785 4011 2973 4078 vitam,
3025 4014 3249 4068 dicens:
3286 4014 3396 4068 lien
3427 4015 3634 4080 anima,

2051 4098 2230 4152 anima
2265 4099 2412 4153 mea!
2445 4101 2696 4155 cessabat
2732 4100 2889 4168 ictus,
2919 4112 2972 4156 et
2999 4118 3106 4157 non
3153 4104 3520 4159 occidebatur.
3554 4105 3632 4161 Ita

2051 4199 2108 4247 et
2127 4207 2290 4258 nunc,
2322 4192 2413 4261 qui
2444 4208 2501 4247 se
2531 4192 2752 4248 conﬁdit
2801 4210 2909 4249 non
2958 4195 3115 4259 mori,
3146 4204 3201 4251 et
3234 4196 3402 4251 vitam
3435 4199 3633 4254 anime

2049 4281 2301 4351 postulat,
2334 4282 2520 4337 sinunt
2547 4298 2668 4337 eum
2698 4284 2897 4350 vivere,
2924 4293 2980 4339 et
3002 4285 3143 4339 ultra
3169 4302 3275 4341 non
3303 4289 3625 4356 percutitur.

2050 4372 2323 4442 Factaque
2374 4381 2457 4429 est
2487 4373 2640 4446 plaga
2693 4390 2889 4444 magna
2934 4376 2989 4429 in
3038 4376 3256 4446 regione
3297 4378 3403 4442 illa,
3450 4379 3628 4449 qualis

2050 4481 2157 4521 non
2215 4464 2317 4519 fuit
2343 4466 2630 4537 aliquando
2660 4467 2909 4536 apriscis
2955 4469 3309 4538 temporibus,
3343 4484 3505 4539 quam
3537 4486 3625 4525 se-

2050 4558 2231 4613 niores
2281 4560 2451 4615 nostri
2508 4573 2807 4615 memorare
2851 4561 3171 4631 potuissent.
3205 4563 3346 4618 Ecce
3396 4563 3630 4634 perditio

2046 4648 2219 4717 prima
2250 4649 2305 4703 in
2328 4634 2547 4720 regione
2573 4649 2681 4714 illa,
2714 4659 2769 4705 et
2789 4650 2985 4716 luctus,
3015 4661 3071 4707 et
3098 4668 3197 4707 vae.
3224 4652 3473 4709 Secunda
3499 4669 3626 4709 vero

2046 4738 2298 4808 perditio,
2326 4747 2380 4792 et
2409 4740 2775 4811 interemptio,
2807 4741 3043 4795 maxima
3064 4741 3379 4798 lamentatio
3406 4752 3507 4798 est.
3531 4742 3623 4797 llis

2048 4827 2228 4897 itaque
2280 4828 2447 4899 gestis
2498 4837 2616 4898 post
2649 4830 2747 4885 has
2798 4838 3009 4902 strages
3037 4833 3245 4889 modica
3293 4836 3453 4904 quies
3501 4834 3619 4889 fuit.

2049 4919 2301 4975 Diabolus
2336 4935 2467 4974 vero
2496 4921 3004 4989 perniciosissimus,
3057 4933 3113 4979 et
3141 4924 3429 4980 invisibilis
3455 4925 3622 4980 hostis

2047 5011 2259 5067 invidus
2291 5012 2474 5083 generi
2528 5013 2762 5066 humano
2815 5014 3110 5070 stimulavit
3155 5016 3617 5073 Pusterulensium

2047 5103 2231 5167 corda,
2260 5111 2315 5157 et
2337 5104 2490 5174 quasi
2520 5103 2642 5173 quis
2671 5105 2868 5159 ostium
2895 5105 3139 5176 pulsans,
3168 5107 3247 5162 sic
3277 5122 3469 5164 eorum
3490 5124 3621 5178 quo-

2047 5195 2175 5249 tidie
2206 5195 2500 5264 praecordia
2554 5196 2873 5261 urebantur,
2903 5196 3160 5266 irritoque
3184 5213 3375 5253 omnes
3396 5199 3614 5254 consilio

2046 5284 2277 5354 qualiter
2312 5295 2532 5353 possent
2568 5285 2915 5357 Tigurienses
2965 5288 3112 5343 viros
3140 5290 3297 5360 morti
3328 5288 3613 5358 subjicere,

2044 5385 2098 5431 et
2134 5375 2371 5430 funditus
2423 5377 2719 5431 cradicare.
2766 5377 2917 5431 Tunc
2942 5380 3311 5449 unusquisque
3363 5380 3504 5435 dixit
3550 5380 3612 5434 ad

2043 5474 2371 5533 compatrem
2401 5479 2555 5519 suum
2584 5474 2638 5520 et
2672 5467 3111 5521 contubernalem
3142 5469 3378 5523 amicum
3413 5487 3426 5521 :
3466 5465 3614 5536 Quod

2046 5554 2229 5626 [Quid]
2257 5544 2431 5609 adhuc
2462 5554 2616 5608 nobis
2641 5555 2749 5609 vita
2772 5555 2795 5607 ?
2826 5556 2961 5611 Ecce
2989 5573 3176 5612 omnes
3198 5558 3373 5613 socios
3403 5567 3610 5613 nostros

2044 5647 2385 5716 Tigurienses
2438 5644 2839 5710 interfecerunt,
2901 5649 3051 5703 vivos
3098 5658 3153 5704 et
3192 5666 3289 5705 nos
3336 5649 3612 5705 Dominico

2043 5738 2147 5793 die.
2186 5778 2199 5790 .
2236 5776 2249 5791 .
2286 5776 2299 5790 .
2333 5775 2345 5789 .
2380 5775 2393 5789 .
2430 5775 2443 5789 .
2481 5776 2494 5790 .
2524 5776 2537 5789 .
2569 5737 2881 5791 moliuntur.
2920 5737 3084 5794 Natos
3125 5741 3495 5810 relinquemus
3518 5750 3610 5796 ur-

2041 5832 2265 5903 phanos,
2295 5830 2565 5886 nescimus
2594 5831 2678 5886 cui
2721 5831 2972 5887 servituri
2999 5840 3123 5888 sunt
3148 5850 3163 5901 ;
3193 5848 3393 5891 uxores
3412 5841 3604 5891 multa:
