3936 6180
346 450 450 511 593
1402 437 1600 495 LIBER
1639 432 2129 490 PONTIFICALIS.
2170 464 2220 472 —
2277 430 2454 486 PARS
2497 431 2556 487 Il.
3500 430 3602 484 (⁸94

348 562 703 623 remanebunt
751 556 955 624 vidum;
997 571 1209 611 onmem
1262 569 1482 609 censum
1536 560 1780 607 nostrum
1824 549 1925 603 ini—
1952 553 2002 612 Α
2029 548 2223 619 populo
2254 557 2311 602 ut
2339 549 2600 619 gregatim
2650 548 2950 604 incederet.
2999 550 3115 620 ipse
3159 565 3282 605 cum
3310 550 3600 631 clericis‘et

348 656 472 711 unci
523 651 693 707 nostri
741 649 1053 721 deglutient.
1092 646 1164 703 Ut
1212 646 1337 715 quid
1369 644 1523 698 nobis
1566 642 1741 695 adhuc
1769 638 1926 693 vita?
2028 637 2307 693 monachis
2337 638 2389 691 in
2437 654 2597 691 unam
2628 647 2859 708 partem,
2894 640 3016 694 laici
3056 656 3183 695 vero
3210 655 3385 701 senes.
3418 642 3599 696 adole-

349 747 531 801 Simus
583 742 879 797 fortissima
920 747 1141 809 pectora
1174 739 1227 791 in
1277 735 1435 791 bello.
1468 735 1532 788 Et
1557 733 1761 787 elevata
1791 745 1925 784 voce
2026 737 2259 790 scentes,
2313 737 2367 783 et
2393 730 2568 797 pueri,
2622 745 2760 784 unus
2800 731 3058 800 praecepit
3098 740 3157 785 ut
3189 740 3335 786 esset
3380 733 3599 787 chorus.

345 851 536 890 omnes
560 833 841 887 ﬂeverunt.
879 830 1007 885 Post
1042 827 1343 898 depositum
1394 826 1596 879 luctum
1630 822 1883 877 dixerunt
1908 837 1921 874 :
2025 819 2215 889 Nupta:
2234 835 2365 874 vero
2405 819 2661 875 mulieres
2686 828 2740 875 et
2763 821 3019 890 innuptm,
3044 822 3218 877 vidua:
3245 831 3298 876 et
3325 822 3517 893 puella:
3546 822 3599 877 in

346 925 548 991 venite,
602 922 917 978 insidientur
973 919 1094 974 illis.
1158 916 1378 974 Oceultc
1432 924 1681 984 aptemus
1732 919 1925 965 contra
2026 908 2250 963 alteram
2284 918 2516 978 partem,
2568 917 2747 965 turma
2799 924 2929 964 vero
2956 926 3253 980 pauperum
3286 912 3599 983 separatim.

345 1031 440 1070 eos
493 1013 676 1068 dolosa
726 1010 1029 1074 mendacia,
1059 1018 1114 1063 et
1140 1008 1382 1078 improha
1436 1005 1703 1075 fingamus
1732 1000 1921 1065 verba,
2026 1000 2140 1054 Non
2174 1014 2363 1054 omnes
2411 1000 2465 1053 in
2516 1015 2682 1053 unum
2745 1000 3087 1065 incedebant,
3143 1002 3235 1057 sed
3290 1004 3600 1073 separatim,

345 1114 401 1159 et
431 1101 766 1172 decip‘iamus
796 1114 890 1154 eos
917 1100 969 1152 in
1007 1097 1141 1151 falsa
1194 1095 1516 1152 humilitate.
1552 1092 1926 1161 Subsequente
2025 1091 2182 1160 quasi
2236 1090 2413 1145 medio
2433 1090 2582 1160 iactu
2618 1090 2831 1160 lapidis.
2882 1091 3204 1147 Sacerdotes
3252 1108 3400 1158 vero,
3435 1093 3603 1148 sacris

345 1196 432 1248 die
458 1193 739 1247 Dominico
768 1190 915 1246 infra
969 1189 1256 1245 Ursianam
1287 1187 1569 1242 ecclesiam
1600 1191 1926 1255 rogaverunt
2027 1182 2282 1252 depositis
2311 1182 2570 1246 vestibus,
2588 1198 2776 1238 saccos
2803 1184 2973 1238 induti
3002 1194 3146 1249 sunt,
3176 1200 3397 1255 asperso
3423 1185 3476 1239 in
3507 1201 3603 1240 ea-

345 1283 486 1336 clam
523 1279 934 1335 Pusterulenses
961 1279 1060 1332 viri
1094 1284 1153 1331 ut
1204 1276 1549 1347 Tigurienses
1595 1273 1926 1343 prandcrcnt
2024 1274 2225 1344 pitibus
2250 1274 2453 1337 cinere,
2485 1282 2538 1328 et
2566 1274 2793 1343 pedibus
2844 1276 3004 1330 nudis
3033 1276 3356 1331 incedebant
3404 1276 3604 1333 Omnes

345 1393 469 1431 eum
512 1376 638 1440 illis,
668 1383 723 1429 et
748 1375 1019 1445 petierunt
1066 1389 1134 1429 ne
1162 1372 1282 1442 quis
1313 1371 1495 1426 sciret.
1527 1369 1769 1440 Explctis
1794 1383 1925 1423 vero
2024 1365 2233 1419 nobiles
2274 1372 2331 1419 et
2377 1354 2641 1434 ignobiles
2688 1365 2880 1421 ciliciis
2938 1381 2997 1421 se
3027 1368 3362 1436 operierunt,
3402 1369 3603 1425 inculta

344 1470 543 1525 divinis
610 1467 862 1538 eloquiis,
904 1466 1035 1520 abiit
1094 1458 1466 1533 unusquisque
1519 1462 1586 1517 ad
1636 1462 1924 1532 petitorem
2025 1457 2224 1526 capita,
2271 1456 2643 1527 squallidaque
2697 1458 2864 1513 barba
2916 1460 3199 1515 mmrendo
3256 1461 3601 1517 incedebant,

346 1578 527 1625 suum,
566 1569 621 1615 et
648 1575 745 1629 per
780 1559 1090 1613 mansiones
1140 1556 1378 1628 singulas
1418 1555 1670 1625 dispersi,
1696 1554 1900 1609 diversi

2048 1548 2302 1613 rlatronaa,
2331 1548 2588 1619 depositis
2618 1549 2860 1604 vestibus
2904 1548 3281 1619 iucunditatis,
3325 1551 3602 1623 lugubrem

342 1653 571 1722 dapibus
601 1651 1024 1722 propinaverunt
1061 1656 1310 1702 mortem.
1354 1647 1460 1700 Alii
1515 1661 1644 1702 vero
1692 1645 1925 1716 pugione
2024 1638 2224 1695 indutae
2271 1649 2397 1695 sunt
2432 1651 2658 1697 vestem.
2710 1640 2915 1699 Omnes
2970 1645 3318 1701 decalvabant
3374 1648 3604 1703 vertices

341 1742 610 1813 perempti
670 1741 833 1795 humo
868 1738 1229 1795 commendati
1277 1737 1537 1803 sunt,alii
1567 1752 1696 1791 vero
1722 1736 1925 1791 securi-
2024 1744 2171 1794 SUOS.
2200 1738 2254 1785 et
2278 1738 2457 1785 cutem
2480 1729 2772 1786 nudabant.
2808 1730 3141 1802 Speciositas
3166 1734 3435 1805 virginum
3471 1738 3600 1791 sub-

340 1834 446 1888 bus
470 1835 697 1887 cerebro
747 1830 871 1886 illisi
909 1830 962 1884 in
993 1828 1203 1885 stabulo
1253 1828 1353 1883 sub
1380 1837 1618 1883 stercore
1662 1842 1923 1897 equorum
2026 1823 2133 1877 lata
2196 1832 2299 1879 est.
2349 1823 2705 1880 Ahstulerunt
2734 1840 2765 1880 a
2808 1840 2866 1880 se
2917 1827 3235 1882 mutatorias
3292 1838 3493 1892 vestes,
3548 1841 3602 1884 et

342 1927 541 1997 sepulti
567 1935 712 1991 sunt,
764 1941 834 1981 ne
862 1926 1014 1996 signa
1064 1923 1456 1980 interfectionis
1508 1924 1880 1979 invenirentur

2082 1913 2201 1980 illia,
2256 1913 2600 1985 proiecerunt
2630 1930 2661 1969 a
2693 1930 2751 1970 se
2794 1916 3352 1981 inaures,etannulos,
3383 1926 3436 1972 et
3467 1919 3599 1973 dex-

340 2016 590 2071 nonnulli
617 2031 746 2070 vero
777 2015 966 2070 missili
994 2029 1092 2084 per
1118 2014 1291 2070 femur
1339 2014 1585 2069 transﬁxi
1614 2023 1739 2070 sunt
1769 2015 1875 2070 telo

2046 2003 2185 2057 tralia
2207 2045 2223 2069 ,
2274 2012 2329 2059 et
2379 2004 2728 2074 pereselidas,
2757 2014 2812 2060 et
2859 2006 3100 2072 monilia,
3130 2014 3186 2061 et
3214 2006 3518 2074 olfaetoria,
3547 2018 3600 2064 ct

339 2109 456 2163 alii.
494 2148 507 2161 .
540 2148 554 2161 .
597 2145 611 2160 .
645 2147 659 2161 .
692 2107 884 2176 pannis
909 2107 1054 2162 exuti
1078 2107 1131 2161 in
1161 2106 1344 2162 cloaca
1391 2105 1611 2175 proiecti
1636 2115 1799 2173 sunt;
1834 2107 1893 2161 ali

2044 2109 2179 2160 rcus,
2208 2101 2263 2149 et
2294 2094 2530 2164 specula,
2585 2103 2640 2150 et
2666 2096 2900 2161 lunulas,
2925 2104 2982 2150 et
3017 2095 3202 2162 liliola,
3246 2098 3519 2168 prmsidia,
3546 2109 3598 2153 et

340 2214 579 2268 namque
603 2197 908 2254 cbelidonio
930 2212 1187 2252 mucrone
1235 2198 1504 2252 irruentes
1529 2197 1643 2253 dies
1672 2196 1894 2252 finiernn

2045 2184 2316 2251 audosias,
2339 2194 2394 2239 et
2412 2187 2591 2241 omnia
2632 2186 2894 2257 jucunda,
2918 2196 2974 2242 et
3000 2188 3437 2260 concupiscibilia
3470 2206 3595 2260 pro—

337 2300 399 2345 ct
420 2290 587 2343 vitam
615 2306 630 2354 ;
660 2288 814 2342 multi
846 2303 971 2343 vero
999 2289 1241 2358 percussi
1284 2288 1486 2343 volatili
1517 2287 1660 2344 ferro
1684 2289 1736 2342 in
1768 2289 1924 2343 cuni-
2019 2272 2286 2343 Ῑθεθτυηῑν
2344 2291 2562 2331 03"an
2619 2276 3023 2333 lamemallonls
3073 2279 3292 2335 ίωὺυῑω
3349 2279 3597 2354 [indum]

338 2381 523 2437 culum
549 2379 796 2449 proiecti,
825 2379 936 2434 luto
962 2379 1158 2434 obtecti
1190 2387 1331 2434 sunt.
1363 2378 1709 2450 Tiguricnses
1736 2379 1924 2435 miseri
2025 2373 2169 2419 sum-
2228 2365 2444 2421 Ρδτνυίί
2499 2367 2567 2422 ab
2601 2367 2857 2424 Uberibus
2905 2369 3097 2425 ῐηθῑνίε
3148 2372 3396 2442 suspensi
3453 2381 3597 2435 sum:

340 2490 372 2527 υ
404 2469 881 2525 Pusterulensibus
933 2469 1165 2524 diversis
1210 2469 1384 2539 poenis
1414 2477 1540 2524 sunt
1593 2470 1894 2540 interempti

2047 2454 2270 2511 planctus
2292 2457 2594 2524 hominum,
2629 2458 2841 2527 vagitus
2886 2459 3255 2528 parvulorum,
3296 2459 3456 2517 ﬂetus
3484 2478 3601 2516 ma—

336 2573 400 2619 ει
427 2564 509 2618 sic
536 2561 747 2617 occulte
789 2560 987 2615 factum
1013 2569 1119 2625 est,
1175 2569 1233 2614 ut
1257 2574 1356 2615 nec
1382 2558 1797 2625 interfectionis,
1826 2577 1890 2615 ne

2049 2564 2191 2615 rum,
2238 2549 2476 2620 mugitus
2530 2552 2719 2615 boum,
2776 2551 3018 2606 hinnitus
3054 2567 3340 2622 equorum,
3388 2554 3602 2609 balatus

338 2651 637 2722 sepultura!
670 2650 906 2721 signum,
960 2665 1137 2719 neque
1166 2650 1461 2704 amicorum
1508 2650 1630 2719 quis
1660 2650 1800 2705 scire
1823 2666 1892 2720 po

2050 2656 2300 2706 iecorum,
2353 2650 2783 2711 caeterorumque
2843 2641 3183 2711 animalium,
3243 2651 3361 2698 tota
3412 2643 3604 2698 civitas

340 2742 559 2797 luisset.
592 2740 708 2794 Alia
735 2756 862 2794 vero
892 2740 977 2795 die
1017 2739 1076 2793 fit
1101 2739 1276 2794 luctus
1319 2740 1528 2809 ingens,
1561 2753 1795 2795 maerore
1820 2758 1922 2795 un-
2023 2731 2414 2786 conelamabal-
2477 2731 2721 2803 Explelis
2787 2736 2960 2791 tribus
3024 2736 3215 2792 diebus
3270 2736 3602 2803 θίῖιῖειίοιιίεν

340 2834 506 2904 dique
535 2842 645 2887 tota
670 2834 722 2886 in
775 2831 920 2886 luctu
970 2831 1159 2886 civitas
1193 2831 1525 2886 morabatur.
1577 2830 1769 2888 Clausa
1799 2848 1894 2888 sun

2059 2831 2149 2877 nte
2195 2823 2323 2878 solis
2375 2839 2627 2879 occasum
2660 2826 3013 2897 Omnipotens
3062 2828 3225 2895 Deus,
3254 2831 3346 2899 qui
3403 2830 3606 2886 revelat

338 2923 560 2988 balnea,
590 2931 943 2977 cessaverunt
973 2920 1281 2992 spectacula
1325 2921 1560 2991 publica,
1587 2932 1891 2979 mercatore

2047 2910 2289 2966 profunda
2324 2912 2389 2968 de
2421 2915 2677 2979 tenebris,
2722 2924 2775 2970 et
2805 2916 3120 2973 abscondita
3149 2920 3395 2988 producit
3418 2919 3471 2974 in
3522 2920 3601 2974 lu-

339 3020 661 3068 retcxerunt
695 3011 881 3081 pedes,
930 3010 1304 3081 oppilaverunt
1329 3026 1599 3079 caupones
1647 3013 1919 3079 tabernas,
2022 3018 2161 3067 cem.
2213 3002 2341 3059 fecit
2376 3005 2664 3072 mll‘abilia,
2712 3008 2892 3077 qualia
2944 3025 3223 3079 nunquam
3271 3010 3324 3065 in
3353 3012 3603 3081 gentibus

338 3104 733 3159 nundinatores
759 3101 1091 3172 reliquerunt
1127 3100 1360 3171 negotia,
1391 3100 1700 3156 sacerdotes
1734 3117 1924 3173 geme—
2023 3094 2202 3149 aullila
2252 3103 2395 3150 sunt.
2456 3095 2539 3151 Ab
2585 3098 3021 3168 Amphitheatre,
3083 3102 3229 3171 quod
3274 3101 3374 3157 fuit
3404 3102 3603 3172 priscis

335 3196 474 3250 bant
502 3195 555 3248 in
582 3192 845 3257 ecclesiis,
906 3193 1147 3247 seniores
1182 3192 1458 3263 lugebant,
1482 3208 1674 3249 omnes
1692 3194 1919 3265 iuvenes
1947 3238 1992 3300 Ο
2023 3189 2353 3258 temporibus
2374 3189 2527 3259 juxta
2559 3200 2771 3261 portam
2814 3208 2933 3263 qua:
2954 3202 3182 3249 vocatur
3203 3195 3403 3262 Aurea,
3431 3211 3601 3267 usque

337 3285 354 3296 ο
430 3283 478 3300 ,I
520 3282 611 3300 .,',
656 3290 797 3300 -a_,.
850 3288 1141 3300 __“_._,_‘__
1212 3282 1378 3300 -,___9~
1423 3282 1577 3300 a__-_!.
1606 3298 1643 3300 ,_
1698 3298 1730 3300 _,
1776 3298 1836 3300 νή
1882 3284 1914 3300 ⁸.
2027 3278 2217 3300 -1ε---
2264 3280 2447 3300 ,ιὲᾼιᾼ--
2474 3280 2741 3300 “4__.A,_,I,
2796 3299 2801 3300 ,
2852 3276 2898 3300 μ’
2939 3293 2951 3300 .
3004 3299 3011 3300 ,
3064 3299 3068 3300 ,
3115 3292 3127 3300 Α
3301 3285 3312 3297 ο
3473 3286 3506 3300 οΔ

337 3285 400 3339 in
426 3282 623 3353 plateis
646 3290 803 3337 erant
848 3288 1168 3347 maerentes,
1204 3282 1382 3336 omnis
1422 3282 1649 3338 maritus
1691 3284 1921 3353 sumpsit
1947 3276 1992 3300 υ
2024 3279 2091 3333 ad
2113 3278 2224 3347 iam
2254 3280 2452 3335 dictam
2473 3276 3025 3349 Pusterulam,factus
3049 3292 3134 3340 est
3160 3285 3315 3355 quasi
3338 3286 3599 3355 crepitus,

332 3374 662 3438 lamentom,
692 3382 1058 3443 matronmque
1084 3388 1115 3425 a
1145 3373 1302 3428 thoro
1328 3372 1561 3428 maritali
1596 3375 1917 3430 mterebant.
2022 3380 2076 3425 et
2102 3370 2311 3427 sonitus
2363 3372 2574 3446 ingens,
2629 3380 2684 3427 et
2710 3372 2952 3429 elevatus
2997 3383 3081 3429 est
3106 3373 3286 3431 fumus
3316 3376 3472 3449 quasi
3510 3392 3602 3430 ne-

330 3465 518 3522 viduae
547 3466 745 3519 indntzc
766 3472 893 3519 sunt
935 3472 1083 3518 veste
1120 3462 1355 3535 lugubri,
1393 3466 1714 3534 speciositas
1746 3466 1918 3539 virgi-
2022 3459 2167 3528 bula,
2203 3471 2259 3515 et
2310 3462 2466 3518 biens
2502 3471 2648 3517 terra
2677 3478 2864 3519 omnes
2906 3473 3169 3532 mortuos,
3207 3481 3343 3537 quos
3372 3467 3512 3521 infra
3543 3483 3602 3523 se

336 3570 476 3615 cum
518 3555 794 3608 immutata
818 3560 921 3620 est,
953 3553 1163 3623 parvuli
1189 3553 1513 3622 singultibus
1543 3554 1923 3626 nimiumqua—
2023 3554 2236 3610 clausos
2285 3555 2497 3620 habuit,
2551 3571 2686 3625 quos
2734 3555 3145 3614 Pusterulenses
3196 3559 3436 3614 demoliti
3479 3568 3604 3615 sunt

336 3644 641 3708 tiebantur,
698 3644 750 3697 in
814 3642 1175 3698 amaritudine
1232 3644 1425 3699 anima:
1486 3660 1677 3702 omnes
1732 3644 1921 3700 afﬂicti
2025 3659 2148 3698 cum
2178 3643 2346 3698 nimio
2396 3643 2600 3710 furore,
2632 3646 2684 3699 in
2746 3646 2866 3700 sinu
2896 3662 2994 3702 suo
3038 3649 3291 3703 ostendit.
3323 3649 3472 3705 Tunc
3500 3665 3599 3720 po-

334 3741 521 3787 crant.
587 3732 689 3786 Alii
742 3732 1029 3802 plorabant
1077 3740 1285 3804 patrem
1330 3734 1524 3806 ignota:
1571 3735 1783 3800 mortis,
1832 3736 1922 3790 alii
2022 3736 2134 3808 puli
2157 3736 2339 3791 audito
2367 3736 2548 3791 sonitu
2580 3736 2647 3791 ad
2682 3736 2930 3794 faetorem
2978 3747 3255 3795 currentes
3283 3740 3603 3796 invenerunt

335 3825 734 3893 exspectabant
791 3823 948 3890 filios,
1005 3826 1312 3883 nescientes
1361 3826 1406 3881 si
1455 3835 1637 3881 essent
1688 3827 1921 3899 fugitivi,
2026 3825 2219 3899 singuli
2272 3834 2515 3883 mortuos
2558 3841 2686 3882 suos
2712 3844 2809 3898 per
2842 3828 3079 3900 singulas
3108 3845 3284 3894 casas,
3318 3829 3457 3885 infra
3491 3831 3577 3901 pla

336 3914 436 3969 alii
468 3913 696 3968 fratrum
722 3914 1034 3984 ignorantes
1079 3916 1398 3985 periculum,
1428 3917 1518 3972 alii
1555 3918 1699 3973 viros
1728 3934 1925 3990 exspe-
2024 3934 2121 3990 gas
2148 3934 2362 3974 vermes
2399 3919 2719 3973 nutrientes.
2753 3918 2906 3974 Tune
2930 3921 3400 3991 apprehenderunt
3430 3923 3576 3983 homi

338 4020 578 4076 ctantes,
621 4025 720 4065 nec
752 4011 879 4082 quid
906 4012 1109 4066 certius
1137 4013 1400 4078 sciebant,
1449 4015 1820 4085 unusquisque
1846 4015 1924 4071 di-
2027 4008 2200 4074 Cidﬂs.
2239 4006 2620 4076 indicaverunt
2654 4008 2750 4090 σεῖε
2802 4009 2960 4079 (ligna
3001 4009 3180 4078 Γειειῖεο
3230 4019 3285 4067 ει
3325 4013 3602 4083 regionem

341 4118 538 4159 versas
594 4102 717 4156 illuc
747 4111 910 4172 atque
965 4102 1090 4158 illuc
1116 4103 1397 4158 incedebat
1424 4104 1541 4159 vias
1596 4115 1922 4173 qumrentes,
2029 4099 2199 4167 ipsam
2227 4115 2351 4153 cum
2379 4096 2622 4153 adificiis
2659 4099 3060 4165 subverternnt,
3091 4108 3145 4155 et
3172 4102 3240 4156 ad
3269 4102 3493 4156 nihilum
3519 4119 3601 4158 re-

339 4206 397 4253 et
432 4194 658 4250 minime
687 4209 782 4250 eos
804 4194 1171 4249 inveniebant.
1208 4193 1385 4249 Verba
1421 4210 1549 4251 vero
1580 4197 1924 4250 mmrentium
2028 4190 2299 4261 digerunt.
2328 4197 2381 4243 ει
2409 4196 2735 4245 vocaverunt
2760 4188 2903 4243 illam
2930 4190 3201 4262 regionem
3228 4191 3523 4249 Latronutn
3552 4206 3600 4257 υ,

342 4287 467 4340 lucc
491 4292 684 4339 erant:
713 4282 770 4337 Si
799 4299 926 4339 vere
958 4292 1099 4339 terra
1123 4300 1215 4340 eos
1237 4285 1535 4350 absorbuit,
1566 4286 1704 4341 forte
1733 4287 1928 4356 aliquis
2028 4295 2198 4349 υδίιιιε
2227 4280 2280 4334 in
2333 4288 2652 4352 Praise“le
2700 4280 2863 4336 diem-
2892 4279 3008 4335 N0"
3039 4281 3209 4336 50'1"“
3250 4282 3371 4353 ίρδίν
3427 4284 3520 4337 sed
3546 4293 3603 4337 ει

341 4390 442 4431 eos
473 4373 714 4438 vidisset,
743 4374 788 4428 si
834 4374 887 4428 in
919 4373 1183 4444 profundo
1238 4374 1408 4445 pelagi
1465 4376 1696 4431 demersi
1725 4388 1926 4443 essent,
2028 4372 2302 4443 coniuges,
2340 4380 2397 4425 et
2435 4372 2530 4426 lilii
2572 4386 2760 4427 eorum
2807 4373 3049 4429 diversos
3094 4375 3283 4430 modos
3323 4391 3601 4444 pennarum

344 4465 549 4517 ﬂuctus
605 4462 760 4516 nobis
786 4479 974 4517 eormn
1028 4479 1256 4534 corpora
1287 4464 1630 4531 reddidisset,
1657 4467 1703 4521 si
1744 4468 1929 4523 bestiae
2029 4462 2270 4532 perpessi
2298 4471 2446 4518 sunt.
2491 4461 2568 4518 De
2619 4464 2779 4518 rebus
2808 4480 2938 4519 vero
2971 4480 3159 4523 eorum
3224 4467 3355 4522 nihil
3411 4468 3606 4538 aliquis

346 4556 729 4617 devorassent,
781 4568 905 4608 ossa
952 4569 1057 4607 non
1088 4554 1462 4624 deglutissent.
1504 4557 1561 4613 Si
1610 4559 1731 4627 quis
1781 4554 2342 4644 ipsosDCUtlllugel'e
2390 4553 2577 4619 νοιυίῑ,
2633 4554 2725 4608 sed
2762 4570 2911 4625 pyrae
2959 4558 3169 4613 (tudila:
3198 4569 3322 4613 sunt
3369 4562 3435 4616 ad
3467 4576 3589 4631 pon-

346 4645 531 4716 gladio
593 4641 969 4708 interfecisset,
1020 4658 1181 4698 cruor
1243 4653 1472 4700 mortem
1529 4662 1715 4704 eorum
1768 4652 1924 4707 nobis
1954 4641 1988 4644 —
2034 4652 2163 4708 tem,
2200 4644 2289 4713 qui
2339 4653 2564 4698 V0031“?
2618 4643 2969 4716 Μίινίυδνίίυἱ
3012 4664 3182 4719 nuper
3228 4652 3475 4722 (Ιίτυριυε
3500 4660 3603 4717 εει,

344 4732 681 4788 ostenderet.
715 4732 782 4786 Et
832 4732 998 4786 multa
1036 4732 1141 4786 alia
1169 4734 1528 4803 opinabantur
1559 4736 1802 4810 lugentes
1826 4758 1924 4811 po-
2034 4745 2087 4791 et
2110 4736 2250 4789 idem
2295 4735 2349 4789 in
2404 4736 2516 4805 ipsa
2550 4737 2768 4806 regione
2798 4735 2898 4790 fuit
2920 4736 3213 4794 Latronum
3238 4741 3392 4813 iuxta
3430 4742 3605 4796 tribu-

348 4826 489 4897 puli,
549 4823 801 4879 submissi
829 4825 1017 4889 humo,
1045 4825 1287 4894 capillos,
1316 4835 1371 4880 et
1407 4827 1605 4884 barbas
1629 4833 1925 4888 extrahen-
2034 4828 2121 4882 nal
2142 4829 2452 4883 monasterii
2472 4829 2529 4882 Β.
2549 4827 2874 4885 confessoris
2899 4829 3100 4885 Christi
3127 4831 3369 4889 Severini
3396 4831 3606 4905 [For!e,

350 4926 455 4978 tes,
486 4913 751 4984 unguibus
772 4929 867 4968 ora
893 4912 1180 4980 fuadantes,
1213 4925 1390 4970 vestes
1416 4932 1479 4972 ac
1507 4928 1726 4989 pectora
1757 4920 1810 4994 [a
1836 4937 1928 4991 pe-
2036 4919 2244 4985 Severi,
2285 4919 2527 4992 Bacch.].

349 5002 530 5078 ctore]
562 5003 891 5068 scindentes,
950 5002 1144 5058 fratres
1171 5014 1225 5060 et
1262 5017 1539 5077 cognatos,
1580 5009 1718 5066 filios
1745 5020 1799 5065 et
1830 5028 1919 5067 ne-
2627 5005 2854 5061 CAPUT
2906 5008 2988 5062 ΙΙΙ-

348 5105 513 5167 potes
539 5094 836 5165 plorantes,
864 5094 1537 5165 amissos’consanguineos
1567 5100 1928 5170 requirentes,
2039 5097 2297 5167 Anonymi
2342 5096 2617 5170 cujusdam
2646 5096 2895 5170 pamiani
2935 5115 3042 5170 afro
3093 5102 3304 5170 viventis
3354 5099 3607 5154 nonnulu

349 5166 529 5241 totam
554 5185 699 5240 cives
730 5184 987 5238 ﬁnierunt
1007 5182 1391 5239 hebdomadam
1418 5186 1469 5241 in
1499 5166 1749 5242 lamenta.
1779 5189 1931 5246 Tunc
2196 5166 2205 5167 ί
2276 5167 2593 5235 νεῘεηίητνν·
2637 5166 2927 5221 Damam"
2954 5168 3060 5237 ipse
3087 5168 3358 5222 laudum"

352 5288 580 5335 sanctus
636 5277 720 5331 vir
779 5269 1100 5341 Damianus,
1153 5275 1339 5332 videns
1376 5278 1514 5333 hanc
1570 5280 1845 5334 civitatem
1877 5281 1930 5335 in
2110 5279 2275 5351 Igitur
2302 5278 2401 5333 fuit
2439 5278 2492 5332 in
2520 5279 2622 5333 hac
2662 5280 2882 5335 civitate
2908 5281 3181 5336 Ravenna:
3205 5282 3286 5335 vir
3317 5281 3606 5353 religiosis-

357 5376 511 5423 tanto
533 5367 681 5421 luctu
706 5379 1026 5431 morantem,
1082 5366 1196 5434 ipse
1226 5382 1284 5421 se
1312 5367 1363 5421 in
1394 5369 1641 5424 maximis
1676 5371 1821 5425 dedit
1852 5371 1934 5425 la-
2038 5372 2224 5433 simus,
2269 5378 2323 5424 et
2348 5371 2500 5425 bona:
2535 5368 2713 5436 famae,
2762 5380 2816 5424 et
2841 5373 3055 5440 quando
3103 5373 3169 5426 ad
3206 5371 3489 5427 Ursianam
3517 5389 3608 5428 ec-

357 5457 585 5528 crymis.
647 5457 743 5512 Die
788 5455 1070 5512 Dominico
1096 5457 1410 5529 praedicavit
1435 5458 1721 5528 ieiunium,
1748 5472 1809 5517 ut
1844 5479 1932 5519 se-
2040 5462 2260 5518 clesiam
2316 5460 2565 5516 veniebat
2617 5460 2733 5531 eius
2790 5463 3056 5531 superiori
3114 5462 3373 5517 colurnum
3427 5464 3607 5537 templi

360 5547 561 5613 «unda,
588 5547 748 5601 tertia
773 5556 827 5602 et
869 5555 1061 5617 quarta
1095 5545 1227 5599 feria
1280 5546 1617 5602 incessanter
1642 5548 1811 5603 Deum
1843 5551 1937 5606 de-
2040 5562 2192 5624 parte
2220 5567 2457 5607 vn‘orum
2499 5552 2731 5622 scapulte
2768 5553 3136 5608 adhaerebant.
3168 5554 3306 5608 Ante
3334 5554 3609 5609 introitum

364 5645 698 5704 precaretur,
728 5648 784 5690 ut
814 5637 880 5692 de
908 5636 1047 5692 cmlo
1090 5636 1289 5690 auxilio
1315 5637 1496 5691 divino
1522 5639 1739 5705 muniti,
1770 5640 1933 5697 alicui
2041 5646 2325 5700 missarum
2354 5644 2590 5714 psalmos
2628 5645 2880 5699 cantabat
2912 5661 3035 5699 cum
3090 5646 3236 5699 nullo
3275 5646 3491 5700 homine
3516 5646 3603 5699 ali.

369 5732 472 5787 hoc
527 5733 796 5787 excidium
849 5733 1192 5787 rcvelaretur.
1251 5730 1453 5785 Prmsul
1503 5746 1630 5787 vero
1676 5736 1932 5805 prmcepit
2039 5734 2254 5805 quando
2285 5734 2479 5790 ibidem
2512 5734 2777 5804 colloquia
2823 5735 3075 5802 habebat,
3108 5747 3162 5794 et
3187 5746 3306 5807 post
3329 5735 3605 5791 introitum

443 5859 465 5886 ⁸
507 5846 629 5901 Not.
682 5863 875 5917 marg,
950 5844 1223 5902 Posterula
1282 5846 1384 5900 sive
1445 5846 1583 5916 regio
1646 5844 1927 5903 latronum.
1971 5849 2165 5905 Baccu.
