3936 6180
567 363 572 367 ’

1129 356 1422 412 AGNELLI
1461 354 1748 410 ABBXTIS
1789 353 1844 408 S.
1891 349 2128 405 MARle
2166 351 2257 404 AD
2299 347 2770 414 BLACHERNAS,
2811 346 2962 402 ETC.

3580 346 3682 403 696

425 477 716 535 missarum
745 489 958 542 semper
987 473 1040 526 in
1090 471 1281 526 faciem
1330 471 1602 541 pontificis
1661 469 1988 524 intuebatur.
2024 473 2072 527 Α
2097 473 2443 536 pneceptum,
2478 473 2535 518 ut
2559 464 2669 533 ipsa
2714 479 2798 517 res
2827 463 2880 517 in
2917 477 2984 516 eo
3024 463 3359 516 monasterio
3389 461 3443 516 in
3493 477 3682 535 perpe-

423 570 668 638 Quatlam
702 582 828 621 vero
863 567 948 618 die
992 565 1157 634 jussit
1185 580 1310 618 eum
1347 561 1585 632 pontifex
1618 560 1767 614 adire
1807 559 1872 612 ad
1901 559 1996 613 be.—

423 659 781 716 ncdictionem
815 654 872 709 S.
911 653 1265 724 Apollenaris,
1307 659 1365 705 ut
1391 660 1534 705 esset
1564 649 1838 718 particeps
1864 662 1998 716 pon-

425 751 601 807 tificite
647 761 864 803 mensae.
900 745 1026 800 Post
1077 753 1357 798 extensum
1392 742 1620 810 dapibus
1650 747 1912 800 ventrem,
1943 743 1998 790 et

426 844 574 898 libra:
601 839 835 912 pectoris
865 838 1080 908 repletm
1133 845 1312 890 essent
1343 843 1541 897 musto,
1576 833 1668 887 sed
1695 840 1870 884 tamen
1912 843 1997 882 so—

426 933 545 986 bria
609 941 806 994 mente,
859 929 1206 999 interrogavit
1263 941 1386 980 eum
1435 923 1693 994 pontifex,
1733 921 1860 990 quid
1897 921 2000 974 hoc

422 1031 586 1087 esset,
615 1022 757 1092 quod
807 1021 864 1075 in
899 1020 1128 1076 ecclesia
1179 1032 1392 1086 semper
1431 1018 1485 1070 in
1533 1014 1652 1082 ejus
1702 1013 1998 1082 aspiciebat

423 1115 650 1168 vultum.
701 1113 772 1166 At
824 1111 911 1166 ille
941 1111 1272 1180 respondens
1298 1108 1472 1162 dixit:
1514 1105 1632 1160 Non
1662 1113 1714 1158 te
1756 1105 1994 1166 intueor,

423 1206 622 1274 optime
653 1202 871 1274 praesul,
900 1211 1132 1280 tantum,
1162 1209 1423 1270 quantum
1449 1199 1598 1252 illum
1629 1199 1720 1268 qui
1747 1206 1870 1268 post
1896 1205 1998 1250 ter-

422 1313 547 1368 gum
575 1306 726 1352 tuum
758 1306 888 1362 stat,
931 1297 1086 1366 cujus
1111 1293 1565 1367 pulchritudinem
1610 1308 1716 1347 non
1769 1291 1999 1363 pleuiter

426 1389 658 1444 tolerare
713 1403 951 1459 possum.
983 1389 1051 1442 Et
1101 1403 1226 1442 cum
1257 1386 1614 1442 sanctificaris
1641 1385 1994 1457 [sanctiﬁcas]

422 1476 577 1545 juxta
608 1485 656 1531 te
686 1485 792 1531 stat
832 1476 1011 1532 vultus
1054 1475 1189 1544 ejus.
1249 1475 1404 1530 Modo
1435 1491 1541 1530 non
1592 1484 1676 1528 est
1721 1475 1854 1542 ipse,
1907 1475 1995 1544 qui

427 1575 557 1622 tunc
580 1575 664 1621 est
715 1580 928 1636 semper
982 1574 1156 1620 tecum
1205 1565 1271 1621 ad
1313 1566 1600 1620 missarum
1634 1564 1913 1628 solemnia,
1944 1573 2000 1620 et

429 1673 702 1728 nunquam
729 1665 782 1713 te
807 1659 1027 1714 deserit.
1077 1657 1207 1714 Post
1239 1657 1446 1728 aliquot
1481 1672 1612 1712 vero
1633 1657 1750 1712 dies
1777 1657 2001 1712 secessit

428 1749 483 1806 in
510 1763 679 1818 pace;
711 1757 766 1803 et
819 1749 1106 1804 audierunt
1145 1765 1267 1804 eum
1303 1748 1521 1819 quidam
1577 1749 1845 1804 dicentem
1873 1757 1999 1803 ante

2108 567 2254 612 tuum
2292 566 2454 622 esset,
2492 565 2548 611 et
2589 562 2648 610 ut
2676 556 2848 625 ipsum
2887 555 3160 608 munimen
3211 570 3307 625 pro
3353 555 3682 625 sempiterna

2104 651 2222 719 lege
2252 648 2462 704 fuisset.
2495 649 2624 704 Post
2649 648 2764 702 haec
2805 655 2986 700 autem
3035 647 3332 716 prostravit
3354 663 3414 702 se
3455 648 3684 716 pedibus

2105 742 2194 796 diu
2224 740 2513 811 praedictus
2565 738 2848 809 presbyter
2898 733 3138 792 Joannes
3193 735 3328 790 ﬂens
3376 737 3682 806 aiensque:

2103 831 2302 886 Jubeat
2355 831 2486 885 mibi
2545 828 2794 882 dominus
2848 841 3002 880 meus
3052 827 3267 880 exarari
3295 827 3580 896 epistolam
3617 828 3686 880 ad

2104 921 2423 984 exarchum,
2474 931 2535 974 ut
2559 935 2666 973 non
2709 917 2948 984 obligata
2985 915 3270 986 ﬁdejussor
3311 931 3465 970 meus
3505 916 3682 979 tollat,

2104 1013 2230 1085 quia
2260 1011 2498 1076 crastina
2523 1010 2640 1064 dies
2669 1007 2776 1062 erit
2803 1007 3158 1062 constitutum
3194 1005 3472 1075 placitum,
3496 1015 3558 1060 ut
3583 1023 3685 1077 ego

2104 1121 2224 1162 cum
2275 1103 2584 1158 adversario
2633 1117 2753 1156 meo
2788 1100 2841 1153 in
2872 1097 3122 1153 conflictu
3180 1106 3324 1153 stare
3354 1099 3680 1153 debuissem.

2105 1195 2290 1252 Paruit
2314 1202 2492 1248 autem
2525 1193 2819 1262 imperator
2852 1189 3306 1261 postulationibus
3331 1187 3465 1256 ejus,
3499 1189 3681 1261 etjus.

2103 1289 2173 1342 sit
2199 1285 2361 1340 scribi
2393 1283 2673 1354 epistolam
2709 1283 2773 1336 ad
2803 1282 3120 1347 exarchum,
3164 1287 3224 1333 ut
3258 1279 3457 1333 nullam
3488 1279 3682 1334 distin-

2103 1376 2334 1431 ctionem
2365 1377 2429 1429 de
2459 1375 2560 1428 hac
2580 1373 2747 1428 ﬁeret
2774 1388 2956 1437 causa,
3013 1387 3190 1442 neque
3221 1371 3275 1425 in
3324 1369 3527 1439 judicio
3560 1386 3680 1425 eum

2103 1469 2226 1538 quis
2255 1467 2565 1532 deduceret,
2605 1481 2705 1521 nec
2733 1465 2968 1536 obligata
2998 1463 3284 1532 ﬁdejussor
3315 1463 3554 1528 tolleret,
3584 1478 3684 1520 nec

2102 1560 2214 1614 ullo
2240 1559 2400 1613 modo
2425 1573 2548 1613 eum
2595 1557 2923 1612 molestaret.
2983 1555 3198 1626 Scripta
3253 1571 3382 1610 vero
3433 1554 3684 1626 epistola,

2103 1649 2248 1720 quali
2281 1663 2486 1713 mense,
2510 1647 2653 1717 quali
2686 1647 2792 1711 die,
2819 1646 2903 1700 vel
2937 1647 3094 1711 hora,
3125 1646 3332 1700 munita
3364 1645 3541 1716 sigillo
3561 1647 3678 1700 data

2102 1740 2352 1796 manibus
2379 1739 2512 1803 suis,
2544 1739 2788 1801 secessit,
2817 1746 2872 1794 et
2894 1739 3043 1792 venit
3065 1747 3482 1808 vesperascente
3506 1737 3594 1792 die
3615 1737 3680 1792 ad

424 1849 634 1910 tempus
662 1840 840 1896 obitus
869 1843 976 1908 sui,
1010 1842 1150 1914 quod
1177 1839 1413 1912 quadam
1437 1841 1715 1896 Dominica
1744 1842 1850 1903 die,
1875 1841 2001 1896 dum
2032 1828 2077 1886 B
2106 1841 2315 1904 portam
2341 1831 2510 1901 ipsius
2529 1827 3142 1896 Constantinopolitanae
3171 1827 3435 1892 civitatis,
3460 1835 3521 1880 ut
3546 1825 3682 1882 forte

425 1940 585 1986 nocte
613 1931 960 2001 antiphonam
989 1932 1056 1987 ad
1079 1932 1482 1987 benedictiones
1507 1945 1532 1972 ιι
1571 1939 1854 1988 cantarent
1879 1945 1999 1985 om-

425 2036 546 2086 nes,
572 2029 628 2076 et
649 2021 892 2077 dicerent
919 2041 931 2075 :
985 2021 1189 2076 Montes
1222 2032 1270 2076 et
1299 2021 1456 2076 colles
1503 2022 1789 2076 cantabunt
1822 2038 1999 2075 coram

428 2111 536 2168 Deo
581 2111 784 2178 laudes,
834 2111 1160 2168 testificabat
1202 2113 1290 2168 hic
1341 2114 1487 2182 quod
1519 2114 1679 2168 etiam
1726 2113 1826 2183 ipsi
1864 2112 1999 2181 lapi-

422 2202 520 2258 des
559 2201 824 2268 ecclesia),
855 2203 1120 2258 columnae
1170 2212 1224 2258 et
1246 2203 1416 2267 lastae,
1469 2211 1630 2273 atque
1677 2205 1892 2270 lateres,
1920 2212 2002 2258 te-

421 2291 583 2363 gulte,
612 2307 711 2349 nec
746 2308 852 2348 non
879 2293 1044 2348 etiam
1070 2293 1254 2348 omnia
1300 2293 1534 2356 metalla,
1565 2293 1878 2375 praepictam
1900 2308 1998 2346 an-

425 2384 700 2454 tiphonam
735 2385 895 2439 simul
924 2400 1048 2440 cum
1090 2385 1341 2439 omnibus
1377 2384 1690 2440 cantabant.
1745 2384 1874 2438 Post
1895 2383 1998 2453 igi-

421 2481 512 2530 tur
539 2475 716 2528 virmn
741 2473 901 2528 istum
923 2475 1206 2528 humatum
1251 2472 1414 2540 jussit
1438 2472 1680 2543 pontifex
1707 2472 1774 2526 ad
1801 2471 1998 2542 przedi-

420 2571 566 2621 ctam
616 2563 921 2618 columnam
969 2563 1240 2619 cancellos
1290 2563 1532 2619 modicos
1582 2561 1720 2626 fieri,
1782 2578 1850 2618 ne
1877 2563 2000 2634 quis

422 2653 542 2708 basi
566 2651 830 2708 columna:
879 2652 966 2707 ubi
1019 2653 1192 2708 sancti
1219 2660 1490 2708 steterunt
1530 2654 1716 2724 pedes,
1769 2653 2000 2723 indignis

423 2744 647 2817 pedibus
671 2744 991 2810 adhaereret,
1021 2751 1077 2798 et
1125 2743 1390 2798 modicam
1418 2758 1634 2798 crucem
1665 2741 1812 2814 inﬁgi
1837 2741 2002 2812 jussit

422 2849 520 2904 pro
545 2831 860 2888 memoriale
889 2832 1236 2904 sempiterno,
1269 2831 1412 2904 quod
1444 2841 1726 2902 permanet
1752 2845 1922 2901 usque
1943 2831 1999 2887 in

421 2931 739 2995 prmsentem
759 2923 920 2978 diem.

1039 3026 1267 3091 CAPUT
1297 3034 1386 3090 IV.

393 3120 652 3182 Joannes
714 3119 772 3178 S.
802 3120 1028 3177 Joannis
1084 3133 1232 3176 trans
1287 3121 1586 3177 Cwsaream
1624 3121 1805 3176 abbas.
1858 3120 1996 3176 Con-

2104 1941 2260 1980 usum
2295 1923 2446 1978 navis
2496 1922 2850 1977 discurrentis
2881 1919 3194 1974 Ravennam
3219 1927 3312 1972 aut
3337 1919 3408 1974 ad
3438 1917 3679 1973 Siciliam

2105 2017 2346 2074 invenire
2374 2015 2678 2086 potuisset;
2734 2021 2790 2067 et
2816 2011 3095 2082 requisitis
3144 2011 3399 2065 omnibus
3447 2009 3677 2072 carabis.

2103 2115 2158 2162 et
2209 2106 2522 2170 celandriis,
2574 2113 2736 2174 atque
2791 2102 3165 2164 dromonibus,
3193 2116 3300 2156 non
3332 2101 3558 2156 invenit.
3593 2099 3680 2155 Ille

2102 2207 2282 2254 autem
2325 2195 2481 2266 juxta
2527 2195 2657 2250 litus
2699 2193 2866 2248 maris
2914 2191 3144 2261 arripuit
3178 2191 3299 2246 iter.
3341 2189 3460 2246 Nox
3491 2191 3572 2245 illi
3598 2191 3674 2245 ni-

2101 2305 2227 2360 gras
2255 2290 2566 2358 expandens
2595 2287 2710 2341 alas
2739 2284 3075 2339 inimicitiam
3109 2282 3378 2353 praestitit.
3408 2281 3677 2349 Quantum

2103 2378 2177 2432 illi
2201 2377 2438 2433 tenebrae
2466 2377 2687 2432 oli'cnsm
2715 2375 2950 2436 fuerunt,
2983 2381 3190 2428 tantum
3220 2371 3477 2428 Selenitis
3505 2373 3534 2412 ι)
3559 2387 3682 2428 suos

2102 2485 2320 2540 sparsos
2350 2469 2530 2524 radios
2557 2469 2607 2523 ei
2657 2465 2983 2522 beneﬁcium
3037 2463 3310 2534 prazstitit,
3343 2471 3400 2516 et
3420 2472 3682 2534 quantum

2101 2559 2263 2614 altius
2318 2559 2370 2613 in
2424 2557 2754 2614 sublimitate
2815 2572 2873 2611 se
2909 2556 3170 2628 erigebat,
3227 2563 3438 2608 tantum
3485 2554 3681 2609 clarior

2101 2664 2248 2709 terra
2278 2650 2590 2722 apparebat.
2640 2650 2777 2704 Dum
2807 2656 2986 2702 autem
3021 2647 3289 2718 spatiatur
3318 2647 3371 2702 in
3421 2647 3600 2710 litore,
3629 2655 3679 2701 et

2101 2743 2365 2812 cogitaret
2389 2739 2517 2810 quid
2547 2746 2750 2808 ageret,
2794 2743 3158 2806 apparuerunt
3185 2743 3310 2788 ante
3345 2735 3533 2790 oculos
3561 2735 3676 2804 ejus

2103 2839 2216 2886 tres
2241 2829 2340 2882 viri
2393 2828 2446 2881 in
2476 2827 2629 2898 nigra
2675 2835 2844 2889 veste,
2876 2826 3034 2894 eique
3063 2825 3318 2879 dixerunt
3345 2843 3358 2876 :
3391 2824 3531 2891 Quid
3561 2833 3670 2879 tur-

2100 2922 2226 2976 bata
2255 2926 2450 2980 mente,
2482 2918 2616 2972 abba
2673 2916 2928 2978 Joannes,
2959 2917 3012 2970 in
3045 2916 3147 2970 hoc
3179 2915 3362 2969 littore
3393 2916 3674 2970 versaris?

2101 3012 2170 3067 At
2198 3011 2287 3067 ille
2324 3008 2656 3080 respondens
2683 3007 2854 3062 dixit:
2888 3005 3078 3062 Omnia
3107 3019 3443 3074 quaecunque
3481 3006 3550 3059 ab
3579 3005 3675 3058 im-

2098 3110 2350 3175 peratore
2395 3100 2563 3171 petivi
2609 3099 2836 3164 obtinui,
2879 3097 3048 3152 multo
3083 3105 3325 3165 tempore
3378 3111 3676 3152 commora-

489 3191 827 3260 stantinopoli
874 3207 986 3260 rem
1021 3209 1132 3246 sua:
1189 3191 1438 3246 Ecclesia
1481 3193 1607 3260 agit.
1659 3189 1778 3245 Una
1848 3201 1996 3246 nocte
2023 3187 2068 3249 (ἶ
2101 3205 2188 3252 tus
2211 3211 2350 3251 sum.
2387 3195 2554 3250 Navis
2597 3195 2770 3258 deest,
2818 3202 2878 3248 ut
2909 3193 3220 3250 Ravennam
3268 3203 3532 3256 revertar,
3564 3191 3676 3246 ideo

489 3259 788 3316 dwmonum
827 3276 921 3330 ope
949 3259 1255 3315 Ravennam
1281 3261 1440 3316 venit.
1469 3259 1625 3315 Facti
1659 3261 1888 3332 poenitet.

491 3371 599 3428 Sed
633 3380 690 3428 et
743 3373 809 3428 de
837 3369 1046 3428 Joanne
1095 3371 1290 3428 abbate
1337 3370 1652 3428 monasterii
1683 3370 1741 3428 S.
1773 3371 1998 3428 Joannis

419 3474 570 3522 trans
597 3464 902 3522 Caesaream
949 3463 1038 3520 sitt
1062 3465 1119 3520 in
1145 3466 1346 3520 dudum
1402 3463 1624 3530 Classis,
1664 3466 1807 3534 quod
1833 3481 1995 3520 voca-

419 3569 511 3614 tur
537 3557 604 3612 ad
654 3557 856 3622 Titum,
910 3572 1017 3612 non
1046 3557 1541 3627 praetermittamus.
1579 3556 1703 3612 Fuit
1731 3557 1833 3612 iste
1863 3565 1998 3611 tem-

421 3649 643 3721 poribus
677 3648 837 3720 hujus
871 3648 1120 3703 Damiani
1149 3648 1410 3704 antistitis
1456 3649 1738 3719 presbyter
1782 3649 2000 3704 nomine

419 3738 655 3796 Joannes
704 3739 871 3795 abbas
900 3740 1214 3794 monasterii
1265 3738 1323 3794 S.
1354 3739 1598 3810 Joannis,
1654 3740 1746 3810 qui
1775 3748 2000 3796 vocatur

419 3831 487 3889 ad
526 3831 729 3898 Titum,
767 3833 910 3901 quod
957 3831 1143 3886 rustici
1191 3809 1496 3886 nescientes
1543 3839 1738 3886 vocant
1783 3847 1906 3886 eum
1929 3832 1997 3886 ad

418 3922 632 3978 Pinum.
661 3921 796 3977 Cum
825 3922 1116 3994 praedictus
1139 3923 1424 3994 presbyter
1459 3923 1656 3977 multas
1686 3922 1994 3977 altercatio-

423 4029 523 4070 nes
551 4023 606 4070 et
652 4012 856 4084 judicia
897 4013 964 4069 de
995 4015 1156 4069 rebus
1198 4013 1279 4069 sui
1307 4013 1618 4068 monasterii
1665 4013 1726 4066 B.
1773 4011 1999 4068 Joannis

419 4121 542 4160 cum
572 4106 796 4176 singulis
826 4105 1138 4160 hominibus
1185 4105 1427 4171 haberet,
1456 4113 1511 4160 et
1539 4105 1843 4160 nullatenus
1874 4105 1996 4159 linis

422 4196 705 4265 impositus
737 4195 948 4258 fuisset,
983 4195 1077 4249 sed
1108 4195 1341 4248 maxime
1388 4193 1644 4248 volebant
1669 4193 1822 4248 multi
1852 4209 1994 4264 prte-

420 4289 507 4340 dia
540 4285 852 4342 monasterii
892 4285 1090 4355 injuste
1127 4285 1414 4354 deglutire,
1466 4286 1647 4357 attigit
1680 4285 1996 4341 Constanti-

2099 3287 2233 3342 mihi
2247 3287 2467 3342 tristitia
2487 3287 2722 3358 undique
2742 3294 2842 3341 est.
2864 3285 3186 3341 Dixeruntei
3209 3283 3441 3354 improbi
3467 3285 3597 3340 viri:
3620 3283 3671 3340 Si

2098 3397 2184 3448 ea,
2207 3397 2330 3452 quae
2347 3381 2644 3436 dixerimus
2671 3381 2788 3446 tibi,
2813 3381 2997 3446 facies,
3022 3380 3259 3436 crastina
3273 3381 3359 3435 die
3379 3379 3496 3434 eris
3517 3379 3570 3434 in
3595 3379 3676 3432 do-

2098 3486 2188 3528 mo
2216 3479 2305 3526 tua
2331 3470 2469 3525 infra
2491 3471 2814 3526 domesticos
2840 3479 2978 3526 tuos.
3007 3469 3078 3526 At
3102 3471 3190 3526 ille
3215 3471 3354 3526 dixit
3373 3471 3458 3525 eis
3483 3487 3496 3522 :
3523 3468 3675 3524 Facio

2099 3561 2240 3630 quod
2263 3561 2444 3616 vultis.
2487 3561 2556 3615 Et
2581 3559 2657 3615 illi
2687 3577 2700 3612 :
2730 3559 2930 3630 Accipe
2959 3559 3165 3630 virgam
3209 3559 3264 3614 in
3295 3574 3464 3613 manu
3498 3567 3608 3622 tua,
3629 3565 3676 3611 et

2097 3651 2316 3722 designa
2358 3651 2412 3706 in
2435 3652 2537 3706 hoc
2555 3649 2743 3706 sabulo
2771 3666 2986 3716 navem,
3023 3651 3216 3705 deinde
3247 3650 3391 3715 vela,
3436 3649 3672 3716 remigia,

2097 3744 2347 3812 scaphas,
2369 3752 2686 3812 nautasque.
2705 3741 2858 3798 Fecit
2883 3743 2980 3806 ita,
3004 3749 3062 3796 ut
3083 3741 3187 3797 sibi
3209 3741 3541 3811 imperatum
3563 3741 3668 3794 tlte-

2097 3842 2204 3888 rat.
2227 3833 2430 3889 lterum
2455 3833 2708 3890 dixerunt
2724 3835 2792 3888 ad
2817 3833 2996 3887 illum:
3021 3831 3150 3887 Jace
3174 3833 3225 3886 in
3249 3831 3485 3886 cataleta
3527 3831 3673 3886 navis

2098 3927 2236 3982 infra
2257 3927 2523 3983 sentinam
2537 3927 2691 3996 juxta
2705 3927 2970 3982 carinam.
2987 3926 3186 3980 Audies
3207 3927 3449 3996 mugitus
3480 3932 3663 3979 vento-

2099 4035 2216 4074 rum
2231 4028 2516 4088 postquam
2531 4020 2805 4088 ingressus
2820 4017 3058 4088 pelagus,
3077 4017 3264 4071 audies
3282 4031 3446 4072 voces
3462 4013 3669 4086 pericli-

2097 4113 2346 4178 tantium,
2371 4113 2557 4168 audies
2588 4118 3036 4181 tempestates..et
3075 4110 3324 4174 horreas,
3370 4108 3562 4162 audies
3587 4120 3666 4160 so-

2096 4203 2242 4257 nitus
2265 4217 2526 4271 aquarum
2552 4199 2949 4264 inundantium,
2965 4209 3020 4253 et
3047 4199 3124 4254 sic
3145 4197 3323 4268 oppila
3349 4213 3413 4253 os
3437 4208 3607 4260 tuum,
3622 4201 3673 4248 ut

2097 4309 2196 4348 nec
2222 4294 2384 4348 etiam
2429 4293 2640 4364 signum
2681 4291 2861 4346 crucis
2907 4304 3100 4344 manus
3127 4297 3217 4343 tua
3261 4287 3550 4358 exprimat.
3578 4283 3671 4354 Qui

422 4377 680 4446 nopolim,
716 4385 772 4430 et
818 4383 1062 4431 moratus
1117 4377 1278 4446 igitur
1311 4377 1506 4430 ibidem
1560 4377 1744 4432 multis
1785 4377 1992 4442 diebus,
2088 4384 2258 4454 jacuit
2285 4384 2338 4437 in
2367 4392 2512 4438 terra
2545 4381 2884 4452 prospiciens
2909 4377 3064 4448 juxta
3093 4394 3152 4434 se
3189 4379 3384 4433 maria.
3417 4378 3556 4434 Ecce
3581 4393 3666 4431 un-

424 4468 612 4523 t'aciem
646 4467 986 4536 imperatoris
1015 4481 1120 4520 non
1157 4467 1311 4520 vidit.
1345 4466 1448 4534 Qui
1479 4467 1616 4522 infra
1645 4468 1993 4538 semetipsum

2101 4476 2262 4545 dique
2290 4473 2462 4529 factus
2503 4483 2585 4529 est
2633 4480 2851 4544 repente
2894 4472 3102 4527 sonitus
3143 4472 3300 4541 quasi
3349 4469 3535 4540 fragor
3580 4486 3671 4524 nu-

423 4559 567 4616 \tll'itl
608 4557 831 4612 consilia
858 4558 1099 4623 volvens,
1147 4558 1234 4612 die
1261 4560 1491 4629 quadam
1545 4561 1695 4615 stetit
1739 4560 1996 4615 deorsum
2023 4541 2076 4600 D
2101 4541 2244 4621 bium
2263 4606 2277 4629 ,
2309 4573 2364 4619 et
2394 4541 2880 4633 velut,procellosa
2927 4569 3239 4630 tempestas.
3286 4561 3460 4615 Dabat
3488 4569 3669 4616 ventus

416 4651 570 4722 juxta
609 4665 822 4705 murum
869 4650 1126 4716 cubiculi,
1165 4651 1255 4705 ubi
1290 4652 1582 4723 imperator
1605 4655 1846 4720 sedebat,
1877 4667 1999 4708 ver—

421 4755 540 4797 sum
580 4739 841 4811 [sursum]
893 4739 1047 4794 istius
1101 4741 1357 4795 vocatorii
1396 4742 1462 4796 de
1490 4743 1722 4798 adventu
1780 4745 1995 4800 Domini

419 4832 606 4886 dicens
631 4848 644 4884 :
679 4829 783 4896 Qui
809 4841 1056 4884 venturus
1084 4843 1157 4885 est
1189 4832 1374 4897 veniet,
1405 4843 1450 4886 et
1481 4849 1584 4886 non
1611 4835 1878 4899 tardabit;
1908 4851 1995 4889 re-

417 4941 576 4994 gnum
604 4923 659 4976 in
685 4939 844 4976 manu
874 4923 1012 4994 ejus,
1036 4934 1081 4978 et
1133 4925 1380 4994 potesfas,
1417 4935 1465 4979 et
1494 4926 1787 4995 imperium.
1821 4925 1993 4996 Impe-

420 5023 569 5070 rator
595 5014 820 5070 audiens
845 5015 959 5069 haec
1012 5017 1402 5082 delectabatur,
1431 5017 1760 5071 auscultans.
1789 5017 1994 5088 lvitque

420 5117 540 5177 tyro
567 5122 706 5160 unus
721 5103 900 5178 [Cod.,
917 5106 1141 5168 tirouos,
1165 5105 1386 5178 Bacch],
1408 5107 1574 5160 voluit
1593 5123 1717 5160 cum
1740 5122 1993 5160 amovere

419 5197 483 5248 de
511 5209 576 5248 eo
601 5195 716 5248 loco
745 5213 759 5258 ;
808 5204 864 5248 et
885 5193 1045 5262 jussit
1084 5195 1380 5264 imperator
1409 5198 1657 5266 desuper,
1685 5211 1754 5250 ne
1788 5196 1912 5266 quis
1942 5197 1994 5249 ei

418 5293 559 5338 esset
591 5285 864 5348 molestus,
893 5285 1066 5338 donec
1087 5283 1356 5352 expleret;
1383 5286 1639 5354 finitoque
1664 5293 1776 5340 toto
1803 5287 1998 5340 invita-

422 5375 559 5428 torio
586 5376 798 5428 vocavit
833 5389 955 5428 eum
988 5389 1226 5437 sursum,
1257 5374 1512 5443 stetitque
1544 5385 1672 5428 ante
1705 5377 1998 5445 imperato-

422 5477 556 5525 rem,
599 5472 654 5518 et
685 5481 836 5518 suam
868 5477 968 5534 pro
1003 5471 1361 5533 qua-venerat
1409 5480 1627 5519 causam
1683 5465 1998 5520 ordiuabili-

420 5563 505 5614 ter
533 5557 798 5626 cognitam
825 5556 969 5610 fecit.
1003 5555 1276 5626 Jussitqne
1323 5557 1615 5625 imperator
1647 5557 1752 5612 tale
1780 5560 1995 5612 cxarari

419 5741 460 5794 B
492 5680 523 5710 Δ
558 5669 681 5723 Not.
734 5687 906 5742 marg.
952 5670 1021 5726 Id
1055 5683 1126 5726 est
1170 5671 1447 5726 Canticum
1496 5673 1652 5728 trium
1693 5689 1992 5743 puerorum.

461 5752 618 5794 sccu.

461 5755 490 5794 Δ
500 5752 598 5794 CCII
605 5778 618 5792 .

2099 4655 2354 4725 mugitus,
2387 4654 2529 4724 ipsas
2553 4668 2680 4706 suas
2703 4651 3024 4705 verberabat
3051 4650 3270 4720 pelagus
3294 4649 3486 4704 undas.
3517 4649 3668 4702 Fran-

2097 4752 2295 4812 guntur
2345 4741 2508 4807 remi,
2542 4741 2850 4795 inciduntur
2885 4749 3174 4803 antemnae,
3225 4739 3510 4794 solvuntur
3553 4755 3665 4793 sca-

2094 4835 2234 4904 plnc,
2265 4833 2464 4887 dabant
2506 4841 2682 4886 nauta:
2713 4831 3024 4902 nigerrimi,
3064 4831 3438 4899 teterrimiqne
3482 4831 3666 4890 luctus.

2099 4935 2154 4980 et
2187 4925 2299 4994 ipse
2329 4923 2404 4976 sic
2436 4938 2496 4977 se
2531 4923 2706 4993 coegit
2739 4923 2895 4987 abba,
2925 4930 2984 4976 ut
3013 4936 3114 4976 nec
3159 4919 3343 4974 ﬂatum
3375 4920 3520 4974 illius
3560 4921 3670 4988 quis

2101 5017 2288 5072 audire
2329 5015 2608 5085 potuisset.
2637 5015 2716 5069 Ad
2747 5015 3015 5084 pullorum
3057 5028 3186 5068 vero
3214 5021 3411 5066 cantus
3435 5012 3670 5068 inventus

2101 5118 2186 5165 est
2211 5125 2372 5179 super
2399 5116 2598 5162 tectum
2627 5107 2937 5162 monasterii
2969 5106 3072 5170 sui,
3101 5115 3158 5160 et
3180 5105 3370 5160 videns
3395 5119 3455 5160 se
3484 5104 3664 5162 solum,

2101 5197 2416 5254 exclamavit
2447 5212 2576 5250 voce
2613 5213 2805 5266 magna
2843 5197 2909 5250 ad
2937 5211 3085 5261 suos,
3114 5207 3172 5249 ut
3205 5210 3327 5248 eum
3359 5195 3588 5264 desuper
3611 5191 3671 5242 de

2106 5297 2244 5348 tecto
2293 5290 2642 5358 deponerent.
2669 5287 2747 5341 Illi
2795 5287 3026 5356 denique
3057 5292 3306 5355 putantes
3339 5300 3461 5340 eum
3504 5285 3668 5354 phan-

2100 5391 2271 5436 tasma
2317 5396 2460 5444 esse,
2491 5378 2743 5432 nolebant
2783 5392 2974 5446 parere
3019 5376 3300 5446 praeceptis
3341 5375 3546 5430 domini
3574 5372 3668 5426 sui.

2101 5471 2252 5526 Tunc
2284 5471 2371 5528 ille
2399 5471 2666 5524 clamabat
2711 5483 2841 5523 voce
2873 5465 3064 5536 majori
3115 5465 3439 5520 nominatim
3489 5478 3672 5519 unum-

2101 5578 2366 5634 quemque
2393 5575 2604 5624 eorum,
2633 5559 2783 5612 aiens
2808 5576 2818 5612 :
2848 5555 3105 5627 Deponite
3132 5571 3238 5623 me,
3269 5562 3325 5612 et
3347 5554 3676 5629 cognoscetis

2176 5675 2200 5714 δ
2239 5674 2294 5729 Id
2327 5683 2429 5738 est,
2460 5672 2604 5726 luna.
2636 5670 2840 5726 Baccu.
