3906 6182
215 399 298 452 ὕΰῖ

1231 392 1431 448 LIBER
1470 389 1959 447 PONTiFICALlS.
1999 419 2053 428 —
2108 388 2282 446 PARS
2321 390 2384 446 11.

3289 436 3295 441 .
3322 392 3428 455 698

213 521 317 589 quia
342 533 432 588 ego
474 530 605 569 sum.
636 513 742 568 Vos
783 513 932 568 scitis
974 512 1099 582 quia
1136 512 1190 566 in
1229 510 1746 579 Constantinopolim
1776 512 1826 569 Α
1852 506 1982 561 ciari
2029 506 2261 572 Domini,
2287 506 2414 575 quia
2446 513 2633 560 saneto
2661 505 2984 576 baptismate
3029 506 3170 560 lotus
3204 523 3311 561 non
3344 521 3424 562 es.

212 611 273 664 fui
311 608 560 663 civitatem
604 618 704 673 pro
732 602 1052 658 utilitatibus
1101 603 1259 657 istius
1306 600 1650 665 monasterii,
1693 607 1746 653 ct

211 699 346 753 modo
377 696 543 759 venio,
571 703 627 748 et
654 702 717 747 ut
754 709 858 747 non
886 692 1126 762 paveatis
1154 693 1365 756 scitote,
1399 693 1525 761 quia
1556 691 1747 745 validis

213 791 358 847 ventis
382 790 480 844 huc
506 787 779 858 projectus
801 801 939 839 sum.
974 785 1069 849 illi,
1104 785 1188 839 his
1212 784 1391 839 verbis
1414 783 1632 846 auditis,
1666 782 1731 836 ci-

210 884 297 935 tius
332 887 615 949 posucrunt
662 876 856 940 scalas,
890 884 944 929 et
985 874 1282 928 descendit.
1325 874 1555 943 Agnitus
1585 880 1667 926 est
1714 886 1744 924 a

209 974 314 1033 suis,
339 970 745 1037 obsculatusquc
771 967 1177 1039 [osculatisquc]
1217 983 1314 1037 per
1352 968 1598 1022 ordinem
1627 967 1747 1020 uni-

207 1062 362 1123 versis,
384 1060 540 1129 jussit
575 1060 791 1129 pulsare
838 1058 1070 1113 tabulam
1114 1059 1323 1123 dicens,
1350 1056 1460 1125 jam
1494 1057 1744 1111 matutini

208 1153 311 1206 hora
344 1159 449 1215 est,
496 1158 550 1204 et
598 1158 718 1219 post
762 1165 895 1218 opus
939 1149 1032 1203 Dei
1080 1146 1394 1219 [expletum]
1447 1162 1569 1201 eum
1615 1148 1749 1217 petit

204 1243 343 1310 quies.
368 1241 480 1295 Alia
510 1249 694 1295 autem
722 1240 808 1294 die
836 1240 1062 1292 lustrata
1092 1237 1332 1292 Ctesarea
1360 1253 1612 1306 egressus
1639 1245 1745 1302 est,

203 1340 245 1385 et
271 1347 295 1384 a
322 1330 635 1385 Vandalaria
679 1336 855 1398 porta,
884 1344 1005 1397 qua:
1041 1337 1122 1382 est
1149 1328 1326 1382 vicina
1370 1336 1535 1396 portae
1569 1326 1747 1382 Caesa-

202 1434 304 1485 reae,
346 1420 526 1476 relicto
576 1419 833 1474 Laurenti
884 1419 1107 1488 palatio,
1147 1418 1619 1473 Tlteodoricanum
1661 1418 1743 1471 in-

201 1525 380 1579 gressus
420 1519 535 1574 est,
584 1509 844 1579 iubetque
891 1524 952 1563 se
993 1510 1231 1563 exarcbo
1280 1508 1618 1572 prmsentari.
1651 1508 1745 1562 ille

200 1601 298 1656 keto
330 1601 501 1655 animo
530 1601 835 1670 suscipiens
863 1616 985 1655 eum
1004 1640 1017 1662 ,
1067 1608 1120 1654 et
1144 1599 1308 1669 jussu
1345 1600 1515 1669 legere
1545 1615 1748 1669 praece~

200 1699 341 1759 ptum,
369 1700 419 1745 et
449 1690 834 1760 complicatum
868 1690 1099 1745 reddidit
1142 1691 1460 1762 presbytero
1497 1689 1747 1746 oﬂ‘crenti

196 1780 302 1842 sibi,
343 1779 583 1851 dixitque
611 1780 680 1834 ad
721 1794 845 1835 eum
883 1798 895 1833 :
931 1779 1043 1835 Hoc
1092 1790 1424 1850 praeceptum
1471 1782 1525 1835 in
1557 1796 1748 1850 perpe-

1848 596 2154 666 lterumque
2180 595 2393 651 Judzeus
2420 614 2431 649 :
2465 595 2579 650 Non
2613 596 2754 668 [tibi]
2788 612 2979 666 panem
3011 607 3260 652 sanctum
3286 614 3428 667 quae-

1850 702 1932 752 ro,
1960 687 2140 750 Pater,
2170 686 2264 742 sed
2298 702 2517 741 carnem
2563 686 2719 757 Agni,
2758 704 2919 757 quam
2952 689 3201 742 manibus
3230 690 3427 743 vestris

1848 777 2178 846 discerpitis,
2208 793 2368 847 quem
2412 792 2511 845 ego
2538 792 2699 845 super
2742 778 2882 831 banc
2910 794 3058 832 aram
3106 772 3202 832 vos
3238 779 3424 833 adtre~

1847 878 2184 924 ctanctantes
2227 870 2479 923 humanis
2522 869 2678 922 video
2725 870 2895 923 oculis
2938 871 3090 925 meis.
3122 872 3199 925 Ex
3247 872 3422 942 Agno,

1847 978 2006 1033 quem
2050 963 2223 1027 video,
2269 977 2485 1032 quam);
2517 978 2622 1015 non
2668 976 2861 1030 panem
2912 963 3089 1031 cupio,
3121 978 3282 1032 quem
3319 981 3424 1018 non

1847 1055 2024 1108 video.
2062 1053 2143 1108 Ad
2188 1054 2290 1107 hoc
2338 1061 2556 1107 sanctus
2587 1057 2670 1105 vir
2715 1053 3047 1122 respondens
3094 1053 3231 1107 dixit
3265 1073 3278 1107 :
3310 1054 3424 1107 Non

1847 1160 2132 1213 possumus
2181 1145 2438 1200 Sanctum
2488 1144 2780 1199 immundis
2810 1145 2957 1208 dare,
2986 1145 3160 1199 donec
3206 1147 3298 1215 qui
3346 1147 3429 1200 in-

1847 1226 2105 1307 quinatus
2150 1252 2286 1306 aqua
2336 1245 2528 1291 sancta
2580 1238 2887 1290 mundetur.
2938 1237 3144 1307 Accipe
3214 1239 3426 1308 signum

1845 1329 2007 1401 Agni,
2039 1337 2093 1383 et
2118 1345 2184 1384 ex
2233 1343 2298 1384 eo
2326 1328 2478 1399 Agno
2512 1344 2733 1383 vescere
2772 1330 3074 1383 nobiscum.
3126 1330 3429 1400 Statimque

1848 1420 1962 1490 ipse
1992 1420 2200 1482 videns,
2229 1419 2377 1475 dedit
2406 1435 2601 1475 nomen
2630 1435 2809 1483 suum,
2839 1427 2893 1474 et
2920 1420 3215 1474 instructus
3241 1436 3270 1474 a
3301 1437 3433 1490 pon-

1850 1510 2010 1574 tiﬁce,
2044 1510 2253 1578 accepit
2301 1508 2629 1579 baptismum
2677 1510 3000 1573 immortale,
3032 1519 3087 1563 et
3113 1526 3178 1564 ex
3224 1510 3431 1565 inﬁdeli

1849 1600 2022 1656 factus
2050 1609 2132 1655 est
2174 1599 2366 1653 ﬁdelis.
2417 1598 2515 1654 Hic
2542 1615 2672 1653 vero
2702 1600 2898 1668 prtesul
2935 1615 3001 1653 ex
3037 1600 3426 1655 Dalmatiarum

1849 1693 1951 1748 fuit
1987 1692 2249 1764 partibus,
2280 1692 2372 1747 sed
2396 1691 2705 1745 obtulerunt
2730 1706 2853 1744 eum
2893 1691 3021 1746 huic
3051 1692 3132 1745 sui
3174 1702 3429 1761 parentes

1849 1782 2138 1846 Ecclesiae,
2181 1791 2238 1836 et
2287 1782 2387 1836 iste
2436 1781 2606 1836 sacris
2654 1781 2824 1835 literis
2870 1782 3136 1844 eruditus,
3168 1782 3234 1835 ad
3283 1782 3429 1835 hunc

196 1880 319 1925 tuum
342 1871 429 1925 tibi
459 1871 680 1940 tuisque
706 1870 938 1940 posteris
969 1878 1328 1925 tutamentum
1365 1871 1453 1926 sit.
1486 1869 1746 1939 Sponsio-
1777 1862 1819 1919 B
1849 1872 2104 1927 Ecclesiae
2152 1872 2357 1941 apicem
2403 1878 2650 1941 pervenit
2676 1871 2723 1922 ι).
2758 1871 2836 1924 Eo
2882 1877 3123 1940 tempore
3176 1872 3431 1926 archims

195 1975 293 2014 nem
317 1959 614 2028 ﬁdejussori
643 1968 736 2015 tuo
762 1960 964 2025 tollam,
990 1960 1117 2031 quia
1144 1960 1421 2031 negligens
1447 1960 1593 2014 fuisti
1620 1976 1740 2014 cum

193 2048 462 2103 adversario
485 2064 655 2119 agere
681 2056 790 2103 tuo.
820 2048 901 2102 Ad
929 2050 1042 2104 lucc
1068 2048 1155 2103 ille
1186 2049 1541 2117 respondens,
1569 2048 1738 2102 dixit:

194 2136 413 2192 Dominus
436 2148 626 2194 noster
652 2139 945 2208 imperator
970 2154 1125 2193 suum
1155 2146 1480 2208 praeceptum
1505 2154 1603 2207 per
1631 2139 1744 2207 epi-

193 2232 351 2285 stulam
394 2234 560 2298 dedit,
596 2241 656 2287 ut
698 2234 879 2287 omnia
911 2232 1143 2303 obligata
1184 2248 1303 2287 mea
1348 2231 1490 2287 facta
1538 2233 1645 2286 sint
1688 2231 1740 2285 in

189 2317 357 2385 judicio
396 2321 655 2376 invalida.
697 2321 941 2392 Denique
984 2323 1037 2377 in
1068 2322 1203 2376 iram
1248 2338 1437 2377 versus
1483 2322 1742 2392 patricius

192 2410 365 2479 accepit
405 2411 698 2481 epistolam
744 2412 809 2465 de
858 2426 1017 2465 manu
1067 2412 1403 2482 presbyteri,
1451 2411 1741 2481 legensque

193 2496 366 2552 invenit
393 2509 678 2554 exaratam
715 2499 1011 2554 secundum
1041 2500 1184 2571 quod
1210 2500 1458 2570 superius
1486 2500 1740 2563 diximus,

190 2593 230 2637 et
256 2585 471 2642 retinens
499 2587 791 2658 epistolam
819 2587 871 2641 in
904 2588 1276 2643 achemcniam
1309 2604 1497 2643 versus
1528 2591 1739 2659 irrup‘t,

193 2679 372 2733 dicens:
393 2678 508 2744 Dic,
533 2679 793 2735 falsitatis
806 2688 1011 2745 auctor,
1027 2679 1240 2749 quando
1263 2682 1378 2736 haec
1399 2689 1619 2735 exarata
1645 2681 1744 2735 fuit

190 2767 411 2834 epistola?
449 2767 696 2823 Joannes
741 2770 1026 2841 presbyter
1068 2772 1346 2840 respondit
1382 2788 1397 2823 :
1426 2770 1579 2834 Heri,
1608 2771 1740 2825 liora

191 2872 321 2911 nona.
349 2857 621 2915 Patricius
655 2860 829 2914 dixit:
864 2860 929 2913 Et
960 2861 1231 2930 quomodo
1263 2870 1372 2915 tam
1408 2862 1516 2917 cito
1562 2862 1745 2916 venire

189 2950 405 3017 potuisti?
433 2953 510 3008 Eo
542 2954 692 3023 quod
721 2953 897 3008 nullus
922 2960 1005 3008 est
1036 2953 1125 3022 qui
1162 2954 1219 3007 in
1249 2954 1425 3008 tribus
1467 2954 1745 3008 mensibus

188 3036 679 3112 Constantinopolim
711 3043 791 3097 ire
815 3051 871 3097 et
898 3043 1095 3099 reverti
1124 3042 1316 3112 possit.
1341 3042 1619 3109 Quomodo
1642 3057 1743 3113 ego

188 3140 402 3185 reversus
445 3146 608 3196 sum,
668 3132 951 3202 presbyter
996 3133 1105 3200 ait,
1155 3133 1397 3203 pontiﬁci
1433 3148 1553 3187 meo
1600 3132 1741 3187 indi-

187 3221 314 3275 cabo.
338 3222 562 3294 Negotia
595 3238 736 3289 mea,
766 3233 821 3279 et
857 3240 978 3281 mea
1006 3226 1321 3295 pcenitentia
1360 3238 1544 3295 patere
1571 3225 1624 3278 in
1656 3217 1815 3286 me'C

188 3312 270 3367 hoc
306 3326 533 3372 maneat.
571 3317 775 3374 Tamen
804 3319 848 3374 si
896 3335 980 3375 me
1020 3320 1273 3376 falsitatis
1312 3336 1511 3389 urgues
1553 3335 1740 3384 causa,

185 3405 312 3459 mitte
335 3422 539 3462 mecum
570 3407 775 3479 legatos
805 3416 946 3476 tuos,
974 3418 1029 3464 et
1056 3426 1343 3481 pergamus
1367 3411 1512 3465 illuc.
1539 3410 1596 3466 Si
1629 3412 1744 3467 haec

185 3490 291 3547 falsa
331 3496 549 3552 inVenta
604 3496 820 3553 fuerunt
859 3502 1152 3555 secundmn
1195 3510 1452 3572 paternos
1499 3514 1523 3541 α
1556 3502 1745 3557 audire

183 3582 452 3642 deﬁnitum.
494 3588 655 3643 Tunc
718 3588 843 3643 inde
891 3606 1175 3645 removens
1223 3592 1444 3660 pedem,
1488 3592 1634 3646 venit
1677 3592 1746 3646 ad

183 3675 479 3746 episcopium
525 3678 691 3732 istius
730 3678 994 3744 ecclesize,
1022 3689 1077 3734 et
1123 3681 1394 3750 ingressus
1425 3679 1495 3734 ad
1531 3679 1747 3733 Damia-

183 3781 287 3821 num
320 3784 536 3839 papam,
578 3770 870 3838 prostravit
909 3785 968 3824 se
1006 3771 1073 3825 ad
1104 3771 1329 3841 vestigia
1370 3771 1570 3841 pedum
1604 3768 1742 3840 ejus,

181 3866 225 3908 et
249 3860 476 3915 narravit
521 3860 580 3914 ei
620 3861 800 3914 omnia
839 3860 978 3916 facta
1020 3862 1130 3926 rei;
1177 3861 1435 3916 indicavit
1478 3861 1747 3931 quomodo

181 3963 282 4005 eum
323 3953 663 4022 phantasma:
700 3969 800 4024 per
826 3954 1139 4009 discrimina
1164 3956 1330 4009 maris
1361 3955 1662 4021 duxissent,
1691 3964 1747 4010 et

181 4056 319 4110 super
355 4052 566 4101 tectum
612 4046 694 4099 sui
735 4046 1047 4100 monasterii
1094 4045 1434 4115 posuissent,
1480 4055 1534 4100 et
1574 4046 1746 4100 solum

182 4133 351 4192 ibidem
398 4139 772 4210 reliquissent.
821 4139 1208 4194 Exhortatione
1254 4147 1432 4194 autem
1473 4138 1747 4209 pontiﬁcis

181 4225 274 4294 egit
328 4245 516 4286 veram
586 4230 993 4301 pmnitentiam,
1035 4239 1090 4286 et
1139 4229 1310 4285 ﬁnivit
1355 4230 1472 4285 dies
1524 4245 1649 4286 suos
1691 4230 1745 4284 in

182 4329 315 4383 pace.

781 4408 1007 4465 CAPUT
1048 4409 1112 4464 V.

181 4514 336 4590 Judtri
362 4520 647 4590 cujusdam
673 4522 957 4574 conversio.
982 4519 1231 4575 Damiani
1258 4521 1450 4590 patria,
1480 4520 1739 4574 educatio.

243 4538 335 4572 ωτι
362 4538 647 4590 cujusdam
673 4538 957 4574 conversio.
982 4538 1231 4575 uanuam

243 4589 437 4644 Archivi
498 4590 820 4644 Ravennatis
865 4591 1183 4644 incendium.
1226 4538 1291 4645 Ii:

243 4658 605 4729 Epitaphium.

238 4771 469 4827 Obsecro
498 4788 621 4837 vos,
652 4772 869 4837 fratres,
899 4781 1040 4827 stare
1068 4788 1171 4827 non
1201 4773 1378 4843 pigeat
1408 4788 1536 4838 vos;
1569 4774 1746 4828 adhuc

182 4876 325 4915 unum
360 4873 536 4919 restat
562 4864 903 4919 miraculum.
935 4863 1177 4931 Quodam
1204 4865 1290 4918 die
1317 4865 1593 4919 Dominico
1622 4872 1744 4934 post

182 4952 367 5007 ιίιιίιμιιι
402 4955 711 5009 orationem
741 4954 1093 5019 Dominicam,
1133 4970 1329 5024 corpus
1371 4954 1579 5009 Domini
1614 4971 1747 5025 pra:-

180 5042 337 5097 dietus
371 5043 622 5113 pontifex
669 5059 791 5098 cum
840 5044 1208 5098 sacerdotibus
1256 5043 1556 5114 frangeret,
1608 5044 1752 5098 sicut

179 5135 301 5189 soliti
334 5152 553 5198 sumus,
583 5135 803 5189 Judzeus
830 5150 985 5199 unus,
1019 5134 1109 5203 qui
1138 5133 1329 5188 solitus
1359 5143 1475 5188 erat
1504 5143 1651 5189 stare
1681 5135 1747 5187 ad

180 5226 400 5296 virgines
438 5229 495 5281 in
526 5227 645 5282 loco
671 5227 762 5297 qui
791 5227 990 5281 dicitur
1019 5225 1284 5290 Ermolas,
1312 5226 1554 5280 cucurrit
1589 5226 1751 5280 citius

178 5320 236 5371 ad
259 5333 510 5375 sanctum
539 5334 832 5389 properans
860 5318 1127 5381 altarium,
1153 5326 1206 5371 et
1236 5318 1311 5370 ait
1336 5318 1573 5386 pontiﬁci
1600 5336 1613 5370 τ
1645 5318 1752 5371 01)-

180 5423 317 5465 tecm
347 5421 419 5472 te,
450 5410 658 5479 Optime
688 5407 902 5478 prtesul,
936 5408 1000 5462 da
1030 5407 1159 5461 mihi
1188 5415 1398 5475 partem
1426 5420 1490 5460 ex
1527 5420 1753 5473 corpore

176 5496 335 5570 Λευὶ,
384 5502 482 5571 qui
538 5517 677 5555 nunc
715 5500 965 5554 manibus
1015 5499 1210 5553 vestris
1259 5498 1600 5567 discerpitur.
1655 5497 1751 5551 Cui

178 5603 409 5647 suntums
455 5592 748 5645 sacerdos:
786 5590 901 5645 Non
930 5599 1015 5643 est
1062 5589 1158 5643 tibi
1199 5588 1403 5640 licitum
1433 5587 1644 5655 corpori
1673 5602 1754 5640 sn-

243 5736 266 5765 ι
304 5726 492 5791 Forte,
524 5736 674 5796 parta
704 5727 830 5779 inter
868 5743 959 5779 nos
992 5724 1227 5778 audiam.
1258 5722 1437 5776 Bacon.

1274 4579 1503 4659 ontiﬁcis
1548 4590 1737 4645 obitus.
1772 4579 1822 4638 Ι)

1842 1966 2083 2021 ecclesiae
2117 1965 2276 2020 istius
2316 1965 2383 2019 ab
2417 1965 2537 2033 igne
2584 1973 2959 2019 concrematus
3004 1973 3108 2028 est,
3147 1972 3202 2019 et
3233 1964 3426 2018 ibidem

1842 2056 2009 2110 multa
2049 2064 2395 2110 monumenta
2444 2054 2662 2108 flamma
2696 2055 3068 2124 consumpsit,
3098 2063 3154 2108 et
3200 2053 3367 2108 multa
3396 2070 3425 2108 a

1843 2146 2090 2215 malignis
2132 2145 2442 2200 hominibus
2503 2153 2655 2214 rapta
2706 2154 2832 2199 sunt
2868 2154 2922 2199 et
2956 2145 3238 2199 abseonsa.
3279 2144 3430 2198 Tunc

1841 2236 2180 2307 congregatis
2203 2236 2453 2291 omnibus
2481 2236 2851 2293 sacerdotibus
2880 2236 3019 2291 sedit
3048 2252 3171 2291 cum
3197 2236 3275 2289 eis
3298 2252 3433 2306 pon-

1843 2328 1973 2383 tifex
2024 2329 2312 2399 praedictus
2359 2329 2412 2383 in
2465 2329 2722 2399 propina,
2779 2329 3031 2399 deditque
3079 2330 3427 2383 anathemata

1841 2421 2236 2475 maledictionis
2288 2421 2722 2491 unicuicumque,
2769 2421 2861 2491 qui
2902 2437 2968 2499 ex
3011 2421 3284 2491 praedictis
3331 2423 3431 2475 ha-

1842 2511 1995 2567 beret
2027 2513 2434 2578 muniminibus,
2464 2523 2518 2568 et
2555 2530 2662 2568 non
2696 2515 2982 2580 redderet,
3024 2514 3099 2568 illi
3137 2515 3429 2568 anathema

1842 2611 2018 2669 esset,
2067 2611 2122 2657 et
2171 2603 2498 2673 quicumque
2551 2605 2834 2669 redderet,
2891 2605 3152 2658 innocens
3203 2611 3350 2657 esset
3396 2618 3428 2657 a

1843 2694 2017 2764 culpa.
2044 2694 2185 2749 Obiit
2225 2694 2313 2750 hic
2342 2695 2687 2750 beatissimus
2727 2696 2812 2749 vir
2849 2711 2907 2750 ιιι
2938 2696 3061 2750 ldus
3102 2695 3247 2749 Maii.
3296 2695 3428 2766 Epi-

1847 2785 2085 2853 taphium
2117 2785 2403 2839 invenietis
2432 2801 2594 2855 super
2630 2786 2937 2855 sepulcrum
2983 2784 3120 2853 ejus,
3151 2786 3430 2839 continen-

1848 2884 1953 2928 tem
1986 2874 2058 2928 ita
2086 2893 2098 2927 :

1907 2986 2172 3034 Sanctiiiels
2195 2998 2389 3045 semper
2419 2988 2625 3045 meritis,
2650 2985 2962 3034 memorande
2986 2985 3218 3034 sacerdos

1968 3045 2072 3094 Hoc
2096 3050 2281 3108 positus
2304 3049 2505 3105 tumulo,
2534 3056 2582 3095 tn
2610 3048 2877 3109 Damtaue,
2907 3050 3056 3106 iaces.

1905 3107 2120 3167 Corpore
2142 3110 2426 3167 defunctus,
2453 3118 2614 3170 tamen
2642 3116 2829 3170 estrtua
2847 3107 2980 3155 fama
3006 3112 3259 3169 superstes
3282 3123 3298 3170 ;

1971 3171 2119 3218 Artus
2143 3170 2264 3219 obiit
2290 3174 2435 3219 terris
2455 3206 2469 3230 ,
2496 3169 2575 3218 lux
2602 3176 2680 3219 tua
2716 3169 2839 3219 facta
2868 3175 3027 3220 tenet.

1907 3229 2161 3280 Dalmatiae
2185 3231 2388 3280 veniens
2412 3229 2613 3280 antistes
2635 3232 2807 3280 beatus
2828 3245 2854 3278 ει
2880 3243 2996 3279 rure
3022 3269 3037 3292 ,

1967 3291 2143 3341 Tutata
2167 3300 2243 3339 est
2270 3294 2497 3348 precibus
2522 3301 2686 3341 saneta
2716 3293 2942 3341 ltavenna
2968 3294 3081 3344 tuis.

1906 3354 2087 3406 Cuncta
2107 3353 2359 3403 salutifero
2377 3355 2633 3414 deponens
2654 3363 2999 3414 lemporc......

1968 3415 2042 3466 Te
2068 3417 2177 3477 pius
2218 3417 2268 3465 in
2294 3416 2472 3477 populo
2497 3414 2688 3466 Christo
2717 3424 2920 3477 rogante
2947 3416 3189 3477 (Christus
3209 3419 3407 3526 ἓνεκα)

3246 3492 3287 3526 θα
3311 3492 3324 3526 ι
3351 3516 3362 3526 .

3246 3480 3362 3528 edit.

1906 3538 2043 3597 Quod
2065 3546 2227 3589 tamen
2246 3538 2321 3585 his
2334 3537 2547 3600 templis
2570 3538 2789 3600 meruisti
2824 3550 3023 3584 sumere
3048 3539 3190 3589 busta
3213 3576 3227 3600 ,

1968 3600 2040 3649 'l‘e
2065 3601 2306 3656 placuime
2332 3598 2436 3647 Deo
2458 3607 2589 3647 tatua
2610 3598 2834 3657 sepulcra
2860 3600 3094 3658 probant;

1911 3659 2074 3721 thue
2098 3661 2226 3708 vices
2248 3662 2385 3721 cujus
2407 3662 2606 3721 gessisti
2626 3662 2726 3709 rite
2750 3660 2980 3707 sacerdos
2999 3694 3013 3717 ,

1968 3719 2128 3784 Ipsius
2155 3724 2306 3782 inque
2329 3719 2449 3770 locis
2470 3724 2535 3769 sit
2558 3721 2644 3770 tibi
2672 3728 2838 3771 sancta
2869 3721 3034 3781 quies.

1847 3825 1973 3880 Hice
1996 3824 2136 3879 infra
2160 3824 2446 3879 ecclesiam
2474 3823 2536 3877 Β.
2562 3822 2902 3893 Apollenaris
2931 3823 3132 3893 scripta
3159 3838 3322 3895 super
3346 3840 3434 3881 se-

1844 3916 2091 3987 pulcrum
2122 3915 2291 3985 ipsius
2318 3914 2644 3971 invenimus.
2686 3912 2841 3968 Sedit
2883 3928 3055 3967 annos
3099 3930 3221 3979 xw,
3251 3930 3431 3971 mens.

1848 4023 1907 4073 ιι,
1940 4008 2058 4064 dies
2087 4022 2198 4061 xvi.

2357 4183 2926 4242 OBSERVATIONES

2291 4294 2368 4332 AD
2420 4292 2630 4332 VITAM
2670 4291 2981 4329 DAHIANI.

1850 4369 1980 4435 Qua:
2029 4369 2092 4422 de
2127 4385 2288 4435 puero
2335 4369 2457 4422 vita'
2504 4368 2708 4421 reddito
2752 4367 2835 4420 hic
2872 4374 3189 4435 narrantur,
3212 4364 3340 4418 alibi
3383 4374 3434 4418 et

1917 4438 2071 4493 aliter
2095 4434 2271 4492 Rubeo
2300 4447 2540 4492 narrata.
2567 4435 2925 4506 Consignandi
2968 4435 3099 4488 ritus
3132 4434 3436 4506 illustratur

1918 4526 1983 4562 ex
2005 4508 2318 4579 quibusdam
2339 4508 2570 4561 ineditis.
2592 4504 2791 4576 Pugna:
2811 4506 3195 4579 cirilisgabusus
3222 4504 3435 4579 Parma!

1919 4576 2039 4632 ante
2088 4595 2281 4648 paucos
2327 4594 2491 4648 (ianos
2537 4594 2783 4632 cessasse.
2832 4576 3095 4629 Damiano
3116 4576 3430 4648 _ascriptum

1924 4644 2197 4719 perperam
2233 4648 2370 4719 quod
2418 4647 2481 4701 de
2519 4648 2684 4719 altero
2723 4648 2921 4700 dictum
2967 4652 3077 4719 esl_._
3106 4644 3433 4719 Fabulosum

1923 4715 2063 4788 quid
2110 4718 2174 4771 de
2222 4715 2429 4772 Joanne
2460 4717 2663 4788 gabbate
2696 4725 2988 4788 narratur.
3030 4715 3115 4769 Ea:
3164 4717 3433 4788 monac/tis

1923 4785 2193 4842 inamatus
2240 4788 2393 4841 ritus.
2445 4785 2640 4841 chuli
2687 4786 2830 4839 illius
2875 4786 3141 4840 barbaries
3169 4802 3235 4838 ea:
3270 4786 3434 4855 epita-

1923 4858 2065 4928 pltio.

1923 4948 1964 5002 Ι.
2005 4947 2156 5014 Quod
2208 4962 2439 5016 primum
2476 4946 2530 4997 in
2579 4945 2681 5016 hac
2725 4944 2968 4997 Damiani
3012 4943 3431 5016 Vitagoccurrit,

1852 5026 1935 5073 est
1973 5034 2106 5088 puer
2134 5014 2259 5071 ante
2301 5015 2767 5088 conﬁrmationem
2798 5020 3073 5088 ιιοςυριεηη
3121 5014 3433 5066 (Ιθιιιυγιιεοειδ

1852 5080 1990 5144 vitae.
2010 5089 2308 5149 restitutus,
2340 5086 2429 5153 qui
2479 5085 2662 5153 statim
2701 5098 2730 5134 a
2761 5080 3172 5153 conﬁrmatione
3216 5091 3429 5153 recepta

1853 5174 2042 5214 rursus
2088 5157 2301 5212 obierit.
2338 5150 2411 5207 De
2436 5169 2495 5207 ea
2533 5169 2591 5205 re
2636 5152 2875 5215 ltutreus,
2906 5150 2999 5204 lib.
3035 5167 3106 5213 tv,
3140 5166 3261 5219 pag.
3293 5150 3429 5213 212,

1852 5230 1966 5283 haec
2013 5227 2238 5297 paucula
2288 5226 2488 5297 habet:
2526 5222 2988 5297 (Abominemhvita
3029 5220 3140 5289 jam
3181 5220 3432 5297 functum

1854 5301 1920 5353 ad
1947 5289 2111 5351 vitam
2147 5295 2506 5355 revocavisse,
2555 5291 2687 5345 fusis
2731 5293 2797 5345 ad
2847 5291 3013 5343 Deum
3049 5291 3323 5359 precibus,
3355 5289 3428 5343 fe~

1860 5377 2004 5422 runt.
2029 5387 2046 5417 ι
2079 5365 2219 5419 Idem
2247 5365 2312 5419 ad
2342 5363 2566 5417 Joannis
2598 5368 2955 5433 cognomento
2986 5359 3299 5431 Angeloptis
3343 5360 3430 5414 Vi-

1860 5447 1992 5498 tam.
2023 5437 2116 5490 lib.
2141 5452 2203 5499 ιι,
2232 5451 2350 5503 pag.
2378 5435 2465 5493 99,
2493 5430 2724 5487 similem
2764 5430 3049 5503 historiam
3082 5430 3431 5503 narraverat.

1863 5508 1987 5561 Haec
2035 5500 2639 5573 autenfpfmmiserat:
2690 5501 3114 5573 t_0mittc_ndum
3164 5500 3267 5554 hoc
3316 5500 3434 5554 loco

1863 5578 2080 5630 minimc
2108 5570 2428 5645 putaverint,
2453 5574 2598 5643 quod
2622 5573 2688 5627 de
2711 5570 2917 5626 Joanne
2940 5570 3316 5624 Ravennatum
3346 5586 3435 5623 an~

1932 5712 1959 5749 ιι
1997 5709 2119 5761 Not.
2162 5725 2311 5778 marg
2341 5748 2353 5761 .
2405 5706 2528 5761 Fuit
2574 5708 2711 5761 enim
2760 5705 3073 5775 temporibus
3106 5703 3435 5771 Constantini

1859 5781 2207 5849 imperatoris.
