3906 6182
118 408 188 464 τοι
302 418 319 426 ’
1148 406 1346 463 LIBER
1383 404 1874 465 PONTIFICALIS.
1912 439 1981 449 -—
2022 406 2198 464 PARS
2233 406 2290 464 II.

3254 416 3359 475 702

111 524 471 598 inlutjusmodi
492 525 850 598 monasteriis
876 524 1087 598 degisse
1115 540 1255 598 cum
1268 524 1481 580 clericis
1520 524 1664 598 suis,
1693 528 1746 590 Λ
1771 524 2014 598 Damiani
2058 523 2246 598 optimi
2278 521 2521 598 praesulis
2552 523 2825 598 memoriae
2855 527 3183 598 epitaphium
3215 530 3353 585 scri—

137 595 179 649 ui
205 596 360 650 statis
387 595 536 649 horis
575 595 781 650 diurnis
806 612 913 651 non
940 593 1118 659 modo,
1165 595 1258 649 sed
1282 602 1338 648 et
1367 593 1665 657 nocturnis,

137 613 179 649 ιιι
205 613 360 650 stans
387 613 536 649 εισι-ιε
575 613 781 650 (ιιιιιοηιε
806 613 913 651 non
940 613 1118 659 meno,
1165 613 1258 649 seu
1282 613 1338 648 et
1367 613 1665 657 nocturnis,

108 613 275 721 iiivinaz
310 666 625 734 psalmodite
654 680 880 735 pensum
910 666 1207 720 solvebant.
1258 664 1460 718 Tabula
1486 664 1666 735 lignea

110 738 295 806 signum
342 736 593 798 dalmtur,
624 734 730 806 quo
777 736 844 790 ad
889 736 1182 806 matutinas
1230 735 1392 806 horas
1433 734 1499 787 ad
1540 734 1664 803 galli

110 805 297 860 cantum
332 817 668 873 surgeretur.
704 805 761 859 Id
799 805 975 859 nullus
999 805 1185 858 dubito
1209 805 1345 873 quin
1368 819 1436 856 ex
1474 819 1649 857 mona-

111 878 303 947 chorum
347 875 559 947 ritibus
587 876 1251 947 ρζοῃιίιηᾳνθτὶιηεφυρίον
1294 876 1663 947 ἐφυπνασςτὲκον

112 945 318 1000 tabulam
350 945 494 999 illam
530 943 765 999 Palladio
798 946 993 999 dictam
1025 943 1092 998 in
1110 943 1338 999 Historia
1378 943 1659 1007 Lausiaca,

111 1031 204 1081 cap.
245 1015 378 1079 104,
421 1016 629 1068 notavit
662 1015 1062 1085 Ducangiusin
1101 1014 1276 1070 Gloss.
1304 1012 1660 1085 Latinitatis,

112 1084 299 1154 quialia
320 1085 374 1139 in
395 1100 518 1138 eam
554 1100 667 1154 rem
690 1085 837 1138 addit
855 1083 999 1154 apud
1027 1086 1275 1139 eumdem
1297 1083 1543 1153 legenda.

168 1152 241 1207 VI.
277 1154 513 1209 IIistoria
543 1156 611 1209 de
628 1153 813 1208 lezeo
841 1152 1104 1210 converso
1132 1152 1505 1208 Ravennatum
1529 1153 1665 1208 scri-

111 1232 292 1292 ptorum
334 1225 388 1278 in
438 1224 589 1279 libris
628 1238 692 1278 ex
716 1224 940 1294 Agnello
981 1224 1082 1279 rite
1108 1223 1373 1293 descripta
1411 1229 1523 1294 est;
1555 1238 1662 1294 non

110 1302 177 1363 est
200 1295 375 1363 itaque
401 1310 501 1348 cur
532 1295 586 1349 in
614 1310 676 1349 ea
702 1293 1017 1349 illustranda
1043 1295 1410 1349 immoremur.
1450 1293 1579 1347 Illud
1608 1293 1660 1347 in

111 1360 177 1416 his
196 1360 311 1434 qua:
331 1366 734 1434 subsequuntur
753 1364 973 1429 mirum,
1002 1372 1204 1419 tantam
1226 1363 1474 1418 videlicet
1497 1362 1663 1434 fuisse

109 1433 262 1488 stt-culi
308 1433 427 1503 ejus
468 1433 796 1501 barbariem,
855 1442 915 1489 ut
954 1450 1079 1490 cum
1125 1434 1435 1490 censuerint
1477 1433 1661 1489 clerici

1770 595 2024 670 Infandum,
2071 594 2255 670 paucis
2295 594 2525 670 m_utatis_
2566 594 2692 648 illud
2730 594 3168 666 transcripseriut
3211 600 3350 670 quod

1769 662 2213 738 Mariniano’olim
2243 662 2778 738 positum_fuerat,get
2808 662 2980 735 pauca
3000 684 3120 738 qum
3148 662 3355 727 mutata

1768 741 1895 788 sunt
1921 733 2220 803 spbalmata
2249 733 2585 797 admiserint,
2612 742 2670 787 ut
2704 733 2830 789 illa}

1892 837 2142 887 Dalmatize
2169 838 2372 886 veniens
2395 838 2602 886 antistes
2624 838 2799 888 beatus
2821 851 2848 887 a
2874 852 2991 889 rure

1765 919 2038 992 Agnellus,
2080 928 2135 973 et
2160 918 2479 992 M_ariniani,_
2500 928 2558 973 et
2583 920 2829 992 Damiani
2868 923 3196 992 epitaphium
3244 925 3355 981 fere

1768 989 1931 1063 idem,
1952 990 2036 1063 uti
2057 1004 2089 1042 a
2119 1004 2177 1063 se
2204 989 2423 1063 lectum,
2451 990 2756 1063 descripsit:
2783 989 2921 1058 Quid
2950 989 3092 1063 quod
3130 994 3353 1049 Joanni-

1766 1061 1886 1116 cius
1932 1060 2039 1123 ille,
2085 1059 2178 1128 qui
2220 1056 2683 1128 Constantinopoli
2728 1056 3043 1117 Ravennam
3084 1075 3209 1119 ante
3255 1068 3355 1119 Da-

1766 1131 1931 1186 miani
1980 1138 2209 1200 mortem
2260 1130 2527 1195 redierat,
2562 1130 2749 1186 Graece
2795 1131 3088 1200 Latineque
3136 1135 3355 1196 doetus,

1766 1201 1988 1283 minime
2030 1199 2314 1283 scribendo
2343 1199 2580 1283 episcopi
2622 1202 2897 1283 epitaphio
2939 1199 3360 1283 adhibitusest?

1764 1271 1955 1326 Exstat
1981 1271 2156 1325 adhuc
2186 1269 2241 1340 in
2266 1270 2490 1325 basilica
2517 1269 2578 1326 S.
2607 1269 2930 1340 Apollinaris
2951 1273 3222 1329 Classensi
3245 1276 3359 1329 [nec

1764 1342 1949 1398 brevis
1980 1339 2264 1409 inscriptio
2302 1357 2314 1393 :

2113 1446 2164 1483 ι).
2191 1445 2246 1483 Ν.
2276 1444 2540 1484 DAMIANUS
2568 1445 2814 1485 ARCHIEP.
2843 1447 3018 1486 FECIT.

1266 1742 1515 1819 VITA
1570 1739 1652 1820 S.
1726 1739 2145 1817 FELICIS.

594 1983 823 2043 CAPUT
858 1981 1152 2041 PRIMUM.

108 2076 269 2136 Felicis
303 2079 491 2149 facies,
518 2095 713 2149 mores,
752 2078 966 2149 scripta.
1006 2078 1181 2132 Abba:
1208 2078 1346 2149 idem
1385 2087 1433 2133 et
1462 2093 1661 2132 oecono-

321 2166 459 2203 mus.
497 2148 769 2203 Nonnulla
799 2144 865 2201 de
894 2144 1116 2219 Georgio
1152 2148 1411 2219 episcopo.

156 2262 289 2317 Feli:
328 2260 591 2315 XXXVIII
621 2272 669 2314 δ.
704 2261 808 2316 Iste
836 2260 987 2315 brevi
1012 2275 1260 2331 corpore,
1296 2260 1474 2315 tenuis
1504 2260 1662 2325 facie,

106 2354 303 2408 modicis
350 2352 545 2417 oculis,
590 2352 879 2407 macilenta
914 2350 1110 2423 elligie,
1161 2353 1353 2422 Spiritu
1376 2353 1666 2425 Sapientiae

103 2444 258 2511 plenus
282 2442 413 2509 fuit,
441 2454 497 2499 et
518 2442 639 2498 fons
664 2443 920 2513 irriguos,
946 2443 1185 2513 optimus
1212 2453 1388 2513 pater,
1418 2444 1667 2515 egregius

102 2536 420 2604 praedicator,
468 2536 762 2590 multorum
804 2535 1055 2590 conditor
1082 2535 1438 2599 voluminum,
1483 2535 1537 2590 iu
1567 2551 1664 2591 sua

100 2635 256 2680 sancta
284 2626 582 2682 fecundus
625 2625 896 2691 Ecclesia;
943 2626 1469 2697 expositionemque,
1503 2643 1665 2698 quam

101 2731 246 2786 usque
271 2733 425 2773 nunc
451 2717 715 2771 habemus
741 2716 808 2772 de
835 2716 920 2772 die
955 2716 1167 2786 judieii,
1194 2718 1285 2773 ubi
1311 2718 1388 2771 ait
1413 2716 1469 2771 in
1492 2717 1668 2772 Evan-

96 2808 213 2878 gelio
240 2827 254 2863 :
279 2807 423 2864 Cum
469 2808 704 2862 videritis
741 2808 1204 2873 abominationem,
1255 2808 1371 2878 ipse
1420 2807 1663 2862 dictavit.

96 2899 151 2953 Et
182 2902 328 2956 solus
355 2901 462 2956 iste
491 2914 523 2953 a
548 2899 923 2954 sacerdotibus
969 2898 1251 2962 liberatus,
1305 2914 1429 2952 nam
1461 2898 1665 2967 reliqua

93 2994 249 3048 omnia
298 2991 587 3048 volumina
634 2990 884 3045 manibus
938 2990 1052 3044 suis
1100 2990 1224 3058 igne
1280 2988 1663 3044 concremavit.

94 3083 181 3138 Iste
216 3082 616 3139 monasterium
642 3080 704 3135 B.
748 3080 1130 3135 Bartholomaﬁ
1171 3078 1261 3134 ubi
1301 3094 1402 3150 ego
1447 3079 1558 3134 Deo
1587 3077 1666 3132 fa-

96 3184 229 3231 vente
248 3176 448 3239 abbas,
492 3172 726 3244 praafuit,
766 3180 824 3228 et
857 3170 1265 3228 vicedominalia
1304 3170 1664 3241 gubernacula

92 3277 317 3338 suscepta
389 3265 851 3322 luculentissimus
900 3264 1101 3329 tenuit;
1165 3263 1260 3318 sed
1312 3271 1492 3317 tamen
1542 3272 1664 3332 post

1696 1989 1741 2047 Β
1767 1979 1954 2039 obrizo
1987 1981 2131 2036 fecit.
2171 1979 2436 2036 Recolens
2468 1979 2783 2051 populorum
2826 1981 2984 2046 iram,
3024 1981 3179 2052 jubet
3208 1994 3356 2041 trun-

1766 2075 1878 2131 cari
1912 2089 2168 2145 proceres
2194 2072 2359 2128 ferro.
2412 2072 2496 2127 Fit
2526 2074 2712 2145 ingens
2738 2073 2942 2129 clamor
2974 2088 3354 2147 gravatorum;

1770 2165 1945 2223 deleta
1965 2163 2213 2233 juventa,
2241 2173 2296 2219 et
2328 2163 2481 2218 multi
2511 2165 2576 2218 ad
2618 2164 2803 2219 limina
2838 2164 3144 2235 plectebant
3185 2171 3360 2241 capita

1766 2272 1898 2323 sua;
1959 2256 2048 2310 alii
2112 2253 2393 2310 transfossi
2452 2254 2700 2323 capulum
2770 2256 3004 2312 stridens
3021 2262 3358 2328 .prmcordia

1768 2342 2015 2416 [texta],
2061 2343 2302 2398 nonnulli
2345 2342 2499 2397 culeo
2553 2344 2604 2397 in
2648 2344 2868 2415 pelagus
2887 2344 3079 2413 jactati
3112 2349 3163 2402 in
3195 2350 3358 2404 altum

1766 2434 2070 2504 consumpti
2100 2433 2249 2488 multi
2281 2433 2426 2504 pyris
2447 2432 2661 2486 ﬂamma
2691 2433 2886 2490 intensi
2922 2438 3187 2493 medullis.
3223 2440 3359 2494 quc~

1765 2525 1898 2580 lices
1925 2524 2014 2578 alii
2037 2524 2264 2593 prandia
2312 2524 2588 2577 interanea
2634 2522 2876 2579 dissoluti
2918 2528 3194 2596 petebant,
3227 2547 3359 2585 nou-

1767 2615 1898 2670 nulli
1926 2614 2205 2685 plumbeas
2241 2626 2432 2683 pinnas
2476 2612 2814 2683 tyrannicum
2841 2630 2855 2679 ;
2885 2630 2953 2670 ex
2999 2616 3130 2685 ipsis
3167 2619 3362 2676 IILUIIOS

1768 2708 1973 2778 recepit
2001 2707 2175 2778 inops,
2207 2715 2645 2776 consumptaque
2670 2707 2906 2778 undique
2935 2712 3116 2766 urbes.
3145 2712 3225 2766 Ad
3249 2713 3360 2770 Ra-

1768 2812 1995 2852 vennam
2049 2798 2215 2852 corda
2264 2797 2546 2853 revolvens
2594 2800 2848 2865 retorsit,
2904 2810 2958 2855 et
2996 2817 3093 2871 per
3142 2815 3353 2861 nectent

1768 2887 1999 2958 plurima
2046 2888 2287 2953 volvens,
2325 2887 2463 2942 infra
2513 2904 2572 2943 se
2605 2889 2783 2942 taliter
2812 2889 2964 2944 aiens
2998 2891 3181 2947 :Ileu!
3232 2896 3357 2964 quid

1771 2995 1949 3050 agam,
1977 2988 2032 3035 et
2063 2988 2252 3034 contra
2287 2979 2601 3034 Ravennam
2628 2995 2748 3052 quae
2776 2981 2996 3036 exordia
3024 2985 3268 3038 sumam?
3297 2985 3364 3039 Et

1770 3071 1958 3127 videns
1988 3072 2246 3149 animam,
2287 3089 2384 3139 per
2415 3073 2582 3127 multa
2611 3074 2835 3128 consilia
2872 3089 3091 3145 vagans,
3135 3078 3248 3132 haec
3285 3078 3363 3132 al-

1770 3163 2024 3219 ternatim
2053 3162 2192 3217 infra
2220 3178 2298 3228 se,
2332 3179 2485 3219 mens
2513 3152 2718 3235 rapitur
2744 3165 2796 3218 in
2824 3165 3056 3221 diversa.
3085 3167 3205 3222 Mox
3227 3179 3363 3223 stra-

1770 3256 1936 3311 ticum
1968 3254 2180 3311 fidelem
2215 3271 2371 3310 suum
2403 3256 2565 3311 tacito
2595 3265 2770 3321 vocat,
2804 3265 2862 3311 ut
2895 3268 3041 3327 aptet
3084 3269 3278 3324 ratem.
3307 3272 3356 3317 et

93 3334 266 3415 multas
308 3358 718 3422 tribulationes,
747 3371 886 3426 quas
915 3355 969 3410 in
1007 3354 1469 3424 Constantinopoli
1499 3354 1664 3409 susti-
1691 3334 1735 3398 C
1768 3351 1947 3406 socios
1973 3350 2025 3404 in
2055 3348 2210 3405 litore
2239 3349 2421 3415 ducat,
2450 3363 2715 3420 expensas
2738 3360 2922 3419 paret;
2953 3360 3006 3407 et
3035 3367 3154 3422 quae
3180 3356 3251 3409 sit
3280 3371 3361 3411 res

91 3450 207 3516 nuit,
235 3459 293 3505 ut
317 3449 571 3505 audituri
605 3448 757 3512 estis,
787 3462 910 3503 cum
939 3461 1141 3502 corona
1171 3446 1413 3501 victoria:
1445 3446 1513 3500 ad
1537 3460 1665 3515 pro-

91 3541 239 3608 priam
258 3557 389 3598 eum
421 3539 685 3595 Dominus
719 3537 994 3593 revocavit
1020 3537 1223 3593 sedem.
1249 3535 1340 3591 Sic
1364 3545 1420 3590 et
1440 3536 1572 3591 mihi
1598 3536 1666 3590 de

90 3634 321 3699 praedicto
376 3632 717 3688 monasterio
764 3630 1007 3700 contigit.
1051 3629 1097 3685 A
1139 3631 1371 3700 Georgio
1412 3630 1666 3698 pontilice

91 3736 169 3790 per
191 3739 363 3794 pauca
411 3737 683 3778 annorum
729 3721 1002 3777 curricula
1051 3721 1168 3777 sine
1212 3735 1378 3776 causa
1422 3720 1666 3790 privatus

86 3828 207 3880 sum,
238 3827 293 3872 et
319 3815 396 3870 ad
448 3816 555 3871 hoc
600 3814 984 3870 monasterium
1021 3813 1096 3867 lui
1133 3812 1418 3885 [privatus
1452 3812 1519 3868 de
1562 3812 1666 3867 hoc

86 3903 474 3976 monasterio].
497 3902 636 3959 Nam
675 3912 965 3975 antequam
995 3904 1062 3960 ad
1087 3903 1196 3959 tale
1232 3904 1444 3959 culmen
1471 3920 1663 3960 ascen-

84 3995 253 4064 disset,
276 4001 359 4056 sic
387 4013 616 4054 eramus
644 3998 710 4052 ad
736 3997 965 4053 invicem
989 3996 1142 4067 quasi
1165 4010 1232 4052 ex
1262 4012 1369 4052 uno
1394 3997 1500 4052 duo
1539 4012 1667 4052 vere

82 4090 347 4156 germani;
380 4096 446 4143 et
470 4096 757 4158 postquam
799 4087 1011 4157 accepit
1035 4087 1450 4143 archieraticam
1492 4088 1666 4158 digni-

84 4188 252 4248 tatem,
270 4181 454 4237 Deum
486 4179 734 4245 oﬂ‘endit,
755 4188 813 4235 et
833 4180 1345 4235 omnessacerdoles
1369 4179 1665 4245 demolivit,

81 4282 259 4327 ιιιιιιαω
295 4287 585 4342 occupans
630 4272 982 4334 monasteria,
1023 4280 1269 4340 totasque
1311 4287 1472 4341 gazas
1496 4272 1666 4328 eccle-

78 4362 179 4425 εἰπε,
208 4378 346 4433 quas
370 4364 812 4435 prtedecessores
835 4364 919 4418 sui
950 4364 1338 4433 adquisierant,
1386 4381 1485 4435 pro
1515 4374 1663 4420 reatu

79 4454 150 4505 sui
176 4456 437 4525 corporis
453 4454 732 4525 expendit.

712 4566 937 4625 CAPUT
975 4568 1037 4623 II.

79 4652 559 4753 Juﬁni‘anus,Lqui
588 4658 674 4739 hic
716 4657 1332 4753 qustantipggdicilatm
1363 4656 1578 4753 ηητξίξξιε
1600 4670 1664 4753 [et
1699 4694 1745 4753 ι)

138 4728 356 4799 {aribus
402 4728 674 4799 abscissis,
707 4728 1055 4799 ρειΙὶι-ιενηΑά
1093 4730 1365 4799 imperium
1399 4729 1547 4783 redit.
1593 4728 1667 4783 De

143 4794 544 4852 Ravennatibus
565 4794 812 4853 vindicta.
838 4796 993 4853 Felix
1015 4794 1219 4869 captus,
1243 4812 1290 4852 et
1317 4808 1626 4853 calceatus.

138 4906 306 4978 Igitur
355 4911 528 4966 istius
573 4911 906 4980 temporibus
952 4907 1291 4967 Constantini
1320 4910 1668 4983 [Leg.Justi-

80 4998 250 5072 niani]
295 5001 657 5071 imperatoris
700 5017 729 5056 a
776 5002 891 5057 suis
928 5002 1190 5058 militibus
1232 5019 1354 5059 cum
1399 5004 1668 5073 aliquibus

79 5085 273 5144 civibus
309 5088 602 5144 Ravenna:
638 5105 802 5145 nares
849 5098 904 5144 et
947 5106 1107 5147 aures
1145 5093 1396 5147 abscissae
1429 5092 1664 5148 luerunt.

80 5174 145 5230 De
182 5180 650 5248 praestantissimo
672 5180 964 5236 demissum
994 5181 1340 5237 reddiderunt
1367 5197 1584 5252 corpus,
1616 5193 1699 5239 et.

79 5266 138 5320 de
161 5270 286 5324 aula
312 5270 617 5341 expulsus,
649 5270 921 5341 projectus
958 5280 1043 5327 est
1077 5273 1129 5327 in
1163 5273 1340 5339 litore,
1390 5276 1672 5344 cupientes

77 5372 190 5412 eum
216 5372 511 5416 truncare.
555 5360 628 5415 At
656 5362 743 5417 ille
770 5371 891 5432 post
918 5364 1196 5420 debilitata
1225 5366 1469 5420 membra
1503 5365 1671 5420 vitam

78 5454 425 5517 precabatur,
467 5467 717 5509 asserens
757 5470 815 5511 se
848 5464 1020 5511 totum
1052 5456 1334 5526 imperium
1375 5471 1495 5511 esse
1530 5458 1671 5513 obli-

80 5548 200 5596 tum.
230 5543 331 5601 llis
374 5545 569 5613 itaque
593 5547 759 5615 gestis
796 5548 921 5601 dum
964 5563 1108 5618 aeger
1137 5549 1472 5617 spatiabatur
1511 5550 1567 5603 in
1608 5550 1671 5604 li-

80 5637 209 5700 tore,
233 5637 487 5692 consilio
508 5638 647 5692 inito
675 5653 797 5693 cum
828 5639 1090 5710 Bulgaris,
1121 5640 1171 5693 in
1203 5654 1299 5693 sua
1335 5648 1669 5696 restauratus

80 5736 158 5784 est
185 5731 334 5795 sede,
371 5742 430 5787 et
478 5733 678 5802 potitus
717 5734 943 5803 imperio
981 5752 1140 5790 nares
1178 5736 1281 5789 sibi
1316 5744 1372 5791 et
1414 5752 1573 5791 aures
1603 5753 1669 5791 cx

1765 3443 1944 3498 omnis
2002 3443 2231 3511 ignorat.
2303 3440 2654 3496 Dissimulare
2698 3440 2854 3509 jubet
2904 3458 3026 3498 sese
3081 3460 3364 3515 quousque

1767 3542 2009 3603 tempore
2033 3532 2134 3587 fuit
2160 3542 2284 3603 apto
2326 3532 2527 3604 [fuerit
2562 3540 2748 3603 aperto
2780 3532 2811 3603 Ι.
2840 3534 2991 3590 Tunc
3018 3536 3098 3591 sic
3127 3538 3351 3607 alloqui-

1768 3631 1857 3678 tur
1888 3622 2057 3689 illum,
2103 3631 2157 3678 et
2200 3623 2326 3678 talia
2363 3624 2530 3678 verba
2553 3623 2745 3693 jubet:
2782 3624 2908 3680 Esto
2950 3636 3206 3681 constans
3230 3629 3365 3683 meis

1724 3710 1727 3714 ’
1769 3728 1960 3783 parere
1989 3713 2293 3783 prteceptis,
2334 3709 2669 3781 lirmiterque
2711 3728 2831 3784 age,
2862 3722 2919 3768 et
2955 3730 3104 3769 urens
3131 3717 3362 3771 nuncius

1768 3802 1896 3868 ibis,
1933 3810 1990 3856 et
2026 3801 2246 3871 loquere
2286 3800 2753 3862 Ravennensibus,
2802 3809 2857 3855 et
2888 3817 3005 3857 mea
3046 3803 3186 3856 dicta
3223 3803 3361 3858 cele—

1769 3892 1883 3946 rius
1916 3889 2080 3946 rel‘er.
2114 3891 2232 3961 Ipsa
2262 3907 2395 3962 gens
2440 3890 2656 3945 inimica
2703 3890 2834 3953 mihi
2882 3906 2978 3961 per
3019 3889 3359 3949 fraudulenta

1768 3982 1991 4039 consilia
2017 3998 2175 4037 nares
2200 3982 2329 4037 mihi
2363 3981 2710 4037 absciderunt
2736 3991 2789 4035 et
2827 3997 3006 4038 aures.
3039 3981 3185 4037 Pone
3212 3984 3363 4054 papi-

1768 4075 1965 4131 lionem
2020 4083 2169 4128 tuum
2220 4089 2383 4144 super
2444 4074 2617 4144 ripam
2672 4074 2933 4136 Eridani,
2985 4084 3038 4131 et
3095 4092 3360 4149 compone

1768 4165 1962 4221 blanda
1988 4164 2171 4231 verba,
2196 4173 2251 4218 et
2278 4165 2414 4218 iram
2455 4180 2650 4219 serena
2682 4175 2797 4237 tege
2828 4165 3023 4232 fronte,
3052 4179 3107 4223 et
3133 4184 3232 4238 pro
3275 4186 3360 4225 me

1768 4257 1873 4313 illis
1892 4257 2206 4313 salutatoria
2236 4258 2401 4312 verba
2428 4255 2627 4326 profer.
2672 4257 2842 4321 Dona,
2876 4258 3071 4323 tribue,
3100 4268 3155 4313 et
3187 4260 3355 4315 invita

1766 4361 1861 4402 eos
1880 4346 1946 4400 ad
1975 4346 2236 4402 solemnia
2277 4362 2492 4402 mensae.
2522 4345 2578 4400 In
2603 4348 2773 4404 oculis
2799 4364 2987 4404 eorum
3018 4359 3135 4405 esto
3158 4350 3357 4419 jucun-

1768 4439 1886 4503 dus,
1923 4439 1975 4491 in
2003 4438 2166 4492 corde
2192 4438 2267 4493 sis
2294 4439 2485 4494 hostis.
2517 4438 2616 4507 Qui
2649 4455 2899 4510 egressus
2924 4456 2989 4495 ex
3019 4442 3150 4497 urbe
3178 4443 3349 4514 attigit

1769 4539 1961 4590 ratem.
1979 4529 2249 4601 jussitque
2269 4534 2446 4587 ventis
2468 4532 2583 4587 vela
2604 4533 2739 4597 dari,
2767 4535 3011 4590 consedit
3035 4543 3349 4603 translrum,

1775 4621 2126 4692 sulcabatque
2167 4624 2336 4678 undas
2371 4624 2543 4679 salsas
2584 4625 2790 4679 carina.
2831 4625 3086 4682 Lustrato
3126 4630 3354 4699 Drapaui

1771 4725 1951 4784 portu,
1979 4715 2127 4769 venit
2148 4714 2447 4770 Pachinum
2468 4717 2676 4772 delatus
2701 4717 2864 4773 Siculi
2889 4736 3005 4774 ora.
3026 4721 3356 4777 Desazvieute

1773 4805 1960 4876 pelago
1999 4806 2149 4877 nigra
2196 4796 2619 4877 super'aequora
2671 4810 2830 4874 nube,
2876 4827 3144 4883 acquosus
3189 4814 3353 4868 Trion

1774 4894 2027 4967 [Orion],
2059 4897 2463 4953 inretractabile
2485 4898 2701 4952 ctelum.
2733 4898 2936 4954 Invitus
2967 4898 3086 4954 loco
3113 4913 3353 4958 moratus

1770 4994 1871 5041 est.
1907 4974 2184 5040 Placidum
2214 4985 2452 5051 ﬂuctum,
2480 4995 2533 5040 et
2576 5001 2724 5039 mare
2766 4985 2957 5042 videns
2985 4991 3350 5059 tranquillum,

1770 5075 2101 5130 Adriaticum
2144 5085 2433 5146 penetrans
2462 5075 2640 5128 sinum
2671 5076 2944 5144 prospexit
2976 5080 3215 5147 gaudens
3250 5080 3344 5133 Ra-

1773 5182 2031 5232 vennam,
2062 5174 2116 5221 et
2153 5166 2314 5219 fallax
2358 5163 2479 5219 dolo
2525 5180 2625 5217 vox
2666 5167 2910 5234 prorupit
2950 5166 3134 5221 dicens
3162 5185 3175 5221 ;
3205 5167 3248 5221 Ο
3273 5168 3341 5221 in-

1772 5254 1957 5321 fanda,
1988 5256 2249 5325 improba,
2279 5254 2513 5309 crudelis
2540 5253 2814 5321 Ravenna,
2856 5271 2976 5326 qum
3002 5272 3127 5311 rura
3150 5262 3340 5312 extrin-

1773 5361 1949 5410 secus,
2005 5344 2327 5400 acerrimum
2380 5345 2524 5399 intus
2575 5345 2706 5400 latet
2754 5350 3058 5402 venenum!
3104 5346 3350 5421 .‘Equalis

1774 5438 1888 5492 solo
1936 5437 2156 5500 videris,
2210 5437 2303 5491 sed
2342 5437 2520 5506 capite
2567 5437 2748 5492 nubila
2797 5440 2988 5509 tangis.
3049 5438 3194 5495 Inter
3237 5442 3352 5497 lucc

1773 5528 1937 5580 verba
1967 5527 2118 5581 navis
2139 5526 2313 5581 vicina
2347 5526 2488 5581 facta
2517 5536 2599 5581 est
2627 5527 2793 5593 litori,
2830 5537 2885 5582 et
2911 5530 3161 5598 expansis
3188 5532 3352 5587 remis

1776 5615 1991 5670 Eridani
2036 5616 2204 5685 ripam
2238 5616 2483 5681 suleavit,
2514 5627 2569 5672 ct
2604 5634 2724 5671 cum
2751 5617 2927 5689 populi
2963 5618 3129 5688 gloria
3164 5635 3353 5676 omnes

1774 5708 2041 5761 exierunt.
2068 5708 2204 5763 Cum
2226 5723 2291 5763 ex
2314 5710 2446 5764 urbe
2473 5710 2741 5764 venissent
2766 5710 3065 5781 [venisset|,
3082 5713 3343 5769 ministra

154 5848 178 5875 ⁸
209 5837 310 5892 Not
369 5853 551 5908 marg.
582 5840 683 5895 Hic
716 5842 811 5910 fuit
837 5844 1251 5913 archiepiscopus
1280 5844 1418 5897 circa
1444 5861 1636 5899 (nimim
1675 5844 1796 5902 695.
1826 5847 2020 5901 Bacon.
