3936 6180
475 340 577 396 705

1182 332 1475 388 AGNIZI.”
1514 329 1802 386 AEIKATIS
1842 329 1898 385 S.
1944 327 2181 383 MARle
2221 326 2311 380 AD
2348 323 2820 399 BLACIIERHAS,
2862 322 3010 380 ETC.

3617 318 3714 378 7M

478 458 615 510 tiens
646 450 930 509 Graiorum
962 447 1014 501 in
1054 447 1269 518 egregia
1306 446 1424 499 aula
1448 443 1609 513 jussit
1652 442 1826 512 parari
1858 440 2043 497 sedilia
2074 442 2120 501 Α
2141 435 2302 505 jussit
2336 435 2516 501 fundi;
2560 444 2615 491 et
2653 442 2872 489 coactus
2905 432 3145 503 pontifex
3184 429 3382 485 ibidem
3421 429 3719 486 diutissime

477 558 635 615 super
666 538 1047 595 viridissimum
1075 547 1328 606 gramen,
1368 542 1423 587 et
1449 546 1637 587 omnes
1666 530 1895 600 majores
1925 539 2052 583 natu

478 638 544 690 ad
587 649 647 689 se
688 630 923 685 invitans
954 627 1053 700 [in
1091 636 1310 682 ostenso
1340 625 1359 697 ]
1384 625 1619 681 hominis
1652 624 1836 678 libenti
1873 623 2054 677 animo

477 723 733 792 suscepit.
765 720 882 773 Alia
908 733 1037 771 vero
1066 718 1153 771 die
1176 714 1339 785 jussit
1376 716 1590 769 diversa
1620 714 1780 784 pallia
1811 724 1866 768 et
1892 714 2057 768 corti-

478 832 577 871 nas
613 830 680 871 ex
723 821 951 881 utraque
999 819 1150 881 parte
1193 810 1500 870 extendere,
1547 824 1652 861 non
1693 809 1871 861 minus
1901 807 2053 876 quasi

478 909 653 963 stadio
678 921 805 968 uno,
835 912 891 957 et
919 904 1109 957 invitat
1129 915 1381 970 proceres
1410 914 1617 962 omnes,
1651 899 1743 968 qui
1772 899 1839 952 ad
1868 899 2052 953 limina

476 1000 765 1054 veniebant
792 995 918 1059 duo,
943 1002 995 1047 et
1028 994 1128 1049 duo
1152 1007 1180 1044 a
1210 1006 1267 1045 se
1298 991 1508 1043 invitati
1538 988 1709 1060 [duos
1739 995 1793 1042 et
1826 989 1960 1042 duos
1988 989 2055 1041 ad

482 1106 539 1145 se
567 1083 892 1156 introduci],
927 1094 982 1139 et
1003 1081 1423 1152 comprehensis,
1466 1080 1716 1134 mittebat
1742 1094 1910 1132 uncos
1939 1076 2056 1149 [cu-

479 1178 643 1251 neos]
674 1180 879 1248 Iigneos
917 1177 973 1230 in
1004 1192 1099 1230 ora
1130 1191 1339 1240 eorum,
1371 1184 1427 1229 et
1453 1174 1761 1245 ligabantur
1787 1182 1906 1245 post
1949 1184 2055 1228 ter-

477 1287 601 1343 gum
631 1270 828 1338 capita,
865 1275 918 1321 et
946 1266 1368 1337 projiciehantur
1407 1266 1508 1320 sub
1548 1265 1846 1320 cathalecta
1880 1266 2053 1319 navis.

478 1363 533 1416 In
569 1361 662 1417 tali
686 1377 813 1415 vero
833 1358 954 1414 dolo
980 1367 1105 1413 sunt
1133 1372 1323 1412 omnes
1350 1356 1554 1411 nobiles
1579 1357 1742 1426 capti.
1768 1357 1843 1411 lbi
1869 1367 1922 1411 et
1951 1356 2057 1412 Fe-

480 1452 546 1505 lix
583 1449 821 1520 pontifex
862 1448 1020 1505 istius
1060 1448 1209 1502 urbis
1254 1448 1509 1517 deceptus
1535 1456 1639 1513 est,
1674 1447 1746 1501 ibi
1783 1446 2059 1502 Joannieis

478 1543 740 1613 sapientis
772 1542 911 1596 imus
956 1548 1147 1610 captus
1190 1547 1293 1603 est,
1344 1539 1417 1593 ibi
1461 1546 1515 1592 et
1561 1539 1863 1593 mediocres
1907 1538 2059 1593 multi

480 1633 642 1687 vincti
672 1639 819 1695 sunt,
847 1637 902 1683 et
939 1629 1116 1683 nullus
1148 1644 1215 1682 ex
1243 1628 1449 1683 civibus
1472 1629 1613 1684 hanc
1641 1628 1883 1683 fraudem
1912 1629 2061 1699 prius
2085 1694 2090 1699 ,

478 1738 773 1793 agnoscere
801 1721 990 1786 valuit,
1022 1720 1115 1777 sed
1156 1729 1440 1791 postquam
1481 1722 1763 1777 intralibus
1803 1724 2058 1778 ruborum

2156 529 2371 593 intueri,
2400 528 2581 583 amisit
2605 528 2884 582 amborum
2910 524 3110 579 lumina
3137 522 3436 578 oculorum.

2742 636 2968 693 CAPUT
3004 635 3089 690 III.

2159 732 2365 785 Novum
2405 728 2788 783 Ravennatibus
2826 727 3123 780 discrimen.
3161 723 3416 793 Georgius
3459 723 3727 779 Joannicii

2223 802 2367 870 ﬁlius
2395 801 2505 853 dua:
2556 816 2672 870 cum
2713 814 2915 851 summa
2951 804 3197 870 potestate
3230 793 3447 870 electus.
3489 793 3731 848 Disuom't

2227 866 2401 925 ontnia
2422 870 2491 923 ad
2513 868 2704 922 bellum
2728 878 2875 922 extra
2902 876 2949 919 et
2979 866 3118 918 intra
3141 866 3419 917 civitatem.

2226 986 2436 1040 Interea
2465 984 2872 1047 Ravennenses,
2900 982 2993 1051 qui
3020 990 3074 1037 et
3098 980 3409 1035 Melisenses
3427 1021 3442 1046 ,
3472 981 3624 1035 sicut
3654 981 3736 1034 in-

2156 1076 2289 1131 certi
2317 1077 2383 1129 de
2411 1076 2523 1130 suis
2542 1075 2766 1144 junctis,
2798 1074 2938 1127 inter
2965 1088 3024 1127 se
3043 1072 3226 1125 varios
3252 1086 3537 1127 sermones
3560 1072 3742 1124 trabe-

2157 1168 2307 1230 bant,
2335 1175 2389 1220 et
2416 1165 2592 1220 moesti
2619 1179 2684 1219 ex
2714 1164 2800 1217 die
2828 1161 3073 1225 nefanda,
3102 1162 3256 1217 valde
3279 1162 3332 1215 in
3367 1162 3520 1216 lnctu
3560 1177 3744 1216 mora-

2156 1257 2371 1309 bantur.
2401 1254 2499 1308 Die
2525 1268 2652 1308 vero
2680 1252 2911 1321 quadam
2933 1250 3279 1320 perveniente
3295 1249 3558 1315 diluculo,
3582 1260 3742 1304 ante-

2157 1360 2316 1415 quam
2348 1345 2462 1398 alas
2491 1351 2703 1411 raperet
2743 1342 3001 1412 quadriga
3043 1341 3287 1395 submota
3332 1341 3556 1396 humida
3603 1358 3744 1403 nox,

2159 1438 2283 1492 dum
2315 1435 2507 1489 armati
2531 1435 2752 1505 pelagus
2778 1433 3206 1504 specularentur,
3248 1434 3435 1502 procul
3474 1434 3530 1488 in
3575 1443 3749 1503 ponto

2160 1530 2450 1592 intuentes,
2478 1543 2605 1581 ecce
2633 1526 2868 1580 maxima
2898 1525 3051 1579 navis
3089 1525 3399 1579 discurrens
3438 1540 3537 1595 per
3572 1526 3751 1579 vitrea

2159 1636 2306 1683 rura,
2336 1620 2658 1687 fortiterque
2691 1617 2935 1671 sulcabat
2962 1618 3167 1671 vitreos
3197 1631 3437 1685 campos.
3463 1614 3754 1671 Guberna~

2162 1719 2248 1764 tor
2276 1725 2403 1764 vero
2438 1719 2722 1778 postquam
2760 1706 2971 1777 aspexit
3005 1707 3206 1761 mtenia
3250 1708 3435 1772 urbis,
3476 1707 3756 1761 contorsit

480 1815 632 1869 ranis
654 1826 705 1878 ιι,
753 1813 984 1884 ingressi
1034 1820 1191 1877 sunt,
1242 1822 1298 1867 et
1336 1812 1515 1883 fugam
1566 1815 1865 1883 petierunt,
1923 1815 2062 1869 sicut

2169 1801 2400 1865 clavum,
2431 1808 2487 1854 et
2520 1800 2683 1868 erepit
2714 1799 2869 1852 navis
2895 1796 3321 1853 circumflectere
3345 1813 3585 1861 cursum,
3610 1812 3758 1866 prae-

480 1905 697 1967 damna,
728 1905 807 1958 sic
830 1919 1020 1958 eorum
1060 1902 1211 1957 fraus
1239 1902 1580 1958 manifestata
1610 1912 1711 1959 est.
1741 1905 1893 1959 Tunc
1935 1907 2067 1960 resi-

479 1997 571 2050 dui
611 1995 948 2050 introeunles
996 1993 1136 2048 infra
1176 1992 1395 2066 [intra]
1424 1995 1624 2048 mtenia
1669 1995 1831 2058 muri,
1871 1997 2065 2064 subpo—

479 2095 705 2140 suerunt
732 2086 940 2140 civibus
971 2085 1170 2155 ignem.
1218 2084 1503 2138 Tumultus
1548 2096 1704 2139 erant
1732 2086 1964 2155 populis,
2013 2094 2067 2140 et

478 2177 683 2233 dabant
733 2175 1007 2231 fremitum
1055 2191 1226 2245 usque
1267 2176 1334 2230 ad
1372 2174 1586 2230 caelum.
1639 2176 1888 2230 Planctus
1919 2176 2070 2231 undi-

481 2287 588 2341 que
636 2270 844 2341 ingens'.
884 2269 1146 2323 Prostrati
1177 2284 1366 2323 omnes
1396 2268 1451 2322 in
1492 2276 1656 2323 terra.
1706 2267 1822 2323 Non
1864 2268 2068 2323 similes

481 2361 727 2414 marinus
746 2357 941 2414 ﬂuctus
971 2358 1063 2413 dat
1092 2359 1319 2423 sonitus,
1361 2374 1462 2412 nec
1490 2358 1720 2412 tonitrus
1749 2357 1941 2421 nubes,
1968 2373 2069 2412 nec

480 2468 602 2506 cum
633 2468 824 2522 magna
871 2452 1018 2506 cadit
1056 2449 1223 2503 moles
1250 2466 1317 2504 ex
1355 2448 1567 2517 Alpium
1600 2448 1756 2511 lucis,
1803 2462 1904 2502 nec
1944 2463 2067 2501 cum

483 2558 678 2614 magno
707 2551 865 2597 vento
902 2551 1228 2612 quassantur
1257 2544 1310 2597 in
1350 2553 1593 2598 montosa
1624 2544 1772 2613 sylva
1802 2545 2063 2614 cypressi.

483 2635 771 2690 Tubicines
796 2650 891 2703 per
919 2635 1126 2704 plateas
1155 2643 1304 2699 eunt,
1335 2620 1602 2689 maximas
1643 2636 1772 2689 dant
1800 2651 1980 2698 voces,
2013 2644 2068 2689 et

482 2726 767 2782 insonabat
799 2734 962 2780 terra.
1004 2727 1282 2798 Lacrymis
1313 2727 1470 2782 salsis
1512 2726 1764 2782 fuderunt
1798 2735 1973 2783 metus
2002 2728 2067 2782 de

482 2820 733 2892 przesenti
761 2834 774 2872 :
800 2816 955 2873 fletus
996 2819 1226 2883 nimius,
1259 2819 1554 2873 consolatio
1580 2818 1744 2882 nulla,
1793 2834 1893 2873 nec
1921 2835 2069 2890 repa-

482 2912 623 2966 ratio
667 2911 809 2965 vitae.
854 2910 1103 2980 Undique
1143 2908 1371 2976 clamor,
1424 2911 1660 2979 undique
1709 2909 1964 2979 suspiria,
2014 2918 2068 2964 et

475 3003 589 3072 jam
634 3013 777 3057 terra
812 3003 1047 3070 mugitus
1079 3001 1145 3054 ad
1171 3002 1377 3056 sonitus
1412 3017 1597 3056 eorum
1628 3001 1793 3055 dedit.
1827 3000 2066 3066 Quadam

483 3108 613 3146 vero
639 3093 724 3146 die
750 3090 876 3144 dum
912 3090 1195 3159 praedones
1222 3099 1278 3144 et
1301 3090 1486 3144 exules
1508 3091 1795 3159 quinquies
1819 3090 1941 3144 deni
1972 3106 2067 3158 per

482 3183 657 3236 vitrea
688 3182 1057 3236 discurrerent
1100 3196 1225 3236 rura
1267 3190 1389 3250 post
1417 3180 1686 3234 excidium
1722 3181 1893 3244 urbis,
1931 3180 2065 3234 dixit

484 3272 760 3327 Joannicis
787 3273 855 3326 ad
887 3272 1108 3327 fratrem
1141 3289 1296 3327 suum
1328 3287 1342 3325 :
1375 3271 1532 3325 Defer
1568 3271 1815 3325 chartam
1841 3311 1856 3336 ,
1903 3280 1959 3325 et
1986 3272 2067 3324 ni-

482 3381 640 3436 grum
690 3366 971 3434 liquorem,
1024 3373 1079 3420 et
1104 3364 1475 3433 scribe,~quia
1524 3362 1684 3418 hodie
1731 3363 1858 3417 liora
1907 3363 2063 3417 tertia

485 3468 712 3530 cognata
742 3468 855 3525 tua,
882 3475 1021 3513 uxor
1054 3474 1175 3512 mea
1211 3467 1421 3511 mortua
1449 3463 1551 3522 est,
1581 3464 1634 3510 et
1656 3471 1756 3526 ego
1782 3455 1870 3509 illa
1893 3454 2068 3509 vindi-

486 3568 600 3615 cor,
653 3559 819 3620 tuque
858 3550 1147 3605 reverteris
1181 3565 1304 3604 cum
1348 3548 1600 3602 maximis
1648 3548 1860 3616 opibus.
1900 3546 2068 3615 Igitur

486 3641 713 3712 ingressi
754 3639 1274 3710 Constantinopolim
1321 3640 1643 3693 invenerunt
1686 3639 2065 3707 imperatorem

485 3730 846 3787 Iustinianum
870 3730 923 3784 in
947 3730 1292 3799 smaragdina
1317 3744 1480 3783 aurea
1505 3728 1800 3792 sedentem,
1826 3736 1882 3783 et
1903 3727 2067 3781 limbo

484 3823 722 3877 emotum
750 3828 911 3890 caput
937 3860 951 3885 ,
991 3836 1153 3891 quem
1185 3818 1260 3873 illi
1293 3833 1387 3873 sua
1419 3833 1484 3872 ex
1515 3832 1646 3871 auro
1677 3824 1732 3871 et
1759 3817 2069 3887 margaritis

484 3916 820 3969 discreverat
864 3913 1012 3984 regia
1057 3913 1275 3983 conjux,
1305 3920 1361 3966 et
1400 3909 1562 3979 jussit
1609 3924 1798 3965 omnes
1847 3910 1971 3978 poni
2014 3909 2067 3962 in

486 4005 752 4068 custodia,
808 4018 1087 4073 quousque
1141 4016 1235 4058 eos
1284 4002 1456 4071 possit
1508 4000 1720 4056 diversa
1764 4001 2070 4069 expendere

485 4111 663 4165 pinna.
691 4094 892 4150 Omnes
935 4106 1213 4149 senatores
1243 4093 1519 4162 graviores
1558 4091 1863 4160 interempti
1894 4098 1948 4144 et
1977 4092 2070 4145 de-

484 4189 578 4243 leti
608 4197 765 4253 sunt,
801 4188 1164 4256 astrinxitque
1194 4202 1253 4241 se
1288 4180 1637 4256 jusjurando,
1688 4185 1830 4254 quod
1859 4183 2071 4253 pontifi-

485 4297 605 4335 cem
634 4280 993 4335 interimeret.
1042 4278 1211 4334 Nocte
1237 4293 1368 4332 vero
1400 4278 1609 4341 eadem,
1665 4292 1761 4346 pro
1804 4290 1910 4345 quo
1956 4276 2071 4331 dies

487 4372 744 4436 venisset,
773 4379 1064 4437 antequam
1089 4367 1363 4422 Oceanum
1404 4382 1653 4421 auroram
1681 4365 1700 4437 [
1724 4354 1949 4438 aurora]
1980 4367 2069 4421 de-

2168 1880 2315 1948 teriit
2340 1900 2555 1962 portum
2579 1891 2862 1943 adhaerens
2892 1888 3111 1942 Eridani
3141 1887 3286 1941 litus.
3314 1887 3464 1942 Tunc
3489 1885 3757 1942 adventui

2165 1984 2268 2039 viri
2295 1998 2484 2038 omnes
2510 1981 2763 2036 exierunt
2786 1996 2851 2033 ex
2874 1980 3007 2034 urbe
3030 1978 3254 2032 armatis
3278 1978 3548 2041 manibus,
3571 1975 3755 2031 induti

2167 2089 2394 2145 corpora
2442 2073 2608 2127 ferro.
2652 2071 2827 2126 Corda
2871 2085 3040 2140 pavor
3067 2069 3260 2139 pulsat,
3306 2068 3530 2138 pallidos
3553 2082 3761 2123 omnes

2167 2165 2347 2221 colore
2372 2178 2430 2218 se
2451 2172 2748 2234 agnoscunt
2768 2170 2979 2231 captos,
3006 2160 3273 2231 lacrymas
3298 2168 3576 2230 coeperunt
3604 2160 3762 2215 inter

2169 2273 2227 2313 se
2248 2256 2493 2311 fundere.
2519 2255 2585 2309 Et
2605 2255 3077 2323 interrogaverunt
3098 2268 3164 2307 ex
3190 2252 3269 2306 eis
3290 2253 3484 2315 virum,
3514 2252 3605 2322 qui
3639 2267 3761 2321 prze

2167 2345 2417 2400 omnibus
2442 2352 2579 2406 erat,
2613 2343 2975 2411 dixeruntque
2996 2340 3063 2394 ad
3088 2355 3210 2395 eum
3235 2357 3249 2392 :
3277 2339 3558 2393 Testamur
3581 2350 3763 2408 caput

2169 2434 2509 2501 animamque
2538 2441 2709 2496 tuam,
2735 2439 2795 2486 ut
2814 2446 2919 2485 non
2947 2429 3225 2484 mendacia
3254 2427 3422 2498 Ilngas
3440 2469 3455 2491 ,
3480 2429 3607 2497 quia
3640 2445 3759 2483 non

2168 2533 2251 2582 est
2274 2527 2325 2580 in
2356 2533 2599 2594 tempore
2628 2525 2733 2579 hoc
2762 2529 2870 2576 tuta
2899 2520 3054 2586 ﬁdes,
3083 2521 3177 2576 sed
3198 2519 3367 2583 fraus,
3397 2520 3764 2590 perjuriaque

2171 2619 2223 2672 in
2250 2620 2351 2672 hoc
2373 2617 2627 2688 praesenti
2651 2615 2847 2670 Steculo
2875 2621 3120 2685 regnant.
3147 2613 3299 2667 Tunc
3319 2613 3408 2667 ille
3431 2612 3667 2665 tbndens
3691 2613 3764 2665 ad

2169 2710 2344 2763 sidera
2366 2707 2596 2778 palmas,
2618 2707 2685 2760 ad
2702 2706 3005 2775 cmlumque
3030 2696 3231 2757 lumina
3259 2711 3533 2773 torquens,
3554 2716 3763 2757 vocem

2171 2818 2293 2857 cum
2321 2816 2518 2873 magno
2549 2800 2751 2871 gemitu
2787 2798 2967 2853 dedit:
2999 2797 3190 2851 Testor
3232 2794 3424 2850 caalum
3453 2800 3508 2847 et
3539 2800 3765 2846 terram

2168 2909 2268 2965 per
2297 2893 2673 2946 intemeratam
2704 2889 2863 2943 fidem
2897 2894 2951 2941 et
2988 2884 3295 2941 inviolabile
3328 2883 3625 2937 aathereum
3663 2898 3764 2935 re-

2172 3000 2356 3054 gnum,
2383 2981 2664 3037 mendacia
2694 2996 2801 3034 non
2827 2978 3024 3048 fingam
3043 3017 3057 3043 ,
3102 2975 3239 3031 falsa
3258 3016 3273 3041 ,
3302 2974 3388 3028 vel
3418 2973 3595 3027 inania
3644 2987 3766 3026 non

2173 3077 2345 3131 dicam
2371 3073 2624 3143 (mendax
2669 3080 2724 3126 et
2758 3071 3038 3138 improbus
3080 3067 3362 3123 mendacia
3390 3065 3560 3135 diligit
3602 3081 3765 3120 sem

2168 3164 2304 3235 per).
2345 3164 2586 3226 Dixerat,
2616 3169 2671 3216 et
2703 3175 2890 3214 omnes
2929 3158 3120 3214 intenti
3151 3158 3539 3218 conticuerant,
3578 3170 3770 3224 super

2167 3270 2290 3308 eum
2336 3260 2492 3308 erant
2540 3252 2828 3321 pendentia
2890 3264 3023 3314 ora,
3085 3255 3141 3303 et
3186 3245 3573 3315 conspicientes
3626 3257 3767 3298 eum

2168 3344 2346 3397 omnia
2394 3342 2607 3411 agmina
2650 3341 2859 3395 circum
2900 3337 3153 3407 exposuit
3195 3336 3277 3389 eis
3320 3348 3436 3403 qua:
3472 3332 3765 3386 viderant.

2168 3434 2361 3491 Omnia
2405 3432 2623 3488 lethalia
2644 3433 2834 3495 verba,
2861 3438 2917 3485 et
2944 3429 3151 3484 elevata
3179 3440 3311 3481 voce
3343 3426 3637 3487 fleverunt;
3684 3424 3773 3480 fe-

2168 3530 2314 3583 riens
2348 3528 2552 3581 aethera
2589 3525 2816 3589 clamor,
2853 3523 3161 3595 gemuitque
3204 3528 3375 3583 terra,
3403 3527 3457 3573 et
3491 3518 3775 3574 insuaue.

2171 3628 2294 3674 runt
2319 3628 2528 3674 montes
2577 3616 2729 3672 Tunc
2754 3615 3031 3685 elegerunt
3069 3613 3173 3669 sibi
3201 3613 3579 3666 Ravennenses
3607 3626 3768 3677 pra»

2168 3720 2346 3767 stante
2388 3710 2606 3766 nomine
2649 3705 3129 3781 [prasatantiorem]
3176 3705 3357 3759 virum
3385 3701 3765 3776 [Hymenaos]

2168 3803 2444 3858 Joannicis
2472 3801 2640 3855 filium
2672 3800 2891 3855 nomine
2919 3797 3236 3868 Georgium,
3264 3794 3355 3864 qui
3389 3793 3477 3848 illo
3505 3801 3769 3861 tempore

2170 3895 2404 3965 prudens
2450 3893 2504 3947 in
2540 3891 2749 3956 verbis,
2784 3890 3075 3960 providens
3116 3888 3170 3942 in
3204 3885 3450 3949 consilio,
3482 3898 3663 3938 verax
3710 3886 3767 3939 in

2170 3984 2539 4045 sermonibus,
2590 3990 2647 4036 et
2716 3980 2864 4037 omni
2920 3978 3221 4049 elegantior
3272 3974 3473 4046 gratia;
3517 3974 3770 4030 devovi}

2171 4084 2402 4144 runtque
2443 4089 2503 4129 se
2533 4072 2769 4128 universi
2805 4071 3011 4142 pariter
3036 4067 3323 4137 praeceptis
3351 4064 3486 4133 ejus,
3514 4072 3571 4118 et
3594 4065 3769 4132 quis-

2170 4168 2290 4238 quis
2318 4175 2464 4223 esset
2492 4164 2807 4220 inobediens
2835 4162 3221 4215 vindicaretur.
3253 4156 3346 4211 Ille
3374 4170 3497 4209 vero
3532 4156 3769 4210 murino

2171 4266 2365 4321 sedens
2413 4259 2690 4330 sonipede,
2736 4257 3078 4311 extrinsecus
3123 4253 3353 4306 lustrata
3386 4248 3557 4311 Italia,
3591 4258 3767 4302 sexta

2170 4370 2422 4413 reversus
2459 4361 2545 4408 est
2573 4352 2706 4405 hora
2733 4356 2788 4403 et
2826 4348 2902 4401 ait
2929 4345 2996 4400 ad
3029 4344 3207 4399 socios
3232 4357 3246 4396 :
3272 4341 3465 4395 Demus
3487 4337 3769 4393 excubias

485 4464 675 4526 disset,
715 4425 771 4516 et
811 4425 1050 4514 Phoebea
1096 4459 1301 4527 lampas
1340 4425 2063 4529 [lampades];illustrasset,
2093 4467 2144 4526 D
2170 4448 2309 4513 istis,
2332 4460 2439 4515 quo
2461 4440 2866 4514 peragravimus
2887 4435 3197 4529 civitatibus
3218 4425 3525 4529 [civitates].

488 4554 614 4607 dum
644 4561 861 4622 caperet
883 4552 1039 4606 divus
1067 4549 1340 4621 Augustus
1369 4558 1586 4618 pectore
1622 4549 1891 4619 placidum
1921 4564 2066 4604 som-

486 4661 646 4711 num,
693 4645 867 4699 astitit
915 4651 1040 4698 ante
1081 4658 1203 4698 eum
1259 4642 1625 4697 nobilissimus
1661 4640 1878 4710 juvenis
1921 4641 2068 4697 omni

485 4735 656 4805 gloria
677 4735 984 4799 decoratus,
1008 4748 1117 4787 una
1149 4749 1271 4787 cum
1301 4732 1478 4787 Felice
1507 4732 1783 4801 pontifice,
1815 4742 1868 4786 et
1897 4732 1974 4785 ait
2002 4730 2069 4786 ad

485 4848 610 4890 eum
640 4851 652 4885 :
680 4831 847 4888 Parce
886 4831 1046 4885 unico
1085 4830 1261 4901 gladio
1296 4830 1434 4893 viro.
1486 4828 1554 4882 Et
1599 4828 1780 4882 statim
1827 4826 2064 4881 evanuit.

482 4925 685 4984 Iterum
709 4925 765 4979 in
808 4925 1012 4981 somnis
1041 4924 1335 4993 respiciens
1364 4921 1499 4976 vidit
1538 4936 1701 4991 super
1728 4929 1888 4991 caput
1927 4917 2069 4987 ejus-

482 5020 609 5077 dem
639 5019 896 5074 antistitis
926 5018 1083 5088 quasi
1110 5019 1383 5072 dexteram
1423 5014 1658 5069 hominis
1696 5012 1825 5067 hinc
1859 5019 1916 5067 et
1944 5010 2068 5066 inde

486 5111 692 5183 fulgore
733 5110 1043 5164 micantem.
1083 5106 1504 5177 Expergefactns
1541 5111 1722 5159 autem
1771 5103 2071 5171 imperator

486 5202 668 5257 retulit
698 5201 831 5267 suis,
860 5207 916 5254 et
942 5206 1164 5269 propter
1192 5195 1571 5266 jusjurandum
1600 5194 1741 5261 quod
1765 5191 2067 5261 juraverat,

485 5308 555 5348 ne
597 5291 856 5347 mentitus
879 5296 1047 5354 esset,
1087 5296 1141 5343 et
1180 5287 1352 5342 urbici
1381 5300 1505 5340 eum
1542 5299 1649 5339 non
1679 5281 2067 5344 interficerent,

477 5380 643 5449 jussit
671 5378 883 5449 deferri
908 5377 1171 5433 ferculum
1208 5390 1460 5445 magnum
1504 5373 1556 5427 in
1591 5369 1799 5444 [falso]
1825 5376 1881 5424 et
1910 5383 2066 5422 mun-

380 5462 387 5468 ’
484 5448 709 5523 dissimo
735 5448 972 5539 argyrio,
1014 5475 1069 5520 et
1098 5465 1296 5519 missus
1326 5464 1379 5516 in
1424 5462 1694 5532 ingentem
1725 5472 1910 5528 rogum
1942 5462 2064 5524 post

488 5559 714 5619 nimium
744 5556 1080 5622 calefactum,
1114 5562 1325 5611 acetum
1374 5553 1699 5607 acerrimum
1735 5562 1896 5618 super
1936 5545 2065 5600 illud

2169 4555 2234 4593 ex
2262 4551 2357 4591 ore
2393 4531 2679 4602 serpentis,
2712 4528 2804 4598 qui
2832 4543 2899 4580 cx
2925 4523 3164 4596 Byzantii
3202 4531 3368 4592 ponto
3402 4520 3505 4573 huc
3540 4516 3770 4573 delatus

2166 4635 2268 4691 est,
2299 4623 2479 4679 cuncti
2508 4638 2574 4675 ex
2601 4634 2666 4674 eo
2694 4632 2858 4672 unum
2881 4615 3116 4671 bibimus
3143 4626 3429 4673 venenum,
3460 4618 3515 4664 et
3545 4610 3769 4665 tumida

2165 4717 2331 4773 corde
2360 4713 2523 4767 dona.
2568 4709 2768 4764 Danais
2806 4716 2957 4778 terga
2984 4722 3091 4761 non
3117 4706 3325 4760 demus.
3367 4702 3553 4756 Estote
3580 4700 3770 4755 ﬁden-

2168 4818 2281 4873 tes;
2314 4821 2414 4876 pro
2452 4803 2655 4858 Penate
2699 4814 2921 4855 necesse
2962 4806 3046 4852 est
3096 4796 3308 4851 animus
3345 4807 3555 4864 pugnae.
3614 4792 3774 4847 Date

2168 4892 2543 4952 robustissima
2590 4900 2807 4960 pectora
2838 4904 2904 4942 ac
2929 4887 3143 4951 ferrea;
3190 4884 3431 4939 adhibite
3470 4881 3685 4945 socios,
3714 4895 3776 4937 et

2165 4988 2392 5046 terribili
2433 4986 2665 5055 clangite
2691 4982 2843 5038 tuba.
2889 4981 2968 5037 Ite
3010 4980 3269 5042 velocius,
3303 4976 3589 5046 supponite
3614 4977 3775 5031 civi-

2168 5084 2270 5139 bus
2299 5089 2509 5136 noctem
2540 5074 2921 5150 [nigrantem];
2956 5071 3201 5127 fwdcrati
3231 5069 3336 5123 viri
3361 5070 3425 5123 de
3452 5071 3778 5125 montuosis

2172 5173 2389 5230 veniant
2421 5169 2573 5222 locis.
2615 5166 2796 5221 Toxos
2830 5162 3083 5218 adhibete
3115 5162 3167 5213 in
3202 5160 3392 5222 armis,
3433 5164 3768 5214 contortum

2172 5270 2447 5326 cervinum
2484 5263 2689 5318 tendite
2728 5275 2976 5323 nervum,
3008 5265 3069 5311 ut
3094 5263 3305 5325 segetes
3335 5251 3540 5323 spicula
3563 5251 3773 5320 jacite,

2168 5371 2225 5418 et
2249 5358 2461 5414 volatile
2494 5356 2716 5425 lignum.
2752 5351 2933 5405 Prima
2965 5350 3132 5419 pubes
3164 5354 3347 5401 castra
3382 5350 3600 5399 moveat
3624 5359 3774 5399 cum

2164 5449 2492 5524 juvenilibus
2515 5446 2711 5509 armis;
2746 5450 2941 5496 sonent
2983 5455 3151 5500 arma,
3182 5436 3420 5491 humeris
3449 5434 3776 5491 clarescant

2169 5523 2503 5611 splendentia
2545 5543 2722 5599 scuta,
2765 5532 2979 5586 lanceas
3014 5529 3259 5585 exacuite
3287 5523 3582 5599 [foederis],
3618 5525 3777 5581 ruli-

564 5727 784 5790 9’I’ortc
839 5735 1151 5804 legendum,
1208 5732 1262 5786 in
1315 5730 1547 5784 trabibus
1604 5726 1849 5780 roborum
1901 5738 2058 5777 arvis.
2100 5720 2296 5774 Bacon.
