3936 6180
223 266 326 323 705

1277 264 1480 320 LIBER
1514 264 2008 325 PONTIFICALIS.
2051 302 2121 311 —
2157 273 2334 328 PARS
2373 275 2431 329 II.

3400 288 3503 345 706

219 381 334 435 lent
363 392 582 448 aequora
607 370 792 431 maris.
823 376 999 431 Sinite
1025 383 1333 431 vestrorum
1366 384 1654 449 parentum
1695 395 1810 434 ma—
1837 386 1885 443 A
1915 383 2017 438 iste
2044 392 2129 439 est
2165 383 2444 442 Joannicis
2487 389 2703 445 scriba?
2734 392 2799 447 Et
2840 393 2930 450 ubi
2964 408 3284 467 responsum
3319 410 3404 457 est
3436 402 3501 459 de

220 487 341 532 tura
392 489 641 544 corpora,
692 479 746 526 et
783 471 1084 527 vetulorum
1131 472 1472 528 miserrimos
1508 482 1804 528 senectute.

214 568 387 639 Copia
415 567 486 622 sit
510 566 617 620 illis
644 564 874 619 ecclesia
905 578 1073 632 penes
1103 565 1324 629 orandi;
1364 579 1485 617 cum
1514 565 1809 621 sacerdoti-

216 665 322 720 bus
370 667 519 724 eant,
560 658 782 713 caeleste
827 655 1088 710 auxilium
1132 664 1400 725 qmerant,
1448 665 1503 711 et
1542 658 1609 711 ad
1659 673 1809 712 aram

218 753 379 809 thura
406 755 673 811 crement,
701 755 755 801 et
794 746 1030 800 hostiam
1066 753 1257 801 sancto
1305 746 1466 801 altari
1513 743 1714 801 ferant.
1750 748 1809 801 In

216 839 619 915 propugnacula
650 852 747 908 per
771 837 913 892 diem
948 837 1106 892 nobis
1142 836 1466 908 igniformus
1506 839 1810 894 contrarius

218 933 369 988 sistit
420 944 729 1002 purpureus
774 929 959 991 nasci,
1010 929 1105 984 sed
1165 938 1452 1000 postquam
1499 930 1553 984 in
1607 932 1809 987 cethere

216 1030 407 1078 vectus
438 1018 716 1075 Oceanum
773 1019 1104 1088 relinquens,
1163 1036 1286 1074 cum
1335 1037 1393 1076 se
1430 1021 1637 1076 abderit
1684 1022 1809 1091 polo

216 1114 409 1183 igneos
445 1110 690 1166 exuﬂans
733 1109 931 1175 radios,
978 1111 1142 1164 humo
1168 1110 1463 1180 quadrigas
1494 1112 1805 1174 reddiderit,

217 1201 448 1271 qumrite
481 1200 759 1270 populeas,
800 1208 854 1254 et
891 1200 1035 1254 nudo
1081 1202 1308 1273 mergite
1348 1201 1613 1275 [incidite]
1640 1203 1806 1270 ferro,

217 1309 344 1347 nam
373 1291 469 1346 ulli
496 1291 762 1360 bipennas
794 1299 1032 1355 sumant,
1058 1290 1272 1346 intonsa
1303 1301 1517 1348 servate
1554 1294 1805 1359 viburna,

216 1387 388 1440 texite
426 1383 666 1437 arbustis
693 1383 897 1453 virgas,
939 1390 993 1436 et
1033 1383 1247 1438 miscite
1275 1399 1501 1452 querno.
1536 1382 1809 1439 Scaznofa-

215 1476 410 1530 ctoriis
469 1488 687 1543 operam
732 1472 894 1537 date;
953 1473 1131 1542 capita
1186 1472 1254 1529 ab
1302 1475 1496 1529 ardore
1540 1475 1810 1531 defendite

212 1577 421 1622 vestra.
471 1564 658 1619 Nullus
693 1564 765 1618 sit
802 1563 1049 1634 ignavus,
1080 1564 1173 1618 ubi
1203 1564 1437 1634 primum
1473 1566 1708 1621 audierit
1736 1566 1810 1621 si-

215 1673 409 1726 gnum,
452 1654 583 1709 nulli
624 1668 748 1708 eum
786 1661 984 1717 metus,
1018 1652 1273 1723 nullaque
1310 1657 1577 1711 sententia
1608 1657 1805 1711 tradet.

1914 490 1978 531 eo
2001 478 2125 546 quia
2166 478 2280 548 ipse
2303 487 2406 545 est,
2436 482 2675 538 surrexit
2709 484 2871 542 altius
2896 487 3088 544 divalis
3124 490 3224 545 ira.
3268 491 3509 550 Arundi-

1912 584 2036 623 nem
2065 568 2264 626 deferri
2287 570 2463 639 jubet,
2501 582 2559 629 et
2586 577 2688 631 sub
2716 580 2932 648 ungulis
2964 583 3216 639 omnibus
3250 585 3394 643 illius
3419 586 3505 642 di-

1912 660 2146 731 gitorum
2204 662 2261 716 in
2316 661 2498 719 furore
2543 669 2804 738 praecepit
2850 686 3023 741 usque
3084 675 3153 729 ad
3205 678 3501 733 secundum

1913 753 2220 808 articulum.
2254 754 2535 823 Chartam,
2570 757 2950 832 calamumque
2992 763 3107 819 dari
3139 765 3388 836 imperat,
3441 776 3503 823 ut

1911 844 2146 909 scribat;
2192 860 2354 914 quam
2399 861 2522 901 cum
2567 851 2885 919 accepisset,
2928 851 3070 907 inter
3113 854 3247 911 duos
3289 857 3489 928 digitos

1910 936 2181 992 calamum
2219 939 2415 1008 coegit.
2462 937 2644 992 Noluit
2684 954 2805 993 cum
2834 940 3046 1010 liquore
3089 944 3182 999 sed
3222 961 3344 1000 cum
3376 963 3501 1002 sau-

1910 1027 2089 1098 guine,
2133 1027 2225 1096 qui
2265 1026 2467 1082 ﬂuebat
2494 1043 2563 1082 ex
2619 1030 2801 1100 digitis
2840 1030 3025 1086 literas
3062 1049 3290 1090 exarare
3326 1038 3501 1093 conti-

1910 1128 2099 1174 nentes
2129 1121 2201 1174 ita
2228 1138 2242 1174 :
2272 1120 2432 1185 Deus,
2467 1122 2523 1174 in
2557 1122 2882 1191 adjutorium
2915 1141 3085 1178 meum
3115 1127 3354 1193 intende;
3396 1130 3504 1183 Do-

1910 1212 2068 1276 mine,
2094 1211 2163 1265 ad
2185 1212 2543 1281 adjuvandum
2569 1229 2649 1265 me
2671 1212 2880 1282 festina.
2905 1213 3093 1268 Libera
3125 1233 3206 1269 me
3230 1217 3293 1270 de
3320 1219 3499 1272 inimi-

1911 1302 1985 1354 cis
2016 1300 2166 1365 meis,
2196 1303 2339 1355 Deus
2367 1318 2533 1365 meus,
2577 1312 2625 1355 et
2664 1303 2727 1355 de
2768 1319 2928 1356 manu
2969 1305 3136 1375 iniqui
3167 1306 3497 1378 imperatoris

1910 1393 2087 1447 istius.
2134 1393 2201 1446 Et
2223 1392 2450 1463 projecit
2488 1394 2660 1464 ipsam
2686 1393 2991 1448 chartulam
3028 1396 3082 1450 in
3108 1395 3303 1452 faciem
3336 1398 3505 1469 ipsius

1913 1484 2259 1555 imperatoris
2289 1484 2341 1537 in
2370 1485 2570 1540 exedra
2600 1484 2856 1550 sedentis,
2887 1485 3107 1541 dicens:
3140 1487 3361 1558 Accipe,
3395 1489 3501 1544 ini-

1913 1574 2194 1644 quissime,
2217 1584 2273 1629 et
2302 1574 2440 1628 satia
2471 1583 2522 1630 te
2552 1576 2813 1645 sanguine
2842 1590 2983 1630 meo.
3026 1577 3094 1630 Et
3126 1578 3372 1633 minatur
3408 1580 3504 1637 ille

1915 1665 2053 1738 [diu]
2090 1666 2313 1721 dicens:
2348 1665 2511 1733 Quid,
2541 1667 2825 1733 moriture,
2855 1668 3006 1737 agis?
3056 1668 3237 1724 Periet
3270 1671 3499 1727 audacia

214 1748 423 1804 Omnes
466 1746 737 1801 Ravenna?
770 1751 965 1809 003108.
1017 1760 1315 1815 omnesque
1368 1748 1667 1801 certamina
1716 1762 1809 1817 Ρο-
1835 1741 1882 1800 B
1911 1767 2022 1812 tua.
2048 1756 2324 1828 Jussitque
2353 1758 2753 1829 apparitoribus
2781 1766 2840 1811 ut
2862 1758 3122 1813 ducerent
3150 1774 3274 1815 eum
3306 1760 3374 1815 ad
3412 1761 3496 1817 lo-

216 1849 382 1905 nant;
414 1840 506 1909 qui
526 1837 670 1892 valet
696 1837 893 1907 pedum
940 1852 1124 1903 cursu,
1152 1846 1207 1893 et
1234 1840 1325 1908 qui
1352 1839 1562 1895 viribus
1587 1847 1808 1909 pectore

215 1932 414 1993 audax,
464 1931 675 2001 pigrum
726 1945 831 1985 non
881 1931 1179 1996 sustineat,
1233 1932 1328 1986 sed
1363 1930 1545 2001 jaculo
1594 1941 1808 2004 tepente

214 2024 587 2094 sagittas......
628 2021 742 2077 Hoc
789 2021 1037 2078 videntes
1077 2023 1209 2078 socii
1250 2035 1558 2094 praeparent
1599 2027 1808 2081 animos

213 2126 430 2183 pugum.
475 2110 589 2166 Non
615 2110 883 2181 paventis,
914 2127 1103 2171 muros
1141 2123 1322 2168 vestra
1365 2114 1636 2171 defendite
1680 2116 1809 2171 dex-

218 2214 336 2265 tra;
375 2202 508 2257 socii
547 2201 842 2272 jungentur
893 2202 1049 2258 vobis
1088 2219 1154 2259 ex
1193 2205 1504 2260 suburbano
1549 2206 1803 2276 undique,

221 2294 316 2363 qui
348 2301 591 2348 nostram
637 2292 930 2374 defendant
955 2310 1156 2359 arcem,
1182 2304 1237 2350 et
1269 2295 1544 2352 civitatem
1576 2298 1802 2353 salvent.

218 2383 343 2439 Sint
380 2394 497 2439 tuta
541 2384 721 2449 litora,
758 2393 813 2441 et
847 2400 944 2456 per
982 2401 1173 2442 omnes
1219 2387 1417 2457 vigilia:
1440 2397 1647 2458 portus.
1681 2388 1809 2443 Sar-

216 2488 361 2530 xena
386 2475 639 2541 excubet,
663 2474 856 2531 Cervia
894 2477 1129 2546 aequoris
1159 2477 1227 2532 ad
1255 2492 1427 2534 nonas
1447 2479 1612 2549 Papia
1642 2480 1808 2535 armis

216 2564 403 2620 ﬂavis.
439 2564 634 2631 Instet,
669 2580 790 2635 quae
816 2581 982 2621 curva
1006 2576 1259 2634 vocatur,
1285 2567 1508 2624 Cesena.
1543 2568 1809 2639 Popilien-

216 2671 308 2712 ses
338 2657 444 2712 viri
488 2657 799 2712 adhaereant
832 2655 989 2727 Sapis
1026 2667 1183 2728 portu
1231 2658 1387 2729 juxta
1437 2662 1809 2716 conscendunt

215 2745 414 2802 ﬂuctus
447 2746 707 2801 marinos.
749 2745 937 2801 Coloni
964 2746 1251 2803 decumani
1274 2749 1623 2818 speculentur
1648 2749 1804 2818 juxta

214 2848 414 2910 portus
440 2837 728 2894 Candiaui.
767 2838 1047 2894 Livienses
1094 2840 1291 2895 accolae
1321 2841 1527 2896 instent
1565 2842 1619 2896 in
1647 2842 1808 2898 litore

214 2945 409 2985 curvo.
438 2928 679 2985 Bedente
707 2937 894 2985 vetere
919 2945 1080 2986 amne
1109 2938 1294 2986 castra
1316 2931 1614 2986 Faventina
1654 2947 1809 2987 scru-

212 3027 405 3074 tentur
461 3027 584 3090 post
624 3018 966 3074 Lachernum
1018 3028 1266 3091 portum,
1316 3026 1373 3075 et
1417 3020 1639 3077 Eridani
1686 3036 1803 3076 ora.

1910 1866 2033 1904 cum
2062 1851 2171 1903 vita
2204 1849 2555 1919 puniendum,
2591 1857 2645 1902 et
2677 1864 2985 1918 prmconem
3026 1849 3265 1906 clamare
3299 1852 3496 1922 jussit:

1909 1942 2221 1996 Joannicius
2248 1941 2618 1996 Ravennianus
2648 1941 2738 1995 ille
2765 1940 3026 2010 facundus
3056 1953 3228 2013 poeta,
3259 1946 3385 2015 quia
3414 1946 3502 1998 in»

1910 2033 2187 2086 υἱειίδεὶωο
2210 2031 2444 2103 Augusto
2474 2033 2771 2087 contrarius
2798 2031 2920 2100 fuit,
2947 2033 3087 2086 inter
3106 2033 3241 2087 duas
3274 2034 3500 2103 fornices

1908 2124 2119 2178 murina
2142 2133 2308 2177 morte
2337 2126 2442 2178 vita
2468 2125 2720 2195 privetur.
2749 2125 2917 2179 Electi
2947 2126 3047 2181 sibi
3075 2134 3354 2196 septenum
3385 2143 3496 2183 cer-

1908 2213 2082 2269 vicem
2114 2222 2298 2267 vectes
2343 2213 2623 2268 mittentes
2670 2214 2723 2267 iu
2766 2212 2994 2269 annulos
3035 2213 3264 2282 ferreos,
3292 2215 3504 2272 levave-

1909 2310 2036 2355 runt
2062 2302 2269 2356 duriter
2296 2303 2528 2373 desuper
2556 2303 2810 2372 lapidem.
2837 2303 2931 2359 Ille
2959 2312 3139 2359 autem
3165 2304 3500 2361 ﬂammantia

1907 2389 2112 2445 lumina
2150 2392 2217 2446 ad
2255 2390 2453 2446 coelum
2488 2392 2728 2456 retorsit,
2756 2405 2878 2446 cum
2924 2394 3170 2448 cruentis
3202 2396 3501 2451 extendens

1908 2488 2163 2535 cruentas
2203 2481 2271 2534 ad
2311 2481 2490 2535 sidera
2532 2482 2758 2550 palmas.
2806 2483 3035 2555 Expleta
3075 2485 3321 2541 oratione
3362 2486 3501 2541 dixit

1909 2568 2354 2625 interfectoribus
2384 2571 2499 2626 suis
2526 2589 2539 2624 :
2568 2570 2701 2628 Cras
2723 2575 2930 2639 eadem,
2963 2589 3085 2643 quae
3122 2582 3183 2629 ut
3221 2591 3365 2631 nunc
3391 2585 3495 2640 est,

1906 2660 2042 2715 hora
2097 2661 2439 2719 interﬁcietis
2499 2664 2887 2735 imperatorem
2932 2674 3213 2733 vestrum,
3288 2677 3344 2724 et
3392 2671 3500 2725 erit

1906 2765 2118 2805 mecum
2155 2759 2282 2807 ante
2310 2752 2678 2820 :equissimum
2707 2752 2971 2810 Iudicem.
3030 2754 3122 2811 Sic
3162 2756 3353 2812 dicetis
3394 2756 3490 2811 illi.

1906 2840 1974 2895 Et
1998 2849 2285 2896 extensum
2330 2842 2563 2912 desuper
2608 2842 2841 2912 lapidem
2869 2859 3055 2910 unum,
3094 2852 3150 2899 et
3187 2845 3345 2900 aliam
3376 2847 3493 2916 pla-

1908 2929 2149 2983 thomam
2193 2931 2429 3000 desuper
2488 2930 2856 3004 [viventium]
2905 2933 3038 2988 colla
3087 2935 3285 2991 emissa
3334 2935 3495 3007 fregit

1909 3036 2109 3092 corpus
2147 3022 2287 3093 ejus,
2332 3031 2386 3077 et
2426 3022 2767 3093 reliquerunt
2799 3040 2921 3080 eum
2954 3036 3250 3081 mortuum.
3296 3028 3354 3082 In
3402 3030 3495 3084 tali

211 3111 583 3168 Corneliensis
612 3113 978 3181 acies,lustret
1004 3112 1289 3168 Coriandri
1320 3129 1564 3184 campos,
1593 3124 1647 3170 et
1684 3115 1803 3171 loca
1832 3093 1876 3155 C
1911 3120 2182 3167 tormento
2222 3120 2277 3166 et
2315 3115 2578 3184 martyrio
2615 3114 2780 3168 vitam
2826 3116 3017 3170 ﬁnivit.
3062 3117 3183 3173 Alia
3218 3134 3347 3174 vero
3383 3119 3490 3184 die.

212 3204 403 3258 omnia
436 3203 579 3258 circa
610 3202 905 3274 phalanges
937 3213 1180 3259 armata).
1224 3203 1591 3260 Bononienses
1623 3213 1803 3261 trans-

213 3296 390 3349 misso
427 3294 665 3349 Eridano
692 3303 846 3365 parte
869 3295 1056 3351 Lionis
1094 3294 1606 3351 servient.......His
1638 3296 1807 3366 igitur

212 3385 374 3449 actis,
425 3399 615 3439 omnes
661 3400 822 3440 voces
871 3384 937 3439 ad
973 3384 1149 3440 sidera
1207 3386 1533 3453 mittebant,
1580 3387 1804 3442 benedi—

212 3484 433 3541 centes;
469 3475 664 3530 ctelum
702 3483 758 3530 et
798 3484 944 3530 terra
984 3474 1234 3531 laudibus
1274 3476 1620 3530 resonabant.
1654 3476 1805 3531 Tunc

212 3567 454 3637 imperat
494 3565 757 3636 Georgius
802 3582 966 3621 manu
992 3606 1008 3632 ,
1047 3566 1202 3637 jubet
1248 3567 1456 3622 validas
1501 3576 1805 3623 mutesccre

213 3671 399 3712 voces.
434 3655 566 3711 Post
605 3658 721 3711 haec
766 3665 948 3711 autem
1002 3665 1332 3727 rogaverunt
1364 3673 1488 3712 eum
1537 3658 1640 3711 viri
1681 3658 1806 3713 reli-

213 3748 357 3819 giosi
391 3747 724 3812 Melisenses,
753 3754 814 3801 ut
857 3747 999 3802 sicut
1027 3754 1110 3801 est
1139 3747 1335 3801 vallata
1366 3748 1559 3802 civitas
1602 3748 1654 3801 in
1690 3763 1804 3801 am-

213 3838 331 3892 bitu
362 3852 582 3900 corona,
622 3837 697 3892 ita
736 3837 1061 3892 intrinsecus
1095 3838 1352 3892 excubias
1398 3845 1646 3908 poneret.
1696 3838 1802 3893 Ac-

213 3931 535 4001 quievitque
564 3929 811 4000 petitioni
849 3944 1061 3994 eorum,
1097 3937 1151 3984 et
1175 3929 1359 3984 divisit
1386 3930 1640 4000 populum
1674 3932 1805 3986 civi-

216 4025 353 4078 tatis
383 4024 437 4077 in
467 4023 784 4078 undecimas
810 4030 1011 4092 partes.
1050 4021 1375 4077 Duodecimn
1404 4037 1536 4077 vero
1556 4038 1684 4093 pars
1704 4022 1805 4078 Ec-

212 4114 399 4170 clesia:
432 4121 516 4169 est
552 4122 847 4169 reservata.
899 4112 1283 4182 Unusquisque
1316 4113 1471 4168 miles
1506 4113 1803 4169 secundum

211 4222 373 4261 suam
394 4206 664 4270 militiam,
689 4213 744 4261 et
769 4220 1055 4260 numerum
1083 4205 1315 4270 incedat,
1340 4205 1394 4259 id
1420 4212 1503 4259 est
1524 4203 1799 4269 Ravenna,

212 4297 435 4351 bandus
476 4296 706 4365 primus,
751 4295 962 4350 bandus
1011 4296 1301 4359 secundus,
1351 4296 1559 4350 bandus
1607 4309 1798 4358 novus,

214 4387 477 4450 invictus,
506 4384 1151 4455 Constantinopolitanus,
1197 4384 1442 4447 ﬁrmans,
1492 4385 1663 4450 laetus,
1692 4383 1801 4438 Me-

214 4476 573 4540 diolanensis,
604 4476 951 4540 Veronensis,
983 4474 1307 4541 Classensis,
1352 4476 1555 4544 partes'
1584 4473 1799 4543 pontiﬁ-

215 4569 299 4623 cis
329 4582 454 4621 cum
483 4566 717 4632 clericis,
748 4582 871 4621 cum
911 4567 1118 4620 honore
1151 4566 1346 4635 dignis,
1387 4572 1444 4618 et
1485 4563 1712 4627 familia,
1746 4570 1803 4618 et

212 4655 566 4720 stratoribus,
598 4658 684 4712 vel
709 4657 828 4712 aliis
851 4656 1252 4727 subjacentibus
1280 4655 1556 4711 Ecclesiis.
1584 4655 1654 4710 Et
1682 4656 1799 4710 hcce

213 4749 493 4807 ordinatio
520 4756 802 4820 permanet
822 4763 995 4817 usque
1024 4748 1080 4802 in
1106 4757 1427 4819 praesentem
1456 4748 1617 4805 diem.

828 4902 1056 4960 CAPUT
1092 4904 1182 4960 IV.

216 5016 501 5072 Joannicio
537 5033 630 5087 per
654 5033 844 5071 smvam
879 5017 1142 5071 lanienam
1178 5016 1326 5070 illata
1345 5032 1510 5087 iners.
1543 5016 1804 5071 Iustinia-

290 5104 391 5142 ηαδ
422 5085 694 5141 occiditur.
716 5087 983 5141 Joannicii
1009 5103 1178 5152 soror,
1203 5087 1308 5141 viso
1328 5085 1620 5142 Iustiniani
1635 5088 1803 5156 capite

286 5159 432 5229 quod
470 5166 757 5228 optauerat,
789 5156 1065 5211 occumbit.

292 5290 654 5347 Deflectamus
679 5290 744 5343 ad
773 5289 934 5343 aliam
958 5286 1145 5341 urbem
1174 5285 1393 5356 stylum,
1417 5294 1473 5341 et
1499 5286 1564 5341 de
1587 5286 1801 5341 amissis

218 5385 427 5442 nostris
461 5380 669 5438 civibus
704 5396 804 5451 per
838 5378 1086 5436 ordinem
1123 5392 1457 5432 enarremus.
1508 5376 1678 5447 Igitur
1709 5375 1802 5430 Ju-

216 5474 492 5529 stinianus
532 5472 587 5525 in
622 5470 993 5527 achemeniam
1034 5482 1223 5524 versus
1250 5466 1412 5535 jussit
1448 5466 1646 5522 deferri
1679 5475 1805 5521 ante

218 5573 571 5635 conspectum
610 5579 767 5618 suum
795 5561 1168 5627 Joannicium,
1205 5568 1260 5615 et
1299 5561 1452 5630 quasi
1496 5560 1712 5615 nescius
1751 5562 1803 5614 in

224 5656 532 5710 illusionem
581 5655 921 5724 interrogans
962 5652 1027 5707 de
1062 5666 1157 5717 eo,
1186 5658 1241 5705 et
1269 5651 1453 5706 dicens
1490 5667 1502 5705 :
1549 5648 1807 5719 Nunquid

1908 3205 2041 3260 hora
2071 3220 2177 3275 qua
2201 3206 2529 3275 prmdixerat
2558 3207 2667 3273 ille,
2702 3209 2971 3264 irruentes
3011 3225 3174 3279 super
3202 3219 3496 3281 imperato-

1906 3309 2021 3349 rem
2062 3310 2167 3348 non
2206 3295 2541 3350 sustinentes
2574 3298 2756 3366 pepuli
2794 3298 2913 3368 ejus
2951 3298 3369 3370 malignitatem,
3405 3318 3498 3357 oc.-

1906 3386 2157 3441 ciderunt
2187 3402 2331 3442 eum.
2365 3388 2472 3442 Alii
2505 3388 2649 3443 latus
2672 3390 2817 3445 inter
2847 3399 2902 3445 et
2930 3391 3024 3445 ilia
3058 3392 3273 3448 lanceas
3303 3393 3494 3465 ﬁgunt,

1905 3476 1998 3531 alii
2049 3478 2157 3533 telo
2214 3477 2581 3533 transfodiunt
2649 3480 2890 3551 inguina.
2968 3481 3146 3537 Renes
3198 3485 3495 3540 veniebant

1906 3584 2177 3636 cruorem,
2209 3580 2264 3626 et
2302 3573 2506 3641 sparsis
2545 3572 2787 3628 crinibus
2836 3574 3013 3628 aulam
3064 3574 3245 3645 ligatis
3291 3584 3487 3645 stuppa

1904 3662 2135 3728 pedibus
2160 3678 2258 3730 per
2283 3662 2481 3716 clivum
2515 3670 2721 3716 tractus
2758 3663 2823 3716 ad
2863 3664 2968 3717 ima
3008 3664 3303 3718 laceratum
3336 3664 3488 3735 frigi-

1905 3749 2031 3803 dum
2058 3766 2256 3820 corpus
2285 3751 2446 3805 irruit
2477 3766 2626 3806 mors
2650 3753 2879 3806 obscura
2912 3752 3218 3825 [tenebris].
3249 3754 3490 3811 Diversis

1906 3841 2498 3912 circumspicientibus,
2540 3858 2678 3896 unus
2708 3857 2834 3897 ense
2866 3852 3083 3914 arrepto
3112 3860 3324 3900 comam
3363 3861 3495 3901 con—

1906 3929 2128 3984 eludens
2161 3946 2325 3984 manu
2362 3938 2527 4001 caput
2566 3931 2813 3986 avulsum
2850 3931 3047 3997 divale,
3091 3933 3346 4001 stridens,
3389 3937 3493 3990 mi-

1906 4035 2036 4076 cans
2063 4020 2209 4074 ferro
2238 4020 2451 4089 trajecit
2482 4034 2707 4091 corpore
2748 4022 2930 4075 humo.
2971 4020 3318 4092 Consilioque
3356 4025 3490 4078 inito

1905 4112 2049 4168 inter
2092 4127 2150 4167 se
2185 4113 2542 4167 condiderunt
2590 4111 2720 4166 illud
2759 4126 2950 4177 sacco,
2999 4120 3057 4166 et
3094 4114 3362 4169 miserunt
3399 4132 3496 4185 per

1905 4209 2075 4256 totam
2120 4201 2352 4257 Italiam.
2404 4200 2575 4256 Soror
2615 4217 2743 4256 vero
2792 4202 3033 4273 prtedicti
3070 4202 3347 4260 Joannicis
3390 4206 3494 4261 hoc

1907 4292 2132 4347 audiens
2173 4307 2297 4347 cum
2338 4291 2465 4347 ﬂetu
2511 4293 2790 4349 ccelestem
2824 4293 3110 4349 Dominum
3146 4297 3389 4367 rogabat,
3433 4307 3494 4351 ut

1907 4383 2117 4438 videret
2140 4383 2430 4438 Justiniani
2468 4384 2703 4439 ablatum
2752 4395 2935 4455 caput,
2964 4387 3102 4442 sicut
3137 4403 3323 4443 rumor
3351 4399 3490 4454 erat,

1906 4481 1962 4528 et
1987 4471 2170 4527 statim
2198 4474 2545 4528 occumberet
2572 4483 2764 4528 morte.
2791 4474 3013 4529 Factum
3042 4484 3125 4531 est
3153 4486 3333 4532 autem
3357 4494 3485 4534 cum

1906 4577 2006 4632 per
2026 4562 2264 4632 singulas
2293 4563 2499 4633 plateas
2527 4564 2817 4618 duceretur
2852 4565 2967 4636 jam
2996 4567 3202 4622 dictum
3237 4578 3400 4639 caput
3435 4571 3490 4625 iu

1904 4653 2219 4707 summitate
2258 4652 2458 4708 lancem
2499 4654 2686 4719 ﬁxum,
2731 4657 3049 4712 nunciatum
3075 4669 3157 4713 est
3199 4659 3267 4714 ad
3295 4660 3485 4730 praefa-

1908 4750 2018 4795 tam
2054 4739 2354 4808 fteminam,
2399 4743 2542 4811 quod
2580 4751 2892 4798 truncatum
2933 4755 3097 4816 caput
3132 4747 3257 4802 inde
3298 4749 3369 4803 sit
3415 4749 3492 4804 fe-

1906 4831 2153 4886 rendum.
2200 4830 2332 4899 Quae
2373 4833 2552 4888 subito
2594 4833 2650 4887 in
2695 4835 2977 4904 superiora
3015 4837 3258 4892 ascendit
3298 4839 3490 4893 domus

1908 4937 2005 4993 per
2032 4922 2299 4979 fenestras
2336 4925 2655 4994 respiciens,
2683 4934 2831 4980 stare
2856 4925 3007 4980 illum
3037 4928 3370 4997 portatorem
3400 4945 3486 4983 ro-

1907 5014 2074 5085 gavit,
2118 5024 2171 5069 et
2202 5030 2327 5070 cum
2356 5016 2660 5070 diutissime
2697 5015 2838 5069 idem
2882 5015 3203 5081 intueretur,
3236 5017 3490 5089 lacrymis

1909 5110 2114 5164 obortis
2161 5119 2349 5180 pectus
2404 5111 2658 5181 replevit,
2707 5126 2874 5181 agens
2924 5113 3126 5180 gratias
3178 5113 3305 5178 Deo,
3361 5114 3491 5184 quia

1908 5200 2051 5269 quod
2080 5199 2406 5255 desideravit
2445 5201 2757 5270 conspexit;
2797 5210 2853 5256 et
2880 5201 3006 5256 dum
3040 5201 3200 5256 vellet
3242 5217 3301 5257 se
3343 5217 3375 5256 a
3412 5202 3492 5256 fe-

1909 5297 2091 5345 nestra
2127 5289 2431 5358 deﬂectere,
2461 5291 2659 5347 cecidit
2698 5288 2864 5359 retro,
2897 5300 2951 5349 ct
2982 5300 3238 5364 quassata
3271 5300 3490 5351 mortua

1909 5387 2008 5437 est.
