  <div class='ocr_page' id='page_1' title='image "/cluster/home/n/w/nwhite01/storage/ocr_20150623/106/hvd.32044054759717/359.png"; bbox 0 0 3936 6180; ppageno 0'>
   <div class='ocr_carea' id='block_1_1' title="bbox 482 244 587 302">
    <p class='ocr_par' dir='ltr' id='par_1_1' title="bbox 482 244 587 302">
     <span class='ocr_line' id='line_1_1' title="bbox 482 244 587 302; baseline 0.019 -2"><span class='ocrx_word' id='word_1_1' title='bbox 482 244 587 302; x_wconf 80' lang='lat'><strong><em>707</em></strong></span> 
     </span>
    </p>
   </div>
   <div class='ocr_carea' id='block_1_2' title="bbox 1092 346 1432 403">
    <p class='ocr_par' dir='ltr' id='par_1_2' title="bbox 1092 346 1432 403">
     <span class='ocr_line' id='line_1_2' title="bbox 1092 346 1432 403; baseline -0.015 0"><span class='ocrx_word' id='word_1_2' title='bbox 1092 347 1318 403; x_wconf 78' lang='lat' dir='ltr'><strong>CAPUT</strong></span> <span class='ocrx_word' id='word_1_3' title='bbox 1368 346 1432 400; x_wconf 84' lang='lat' dir='ltr'><strong><em>V.</em></strong></span> 
     </span>
    </p>
   </div>
   <div class='ocr_carea' id='block_1_3' title="bbox 486 424 2057 516">
    <p class='ocr_par' dir='ltr' id='par_1_3' title="bbox 486 424 2057 516">
     <span class='ocr_line' id='line_1_3' title="bbox 486 424 2057 516; baseline -0.01 -16"><span class='ocrx_word' id='word_1_4' title='bbox 486 424 811 516; x_wconf 69' lang='lat' dir='ltr'><strong><em>Philippicas</em></strong></span> <span class='ocrx_word' id='word_1_5' title='bbox 846 439 1071 516; x_wconf 79' lang='lat' dir='ltr'><strong><em>F_elicem</em></strong></span> <span class='ocrx_word' id='word_1_6' title='bbox 1101 440 1320 516; x_wconf 75' lang='lat' dir='ltr'><strong><em>liberat,</em></strong></span> <span class='ocrx_word' id='word_1_7' title='bbox 1366 438 1627 516; x_wconf 64' lang='lat' dir='ltr'><strong><em>donatque</em></strong></span> <span class='ocrx_word' id='word_1_8' title='bbox 1655 431 2057 516; x_wconf 35' lang='lat' dir='ltr'><strong><em>malumﬂeret?</em></strong></span> 
     </span>
    </p>
   </div>
   <div class='ocr_carea' id='block_1_4' title="bbox 551 503 2064 570">
    <p class='ocr_par' dir='ltr' id='par_1_4' title="bbox 551 503 2064 570">
     <span class='ocr_line' id='line_1_4' title="bbox 551 503 2064 570; baseline -0.009 -2"><span class='ocrx_word' id='word_1_9' title='bbox 551 503 710 570; x_wconf 66' lang='lat' dir='ltr'><strong><em>eurus</em></strong></span> <span class='ocrx_word' id='word_1_10' title='bbox 744 514 828 565; x_wconf 83' lang='lat' dir='ltr'><strong><em>hic</em></strong></span> <span class='ocrx_word' id='word_1_11' title='bbox 865 511 1164 565; x_wconf 77' lang='lat' dir='ltr'><strong><em>Ravennam</em></strong></span> <span class='ocrx_word' id='word_1_12' title='bbox 1206 507 1476 562; x_wconf 76' lang='lat' dir='ltr'><strong><em>miraculis</em></strong></span> <span class='ocrx_word' id='word_1_13' title='bbox 1515 503 1694 559; x_wconf 69' lang='lat' dir='ltr'><strong><em>claret.</em></strong></span> <span class='ocrx_word' id='word_1_14' title='bbox 1743 503 1821 557; x_wconf 88' lang='lat' dir='ltr'><strong><em>0b</em></strong></span> <span class='ocrx_word' id='word_1_15' title='bbox 1853 504 1963 555; x_wconf 79' lang='lat' dir='ltr'><strong><em>Iuro</em></strong></span> <span class='ocrx_word' id='word_1_16' title='bbox 2000 507 2064 555; x_wconf 86' lang='lat' dir='ltr'><strong><em>ab</em></strong></span> 
     </span>
    </p>
   </div>
   <div class='ocr_carea' id='block_1_5' title="bbox 552 573 2064 654">
    <p class='ocr_par' dir='ltr' id='par_1_5' title="bbox 552 573 2064 654">
     <span class='ocr_line' id='line_1_5' title="bbox 552 573 2064 654; baseline -0.009 -15"><span class='ocrx_word' id='word_1_17' title='bbox 552 586 865 654; x_wconf 69' lang='lat' dir='ltr'><strong><em>imperatore</em></strong></span> <span class='ocrx_word' id='word_1_18' title='bbox 914 580 1198 654; x_wconf 79' lang='lat' dir='ltr'><strong><em>honoribus</em></strong></span> <span class='ocrx_word' id='word_1_19' title='bbox 1260 588 1308 633; x_wconf 87' lang='lat' dir='ltr'><strong><em>et</em></strong></span> <span class='ocrx_word' id='word_1_20' title='bbox 1346 576 1637 654; x_wconf 61' lang='lat' dir='ltr'><strong><em>privilegiis</em></strong></span> <span class='ocrx_word' id='word_1_21' title='bbox 1677 573 1975 654; x_wconf 55' lang='lat' dir='ltr'><strong><em>cumulatus</em></strong></span> <span class='ocrx_word' id='word_1_22' title='bbox 2013 573 2064 626; x_wconf 86' lang='lat' dir='ltr'><strong><em>in</em></strong></span> 
     </span>
    </p>
   </div>
   <div class='ocr_carea' id='block_1_6' title="bbox 550 644 2063 713">
    <p class='ocr_par' dir='ltr' id='par_1_6' title="bbox 550 644 2063 713">
     <span class='ocr_line' id='line_1_6' title="bbox 550 644 2063 713; baseline -0.009 -4"><span class='ocrx_word' id='word_1_23' title='bbox 550 644 703 709; x_wconf 78' lang='lat' dir='ltr'><strong><em>suam</em></strong></span> <span class='ocrx_word' id='word_1_24' title='bbox 745 652 918 706; x_wconf 82' lang='lat' dir='ltr'><strong><em>sedem</em></strong></span> <span class='ocrx_word' id='word_1_25' title='bbox 973 650 1284 705; x_wconf 76' lang='lat' dir='ltr'><strong><em>restituitur.</em></strong></span> <span class='ocrx_word' id='word_1_26' title='bbox 1334 644 1562 701; x_wconf 86' lang='lat' dir='ltr'><strong><em>Domum</em></strong></span> <span class='ocrx_word' id='word_1_27' title='bbox 1609 644 1862 713; x_wconf 68' lang='lat' dir='ltr'><strong><em>a’diﬁcat,</em></strong></span> <span class='ocrx_word' id='word_1_28' title='bbox 1905 658 2063 711; x_wconf 88' lang='lat' dir='ltr'><strong><em>quam</em></strong></span> 
     </span>
    </p>
   </div>
   <div class='ocr_carea' id='block_1_7' title="bbox 462 723 976 777">
    <p class='ocr_par' dir='ltr' id='par_1_7' title="bbox 462 723 976 777">
     <span class='ocr_line' id='line_1_7' title="bbox 462 723 976 777; baseline -0.006 0"><span class='ocrx_word' id='word_1_29' title='bbox 462 743 467 748; x_wconf 57' lang='lat'><em>‘</em></span> <span class='ocrx_word' id='word_1_30' title='bbox 555 723 750 777; x_wconf 77' lang='lat' dir='ltr'><strong><em>Felicis</em></strong></span> <span class='ocrx_word' id='word_1_31' title='bbox 774 723 976 776; x_wconf 81' lang='lat' dir='ltr'><strong><em>dixere.</em></strong></span> 
     </span>
    </p>
   </div>
   <div class='ocr_carea' id='block_1_8' title="bbox 551 806 2066 873">
    <p class='ocr_par' dir='ltr' id='par_1_8' title="bbox 551 806 2066 873">
     <span class='ocr_line' id='line_1_8' title="bbox 551 806 2066 873; baseline -0.009 -4"><span class='ocrx_word' id='word_1_32' title='bbox 551 816 681 869; x_wconf 89' lang='lat' dir='ltr'><strong><em>Post</em></strong></span> <span class='ocrx_word' id='word_1_33' title='bbox 711 821 943 868; x_wconf 90' lang='lat' dir='ltr'><strong><em>mortem</em></strong></span> <span class='ocrx_word' id='word_1_34' title='bbox 979 825 1110 866; x_wconf 89' lang='lat' dir='ltr'><strong><em>vero</em></strong></span> <span class='ocrx_word' id='word_1_35' title='bbox 1138 808 1429 864; x_wconf 74' lang='lat' dir='ltr'><strong><em>Iustiniani</em></strong></span> <span class='ocrx_word' id='word_1_36' title='bbox 1470 806 1787 861; x_wconf 87' lang='lat' dir='ltr'><strong><em>levaverunt</em></strong></span> <span class='ocrx_word' id='word_1_37' title='bbox 1820 817 1979 873; x_wconf 86' lang='lat' dir='ltr'><strong><em>super</em></strong></span> <span class='ocrx_word' id='word_1_38' title='bbox 2007 818 2066 857; x_wconf 85' lang='lat' dir='ltr'><strong><em>se</em></strong></span> 
     </span>
    </p>
   </div>
   <div class='ocr_carea' id='block_1_9' title="bbox 483 900 2067 977">
    <p class='ocr_par' dir='ltr' id='par_1_9' title="bbox 483 900 2067 977">
     <span class='ocr_line' id='line_1_9' title="bbox 483 900 2067 977; baseline -0.011 -13"><span class='ocrx_word' id='word_1_39' title='bbox 483 908 689 977; x_wconf 86' lang='lat' dir='ltr'><strong><em>Pelasgi</em></strong></span> <span class='ocrx_word' id='word_1_40' title='bbox 728 904 1090 974; x_wconf 89' lang='lat' dir='ltr'><strong><em>Philippieum</em></strong></span> <span class='ocrx_word' id='word_1_41' title='bbox 1139 917 1338 957; x_wconf 89' lang='lat' dir='ltr'><strong><em>novum</em></strong></span> <span class='ocrx_word' id='word_1_42' title='bbox 1382 900 1763 970; x_wconf 76' lang='lat' dir='ltr'><strong><em>imperatorem</em></strong></span> <span class='ocrx_word' id='word_1_43' title='bbox 1792 935 1806 960; x_wconf 95' lang='lat'><strong><em>,</em></strong></span> <span class='ocrx_word' id='word_1_44' title='bbox 1850 903 1904 948; x_wconf 89' lang='lat' dir='ltr'><strong><em>et</em></strong></span> <span class='ocrx_word' id='word_1_45' title='bbox 1939 908 2067 947; x_wconf 91' lang='lat' dir='ltr'><strong><em>eon-</em></strong></span> 
     </span>
    </p>
   </div>
   <div class='ocr_carea' id='block_1_10' title="bbox 479 986 2067 1057">
    <p class='ocr_par' dir='ltr' id='par_1_10' title="bbox 479 986 2067 1057">
     <span class='ocr_line' id='line_1_10' title="bbox 479 986 2067 1057; baseline -0.011 -1"><span class='ocrx_word' id='word_1_46' title='bbox 479 1003 773 1057; x_wconf 86' lang='lat' dir='ltr'><strong><em>stitueruut</em></strong></span> <span class='ocrx_word' id='word_1_47' title='bbox 797 1012 920 1052; x_wconf 89' lang='lat' dir='ltr'><strong><em>eum</em></strong></span> <span class='ocrx_word' id='word_1_48' title='bbox 946 995 1222 1050; x_wconf 89' lang='lat' dir='ltr'><strong><em>dominum</em></strong></span> <span class='ocrx_word' id='word_1_49' title='bbox 1251 992 1515 1047; x_wconf 79' lang='lat' dir='ltr'><strong><em>universae</em></strong></span> <span class='ocrx_word' id='word_1_50' title='bbox 1561 998 1752 1052; x_wconf 74' lang='lat' dir='ltr'><strong><em>terrae,</em></strong></span> <span class='ocrx_word' id='word_1_51' title='bbox 1787 1002 1850 1040; x_wconf 87' lang='lat' dir='ltr'><strong><em>ac</em></strong></span> <span class='ocrx_word' id='word_1_52' title='bbox 1898 986 2067 1056; x_wconf 89' lang='lat' dir='ltr'><strong><em>impe—</em></strong></span> 
     </span>
    </p>
   </div>
   <div class='ocr_carea' id='block_1_11' title="bbox 484 1074 2068 1147">
    <p class='ocr_par' dir='ltr' id='par_1_11' title="bbox 484 1074 2068 1147">
     <span class='ocr_line' id='line_1_11' title="bbox 484 1074 2068 1147; baseline -0.013 -1"><span class='ocrx_word' id='word_1_53' title='bbox 484 1092 621 1147; x_wconf 87' lang='lat' dir='ltr'><strong><em>rium</em></strong></span> <span class='ocrx_word' id='word_1_54' title='bbox 656 1087 1035 1143; x_wconf 89' lang='lat' dir='ltr'><strong><em>conﬁrmatum</em></strong></span> <span class='ocrx_word' id='word_1_55' title='bbox 1076 1082 1179 1136; x_wconf 86' lang='lat' dir='ltr'><strong><em>fuit</em></strong></span> <span class='ocrx_word' id='word_1_56' title='bbox 1218 1082 1273 1135; x_wconf 89' lang='lat' dir='ltr'><strong><em>in</em></strong></span> <span class='ocrx_word' id='word_1_57' title='bbox 1303 1096 1464 1135; x_wconf 88' lang='lat' dir='ltr'><strong><em>manu</em></strong></span> <span class='ocrx_word' id='word_1_58' title='bbox 1487 1076 1622 1146; x_wconf 90' lang='lat' dir='ltr'><strong><em>ejus.</em></strong></span> <span class='ocrx_word' id='word_1_59' title='bbox 1665 1076 1812 1132; x_wconf 91' lang='lat' dir='ltr'><strong><em>Dixit</em></strong></span> <span class='ocrx_word' id='word_1_60' title='bbox 1837 1074 1903 1128; x_wconf 89' lang='lat' dir='ltr'><strong><em>ad</em></strong></span> <span class='ocrx_word' id='word_1_61' title='bbox 1928 1074 2068 1130; x_wconf 88' lang='lat' dir='ltr'><strong><em>Feli-</em></strong></span> 
     </span>
    </p>
   </div>
   <div class='ocr_carea' id='block_1_12' title="bbox 478 1164 2065 1251">
    <p class='ocr_par' dir='ltr' id='par_1_12' title="bbox 478 1164 2065 1251">
     <span class='ocr_line' id='line_1_12' title="bbox 478 1164 2065 1251; baseline -0.013 -12"><span class='ocrx_word' id='word_1_62' title='bbox 478 1198 597 1239; x_wconf 88' lang='lat' dir='ltr'><strong><em>cem</em></strong></span> <span class='ocrx_word' id='word_1_63' title='bbox 641 1178 989 1251; x_wconf 90' lang='lat' dir='ltr'><strong><em>pontiﬁcem:</em></strong></span> <span class='ocrx_word' id='word_1_64' title='bbox 1038 1174 1332 1229; x_wconf 81' lang='lat' dir='ltr'><strong><em>Revertere</em></strong></span> <span class='ocrx_word' id='word_1_65' title='bbox 1379 1171 1432 1225; x_wconf 92' lang='lat' dir='ltr'><strong><em>in</em></strong></span> <span class='ocrx_word' id='word_1_66' title='bbox 1478 1178 1680 1223; x_wconf 89' lang='lat' dir='ltr'><strong><em>terram</em></strong></span> <span class='ocrx_word' id='word_1_67' title='bbox 1724 1177 1890 1230; x_wconf 88' lang='lat' dir='ltr'><strong><em>tuam,</em></strong></span> <span class='ocrx_word' id='word_1_68' title='bbox 1924 1173 1980 1220; x_wconf 90' lang='lat' dir='ltr'><strong><em>et</em></strong></span> <span class='ocrx_word' id='word_1_69' title='bbox 2013 1164 2065 1219; x_wconf 91' lang='lat' dir='ltr'><strong><em>in</em></strong></span> 
     </span>
    </p>
   </div>
   <div class='ocr_carea' id='block_1_13' title="bbox 478 1254 2067 1336">
    <p class='ocr_par' dir='ltr' id='par_1_13' title="bbox 478 1254 2067 1336">
     <span class='ocr_line' id='line_1_13' title="bbox 478 1254 2067 1336; baseline -0.013 -7"><span class='ocrx_word' id='word_1_70' title='bbox 478 1276 662 1330; x_wconf 89' lang='lat' dir='ltr'><strong><em>sedem</em></strong></span> <span class='ocrx_word' id='word_1_71' title='bbox 712 1280 881 1326; x_wconf 90' lang='lat' dir='ltr'><strong><em>tuam.</em></strong></span> <span class='ocrx_word' id='word_1_72' title='bbox 931 1266 1027 1322; x_wconf 86' lang='lat' dir='ltr'><strong><em>Cui</em></strong></span> <span class='ocrx_word' id='word_1_73' title='bbox 1069 1263 1313 1336; x_wconf 84' lang='lat' dir='ltr'><strong><em>pontifex</em></strong></span> <span class='ocrx_word' id='word_1_74' title='bbox 1349 1260 1702 1331; x_wconf 88' lang='lat' dir='ltr'><strong><em>respondens,</em></strong></span> <span class='ocrx_word' id='word_1_75' title='bbox 1732 1257 1906 1312; x_wconf 89' lang='lat' dir='ltr'><strong><em>dixit:</em></strong></span> <span class='ocrx_word' id='word_1_76' title='bbox 1949 1254 2067 1326; x_wconf 90' lang='lat' dir='ltr'><strong><em>Quo</em></strong></span> 
     </span>
    </p>
   </div>
   <div class='ocr_carea' id='block_1_14' title="bbox 482 1348 2061 1427">
    <p class='ocr_par' dir='ltr' id='par_1_14' title="bbox 482 1348 2061 1427">
     <span class='ocr_line' id='line_1_14' title="bbox 482 1348 2061 1427; baseline -0.013 -8"><span class='ocrx_word' id='word_1_77' title='bbox 482 1362 760 1420; x_wconf 86' lang='lat' dir='ltr'><strong><em>revertar?</em></strong></span> <span class='ocrx_word' id='word_1_78' title='bbox 808 1359 916 1413; x_wconf 86' lang='lat' dir='ltr'><strong><em>Aut</em></strong></span> <span class='ocrx_word' id='word_1_79' title='bbox 962 1371 1070 1427; x_wconf 90' lang='lat' dir='ltr'><strong><em>quo</em></strong></span> <span class='ocrx_word' id='word_1_80' title='bbox 1096 1353 1323 1409; x_wconf 88' lang='lat' dir='ltr'><strong><em>vadam?</em></strong></span> <span class='ocrx_word' id='word_1_81' title='bbox 1377 1351 1444 1405; x_wconf 87' lang='lat' dir='ltr'><strong><em>Et</em></strong></span> <span class='ocrx_word' id='word_1_82' title='bbox 1472 1352 1767 1420; x_wconf 85' lang='lat' dir='ltr'><strong><em>imperator</em></strong></span> <span class='ocrx_word' id='word_1_83' title='bbox 1796 1348 1864 1402; x_wconf 91' lang='lat' dir='ltr'><strong><em>ad</em></strong></span> <span class='ocrx_word' id='word_1_84' title='bbox 1907 1361 2061 1402; x_wconf 89' lang='lat' dir='ltr'><strong><em>eum:</em></strong></span> 
     </span>
    </p>
   </div>
   <div class='ocr_carea' id='block_1_15' title="bbox 480 1440 2063 1527">
    <p class='ocr_par' dir='ltr' id='par_1_15' title="bbox 480 1440 2063 1527">
     <span class='ocr_line' id='line_1_15' title="bbox 480 1440 2063 1527; baseline -0.015 -12"><span class='ocrx_word' id='word_1_85' title='bbox 480 1460 658 1527; x_wconf 90' lang='lat' dir='ltr'><strong><em>Quare</em></strong></span> <span class='ocrx_word' id='word_1_86' title='bbox 706 1454 847 1511; x_wconf 89' lang='lat' dir='ltr'><strong><em>non?</em></strong></span> <span class='ocrx_word' id='word_1_87' title='bbox 898 1452 1004 1506; x_wconf 86' lang='lat' dir='ltr'><strong><em>Pro</em></strong></span> <span class='ocrx_word' id='word_1_88' title='bbox 1060 1464 1166 1519; x_wconf 90' lang='lat' dir='ltr'><strong><em>qua</em></strong></span> <span class='ocrx_word' id='word_1_89' title='bbox 1210 1446 1408 1502; x_wconf 88' lang='lat' dir='ltr'><strong><em>causa?</em></strong></span> <span class='ocrx_word' id='word_1_90' title='bbox 1447 1444 1743 1514; x_wconf 82' lang='lat' dir='ltr'><strong><em>Respondit</em></strong></span> <span class='ocrx_word' id='word_1_91' title='bbox 1788 1440 2063 1512; x_wconf 77' lang='lat' dir='ltr'><strong><em>pontifex:</em></strong></span> 
     </span>
    </p>
   </div>
   <div class='ocr_carea' id='block_1_16' title="bbox 480 1531 2069 1603">
    <p class='ocr_par' dir='ltr' id='par_1_16' title="bbox 480 1531 2069 1603">
     <span class='ocr_line' id='line_1_16' title="bbox 480 1531 2069 1603; baseline -0.012 0"><span class='ocrx_word' id='word_1_92' title='bbox 480 1546 708 1603; x_wconf 83' lang='lat' dir='ltr'><strong><em>Lumina</em></strong></span> <span class='ocrx_word' id='word_1_93' title='bbox 755 1542 1036 1597; x_wconf 90' lang='lat' dir='ltr'><strong><em>oculorum</em></strong></span> <span class='ocrx_word' id='word_1_94' title='bbox 1086 1538 1286 1593; x_wconf 90' lang='lat' dir='ltr'><strong><em>amissa</em></strong></span> <span class='ocrx_word' id='word_1_95' title='bbox 1335 1536 1548 1601; x_wconf 80' lang='lat' dir='ltr'><strong><em>habeo;</em></strong></span> <span class='ocrx_word' id='word_1_96' title='bbox 1596 1549 1786 1589; x_wconf 91' lang='lat' dir='ltr'><strong><em>omnes</em></strong></span> <span class='ocrx_word' id='word_1_97' title='bbox 1837 1531 2069 1586; x_wconf 77' lang='lat' dir='ltr'><strong><em>fortuna:</em></strong></span> 
     </span>
    </p>
   </div>
   <div class='ocr_carea' id='block_1_17' title="bbox 480 1632 2065 1698">
    <p class='ocr_par' dir='ltr' id='par_1_17' title="bbox 480 1632 2065 1698">
     <span class='ocr_line' id='line_1_17' title="bbox 480 1632 2065 1698; baseline -0.011 -5"><span class='ocrx_word' id='word_1_98' title='bbox 480 1654 612 1694; x_wconf 83' lang='lat' dir='ltr'><strong><em>mea:</em></strong></span> <span class='ocrx_word' id='word_1_99' title='bbox 643 1634 896 1692; x_wconf 76' lang='lat' dir='ltr'><strong><em>Ecclesia:</em></strong></span> <span class='ocrx_word' id='word_1_100' title='bbox 926 1632 1013 1686; x_wconf 88' lang='lat' dir='ltr'><strong><em>hic</em></strong></span> <span class='ocrx_word' id='word_1_101' title='bbox 1039 1635 1372 1698; x_wconf 75' lang='lat' dir='ltr'><strong><em>consumpta:</em></strong></span> <span class='ocrx_word' id='word_1_102' title='bbox 1400 1634 1544 1691; x_wconf 88' lang='lat' dir='ltr'><strong><em>sunt,</em></strong></span> <span class='ocrx_word' id='word_1_103' title='bbox 1575 1634 1631 1679; x_wconf 89' lang='lat' dir='ltr'><strong><em>et</em></strong></span> <span class='ocrx_word' id='word_1_104' title='bbox 1656 1639 1790 1693; x_wconf 88' lang='lat' dir='ltr'><strong><em>quas</em></strong></span> <span class='ocrx_word' id='word_1_105' title='bbox 1818 1632 2065 1677; x_wconf 87' lang='lat' dir='ltr'><strong><em>anteces-</em></strong></span> 
     </span>
    </p>
   </div>
   <div class='ocr_carea' id='block_1_18' title="bbox 1200 216 3021 297">
    <p class='ocr_par' dir='ltr' id='par_1_18' title="bbox 1200 216 3021 297">
     <span class='ocr_line' id='line_1_18' title="bbox 1200 216 3021 297; baseline -0.008 -2"><span class='ocrx_word' id='word_1_106' title='bbox 1200 234 1490 295; x_wconf 78' lang='lat' dir='ltr'><strong><em>AGNELLI</em></strong></span> <span class='ocrx_word' id='word_1_107' title='bbox 1524 229 1813 288; x_wconf 78' lang='lat' dir='ltr'><strong><em>ABBATIS</em></strong></span> <span class='ocrx_word' id='word_1_108' title='bbox 1851 229 1909 284; x_wconf 88' lang='lat' dir='ltr'><strong><em>S.</em></strong></span> <span class='ocrx_word' id='word_1_109' title='bbox 1953 226 2189 297; x_wconf 71' lang='lat' dir='ltr'><strong>MARLE</strong></span> <span class='ocrx_word' id='word_1_110' title='bbox 2227 228 2318 283; x_wconf 76' lang='lat' dir='ltr'><strong><em>AD</em></strong></span> <span class='ocrx_word' id='word_1_111' title='bbox 2356 216 2830 292; x_wconf 77' lang='lat' dir='ltr'><strong><em>BLACflERNAS,</em></strong></span> <span class='ocrx_word' id='word_1_112' title='bbox 2871 225 3021 281; x_wconf 86' lang='lat' dir='ltr'><strong><em>ETC.</em></strong></span> 
     </span>
    </p>
   </div>
   <div class='ocr_carea' id='block_1_19' title="bbox 3634 228 3741 285">
    <p class='ocr_par' dir='ltr' id='par_1_19' title="bbox 3634 228 3741 285">
     <span class='ocr_line' id='line_1_19' title="bbox 3634 228 3741 285; baseline 0.019 -2"><span class='ocrx_word' id='word_1_113' title='bbox 3634 228 3741 285; x_wconf 73' lang='lat'><strong><em>708</em></strong></span> 
     </span>
    </p>
   </div>
   <div class='ocr_carea' id='block_1_20' title="bbox 2086 339 3741 410">
    <p class='ocr_par' dir='ltr' id='par_1_20' title="bbox 2086 339 3741 410">
     <span class='ocr_line' id='line_1_20' title="bbox 2086 339 3741 410; baseline 0.004 -18"><span class='ocrx_word' id='word_1_114' title='bbox 2086 348 2128 405; x_wconf 71' lang='grc' dir='ltr'><strong>Α</strong></span> <span class='ocrx_word' id='word_1_115' title='bbox 2164 339 2453 394; x_wconf 89' lang='lat' dir='ltr'><strong><em>invalidum</em></strong></span> <span class='ocrx_word' id='word_1_116' title='bbox 2476 355 2691 410; x_wconf 91' lang='lat' dir='ltr'><strong><em>corpus.</em></strong></span> <span class='ocrx_word' id='word_1_117' title='bbox 2720 339 2882 395; x_wconf 87' lang='lat' dir='ltr'><strong><em>Stans</em></strong></span> <span class='ocrx_word' id='word_1_118' title='bbox 2910 348 3091 394; x_wconf 89' lang='lat' dir='ltr'><strong><em>autem</em></strong></span> <span class='ocrx_word' id='word_1_119' title='bbox 3124 340 3470 395; x_wconf 80' lang='lat' dir='ltr'><strong><em>beatissimus</em></strong></span> <span class='ocrx_word' id='word_1_120' title='bbox 3500 355 3631 410; x_wconf 82' lang='lat' dir='ltr'><strong><em>papa</em></strong></span> <span class='ocrx_word' id='word_1_121' title='bbox 3660 342 3741 398; x_wconf 84' lang='lat' dir='ltr'><strong><em>di-</em></strong></span> 
     </span>
    </p>
   </div>
   <div class='ocr_carea' id='block_1_21' title="bbox 2168 428 3744 500">
    <p class='ocr_par' dir='ltr' id='par_1_21' title="bbox 2168 428 3744 500">
     <span class='ocr_line' id='line_1_21' title="bbox 2168 428 3744 500; baseline 0.001 -18"><span class='ocrx_word' id='word_1_122' title='bbox 2168 430 2247 482; x_wconf 85' lang='lat' dir='ltr'><strong><em>xit</em></strong></span> <span class='ocrx_word' id='word_1_123' title='bbox 2270 429 2336 483; x_wconf 91' lang='lat' dir='ltr'><strong><em>ad</em></strong></span> <span class='ocrx_word' id='word_1_124' title='bbox 2360 443 2512 483; x_wconf 89' lang='lat' dir='ltr'><strong><em>eum:</em></strong></span> <span class='ocrx_word' id='word_1_125' title='bbox 2538 429 2661 494; x_wconf 87' lang='lat' dir='ltr'><strong><em>Fili,</em></strong></span> <span class='ocrx_word' id='word_1_126' title='bbox 2684 444 2852 500; x_wconf 90' lang='lat' dir='ltr'><strong><em>quare</em></strong></span> <span class='ocrx_word' id='word_1_127' title='bbox 2881 438 2934 484; x_wconf 93' lang='lat' dir='ltr'><strong><em>te</em></strong></span> <span class='ocrx_word' id='word_1_128' title='bbox 2962 444 3083 484; x_wconf 89' lang='lat' dir='ltr'><strong><em>esse</em></strong></span> <span class='ocrx_word' id='word_1_129' title='bbox 3111 428 3333 484; x_wconf 85' lang='lat' dir='ltr'><strong><em>simulas</em></strong></span> <span class='ocrx_word' id='word_1_130' title='bbox 3354 431 3501 500; x_wconf 89' lang='lat' dir='ltr'><strong><em>quod</em></strong></span> <span class='ocrx_word' id='word_1_131' title='bbox 3528 446 3631 483; x_wconf 90' lang='lat' dir='ltr'><strong><em>non</em></strong></span> <span class='ocrx_word' id='word_1_132' title='bbox 3657 433 3744 484; x_wconf 84' lang='lat' dir='ltr'><strong><em>es?</em></strong></span> 
     </span>
    </p>
   </div>
   <div class='ocr_carea' id='block_1_22' title="bbox 2167 520 3742 588">
    <p class='ocr_par' dir='ltr' id='par_1_22' title="bbox 2167 520 3742 588">
     <span class='ocr_line' id='line_1_22' title="bbox 2167 520 3742 588; baseline 0.002 -15"><span class='ocrx_word' id='word_1_133' title='bbox 2167 520 2347 587; x_wconf 84' lang='lat' dir='ltr'><strong><em>Quare</em></strong></span> <span class='ocrx_word' id='word_1_134' title='bbox 2375 522 2507 576; x_wconf 89' lang='lat' dir='ltr'><strong><em>mihi</em></strong></span> <span class='ocrx_word' id='word_1_135' title='bbox 2541 522 2751 576; x_wconf 84' lang='lat' dir='ltr'><strong><em>illudis?</em></strong></span> <span class='ocrx_word' id='word_1_136' title='bbox 2784 521 3039 588; x_wconf 80' lang='lat' dir='ltr'><strong><em>Quamvis</em></strong></span> <span class='ocrx_word' id='word_1_137' title='bbox 3068 522 3432 576; x_wconf 78' lang='lat' dir='ltr'><strong><em>exterioribus</em></strong></span> <span class='ocrx_word' id='word_1_138' title='bbox 3459 521 3742 577; x_wconf 87' lang='lat' dir='ltr'><strong><em>luminibus</em></strong></span> 
     </span>
    </p>
   </div>
   <div class='ocr_carea' id='block_1_23' title="bbox 2168 611 3738 682">
    <p class='ocr_par' dir='ltr' id='par_1_23' title="bbox 2168 611 3738 682">
     <span class='ocr_line' id='line_1_23' title="bbox 2168 611 3738 682; baseline 0 -18"><span class='ocrx_word' id='word_1_139' title='bbox 2168 611 2408 680; x_wconf 89' lang='lat' dir='ltr'><strong><em>privatus</em></strong></span> <span class='ocrx_word' id='word_1_140' title='bbox 2437 627 2578 677; x_wconf 90' lang='lat' dir='ltr'><strong><em>sum,</em></strong></span> <span class='ocrx_word' id='word_1_141' title='bbox 2635 612 2889 667; x_wconf 87' lang='lat' dir='ltr'><strong><em>interiora</em></strong></span> <span class='ocrx_word' id='word_1_142' title='bbox 2938 621 3117 667; x_wconf 90' lang='lat' dir='ltr'><strong><em>tamen</em></strong></span> <span class='ocrx_word' id='word_1_143' title='bbox 3147 612 3349 681; x_wconf 81' lang='lat' dir='ltr'><strong><em>fulgida</em></strong></span> <span class='ocrx_word' id='word_1_144' title='bbox 3378 626 3478 682; x_wconf 85' lang='lat' dir='ltr'><strong><em>per</em></strong></span> <span class='ocrx_word' id='word_1_145' title='bbox 3514 613 3738 682; x_wconf 80' lang='lat' dir='ltr'><strong><em>gratiam</em></strong></span> 
     </span>
    </p>
   </div>
   <div class='ocr_carea' id='block_1_24' title="bbox 2166 703 3742 774">
    <p class='ocr_par' dir='ltr' id='par_1_24' title="bbox 2166 703 3742 774">
     <span class='ocr_line' id='line_1_24' title="bbox 2166 703 3742 774; baseline -0.002 -15"><span class='ocrx_word' id='word_1_146' title='bbox 2166 703 2368 759; x_wconf 87' lang='lat' dir='ltr'><strong><em>Christi</em></strong></span> <span class='ocrx_word' id='word_1_147' title='bbox 2423 703 2569 758; x_wconf 87' lang='lat' dir='ltr'><strong><em>intus</em></strong></span> <span class='ocrx_word' id='word_1_148' title='bbox 2616 711 2932 774; x_wconf 90' lang='lat' dir='ltr'><strong><em>patescunt;</em></strong></span> <span class='ocrx_word' id='word_1_149' title='bbox 2977 712 3032 758; x_wconf 90' lang='lat' dir='ltr'><strong><em>et</em></strong></span> <span class='ocrx_word' id='word_1_150' title='bbox 3072 704 3473 773; x_wconf 86' lang='lat' dir='ltr'><strong><em>adprehensum</em></strong></span> <span class='ocrx_word' id='word_1_151' title='bbox 3529 719 3742 757; x_wconf 88' lang='lat' dir='ltr'><strong><em>manum</em></strong></span> 
     </span>
    </p>
   </div>
   <div class='ocr_carea' id='block_1_25' title="bbox 2168 793 3743 868">
    <p class='ocr_par' dir='ltr' id='par_1_25' title="bbox 2168 793 3743 868">
     <span class='ocr_line' id='line_1_25' title="bbox 2168 793 3743 868; baseline -0.001 -19"><span class='ocrx_word' id='word_1_152' title='bbox 2168 794 2529 868; x_wconf 88' lang='lat' dir='ltr'><strong><em>[adprehensa</em></strong></span> <span class='ocrx_word' id='word_1_153' title='bbox 2584 793 2768 867; x_wconf 89' lang='lat' dir='ltr'><strong><em>manu]</em></strong></span> <span class='ocrx_word' id='word_1_154' title='bbox 2808 794 2942 862; x_wconf 87' lang='lat' dir='ltr'><strong><em>ejus,</em></strong></span> <span class='ocrx_word' id='word_1_155' title='bbox 2987 795 3158 849; x_wconf 86' lang='lat' dir='ltr'><strong><em>dixit:</em></strong></span> <span class='ocrx_word' id='word_1_156' title='bbox 3191 794 3386 865; x_wconf 82' lang='lat' dir='ltr'><strong><em>Surge,</em></strong></span> <span class='ocrx_word' id='word_1_157' title='bbox 3424 794 3569 859; x_wconf 90' lang='lat' dir='ltr'><strong><em>leva,</em></strong></span> <span class='ocrx_word' id='word_1_158' title='bbox 3594 795 3743 857; x_wconf 79' lang='lat' dir='ltr'><strong><em>vade,</em></strong></span> 
     </span>
    </p>
   </div>
   <div class='ocr_carea' id='block_1_26' title="bbox 2166 872 3744 942">
    <p class='ocr_par' dir='ltr' id='par_1_26' title="bbox 2166 872 3744 942">
     <span class='ocr_line' id='line_1_26' title="bbox 2166 872 3744 942; baseline 0.001 -2"><span class='ocrx_word' id='word_1_159' title='bbox 2166 896 2221 940; x_wconf 88' lang='lat' dir='ltr'><strong><em>et</em></strong></span> <span class='ocrx_word' id='word_1_160' title='bbox 2262 902 2446 942; x_wconf 87' lang='lat' dir='ltr'><strong><em>servos</em></strong></span> <span class='ocrx_word' id='word_1_161' title='bbox 2476 886 2571 941; x_wconf 86' lang='lat' dir='ltr'><strong><em>Dei</em></strong></span> <span class='ocrx_word' id='word_1_162' title='bbox 2616 886 2722 941; x_wconf 89' lang='lat' dir='ltr'><strong><em>noli</em></strong></span> <span class='ocrx_word' id='word_1_163' title='bbox 2765 886 2959 942; x_wconf 86' lang='lat' dir='ltr'><strong><em>iterum</em></strong></span> <span class='ocrx_word' id='word_1_164' title='bbox 3004 872 3357 941; x_wconf 82' lang='lat' dir='ltr'><strong><em>subsannare.</em></strong></span> <span class='ocrx_word' id='word_1_165' title='bbox 3408 886 3522 942; x_wconf 80' lang='lat' dir='ltr'><strong><em>Viri</em></strong></span> <span class='ocrx_word' id='word_1_166' title='bbox 3567 895 3744 941; x_wconf 83' lang='lat' dir='ltr'><strong><em>autem</em></strong></span> 
     </span>
    </p>
   </div>
   <div class='ocr_carea' id='block_1_27' title="bbox 2166 975 3749 1049">
    <p class='ocr_par' dir='ltr' id='par_1_27' title="bbox 2166 975 3749 1049">
     <span class='ocr_line' id='line_1_27' title="bbox 2166 975 3749 1049; baseline -0.002 -15"><span class='ocrx_word' id='word_1_167' title='bbox 2166 978 2422 1042; x_wconf 87' lang='lat' dir='ltr'><strong><em>civitatis,</em></strong></span> <span class='ocrx_word' id='word_1_168' title='bbox 2454 978 2545 1047; x_wconf 89' lang='lat' dir='ltr'><strong><em>qui</em></strong></span> <span class='ocrx_word' id='word_1_169' title='bbox 2583 985 2883 1033; x_wconf 88' lang='lat' dir='ltr'><strong><em>erantcum</em></strong></span> <span class='ocrx_word' id='word_1_170' title='bbox 2920 992 2987 1032; x_wconf 93' lang='lat' dir='ltr'><strong><em>eo</em></strong></span> <span class='ocrx_word' id='word_1_171' title='bbox 3007 975 3161 1044; x_wconf 87' lang='lat' dir='ltr'><strong><em>juxta</em></strong></span> <span class='ocrx_word' id='word_1_172' title='bbox 3191 984 3429 1046; x_wconf 81' lang='lat' dir='ltr'><strong><em>portam,</em></strong></span> <span class='ocrx_word' id='word_1_173' title='bbox 3462 987 3749 1049; x_wconf 76' lang='lat' dir='ltr'><strong><em>coeperunt</em></strong></span> 
     </span>
    </p>
   </div>
   <div class='ocr_carea' id='block_1_28' title="bbox 2167 1067 3744 1142">
    <p class='ocr_par' dir='ltr' id='par_1_28' title="bbox 2167 1067 3744 1142">
     <span class='ocr_line' id='line_1_28' title="bbox 2167 1067 3744 1142; baseline -0.003 -16"><span class='ocrx_word' id='word_1_174' title='bbox 2167 1071 2379 1142; x_wconf 84' lang='lat' dir='ltr'><strong><em>signare</em></strong></span> <span class='ocrx_word' id='word_1_175' title='bbox 2407 1070 2575 1125; x_wconf 88' lang='lat' dir='ltr'><strong><em>facies</em></strong></span> <span class='ocrx_word' id='word_1_176' title='bbox 2603 1085 2749 1134; x_wconf 89' lang='lat' dir='ltr'><strong><em>suas,</em></strong></span> <span class='ocrx_word' id='word_1_177' title='bbox 2782 1076 2837 1123; x_wconf 91' lang='lat' dir='ltr'><strong><em>et</em></strong></span> <span class='ocrx_word' id='word_1_178' title='bbox 2868 1068 3043 1122; x_wconf 87' lang='lat' dir='ltr'><strong><em>territi</em></strong></span> <span class='ocrx_word' id='word_1_179' title='bbox 3074 1067 3330 1122; x_wconf 84' lang='lat' dir='ltr'><strong><em>dixerunt</em></strong></span> <span class='ocrx_word' id='word_1_180' title='bbox 3361 1068 3504 1123; x_wconf 91' lang='lat' dir='ltr'><strong><em>intra</em></strong></span> <span class='ocrx_word' id='word_1_181' title='bbox 3533 1083 3596 1122; x_wconf 89' lang='lat' dir='ltr'><strong><em>se</em></strong></span> <span class='ocrx_word' id='word_1_182' title='bbox 3623 1069 3744 1138; x_wconf 81' lang='lat' dir='ltr'><strong><em>quia</em></strong></span> 
     </span>
    </p>
   </div>
   <div class='ocr_carea' id='block_1_29' title="bbox 2167 1160 3751 1235">
    <p class='ocr_par' dir='ltr' id='par_1_29' title="bbox 2167 1160 3751 1235">
     <span class='ocr_line' id='line_1_29' title="bbox 2167 1160 3751 1235; baseline -0.006 -16"><span class='ocrx_word' id='word_1_183' title='bbox 2167 1165 2257 1220; x_wconf 88' lang='lat' dir='ltr'><strong><em>hic</em></strong></span> <span class='ocrx_word' id='word_1_184' title='bbox 2301 1165 2464 1221; x_wconf 90' lang='lat' dir='ltr'><strong><em>homo</em></strong></span> <span class='ocrx_word' id='word_1_185' title='bbox 2486 1163 2666 1235; x_wconf 88' lang='lat' dir='ltr'><strong><em>justus</em></strong></span> <span class='ocrx_word' id='word_1_186' title='bbox 2685 1171 2791 1217; x_wconf 90' lang='lat' dir='ltr'><strong><em>est.</em></strong></span> <span class='ocrx_word' id='word_1_187' title='bbox 2817 1162 3081 1232; x_wconf 78' lang='lat' dir='ltr'><strong><em>Egressus</em></strong></span> <span class='ocrx_word' id='word_1_188' title='bbox 3104 1176 3232 1216; x_wconf 87' lang='lat' dir='ltr'><strong><em>vero</em></strong></span> <span class='ocrx_word' id='word_1_189' title='bbox 3266 1160 3411 1215; x_wconf 92' lang='lat' dir='ltr'><strong><em>illius</em></strong></span> <span class='ocrx_word' id='word_1_190' title='bbox 3456 1176 3520 1216; x_wconf 85' lang='lat' dir='ltr'><strong><em>ex</em></strong></span> <span class='ocrx_word' id='word_1_191' title='bbox 3552 1161 3751 1216; x_wconf 59' lang='lat' dir='ltr'><strong><em>nitent.</em></strong></span> 
     </span>
    </p>
   </div>
   <div class='ocr_carea' id='block_1_30' title="bbox 2164 1252 3747 1324">
    <p class='ocr_par' dir='ltr' id='par_1_30' title="bbox 2164 1252 3747 1324">
     <span class='ocr_line' id='line_1_30' title="bbox 2164 1252 3747 1324; baseline -0.004 -13"><span class='ocrx_word' id='word_1_192' title='bbox 2164 1256 2268 1311; x_wconf 91' lang='lat' dir='ltr'><strong><em>bus</em></strong></span> <span class='ocrx_word' id='word_1_193' title='bbox 2301 1255 2471 1320; x_wconf 90' lang='lat' dir='ltr'><strong><em>urbis,</em></strong></span> <span class='ocrx_word' id='word_1_194' title='bbox 2504 1255 2631 1310; x_wconf 89' lang='lat' dir='ltr'><strong><em>dum</em></strong></span> <span class='ocrx_word' id='word_1_195' title='bbox 2679 1270 2709 1310; x_wconf 90' lang='lat' dir='ltr'><strong><em>a</em></strong></span> <span class='ocrx_word' id='word_1_196' title='bbox 2761 1254 2964 1309; x_wconf 81' lang='lat' dir='ltr'><strong><em>ratibus</em></strong></span> <span class='ocrx_word' id='word_1_197' title='bbox 3011 1252 3222 1324; x_wconf 83' lang='lat' dir='ltr'><strong><em>longius</em></strong></span> <span class='ocrx_word' id='word_1_198' title='bbox 3271 1252 3542 1309; x_wconf 86' lang='lat' dir='ltr'><strong><em>modicum</em></strong></span> <span class='ocrx_word' id='word_1_199' title='bbox 3584 1261 3747 1315; x_wconf 87' lang='lat' dir='ltr'><strong><em>esset,</em></strong></span> 
     </span>
    </p>
   </div>
   <div class='ocr_carea' id='block_1_31' title="bbox 2166 1344 3750 1418">
    <p class='ocr_par' dir='ltr' id='par_1_31' title="bbox 2166 1344 3750 1418">
     <span class='ocr_line' id='line_1_31' title="bbox 2166 1344 3750 1418; baseline -0.004 -15"><span class='ocrx_word' id='word_1_200' title='bbox 2166 1348 2526 1418; x_wconf 82' lang='lat' dir='ltr'><strong><em>expectabant</em></strong></span> <span class='ocrx_word' id='word_1_201' title='bbox 2565 1362 2687 1401; x_wconf 89' lang='lat' dir='ltr'><strong><em>eum</em></strong></span> <span class='ocrx_word' id='word_1_202' title='bbox 2731 1345 3034 1407; x_wconf 87' lang='lat' dir='ltr'><strong><em>dromidas,</em></strong></span> <span class='ocrx_word' id='word_1_203' title='bbox 3082 1353 3141 1399; x_wconf 91' lang='lat' dir='ltr'><strong><em>ut</em></strong></span> <span class='ocrx_word' id='word_1_204' title='bbox 3184 1344 3494 1413; x_wconf 87' lang='lat' dir='ltr'><strong><em>acciperent</em></strong></span> <span class='ocrx_word' id='word_1_205' title='bbox 3543 1344 3750 1412; x_wconf 85' lang='lat' dir='ltr'><strong><em>aliquid</em></strong></span> 
     </span>
    </p>
   </div>
   <div class='ocr_carea' id='block_1_32' title="bbox 2167 1436 3751 1508">
    <p class='ocr_par' dir='ltr' id='par_1_32' title="bbox 2167 1436 3751 1508">
     <span class='ocr_line' id='line_1_32' title="bbox 2167 1436 3751 1508; baseline -0.002 -15"><span class='ocrx_word' id='word_1_206' title='bbox 2167 1440 2236 1495; x_wconf 92' lang='lat' dir='ltr'><strong><em>ab</em></strong></span> <span class='ocrx_word' id='word_1_207' title='bbox 2281 1453 2366 1504; x_wconf 92' lang='lat' dir='ltr'><strong><em>eo,</em></strong></span> <span class='ocrx_word' id='word_1_208' title='bbox 2416 1439 2655 1508; x_wconf 88' lang='lat' dir='ltr'><strong><em>iuitoque</em></strong></span> <span class='ocrx_word' id='word_1_209' title='bbox 2714 1439 2855 1492; x_wconf 90' lang='lat' dir='ltr'><strong><em>inter</em></strong></span> <span class='ocrx_word' id='word_1_210' title='bbox 2907 1452 2965 1491; x_wconf 91' lang='lat' dir='ltr'><strong><em>se</em></strong></span> <span class='ocrx_word' id='word_1_211' title='bbox 3007 1437 3242 1506; x_wconf 89' lang='lat' dir='ltr'><strong><em>pessimo</em></strong></span> <span class='ocrx_word' id='word_1_212' title='bbox 3294 1436 3554 1500; x_wconf 90' lang='lat' dir='ltr'><strong><em>consilio,</em></strong></span> <span class='ocrx_word' id='word_1_213' title='bbox 3607 1437 3751 1493; x_wconf 77' lang='lat' dir='ltr'><strong><em>dixe-</em></strong></span> 
     </span>
    </p>
   </div>
   <div class='ocr_carea' id='block_1_33' title="bbox 2168 1528 3751 1601">
    <p class='ocr_par' dir='ltr' id='par_1_33' title="bbox 2168 1528 3751 1601">
     <span class='ocr_line' id='line_1_33' title="bbox 2168 1528 3751 1601; baseline -0.002 -15"><span class='ocrx_word' id='word_1_214' title='bbox 2168 1539 2295 1586; x_wconf 90' lang='lat' dir='ltr'><strong><em>runt</em></strong></span> <span class='ocrx_word' id='word_1_215' title='bbox 2320 1549 2333 1585; x_wconf 89' lang='lat'><strong><em>:</em></strong></span> <span class='ocrx_word' id='word_1_216' title='bbox 2373 1532 2568 1587; x_wconf 91' lang='lat' dir='ltr'><strong><em>Dicunt</em></strong></span> <span class='ocrx_word' id='word_1_217' title='bbox 2604 1532 2746 1601; x_wconf 88' lang='lat' dir='ltr'><strong><em>quod</em></strong></span> <span class='ocrx_word' id='word_1_218' title='bbox 2789 1531 2890 1586; x_wconf 83' lang='lat' dir='ltr'><strong><em>iste</em></strong></span> <span class='ocrx_word' id='word_1_219' title='bbox 2920 1539 3069 1585; x_wconf 87' lang='lat' dir='ltr'><strong><em>vates</em></strong></span> <span class='ocrx_word' id='word_1_220' title='bbox 3096 1529 3474 1584; x_wconf 80' lang='lat' dir='ltr'><strong><em>Ravennianus</em></strong></span> <span class='ocrx_word' id='word_1_221' title='bbox 3501 1528 3590 1583; x_wconf 87' lang='lat' dir='ltr'><strong><em>vir</em></strong></span> <span class='ocrx_word' id='word_1_222' title='bbox 3619 1529 3751 1583; x_wconf 82' lang='lat' dir='ltr'><strong><em>elec-</em></strong></span> 
     </span>
    </p>
   </div>
   <div class='ocr_carea' id='block_1_34' title="bbox 2168 1620 3750 1695">
    <p class='ocr_par' dir='ltr' id='par_1_34' title="bbox 2168 1620 3750 1695">
     <span class='ocr_line' id='line_1_34' title="bbox 2168 1620 3750 1695; baseline -0.001 -17"><span class='ocrx_word' id='word_1_223' title='bbox 2168 1623 2511 1695; x_wconf 89' lang='lat' dir='ltr'><strong><em>mosynarius</em></strong></span> <span class='ocrx_word' id='word_1_224' title='bbox 2567 1622 2667 1687; x_wconf 92' lang='lat' dir='ltr'><strong><em>sit,</em></strong></span> <span class='ocrx_word' id='word_1_225' title='bbox 2728 1630 2783 1677; x_wconf 91' lang='lat' dir='ltr'><strong><em>et</em></strong></span> <span class='ocrx_word' id='word_1_226' title='bbox 2821 1622 2888 1676; x_wconf 88' lang='lat' dir='ltr'><strong><em>ad</em></strong></span> <span class='ocrx_word' id='word_1_227' title='bbox 2938 1622 3283 1677; x_wconf 81' lang='lat' dir='ltr'><strong><em>tribuendum</em></strong></span> <span class='ocrx_word' id='word_1_228' title='bbox 3336 1620 3511 1692; x_wconf 83' lang='lat' dir='ltr'><strong><em>largas</em></strong></span> <span class='ocrx_word' id='word_1_229' title='bbox 3555 1636 3750 1677; x_wconf 85' lang='lat' dir='ltr'><strong><em>manus</em></strong></span> 
     </span>
    </p>
   </div>
   <div class='ocr_carea' id='block_1_35' title="bbox 478 1692 3748 1795">
    <p class='ocr_par' dir='ltr' id='par_1_35' title="bbox 478 1692 3748 1795">
     <span class='ocr_line' id='line_1_35' title="bbox 478 1692 3748 1795; baseline -0.007 -12"><span class='ocrx_word' id='word_1_230' title='bbox 478 1742 630 1784; x_wconf 86' lang='lat' dir='ltr'><strong><em>sores</em></strong></span> <span class='ocrx_word' id='word_1_231' title='bbox 674 1726 749 1780; x_wconf 90' lang='lat' dir='ltr'><strong><em>tui</em></strong></span> <span class='ocrx_word' id='word_1_232' title='bbox 790 1724 865 1795; x_wconf 90' lang='lat' dir='ltr'><strong><em>pii</em></strong></span> <span class='ocrx_word' id='word_1_233' title='bbox 922 1720 1196 1792; x_wconf 90' lang='lat' dir='ltr'><strong><em>principes</em></strong></span> <span class='ocrx_word' id='word_1_234' title='bbox 1238 1719 1291 1772; x_wconf 89' lang='lat' dir='ltr'><strong><em>in</em></strong></span> <span class='ocrx_word' id='word_1_235' title='bbox 1331 1725 1647 1772; x_wconf 89' lang='lat' dir='ltr'><strong><em>ornamenta</em></strong></span> <span class='ocrx_word' id='word_1_236' title='bbox 1677 1713 1933 1770; x_wconf 75' lang='lat' dir='ltr'><strong><em>Ecclesia:</em></strong></span> <span class='ocrx_word' id='word_1_237' title='bbox 1972 1712 2062 1768; x_wconf 89' lang='lat' dir='ltr'><strong><em>de—</em></strong></span> <span class='ocrx_word' id='word_1_238' title='bbox 2090 1692 2138 1752; x_wconf 82' lang='grc' dir='ltr'><strong>Β</strong></span> <span class='ocrx_word' id='word_1_239' title='bbox 2168 1718 2392 1783; x_wconf 79' lang='lat' dir='ltr'><strong><em>habeat;</em></strong></span> <span class='ocrx_word' id='word_1_240' title='bbox 2439 1717 2734 1787; x_wconf 77' lang='lat' dir='ltr'><strong><em>probemus</em></strong></span> <span class='ocrx_word' id='word_1_241' title='bbox 2788 1716 2833 1771; x_wconf 86' lang='lat' dir='ltr'><strong><em>si</em></strong></span> <span class='ocrx_word' id='word_1_242' title='bbox 2872 1717 3075 1771; x_wconf 65' lang='lat' dir='ltr'><strong><em>veritas</em></strong></span> <span class='ocrx_word' id='word_1_243' title='bbox 3121 1724 3207 1771; x_wconf 69' lang='lat' dir='ltr'><strong><em>est</em></strong></span> <span class='ocrx_word' id='word_1_244' title='bbox 3250 1717 3305 1770; x_wconf 84' lang='lat' dir='ltr'><strong><em>in</em></strong></span> <span class='ocrx_word' id='word_1_245' title='bbox 3344 1731 3431 1771; x_wconf 79' lang='lat' dir='ltr'><strong><em>eo,</em></strong></span> <span class='ocrx_word' id='word_1_246' title='bbox 3492 1715 3653 1771; x_wconf 79' lang='lat' dir='ltr'><strong><em>unus</em></strong></span> <span class='ocrx_word' id='word_1_247' title='bbox 3686 1730 3748 1769; x_wconf 75' lang='grc' dir='ltr'>ει</span> 
     </span>
    </p>
   </div>
   <div class='ocr_carea' id='block_1_36' title="bbox 478 1806 2063 1883">
    <p class='ocr_par' dir='ltr' id='par_1_36' title="bbox 478 1806 2063 1883">
     <span class='ocr_line' id='line_1_36' title="bbox 478 1806 2063 1883; baseline -0.009 -9"><span class='ocrx_word' id='word_1_248' title='bbox 478 1821 690 1883; x_wconf 85' lang='lat' dir='ltr'><strong><em>derant,</em></strong></span> <span class='ocrx_word' id='word_1_249' title='bbox 733 1813 1073 1878; x_wconf 88' lang='lat' dir='ltr'><strong><em>detulerunt,</em></strong></span> <span class='ocrx_word' id='word_1_250' title='bbox 1122 1819 1179 1867; x_wconf 93' lang='lat' dir='ltr'><strong><em>et</em></strong></span> <span class='ocrx_word' id='word_1_251' title='bbox 1216 1811 1270 1866; x_wconf 92' lang='lat' dir='ltr'><strong><em>in</em></strong></span> <span class='ocrx_word' id='word_1_252' title='bbox 1308 1810 1410 1864; x_wconf 88' lang='lat' dir='ltr'><strong><em>hac</em></strong></span> <span class='ocrx_word' id='word_1_253' title='bbox 1448 1810 1728 1879; x_wconf 87' lang='lat' dir='ltr'><strong><em>deportata</em></strong></span> <span class='ocrx_word' id='word_1_254' title='bbox 1772 1814 1897 1863; x_wconf 91' lang='lat' dir='ltr'><strong><em>sunt</em></strong></span> <span class='ocrx_word' id='word_1_255' title='bbox 1932 1806 2063 1860; x_wconf 90' lang='lat' dir='ltr'><strong><em>civi-</em></strong></span> 
     </span>
    </p>
   </div>
   <div class='ocr_carea' id='block_1_37' title="bbox 480 1900 2059 1976">
    <p class='ocr_par' dir='ltr' id='par_1_37' title="bbox 480 1900 2059 1976">
     <span class='ocr_line' id='line_1_37' title="bbox 480 1900 2059 1976; baseline -0.01 -10"><span class='ocrx_word' id='word_1_256' title='bbox 480 1919 611 1976; x_wconf 85' lang='lat' dir='ltr'><strong><em>tate,</em></strong></span> <span class='ocrx_word' id='word_1_257' title='bbox 656 1917 711 1964; x_wconf 90' lang='lat' dir='ltr'><strong><em>et</em></strong></span> <span class='ocrx_word' id='word_1_258' title='bbox 756 1900 891 1961; x_wconf 87' lang='lat' dir='ltr'><strong><em>nihil</em></strong></span> <span class='ocrx_word' id='word_1_259' title='bbox 950 1903 1218 1959; x_wconf 85' lang='lat' dir='ltr'><strong><em>remansit</em></strong></span> <span class='ocrx_word' id='word_1_260' title='bbox 1292 1901 1395 1956; x_wconf 89' lang='lat' dir='ltr'><strong><em>nisi</em></strong></span> <span class='ocrx_word' id='word_1_261' title='bbox 1456 1900 1692 1955; x_wconf 86' lang='lat' dir='ltr'><strong><em>ambitus</em></strong></span> <span class='ocrx_word' id='word_1_262' title='bbox 1761 1912 2059 1954; x_wconf 90' lang='lat' dir='ltr'><strong><em>murorum.</em></strong></span> 
     </span>
    </p>
   </div>
   <div class='ocr_carea' id='block_1_38' title="bbox 481 1990 2068 2064">
    <p class='ocr_par' dir='ltr' id='par_1_38' title="bbox 481 1990 2068 2064">
     <span class='ocr_line' id='line_1_38' title="bbox 481 1990 2068 2064; baseline -0.007 -8"><span class='ocrx_word' id='word_1_263' title='bbox 481 2001 623 2057; x_wconf 81' lang='lat' dir='ltr'><strong><em>Dixit</em></strong></span> <span class='ocrx_word' id='word_1_264' title='bbox 650 2007 830 2053; x_wconf 90' lang='lat' dir='ltr'><strong><em>autem</em></strong></span> <span class='ocrx_word' id='word_1_265' title='bbox 868 1995 935 2050; x_wconf 88' lang='lat' dir='ltr'><strong><em>ad</em></strong></span> <span class='ocrx_word' id='word_1_266' title='bbox 964 2010 1087 2050; x_wconf 90' lang='lat' dir='ltr'><strong><em>eum</em></strong></span> <span class='ocrx_word' id='word_1_267' title='bbox 1127 1994 1421 2064; x_wconf 85' lang='lat' dir='ltr'><strong><em>imperator</em></strong></span> <span class='ocrx_word' id='word_1_268' title='bbox 1451 2010 1463 2045; x_wconf 92' lang='lat'><strong><em>:</em></strong></span> <span class='ocrx_word' id='word_1_269' title='bbox 1497 1992 1564 2046; x_wconf 87' lang='lat' dir='ltr'><strong><em>Et</em></strong></span> <span class='ocrx_word' id='word_1_270' title='bbox 1590 1992 1681 2061; x_wconf 93' lang='lat' dir='ltr'><strong><em>qui</em></strong></span> <span class='ocrx_word' id='word_1_271' title='bbox 1713 2006 1805 2045; x_wconf 88' lang='lat' dir='ltr'><strong><em>eas</em></strong></span> <span class='ocrx_word' id='word_1_272' title='bbox 1831 1990 2068 2045; x_wconf 87' lang='lat' dir='ltr'><strong><em>abstule-</em></strong></span> 
     </span>
    </p>
   </div>
   <div class='ocr_carea' id='block_1_39' title="bbox 480 2082 2067 2153">
    <p class='ocr_par' dir='ltr' id='par_1_39' title="bbox 480 2082 2067 2153">
     <span class='ocr_line' id='line_1_39' title="bbox 480 2082 2067 2153; baseline -0.007 -6"><span class='ocrx_word' id='word_1_273' title='bbox 480 2092 649 2147; x_wconf 85' lang='lat' dir='ltr'><strong><em>runt?</em></strong></span> <span class='ocrx_word' id='word_1_274' title='bbox 697 2090 753 2145; x_wconf 90' lang='lat' dir='ltr'><strong><em>Si</em></strong></span> <span class='ocrx_word' id='word_1_275' title='bbox 798 2100 890 2144; x_wconf 89' lang='lat' dir='ltr'><strong><em>tua</em></strong></span> <span class='ocrx_word' id='word_1_276' title='bbox 935 2088 1030 2143; x_wconf 90' lang='lat' dir='ltr'><strong><em>tibi</em></strong></span> <span class='ocrx_word' id='word_1_277' title='bbox 1074 2103 1180 2142; x_wconf 89' lang='lat' dir='ltr'><strong><em>non</em></strong></span> <span class='ocrx_word' id='word_1_278' title='bbox 1220 2095 1366 2153; x_wconf 89' lang='lat' dir='ltr'><strong><em>sunt,</em></strong></span> <span class='ocrx_word' id='word_1_279' title='bbox 1404 2084 1486 2140; x_wconf 85' lang='lat' dir='ltr'><strong><em>vel</em></strong></span> <span class='ocrx_word' id='word_1_280' title='bbox 1534 2085 1696 2139; x_wconf 89' lang='lat' dir='ltr'><strong><em>etiam</em></strong></span> <span class='ocrx_word' id='word_1_281' title='bbox 1741 2099 1808 2138; x_wconf 85' lang='lat' dir='ltr'><strong><em>ex</em></strong></span> <span class='ocrx_word' id='word_1_282' title='bbox 1865 2082 2067 2137; x_wconf 89' lang='lat' dir='ltr'><strong><em>nostris</em></strong></span> 
     </span>
    </p>
   </div>
   <div class='ocr_carea' id='block_1_40' title="bbox 481 2174 2068 2251">
    <p class='ocr_par' dir='ltr' id='par_1_40' title="bbox 481 2174 2068 2251">
     <span class='ocr_line' id='line_1_40' title="bbox 481 2174 2068 2251; baseline -0.006 -12"><span class='ocrx_word' id='word_1_283' title='bbox 481 2184 628 2240; x_wconf 89' lang='lat' dir='ltr'><strong><em>tolle.</em></strong></span> <span class='ocrx_word' id='word_1_284' title='bbox 684 2182 936 2251; x_wconf 79' lang='lat' dir='ltr'><strong><em>Dixitque</em></strong></span> <span class='ocrx_word' id='word_1_285' title='bbox 984 2179 1051 2235; x_wconf 87' lang='lat' dir='ltr'><strong><em>ad</em></strong></span> <span class='ocrx_word' id='word_1_286' title='bbox 1096 2193 1218 2233; x_wconf 89' lang='lat' dir='ltr'><strong><em>eum</em></strong></span> <span class='ocrx_word' id='word_1_287' title='bbox 1249 2177 1401 2232; x_wconf 85' lang='lat' dir='ltr'><strong><em>Felix</em></strong></span> <span class='ocrx_word' id='word_1_288' title='bbox 1446 2176 1675 2231; x_wconf 87' lang='lat' dir='ltr'><strong><em>antistes</em></strong></span> <span class='ocrx_word' id='word_1_289' title='bbox 1721 2193 1734 2229; x_wconf 91' lang='lat'><strong><em>:</em></strong></span> <span class='ocrx_word' id='word_1_290' title='bbox 1784 2174 2068 2230; x_wconf 89' lang='lat' dir='ltr'><strong><em>Sufﬁciunt</em></strong></span> 
     </span>
    </p>
   </div>
   <div class='ocr_carea' id='block_1_41' title="bbox 478 2266 2065 2339">
    <p class='ocr_par' dir='ltr' id='par_1_41' title="bbox 478 2266 2065 2339">
     <span class='ocr_line' id='line_1_41' title="bbox 478 2266 2065 2339; baseline -0.007 -9"><span class='ocrx_word' id='word_1_291' title='bbox 478 2290 599 2332; x_wconf 88' lang='lat' dir='ltr'><strong><em>mea</em></strong></span> <span class='ocrx_word' id='word_1_292' title='bbox 646 2273 801 2337; x_wconf 86' lang='lat' dir='ltr'><strong><em>mihi,</em></strong></span> <span class='ocrx_word' id='word_1_293' title='bbox 852 2273 897 2328; x_wconf 90' lang='lat' dir='ltr'><strong><em>si</em></strong></span> <span class='ocrx_word' id='word_1_294' title='bbox 950 2271 1172 2326; x_wconf 83' lang='lat' dir='ltr'><strong><em>reddere</em></strong></span> <span class='ocrx_word' id='word_1_295' title='bbox 1212 2268 1395 2336; x_wconf 89' lang='lat' dir='ltr'><strong><em>jubes,</em></strong></span> <span class='ocrx_word' id='word_1_296' title='bbox 1435 2268 1564 2339; x_wconf 90' lang='lat' dir='ltr'><strong><em>quia</em></strong></span> <span class='ocrx_word' id='word_1_297' title='bbox 1602 2266 1801 2322; x_wconf 81' lang='lat' dir='ltr'><strong><em>diversi</em></strong></span> <span class='ocrx_word' id='word_1_298' title='bbox 1849 2266 2065 2321; x_wconf 90' lang='lat' dir='ltr'><strong><em>diversa</em></strong></span> 
     </span>
    </p>
   </div>
   <div class='ocr_carea' id='block_1_42' title="bbox 481 2357 2066 2431">
    <p class='ocr_par' dir='ltr' id='par_1_42' title="bbox 481 2357 2066 2431">
     <span class='ocr_line' id='line_1_42' title="bbox 481 2357 2066 2431; baseline -0.006 -12"><span class='ocrx_word' id='word_1_299' title='bbox 481 2364 739 2419; x_wconf 90' lang='lat' dir='ltr'><strong><em>tulerunt.</em></strong></span> <span class='ocrx_word' id='word_1_300' title='bbox 783 2362 935 2418; x_wconf 88' lang='lat' dir='ltr'><strong><em>Tunc</em></strong></span> <span class='ocrx_word' id='word_1_301' title='bbox 970 2361 1269 2431; x_wconf 87' lang='lat' dir='ltr'><strong><em>imperator</em></strong></span> <span class='ocrx_word' id='word_1_302' title='bbox 1295 2358 1669 2415; x_wconf 86' lang='lat' dir='ltr'><strong><em>misericordia</em></strong></span> <span class='ocrx_word' id='word_1_303' title='bbox 1705 2366 1882 2411; x_wconf 87' lang='lat' dir='ltr'><strong><em>motus</em></strong></span> <span class='ocrx_word' id='word_1_304' title='bbox 1903 2357 2066 2427; x_wconf 89' lang='lat' dir='ltr'><strong><em>jussit</em></strong></span> 
     </span>
    </p>
   </div>
   <div class='ocr_carea' id='block_1_43' title="bbox 480 2449 2067 2527">
    <p class='ocr_par' dir='ltr' id='par_1_43' title="bbox 480 2449 2067 2527">
     <span class='ocr_line' id='line_1_43' title="bbox 480 2449 2067 2527; baseline -0.005 -18"><span class='ocrx_word' id='word_1_305' title='bbox 480 2470 786 2527; x_wconf 65' lang='lat' dir='ltr'><strong><em>praeconem</em></strong></span> <span class='ocrx_word' id='word_1_306' title='bbox 818 2469 916 2523; x_wconf 92' lang='lat' dir='ltr'><strong><em>per</em></strong></span> <span class='ocrx_word' id='word_1_307' title='bbox 953 2460 1121 2507; x_wconf 88' lang='lat' dir='ltr'><strong><em>totam</em></strong></span> <span class='ocrx_word' id='word_1_308' title='bbox 1152 2451 1391 2506; x_wconf 88' lang='lat' dir='ltr'><strong><em>clamare</em></strong></span> <span class='ocrx_word' id='word_1_309' title='bbox 1422 2451 1632 2515; x_wconf 85' lang='lat' dir='ltr'><strong><em>urbem,</em></strong></span> <span class='ocrx_word' id='word_1_310' title='bbox 1660 2456 1720 2503; x_wconf 91' lang='lat' dir='ltr'><strong><em>ut</em></strong></span> <span class='ocrx_word' id='word_1_311' title='bbox 1742 2449 2067 2519; x_wconf 87' lang='lat' dir='ltr'><strong><em>quicumque</em></strong></span> 
     </span>
    </p>
   </div>
   <div class='ocr_carea' id='block_1_44' title="bbox 479 2538 2069 2609">
    <p class='ocr_par' dir='ltr' id='par_1_44' title="bbox 479 2538 2069 2609">
     <span class='ocr_line' id='line_1_44' title="bbox 479 2538 2069 2609; baseline -0.003 -9"><span class='ocrx_word' id='word_1_312' title='bbox 479 2561 545 2601; x_wconf 85' lang='lat' dir='ltr'><strong><em>ex</em></strong></span> <span class='ocrx_word' id='word_1_313' title='bbox 589 2546 861 2599; x_wconf 76' lang='lat' dir='ltr'><strong><em>Ravenna:</em></strong></span> <span class='ocrx_word' id='word_1_314' title='bbox 910 2542 1139 2597; x_wconf 88' lang='lat' dir='ltr'><strong><em>ecclesia</em></strong></span> <span class='ocrx_word' id='word_1_315' title='bbox 1190 2541 1392 2609; x_wconf 88' lang='lat' dir='ltr'><strong><em>aliquid</em></strong></span> <span class='ocrx_word' id='word_1_316' title='bbox 1432 2541 1676 2603; x_wconf 87' lang='lat' dir='ltr'><strong><em>haberet,</em></strong></span> <span class='ocrx_word' id='word_1_317' title='bbox 1727 2538 1965 2593; x_wconf 83' lang='lat' dir='ltr'><strong><em>velocius</em></strong></span> <span class='ocrx_word' id='word_1_318' title='bbox 2000 2538 2069 2597; x_wconf 84' lang='lat' dir='ltr'><strong><em>ad</em></strong></span> 
     </span>
    </p>
   </div>
   <div class='ocr_carea' id='block_1_45' title="bbox 479 2626 2070 2705">
    <p class='ocr_par' dir='ltr' id='par_1_45' title="bbox 479 2626 2070 2705">
     <span class='ocr_line' id='line_1_45' title="bbox 479 2626 2070 2705; baseline -0.005 -17"><span class='ocrx_word' id='word_1_319' title='bbox 479 2634 739 2705; x_wconf 85' lang='lat' dir='ltr'><strong><em>palatium</em></strong></span> <span class='ocrx_word' id='word_1_320' title='bbox 772 2630 1027 2687; x_wconf 89' lang='lat' dir='ltr'><strong><em>deferret.</em></strong></span> <span class='ocrx_word' id='word_1_321' title='bbox 1073 2630 1142 2684; x_wconf 90' lang='lat' dir='ltr'><strong><em>Et</em></strong></span> <span class='ocrx_word' id='word_1_322' title='bbox 1178 2629 1340 2684; x_wconf 87' lang='lat' dir='ltr'><strong><em>allata</em></strong></span> <span class='ocrx_word' id='word_1_323' title='bbox 1374 2636 1500 2683; x_wconf 92' lang='lat' dir='ltr'><strong><em>sunt</em></strong></span> <span class='ocrx_word' id='word_1_324' title='bbox 1531 2642 1681 2693; x_wconf 87' lang='lat' dir='ltr'><strong><em>vasa,</em></strong></span> <span class='ocrx_word' id='word_1_325' title='bbox 1717 2635 1772 2682; x_wconf 93' lang='lat' dir='ltr'><strong><em>et</em></strong></span> <span class='ocrx_word' id='word_1_326' title='bbox 1803 2626 1982 2697; x_wconf 90' lang='lat' dir='ltr'><strong><em>pallia,</em></strong></span> <span class='ocrx_word' id='word_1_327' title='bbox 2013 2635 2070 2681; x_wconf 89' lang='lat' dir='ltr'><strong><em>et</em></strong></span> 
     </span>
    </p>
   </div>
   <div class='ocr_carea' id='block_1_46' title="bbox 479 2714 2068 2795">
    <p class='ocr_par' dir='ltr' id='par_1_46' title="bbox 479 2714 2068 2795">
     <span class='ocr_line' id='line_1_46' title="bbox 479 2714 2068 2795; baseline -0.006 -18"><span class='ocrx_word' id='word_1_328' title='bbox 479 2723 662 2778; x_wconf 90' lang='lat' dir='ltr'><strong><em>omnia</em></strong></span> <span class='ocrx_word' id='word_1_329' title='bbox 710 2729 1030 2775; x_wconf 88' lang='lat' dir='ltr'><strong><em>ornamenta</em></strong></span> <span class='ocrx_word' id='word_1_330' title='bbox 1074 2718 1315 2773; x_wconf 83' lang='lat' dir='ltr'><strong><em>ecclesia:</em></strong></span> <span class='ocrx_word' id='word_1_331' title='bbox 1370 2714 1612 2787; x_wconf 78' lang='lat' dir='ltr'><strong><em>pontifex</em></strong></span> <span class='ocrx_word' id='word_1_332' title='bbox 1658 2715 1911 2795; x_wconf 68' lang='lat' dir='ltr'><strong><em>suscepit.</em></strong></span> <span class='ocrx_word' id='word_1_333' title='bbox 1952 2714 2068 2769; x_wconf 86' lang='lat' dir='ltr'><strong><em>Non</em></strong></span> 
     </span>
    </p>
   </div>
   <div class='ocr_carea' id='block_1_47' title="bbox 477 2802 2070 2886">
    <p class='ocr_par' dir='ltr' id='par_1_47' title="bbox 477 2802 2070 2886">
     <span class='ocr_line' id='line_1_47' title="bbox 477 2802 2070 2886; baseline -0.006 -20"><span class='ocrx_word' id='word_1_334' title='bbox 477 2811 716 2886; x_wconf 89' lang='lat' dir='ltr'><strong><em>perdidit</em></strong></span> <span class='ocrx_word' id='word_1_335' title='bbox 752 2825 819 2864; x_wconf 88' lang='lat' dir='ltr'><strong><em>ex</em></strong></span> <span class='ocrx_word' id='word_1_336' title='bbox 856 2809 936 2865; x_wconf 90' lang='lat' dir='ltr'><strong><em>eis</em></strong></span> <span class='ocrx_word' id='word_1_337' title='bbox 974 2809 1080 2864; x_wconf 91' lang='lat' dir='ltr'><strong><em>nisi</em></strong></span> <span class='ocrx_word' id='word_1_338' title='bbox 1121 2806 1507 2863; x_wconf 88' lang='lat' dir='ltr'><strong><em>candelabrum</em></strong></span> <span class='ocrx_word' id='word_1_339' title='bbox 1544 2820 1734 2858; x_wconf 89' lang='lat' dir='ltr'><strong><em>unum.</em></strong></span> <span class='ocrx_word' id='word_1_340' title='bbox 1773 2802 1903 2861; x_wconf 85' lang='lat' dir='ltr'><strong><em>Post</em></strong></span> <span class='ocrx_word' id='word_1_341' title='bbox 1955 2803 2070 2857; x_wconf 80' lang='lat' dir='ltr'><strong><em>luec</em></strong></span> 
     </span>
    </p>
   </div>
   <div class='ocr_carea' id='block_1_48' title="bbox 478 2892 2069 2970">
    <p class='ocr_par' dir='ltr' id='par_1_48' title="bbox 478 2892 2069 2970">
     <span class='ocr_line' id='line_1_48' title="bbox 478 2892 2069 2970; baseline -0.005 -13"><span class='ocrx_word' id='word_1_342' title='bbox 478 2912 662 2957; x_wconf 85' lang='lat' dir='ltr'><strong><em>autem</em></strong></span> <span class='ocrx_word' id='word_1_343' title='bbox 706 2900 915 2969; x_wconf 78' lang='lat' dir='ltr'><strong><em>rogavit</em></strong></span> <span class='ocrx_word' id='word_1_344' title='bbox 959 2899 1257 2970; x_wconf 89' lang='lat' dir='ltr'><strong><em>imperator</em></strong></span> <span class='ocrx_word' id='word_1_345' title='bbox 1299 2894 1637 2967; x_wconf 86' lang='lat' dir='ltr'><strong><em>pontificem,</em></strong></span> <span class='ocrx_word' id='word_1_346' title='bbox 1681 2903 1741 2949; x_wconf 92' lang='lat' dir='ltr'><strong><em>ut</em></strong></span> <span class='ocrx_word' id='word_1_347' title='bbox 1765 2909 1831 2949; x_wconf 88' lang='lat' dir='ltr'><strong><em>ex</em></strong></span> <span class='ocrx_word' id='word_1_348' title='bbox 1869 2892 2069 2964; x_wconf 78' lang='lat' dir='ltr'><strong><em>palatio</em></strong></span> 
     </span>
    </p>
   </div>
   <div class='ocr_carea' id='block_1_49' title="bbox 479 2985 2070 3062">
    <p class='ocr_par' dir='ltr' id='par_1_49' title="bbox 479 2985 2070 3062">
     <span class='ocr_line' id='line_1_49' title="bbox 479 2985 2070 3062; baseline -0.006 -14"><span class='ocrx_word' id='word_1_349' title='bbox 479 2992 598 3062; x_wconf 86' lang='lat' dir='ltr'><strong><em>ejus</em></strong></span> <span class='ocrx_word' id='word_1_350' title='bbox 624 2990 861 3061; x_wconf 86' lang='lat' dir='ltr'><strong><em>aliquam</em></strong></span> <span class='ocrx_word' id='word_1_351' title='bbox 889 2988 1321 3045; x_wconf 87' lang='lat' dir='ltr'><strong><em>benedictionem</em></strong></span> <span class='ocrx_word' id='word_1_352' title='bbox 1350 2988 1639 3058; x_wconf 88' lang='lat' dir='ltr'><strong><em>acciperet.</em></strong></span> <span class='ocrx_word' id='word_1_353' title='bbox 1693 2985 1794 3056; x_wconf 88' lang='lat' dir='ltr'><strong><em>Qui</em></strong></span> <span class='ocrx_word' id='word_1_354' title='bbox 1846 3000 2070 3056; x_wconf 87' lang='lat' dir='ltr'><strong><em>respon-</em></strong></span> 
     </span>
    </p>
   </div>
   <div class='ocr_carea' id='block_1_50' title="bbox 479 3077 2069 3149">
    <p class='ocr_par' dir='ltr' id='par_1_50' title="bbox 479 3077 2069 3149">
     <span class='ocr_line' id='line_1_50' title="bbox 479 3077 2069 3149; baseline -0.003 -13"><span class='ocrx_word' id='word_1_355' title='bbox 479 3083 613 3136; x_wconf 89' lang='lat' dir='ltr'><strong><em>dens</em></strong></span> <span class='ocrx_word' id='word_1_356' title='bbox 642 3082 707 3135; x_wconf 90' lang='lat' dir='ltr'><strong><em>ad</em></strong></span> <span class='ocrx_word' id='word_1_357' title='bbox 738 3096 860 3135; x_wconf 89' lang='lat' dir='ltr'><strong><em>eum</em></strong></span> <span class='ocrx_word' id='word_1_358' title='bbox 892 3079 1069 3148; x_wconf 88' lang='lat' dir='ltr'><strong><em>inquit</em></strong></span> <span class='ocrx_word' id='word_1_359' title='bbox 1095 3096 1110 3135; x_wconf 93' lang='lat'><strong><em>:</em></strong></span> <span class='ocrx_word' id='word_1_360' title='bbox 1137 3077 1347 3133; x_wconf 78' lang='lat' dir='ltr'><strong><em>Sufficit</em></strong></span> <span class='ocrx_word' id='word_1_361' title='bbox 1380 3078 1513 3133; x_wconf 88' lang='lat' dir='ltr'><strong><em>mihi</em></strong></span> <span class='ocrx_word' id='word_1_362' title='bbox 1547 3078 1921 3134; x_wconf 87' lang='lat' dir='ltr'><strong><em>tantummodo</em></strong></span> <span class='ocrx_word' id='word_1_363' title='bbox 1944 3093 2069 3149; x_wconf 87' lang='lat' dir='ltr'><strong><em>gra—</em></strong></span> 
     </span>
    </p>
   </div>
   <div class='ocr_carea' id='block_1_51' title="bbox 482 3169 2072 3240">
    <p class='ocr_par' dir='ltr' id='par_1_51' title="bbox 482 3169 2072 3240">
     <span class='ocr_line' id='line_1_51' title="bbox 482 3169 2072 3240; baseline -0.003 -12"><span class='ocrx_word' id='word_1_364' title='bbox 482 3172 556 3228; x_wconf 91' lang='lat' dir='ltr'><strong><em>tia</em></strong></span> <span class='ocrx_word' id='word_1_365' title='bbox 605 3180 713 3226; x_wconf 91' lang='lat' dir='ltr'><strong><em>tua.</em></strong></span> <span class='ocrx_word' id='word_1_366' title='bbox 761 3170 965 3225; x_wconf 89' lang='lat' dir='ltr'><strong><em>Tamen</em></strong></span> <span class='ocrx_word' id='word_1_367' title='bbox 1010 3169 1057 3225; x_wconf 89' lang='lat' dir='ltr'><strong><em>si</em></strong></span> <span class='ocrx_word' id='word_1_368' title='bbox 1106 3184 1203 3240; x_wconf 92' lang='lat' dir='ltr'><strong><em>pro</em></strong></span> <span class='ocrx_word' id='word_1_369' title='bbox 1248 3169 1487 3223; x_wconf 90' lang='lat' dir='ltr'><strong><em>remedio</em></strong></span> <span class='ocrx_word' id='word_1_370' title='bbox 1525 3170 1720 3224; x_wconf 74' lang='lat' dir='ltr'><strong><em>anima:</em></strong></span> <span class='ocrx_word' id='word_1_371' title='bbox 1765 3178 1888 3235; x_wconf 69' lang='lat' dir='ltr'><strong><em>tum,</em></strong></span> <span class='ocrx_word' id='word_1_372' title='bbox 1937 3183 2072 3223; x_wconf 76' lang='lat' dir='ltr'><strong><em>mea:</em></strong></span> 
     </span>
    </p>
   </div>
   <div class='ocr_carea' id='block_1_52' title="bbox 480 3258 2075 3330">
    <p class='ocr_par' dir='ltr' id='par_1_52' title="bbox 480 3258 2075 3330">
     <span class='ocr_line' id='line_1_52' title="bbox 480 3258 2075 3330; baseline -0.001 -12"><span class='ocrx_word' id='word_1_373' title='bbox 480 3262 729 3318; x_wconf 76' lang='lat' dir='ltr'><strong><em>ecclesia:</em></strong></span> <span class='ocrx_word' id='word_1_374' title='bbox 765 3260 850 3317; x_wconf 86' lang='lat' dir='ltr'><strong><em>vis</em></strong></span> <span class='ocrx_word' id='word_1_375' title='bbox 898 3261 1039 3315; x_wconf 90' lang='lat' dir='ltr'><strong><em>dona</em></strong></span> <span class='ocrx_word' id='word_1_376' title='bbox 1086 3258 1303 3322; x_wconf 76' lang='lat' dir='ltr'><strong><em>offerre,</em></strong></span> <span class='ocrx_word' id='word_1_377' title='bbox 1341 3259 1509 3315; x_wconf 88' lang='lat' dir='ltr'><strong><em>habes</em></strong></span> <span class='ocrx_word' id='word_1_378' title='bbox 1543 3274 1784 3330; x_wconf 87' lang='lat' dir='ltr'><strong><em>gemmas</em></strong></span> <span class='ocrx_word' id='word_1_379' title='bbox 1821 3260 2075 3316; x_wconf 89' lang='lat' dir='ltr'><strong><em>cristalli-</em></strong></span> 
     </span>
    </p>
   </div>
   <div class='ocr_carea' id='block_1_53' title="bbox 481 3351 2069 3426">
    <p class='ocr_par' dir='ltr' id='par_1_53' title="bbox 481 3351 2069 3426">
     <span class='ocr_line' id='line_1_53' title="bbox 481 3351 2069 3426; baseline -0.003 -15"><span class='ocrx_word' id='word_1_380' title='bbox 481 3371 581 3411; x_wconf 86' lang='lat' dir='ltr'><strong><em>nas</em></strong></span> <span class='ocrx_word' id='word_1_381' title='bbox 616 3356 668 3409; x_wconf 90' lang='lat' dir='ltr'><strong><em>in</em></strong></span> <span class='ocrx_word' id='word_1_382' title='bbox 698 3354 787 3409; x_wconf 91' lang='lat' dir='ltr'><strong><em>illo</em></strong></span> <span class='ocrx_word' id='word_1_383' title='bbox 824 3363 879 3410; x_wconf 91' lang='lat' dir='ltr'><strong><em>et</em></strong></span> <span class='ocrx_word' id='word_1_384' title='bbox 908 3354 963 3407; x_wconf 90' lang='lat' dir='ltr'><strong><em>in</em></strong></span> <span class='ocrx_word' id='word_1_385' title='bbox 994 3352 1084 3407; x_wconf 91' lang='lat' dir='ltr'><strong><em>illo</em></strong></span> <span class='ocrx_word' id='word_1_386' title='bbox 1115 3352 1232 3407; x_wconf 92' lang='lat' dir='ltr'><strong><em>loco</em></strong></span> <span class='ocrx_word' id='word_1_387' title='bbox 1267 3351 1405 3406; x_wconf 88' lang='lat' dir='ltr'><strong><em>infra</em></strong></span> <span class='ocrx_word' id='word_1_388' title='bbox 1437 3352 1595 3423; x_wconf 88' lang='lat' dir='ltr'><strong><em>hujus</em></strong></span> <span class='ocrx_word' id='word_1_389' title='bbox 1631 3367 1820 3426; x_wconf 84' lang='lat' dir='ltr'><strong><em>gazam</em></strong></span> <span class='ocrx_word' id='word_1_390' title='bbox 1864 3353 2069 3422; x_wconf 84' lang='lat' dir='ltr'><strong><em>palatii,</em></strong></span> 
     </span>
    </p>
   </div>
   <div class='ocr_carea' id='block_1_54' title="bbox 482 3440 2075 3514">
    <p class='ocr_par' dir='ltr' id='par_1_54' title="bbox 482 3440 2075 3514">
     <span class='ocr_line' id='line_1_54' title="bbox 482 3440 2075 3514; baseline -0.001 -16"><span class='ocrx_word' id='word_1_391' title='bbox 482 3460 603 3514; x_wconf 87' lang='lat' dir='ltr'><strong><em>qua:</em></strong></span> <span class='ocrx_word' id='word_1_392' title='bbox 626 3451 853 3514; x_wconf 86' lang='lat' dir='ltr'><strong><em>possunt</em></strong></span> <span class='ocrx_word' id='word_1_393' title='bbox 885 3442 951 3496; x_wconf 92' lang='lat' dir='ltr'><strong><em>ad</em></strong></span> <span class='ocrx_word' id='word_1_394' title='bbox 980 3450 1233 3497; x_wconf 90' lang='lat' dir='ltr'><strong><em>ornatum</em></strong></span> <span class='ocrx_word' id='word_1_395' title='bbox 1266 3440 1508 3497; x_wconf 81' lang='lat' dir='ltr'><strong><em>ecclesia:</em></strong></span> <span class='ocrx_word' id='word_1_396' title='bbox 1539 3441 1767 3496; x_wconf 90' lang='lat' dir='ltr'><strong><em>miriﬁce</em></strong></span> <span class='ocrx_word' id='word_1_397' title='bbox 1788 3449 1843 3495; x_wconf 91' lang='lat' dir='ltr'><strong><em>ct</em></strong></span> <span class='ocrx_word' id='word_1_398' title='bbox 1870 3443 2075 3512; x_wconf 87' lang='lat' dir='ltr'><strong><em>optime</em></strong></span> 
     </span>
    </p>
   </div>
   <div class='ocr_carea' id='block_1_55' title="bbox 484 3532 2074 3604">
    <p class='ocr_par' dir='ltr' id='par_1_55' title="bbox 484 3532 2074 3604">
     <span class='ocr_line' id='line_1_55' title="bbox 484 3532 2074 3604; baseline -0.001 -14"><span class='ocrx_word' id='word_1_399' title='bbox 484 3535 752 3590; x_wconf 88' lang='lat' dir='ltr'><strong><em>decorari.</em></strong></span> <span class='ocrx_word' id='word_1_400' title='bbox 802 3535 920 3602; x_wconf 89' lang='lat' dir='ltr'><strong><em>Quo</em></strong></span> <span class='ocrx_word' id='word_1_401' title='bbox 971 3533 1174 3597; x_wconf 89' lang='lat' dir='ltr'><strong><em>audito,</em></strong></span> <span class='ocrx_word' id='word_1_402' title='bbox 1212 3532 1507 3604; x_wconf 89' lang='lat' dir='ltr'><strong><em>imperator</em></strong></span> <span class='ocrx_word' id='word_1_403' title='bbox 1546 3532 1694 3588; x_wconf 88' lang='lat' dir='ltr'><strong><em>misit</em></strong></span> <span class='ocrx_word' id='word_1_404' title='bbox 1730 3532 2074 3589; x_wconf 89' lang='lat' dir='ltr'><strong><em>ﬁdelissimos</em></strong></span> 
     </span>
    </p>
   </div>
   <div class='ocr_carea' id='block_1_56' title="bbox 482 3622 2071 3692">
    <p class='ocr_par' dir='ltr' id='par_1_56' title="bbox 482 3622 2071 3692">
     <span class='ocr_line' id='line_1_56' title="bbox 482 3622 2071 3692; baseline -0.002 -12"><span class='ocrx_word' id='word_1_405' title='bbox 482 3627 631 3680; x_wconf 89' lang='lat' dir='ltr'><strong><em>viros</em></strong></span> <span class='ocrx_word' id='word_1_406' title='bbox 662 3641 730 3679; x_wconf 87' lang='lat' dir='ltr'><strong><em>ex</em></strong></span> <span class='ocrx_word' id='word_1_407' title='bbox 759 3622 1193 3685; x_wconf 79' lang='lat' dir='ltr'><strong><em>mirmidonibus,</em></strong></span> <span class='ocrx_word' id='word_1_408' title='bbox 1226 3630 1286 3675; x_wconf 90' lang='lat' dir='ltr'><strong><em>ut</em></strong></span> <span class='ocrx_word' id='word_1_409' title='bbox 1316 3623 1698 3692; x_wconf 87' lang='lat' dir='ltr'><strong><em>comprobaret</em></strong></span> <span class='ocrx_word' id='word_1_410' title='bbox 1724 3622 1778 3677; x_wconf 92' lang='lat' dir='ltr'><strong><em>in</em></strong></span> <span class='ocrx_word' id='word_1_411' title='bbox 1810 3622 1929 3679; x_wconf 90' lang='lat' dir='ltr'><strong><em>loco</em></strong></span> <span class='ocrx_word' id='word_1_412' title='bbox 1958 3623 2071 3690; x_wconf 92' lang='lat' dir='ltr'><strong><em>illo,</em></strong></span> 
     </span>
    </p>
   </div>
   <div class='ocr_carea' id='block_1_57' title="bbox 484 3712 2073 3788">
    <p class='ocr_par' dir='ltr' id='par_1_57' title="bbox 484 3712 2073 3788">
     <span class='ocr_line' id='line_1_57' title="bbox 484 3712 2073 3788; baseline -0.003 -14"><span class='ocrx_word' id='word_1_413' title='bbox 484 3720 529 3775; x_wconf 88' lang='lat' dir='ltr'><strong><em>si</em></strong></span> <span class='ocrx_word' id='word_1_414' title='bbox 564 3726 748 3773; x_wconf 91' lang='lat' dir='ltr'><strong><em>essent</em></strong></span> <span class='ocrx_word' id='word_1_415' title='bbox 790 3727 846 3770; x_wconf 92' lang='lat' dir='ltr'><strong><em>ut</em></strong></span> <span class='ocrx_word' id='word_1_416' title='bbox 879 3713 1124 3788; x_wconf 79' lang='lat' dir='ltr'><strong><em>pontifex</em></strong></span> <span class='ocrx_word' id='word_1_417' title='bbox 1157 3714 1314 3778; x_wconf 89' lang='lat' dir='ltr'><strong><em>dixit,</em></strong></span> <span class='ocrx_word' id='word_1_418' title='bbox 1349 3722 1403 3768; x_wconf 90' lang='lat' dir='ltr'><strong><em>et</em></strong></span> <span class='ocrx_word' id='word_1_419' title='bbox 1432 3714 1652 3769; x_wconf 87' lang='lat' dir='ltr'><strong><em>inventa</em></strong></span> <span class='ocrx_word' id='word_1_420' title='bbox 1700 3723 1844 3769; x_wconf 89' lang='lat' dir='ltr'><strong><em>sunt.</em></strong></span> <span class='ocrx_word' id='word_1_421' title='bbox 1901 3712 2073 3769; x_wconf 86' lang='lat' dir='ltr'><strong><em>Jussit</em></strong></span> 
     </span>
    </p>
   </div>
   <div class='ocr_carea' id='block_1_58' title="bbox 485 3803 2073 3871">
    <p class='ocr_par' dir='ltr' id='par_1_58' title="bbox 485 3803 2073 3871">
     <span class='ocr_line' id='line_1_58' title="bbox 485 3803 2073 3871; baseline -0.003 -10"><span class='ocrx_word' id='word_1_422' title='bbox 485 3805 683 3861; x_wconf 89' lang='lat' dir='ltr'><strong><em>deferri</em></strong></span> <span class='ocrx_word' id='word_1_423' title='bbox 725 3816 779 3860; x_wconf 90' lang='lat' dir='ltr'><strong><em>et</em></strong></span> <span class='ocrx_word' id='word_1_424' title='bbox 817 3805 933 3859; x_wconf 89' lang='lat' dir='ltr'><strong><em>dari</em></strong></span> <span class='ocrx_word' id='word_1_425' title='bbox 977 3805 1027 3859; x_wconf 85' lang='lat' dir='ltr'><strong><em>ei</em></strong></span> <span class='ocrx_word' id='word_1_426' title='bbox 1073 3804 1257 3860; x_wconf 90' lang='lat' dir='ltr'><strong><em>omnia</em></strong></span> <span class='ocrx_word' id='word_1_427' title='bbox 1297 3819 1426 3859; x_wconf 87' lang='lat' dir='ltr'><strong><em>vasa</em></strong></span> <span class='ocrx_word' id='word_1_428' title='bbox 1456 3817 1577 3871; x_wconf 84' lang='lat' dir='ltr'><strong><em>qua:</em></strong></span> <span class='ocrx_word' id='word_1_429' title='bbox 1611 3803 1811 3857; x_wconf 89' lang='lat' dir='ltr'><strong><em>ibidem</em></strong></span> <span class='ocrx_word' id='word_1_430' title='bbox 1854 3804 2073 3858; x_wconf 87' lang='lat' dir='ltr'><strong><em>iuventa</em></strong></span> 
     </span>
    </p>
   </div>
   <div class='ocr_carea' id='block_1_59' title="bbox 490 3892 2072 3968">
    <p class='ocr_par' dir='ltr' id='par_1_59' title="bbox 490 3892 2072 3968">
     <span class='ocr_line' id='line_1_59' title="bbox 490 3892 2072 3968; baseline 0 -18"><span class='ocrx_word' id='word_1_431' title='bbox 490 3905 646 3950; x_wconf 90' lang='lat' dir='ltr'><strong><em>sunt.</em></strong></span> <span class='ocrx_word' id='word_1_432' title='bbox 686 3895 987 3968; x_wconf 79' lang='lat' dir='ltr'><strong><em>Descriptio</em></strong></span> <span class='ocrx_word' id='word_1_433' title='bbox 1013 3894 1175 3948; x_wconf 85' lang='lat' dir='ltr'><strong><em>facta.</em></strong></span> <span class='ocrx_word' id='word_1_434' title='bbox 1206 3893 1484 3949; x_wconf 87' lang='lat' dir='ltr'><strong><em>Craterem</em></strong></span> <span class='ocrx_word' id='word_1_435' title='bbox 1510 3909 1674 3949; x_wconf 87' lang='lat' dir='ltr'><strong><em>unum</em></strong></span> <span class='ocrx_word' id='word_1_436' title='bbox 1704 3892 2072 3950; x_wconf 89' lang='lat' dir='ltr'><strong><em>crislallicium</em></strong></span> 
     </span>
    </p>
   </div>
   <div class='ocr_carea' id='block_1_60' title="bbox 485 3984 2074 4058">
    <p class='ocr_par' dir='ltr' id='par_1_60' title="bbox 485 3984 2074 4058">
     <span class='ocr_line' id='line_1_60' title="bbox 485 3984 2074 4058; baseline -0.001 -18"><span class='ocrx_word' id='word_1_437' title='bbox 485 3987 707 4058; x_wconf 82' lang='lat' dir='ltr'><strong><em>grandis</em></strong></span> <span class='ocrx_word' id='word_1_438' title='bbox 743 4001 812 4040; x_wconf 85' lang='lat' dir='ltr'><strong><em>ex</em></strong></span> <span class='ocrx_word' id='word_1_439' title='bbox 844 4001 996 4052; x_wconf 89' lang='lat' dir='ltr'><strong><em>auro,</em></strong></span> <span class='ocrx_word' id='word_1_440' title='bbox 1028 3994 1083 4040; x_wconf 91' lang='lat' dir='ltr'><strong><em>et</em></strong></span> <span class='ocrx_word' id='word_1_441' title='bbox 1122 3985 1349 4056; x_wconf 90' lang='lat' dir='ltr'><strong><em>gemmis</em></strong></span> <span class='ocrx_word' id='word_1_442' title='bbox 1383 3992 1662 4050; x_wconf 90' lang='lat' dir='ltr'><strong><em>ornatum,</em></strong></span> <span class='ocrx_word' id='word_1_443' title='bbox 1691 3994 1747 4040; x_wconf 86' lang='lat' dir='ltr'><strong><em>et</em></strong></span> <span class='ocrx_word' id='word_1_444' title='bbox 1781 3984 1916 4041; x_wconf 90' lang='lat' dir='ltr'><strong><em>alios</em></strong></span> <span class='ocrx_word' id='word_1_445' title='bbox 1952 4001 2074 4040; x_wconf 88' lang='lat' dir='ltr'><strong><em>cra-</em></strong></span> 
     </span>
    </p>
   </div>
   <div class='ocr_carea' id='block_1_61' title="bbox 489 4076 2073 4152">
    <p class='ocr_par' dir='ltr' id='par_1_61' title="bbox 489 4076 2073 4152">
     <span class='ocr_line' id='line_1_61' title="bbox 489 4076 2073 4152; baseline -0.001 -19"><span class='ocrx_word' id='word_1_446' title='bbox 489 4088 633 4134; x_wconf 87' lang='lat' dir='ltr'><strong><em>teres</em></strong></span> <span class='ocrx_word' id='word_1_447' title='bbox 657 4079 791 4133; x_wconf 90' lang='lat' dir='ltr'><strong><em>duos</em></strong></span> <span class='ocrx_word' id='word_1_448' title='bbox 825 4092 892 4131; x_wconf 88' lang='lat' dir='ltr'><strong><em>ex</em></strong></span> <span class='ocrx_word' id='word_1_449' title='bbox 917 4092 1129 4152; x_wconf 88' lang='lat' dir='ltr'><strong><em>gemma</em></strong></span> <span class='ocrx_word' id='word_1_450' title='bbox 1166 4076 1462 4149; x_wconf 87' lang='lat' dir='ltr'><strong><em>ouychina,</em></strong></span> <span class='ocrx_word' id='word_1_451' title='bbox 1505 4085 1560 4133; x_wconf 89' lang='lat' dir='ltr'><strong><em>et</em></strong></span> <span class='ocrx_word' id='word_1_452' title='bbox 1604 4076 1707 4146; x_wconf 91' lang='lat' dir='ltr'><strong><em>ipsi</em></strong></span> <span class='ocrx_word' id='word_1_453' title='bbox 1744 4090 1812 4132; x_wconf 84' lang='lat' dir='ltr'><strong><em>ex</em></strong></span> <span class='ocrx_word' id='word_1_454' title='bbox 1842 4091 1975 4133; x_wconf 91' lang='lat' dir='ltr'><strong><em>auro</em></strong></span> <span class='ocrx_word' id='word_1_455' title='bbox 2016 4084 2073 4132; x_wconf 90' lang='lat' dir='ltr'><strong><em>et</em></strong></span> 
     </span>
    </p>
   </div>
   <div class='ocr_carea' id='block_1_62' title="bbox 486 4169 2074 4245">
    <p class='ocr_par' dir='ltr' id='par_1_62' title="bbox 486 4169 2074 4245">
     <span class='ocr_line' id='line_1_62' title="bbox 486 4169 2074 4245; baseline -0.001 -18"><span class='ocrx_word' id='word_1_456' title='bbox 486 4173 734 4245; x_wconf 63' lang='lat' dir='ltr'><strong><em>gemmis.</em></strong></span> <span class='ocrx_word' id='word_1_457' title='bbox 788 4171 1099 4227; x_wconf 88' lang='lat' dir='ltr'><strong><em>Cauistrum</em></strong></span> <span class='ocrx_word' id='word_1_458' title='bbox 1144 4186 1310 4225; x_wconf 88' lang='lat' dir='ltr'><strong><em>unum</em></strong></span> <span class='ocrx_word' id='word_1_459' title='bbox 1359 4184 1636 4240; x_wconf 68' lang='lat' dir='ltr'><strong><em>magnum,</em></strong></span> <span class='ocrx_word' id='word_1_460' title='bbox 1680 4169 1734 4224; x_wconf 90' lang='lat' dir='ltr'><strong><em>in</em></strong></span> <span class='ocrx_word' id='word_1_461' title='bbox 1765 4185 1873 4239; x_wconf 91' lang='lat' dir='ltr'><strong><em>quo</em></strong></span> <span class='ocrx_word' id='word_1_462' title='bbox 1912 4178 2074 4226; x_wconf 87' lang='lat' dir='ltr'><strong><em>erant</em></strong></span> 
     </span>
    </p>
   </div>
   <div class='ocr_carea' id='block_1_63' title="bbox 490 4260 2073 4335">
    <p class='ocr_par' dir='ltr' id='par_1_63' title="bbox 490 4260 2073 4335">
     <span class='ocr_line' id='line_1_63' title="bbox 490 4260 2073 4335; baseline -0.003 -15"><span class='ocrx_word' id='word_1_463' title='bbox 490 4263 753 4335; x_wconf 86' lang='lat' dir='ltr'><strong><em>imagines</em></strong></span> <span class='ocrx_word' id='word_1_464' title='bbox 806 4262 1116 4325; x_wconf 89' lang='lat' dir='ltr'><strong><em>hominum,</em></strong></span> <span class='ocrx_word' id='word_1_465' title='bbox 1169 4270 1225 4315; x_wconf 92' lang='lat' dir='ltr'><strong><em>et</em></strong></span> <span class='ocrx_word' id='word_1_466' title='bbox 1271 4261 1485 4317; x_wconf 87' lang='lat' dir='ltr'><strong><em>diversa</em></strong></span> <span class='ocrx_word' id='word_1_467' title='bbox 1536 4260 1775 4316; x_wconf 87' lang='lat' dir='ltr'><strong><em>volatilia</em></strong></span> <span class='ocrx_word' id='word_1_468' title='bbox 1821 4277 1887 4316; x_wconf 86' lang='lat' dir='ltr'><strong><em>ex</em></strong></span> <span class='ocrx_word' id='word_1_469' title='bbox 1931 4262 2073 4316; x_wconf 89' lang='lat' dir='ltr'><strong><em>vitro</em></strong></span> 
     </span>
    </p>
   </div>
   <div class='ocr_carea' id='block_1_64' title="bbox 2166 1805 3747 1876">
    <p class='ocr_par' dir='ltr' id='par_1_64' title="bbox 2166 1805 3747 1876">
     <span class='ocr_line' id='line_1_64' title="bbox 2166 1805 3747 1876; baseline -0.004 -13"><span class='ocrx_word' id='word_1_470' title='bbox 2166 1808 2322 1863; x_wconf 89' lang='lat' dir='ltr'><strong><em>nobis</em></strong></span> <span class='ocrx_word' id='word_1_471' title='bbox 2369 1806 2469 1862; x_wconf 90' lang='lat' dir='ltr'><strong><em>sub</em></strong></span> <span class='ocrx_word' id='word_1_472' title='bbox 2511 1805 2645 1862; x_wconf 89' lang='lat' dir='ltr'><strong><em>falsa</em></strong></span> <span class='ocrx_word' id='word_1_473' title='bbox 2702 1813 2877 1862; x_wconf 90' lang='lat' dir='ltr'><strong><em>morte</em></strong></span> <span class='ocrx_word' id='word_1_474' title='bbox 2919 1806 2972 1861; x_wconf 91' lang='lat' dir='ltr'><strong><em>in</em></strong></span> <span class='ocrx_word' id='word_1_475' title='bbox 3016 1807 3181 1862; x_wconf 89' lang='lat' dir='ltr'><strong><em>humo</em></strong></span> <span class='ocrx_word' id='word_1_476' title='bbox 3227 1806 3425 1876; x_wconf 88' lang='lat' dir='ltr'><strong><em>jaceat,</em></strong></span> <span class='ocrx_word' id='word_1_477' title='bbox 3481 1814 3538 1860; x_wconf 90' lang='lat' dir='ltr'><strong><em>et</em></strong></span> <span class='ocrx_word' id='word_1_478' title='bbox 3602 1819 3747 1876; x_wconf 83' lang='lat' dir='ltr'><strong><em>qua:-</em></strong></span> 
     </span>
    </p>
   </div>
   <div class='ocr_carea' id='block_1_65' title="bbox 2166 1894 3750 1967">
    <p class='ocr_par' dir='ltr' id='par_1_65' title="bbox 2166 1894 3750 1967">
     <span class='ocr_line' id='line_1_65' title="bbox 2166 1894 3750 1967; baseline -0.001 -16"><span class='ocrx_word' id='word_1_479' title='bbox 2166 1913 2350 1953; x_wconf 85' lang='lat' dir='ltr'><strong><em>ramus</em></strong></span> <span class='ocrx_word' id='word_1_480' title='bbox 2402 1913 2502 1967; x_wconf 87' lang='lat' dir='ltr'><strong><em>pro</em></strong></span> <span class='ocrx_word' id='word_1_481' title='bbox 2537 1896 2813 1967; x_wconf 87' lang='lat' dir='ltr'><strong><em>sepultura</em></strong></span> <span class='ocrx_word' id='word_1_482' title='bbox 2870 1912 3132 1961; x_wconf 89' lang='lat' dir='ltr'><strong><em>munera,</em></strong></span> <span class='ocrx_word' id='word_1_483' title='bbox 3182 1904 3238 1951; x_wconf 88' lang='lat' dir='ltr'><strong><em>et</em></strong></span> <span class='ocrx_word' id='word_1_484' title='bbox 3279 1895 3540 1966; x_wconf 86' lang='lat' dir='ltr'><strong><em>quidquid</em></strong></span> <span class='ocrx_word' id='word_1_485' title='bbox 3596 1894 3750 1951; x_wconf 81' lang='lat' dir='ltr'><strong><em>nobis</em></strong></span> 
     </span>
    </p>
   </div>
   <div class='ocr_carea' id='block_1_66' title="bbox 2167 1989 3746 2057">
    <p class='ocr_par' dir='ltr' id='par_1_66' title="bbox 2167 1989 3746 2057">
     <span class='ocr_line' id='line_1_66' title="bbox 2167 1989 3746 2057; baseline -0.003 -12"><span class='ocrx_word' id='word_1_486' title='bbox 2167 1991 2395 2055; x_wconf 88' lang='lat' dir='ltr'><strong><em>dederit,</em></strong></span> <span class='ocrx_word' id='word_1_487' title='bbox 2448 1992 2761 2045; x_wconf 89' lang='lat' dir='ltr'><strong><em>sortiamur.</em></strong></span> <span class='ocrx_word' id='word_1_488' title='bbox 2828 1989 2946 2057; x_wconf 92' lang='lat' dir='ltr'><strong><em>Quo</em></strong></span> <span class='ocrx_word' id='word_1_489' title='bbox 3000 1989 3173 2053; x_wconf 89' lang='lat' dir='ltr'><strong><em>facto,</em></strong></span> <span class='ocrx_word' id='word_1_490' title='bbox 3242 1996 3563 2043; x_wconf 86' lang='lat' dir='ltr'><strong><em>transeunte</em></strong></span> <span class='ocrx_word' id='word_1_491' title='bbox 3612 2003 3746 2057; x_wconf 86' lang='lat' dir='ltr'><strong><em>pon-</em></strong></span> 
     </span>
    </p>
   </div>
   <div class='ocr_carea' id='block_1_67' title="bbox 2169 2080 3752 2151">
    <p class='ocr_par' dir='ltr' id='par_1_67' title="bbox 2169 2080 3752 2151">
     <span class='ocr_line' id='line_1_67' title="bbox 2169 2080 3752 2151; baseline 0 -14"><span class='ocrx_word' id='word_1_492' title='bbox 2169 2082 2315 2137; x_wconf 86' lang='lat' dir='ltr'><strong><em>tiﬁce</em></strong></span> <span class='ocrx_word' id='word_1_493' title='bbox 2363 2082 2681 2137; x_wconf 89' lang='lat' dir='ltr'><strong><em>levaverunt</em></strong></span> <span class='ocrx_word' id='word_1_494' title='bbox 2726 2080 2984 2146; x_wconf 89' lang='lat' dir='ltr'><strong><em>ululatus,</em></strong></span> <span class='ocrx_word' id='word_1_495' title='bbox 3035 2095 3194 2136; x_wconf 90' lang='lat' dir='ltr'><strong><em>voces</em></strong></span> <span class='ocrx_word' id='word_1_496' title='bbox 3242 2081 3428 2144; x_wconf 89' lang='lat' dir='ltr'><strong><em>ﬁctas,</em></strong></span> <span class='ocrx_word' id='word_1_497' title='bbox 3476 2080 3752 2151; x_wconf 73' lang='lat' dir='ltr'><strong><em>lacrymal</em></strong></span> 
     </span>
    </p>
   </div>
   <div class='ocr_carea' id='block_1_68' title="bbox 2169 2169 3747 2241">
    <p class='ocr_par' dir='ltr' id='par_1_68' title="bbox 2169 2169 3747 2241">
     <span class='ocr_line' id='line_1_68' title="bbox 2169 2169 3747 2241; baseline -0.003 -14"><span class='ocrx_word' id='word_1_498' title='bbox 2169 2173 2515 2237; x_wconf 89' lang='lat' dir='ltr'><strong><em>mentientes,</em></strong></span> <span class='ocrx_word' id='word_1_499' title='bbox 2567 2180 2622 2226; x_wconf 90' lang='lat' dir='ltr'><strong><em>et</em></strong></span> <span class='ocrx_word' id='word_1_500' title='bbox 2665 2172 2946 2227; x_wconf 89' lang='lat' dir='ltr'><strong><em>dicentes:</em></strong></span> <span class='ocrx_word' id='word_1_501' title='bbox 2973 2169 3180 2241; x_wconf 78' lang='lat' dir='ltr'><strong><em>Adjuva</em></strong></span> <span class='ocrx_word' id='word_1_502' title='bbox 3207 2170 3324 2235; x_wconf 84' lang='lat' dir='ltr'><strong><em>nos,</em></strong></span> <span class='ocrx_word' id='word_1_503' title='bbox 3353 2178 3542 2240; x_wconf 90' lang='lat' dir='ltr'><strong><em>pastor</em></strong></span> <span class='ocrx_word' id='word_1_504' title='bbox 3564 2171 3747 2235; x_wconf 87' lang='lat' dir='ltr'><strong><em>bone;</em></strong></span> 
     </span>
    </p>
   </div>
   <div class='ocr_carea' id='block_1_69' title="bbox 2169 2261 3753 2332">
    <p class='ocr_par' dir='ltr' id='par_1_69' title="bbox 2169 2261 3753 2332">
     <span class='ocr_line' id='line_1_69' title="bbox 2169 2261 3753 2332; baseline -0.003 -15"><span class='ocrx_word' id='word_1_505' title='bbox 2169 2263 2344 2318; x_wconf 88' lang='lat' dir='ltr'><strong><em>tribue</em></strong></span> <span class='ocrx_word' id='word_1_506' title='bbox 2373 2264 2546 2327; x_wconf 90' lang='lat' dir='ltr'><strong><em>nobis,</em></strong></span> <span class='ocrx_word' id='word_1_507' title='bbox 2590 2270 2650 2316; x_wconf 92' lang='lat' dir='ltr'><strong><em>ut</em></strong></span> <span class='ocrx_word' id='word_1_508' title='bbox 2675 2261 2996 2332; x_wconf 90' lang='lat' dir='ltr'><strong><em>sepeliamus</em></strong></span> <span class='ocrx_word' id='word_1_509' title='bbox 3043 2269 3315 2315; x_wconf 86' lang='lat' dir='ltr'><strong><em>mortuum</em></strong></span> <span class='ocrx_word' id='word_1_510' title='bbox 3361 2270 3636 2315; x_wconf 83' lang='lat' dir='ltr'><strong><em>nostrum.</em></strong></span> <span class='ocrx_word' id='word_1_511' title='bbox 3688 2262 3753 2314; x_wconf 76' lang='lat' dir='ltr'><strong><em>At</em></strong></span> 
     </span>
    </p>
   </div>
   <div class='ocr_carea' id='block_1_70' title="bbox 2168 2349 3751 2420">
    <p class='ocr_par' dir='ltr' id='par_1_70' title="bbox 2168 2349 3751 2420">
     <span class='ocr_line' id='line_1_70' title="bbox 2168 2349 3751 2420; baseline -0.002 -15"><span class='ocrx_word' id='word_1_512' title='bbox 2168 2353 2257 2407; x_wconf 89' lang='lat' dir='ltr'><strong><em>ille</em></strong></span> <span class='ocrx_word' id='word_1_513' title='bbox 2301 2361 2495 2408; x_wconf 86' lang='lat' dir='ltr'><strong><em>exutus</em></strong></span> <span class='ocrx_word' id='word_1_514' title='bbox 2523 2368 2584 2408; x_wconf 92' lang='lat' dir='ltr'><strong><em>se</em></strong></span> <span class='ocrx_word' id='word_1_515' title='bbox 2618 2351 2940 2407; x_wconf 88' lang='lat' dir='ltr'><strong><em>chlamidem</em></strong></span> <span class='ocrx_word' id='word_1_516' title='bbox 2989 2366 3095 2420; x_wconf 89' lang='lat' dir='ltr'><strong><em>qua</em></strong></span> <span class='ocrx_word' id='word_1_517' title='bbox 3134 2350 3353 2405; x_wconf 88' lang='lat' dir='ltr'><strong><em>indutus</em></strong></span> <span class='ocrx_word' id='word_1_518' title='bbox 3384 2358 3528 2415; x_wconf 85' lang='lat' dir='ltr'><strong><em>erat,</em></strong></span> <span class='ocrx_word' id='word_1_519' title='bbox 3560 2349 3751 2403; x_wconf 82' lang='lat' dir='ltr'><strong><em>tribuit</em></strong></span> 
     </span>
    </p>
   </div>
   <div class='ocr_carea' id='block_1_71' title="bbox 2168 2440 3749 2509">
    <p class='ocr_par' dir='ltr' id='par_1_71' title="bbox 2168 2440 3749 2509">
     <span class='ocr_line' id='line_1_71' title="bbox 2168 2440 3749 2509; baseline -0.003 -11"><span class='ocrx_word' id='word_1_520' title='bbox 2168 2444 2274 2499; x_wconf 91' lang='lat' dir='ltr'><strong><em>illis</em></strong></span> <span class='ocrx_word' id='word_1_521' title='bbox 2296 2444 2482 2501; x_wconf 85' lang='lat' dir='ltr'><strong><em>dicens</em></strong></span> <span class='ocrx_word' id='word_1_522' title='bbox 2510 2461 2523 2497; x_wconf 89' lang='lat'><strong><em>:</em></strong></span> <span class='ocrx_word' id='word_1_523' title='bbox 2554 2442 2749 2499; x_wconf 89' lang='lat' dir='ltr'><strong><em>Tollite</em></strong></span> <span class='ocrx_word' id='word_1_524' title='bbox 2791 2442 2837 2496; x_wconf 90' lang='lat' dir='ltr'><strong><em>si</em></strong></span> <span class='ocrx_word' id='word_1_525' title='bbox 2872 2456 3000 2498; x_wconf 86' lang='lat' dir='ltr'><strong><em>vere</em></strong></span> <span class='ocrx_word' id='word_1_526' title='bbox 3029 2451 3301 2495; x_wconf 89' lang='lat' dir='ltr'><strong><em>mortuum</em></strong></span> <span class='ocrx_word' id='word_1_527' title='bbox 3332 2440 3570 2506; x_wconf 86' lang='lat' dir='ltr'><strong><em>habetis,</em></strong></span> <span class='ocrx_word' id='word_1_528' title='bbox 3601 2454 3749 2509; x_wconf 84' lang='lat' dir='ltr'><strong><em>sepe-</em></strong></span> 
     </span>
    </p>
   </div>
   <div class='ocr_carea' id='block_1_72' title="bbox 2168 2530 3748 2604">
    <p class='ocr_par' dir='ltr' id='par_1_72' title="bbox 2168 2530 3748 2604">
     <span class='ocr_line' id='line_1_72' title="bbox 2168 2530 3748 2604; baseline -0.003 -15"><span class='ocrx_word' id='word_1_529' title='bbox 2168 2535 2263 2591; x_wconf 72' lang='lat' dir='ltr'><strong><em>lize</em></strong></span> <span class='ocrx_word' id='word_1_530' title='bbox 2303 2551 2450 2589; x_wconf 91' lang='lat' dir='ltr'><strong><em>eum.</em></strong></span> <span class='ocrx_word' id='word_1_531' title='bbox 2496 2534 2577 2590; x_wconf 86' lang='lat' dir='ltr'><strong><em>Illi</em></strong></span> <span class='ocrx_word' id='word_1_532' title='bbox 2620 2542 2802 2589; x_wconf 91' lang='lat' dir='ltr'><strong><em>autem</em></strong></span> <span class='ocrx_word' id='word_1_533' title='bbox 2835 2531 2960 2589; x_wconf 75' lang='lat' dir='ltr'><strong><em>ficte</em></strong></span> <span class='ocrx_word' id='word_1_534' title='bbox 2984 2531 3277 2604; x_wconf 87' lang='lat' dir='ltr'><strong><em>plorantes,</em></strong></span> <span class='ocrx_word' id='word_1_535' title='bbox 3309 2544 3435 2585; x_wconf 89' lang='lat' dir='ltr'><strong><em>vere</em></strong></span> <span class='ocrx_word' id='word_1_536' title='bbox 3462 2530 3748 2601; x_wconf 80' lang='lat' dir='ltr'><strong><em>plusquam</em></strong></span> 
     </span>
    </p>
   </div>
   <div class='ocr_carea' id='block_1_73' title="bbox 2168 2620 3749 2696">
    <p class='ocr_par' dir='ltr' id='par_1_73' title="bbox 2168 2620 3749 2696">
     <span class='ocr_line' id='line_1_73' title="bbox 2168 2620 3749 2696; baseline -0.003 -14"><span class='ocrx_word' id='word_1_537' title='bbox 2168 2635 2396 2683; x_wconf 85' lang='lat' dir='ltr'><strong><em>ovantes</em></strong></span> <span class='ocrx_word' id='word_1_538' title='bbox 2443 2633 2789 2696; x_wconf 89' lang='lat' dir='ltr'><strong><em>acceperunt.</em></strong></span> <span class='ocrx_word' id='word_1_539' title='bbox 2822 2623 2957 2681; x_wconf 90' lang='lat' dir='ltr'><strong><em>Cum</em></strong></span> <span class='ocrx_word' id='word_1_540' title='bbox 2987 2631 3167 2679; x_wconf 89' lang='lat' dir='ltr'><strong><em>autem</em></strong></span> <span class='ocrx_word' id='word_1_541' title='bbox 3193 2620 3434 2692; x_wconf 80' lang='lat' dir='ltr'><strong><em>pontifex</em></strong></span> <span class='ocrx_word' id='word_1_542' title='bbox 3474 2622 3749 2692; x_wconf 83' lang='lat' dir='ltr'><strong><em>paululum</em></strong></span> 
     </span>
    </p>
   </div>
   <div class='ocr_carea' id='block_1_74' title="bbox 2171 2714 3749 2789">
    <p class='ocr_par' dir='ltr' id='par_1_74' title="bbox 2171 2714 3749 2789">
     <span class='ocr_line' id='line_1_74' title="bbox 2171 2714 3749 2789; baseline -0.004 -13"><span class='ocrx_word' id='word_1_543' title='bbox 2171 2720 2503 2784; x_wconf 89' lang='lat' dir='ltr'><strong><em>discessiset,</em></strong></span> <span class='ocrx_word' id='word_1_544' title='bbox 2548 2724 2874 2789; x_wconf 89' lang='lat' dir='ltr'><strong><em>putaverunt</em></strong></span> <span class='ocrx_word' id='word_1_545' title='bbox 2912 2716 3153 2787; x_wconf 60' lang='lat' dir='ltr'><strong><em>praedicti</em></strong></span> <span class='ocrx_word' id='word_1_546' title='bbox 3195 2715 3440 2771; x_wconf 89' lang='lat' dir='ltr'><strong><em>dromida</em></strong></span> <span class='ocrx_word' id='word_1_547' title='bbox 3488 2714 3749 2785; x_wconf 82' lang='lat' dir='ltr'><strong><em>collegam</em></strong></span> 
     </span>
    </p>
   </div>
   <div class='ocr_carea' id='block_1_75' title="bbox 2169 2802 3749 2879">
    <p class='ocr_par' dir='ltr' id='par_1_75' title="bbox 2169 2802 3749 2879">
     <span class='ocr_line' id='line_1_75' title="bbox 2169 2802 3749 2879; baseline -0.008 -10"><span class='ocrx_word' id='word_1_548' title='bbox 2169 2827 2329 2869; x_wconf 87' lang='lat' dir='ltr'><strong><em>suum</em></strong></span> <span class='ocrx_word' id='word_1_549' title='bbox 2350 2811 2449 2866; x_wconf 87' lang='lat' dir='ltr'><strong><em>sub</em></strong></span> <span class='ocrx_word' id='word_1_550' title='bbox 2472 2809 2607 2866; x_wconf 86' lang='lat' dir='ltr'><strong><em>falsa</em></strong></span> <span class='ocrx_word' id='word_1_551' title='bbox 2627 2818 2803 2866; x_wconf 84' lang='lat' dir='ltr'><strong><em>morte</em></strong></span> <span class='ocrx_word' id='word_1_552' title='bbox 2831 2808 2885 2863; x_wconf 88' lang='lat' dir='ltr'><strong><em>in</em></strong></span> <span class='ocrx_word' id='word_1_553' title='bbox 2911 2815 3110 2862; x_wconf 88' lang='lat' dir='ltr'><strong><em>terram</em></strong></span> <span class='ocrx_word' id='word_1_554' title='bbox 3132 2807 3358 2879; x_wconf 86' lang='lat' dir='ltr'><strong><em>jaceret.</em></strong></span> <span class='ocrx_word' id='word_1_555' title='bbox 3394 2803 3666 2860; x_wconf 78' lang='lat' dir='ltr'><strong><em>Dixerunt</em></strong></span> <span class='ocrx_word' id='word_1_556' title='bbox 3688 2802 3749 2858; x_wconf 84' lang='lat' dir='ltr'><strong><em>ad</em></strong></span> 
     </span>
    </p>
   </div>
   <div class='ocr_carea' id='block_1_76' title="bbox 2171 2896 3752 2970">
    <p class='ocr_par' dir='ltr' id='par_1_76' title="bbox 2171 2896 3752 2970">
     <span class='ocr_line' id='line_1_76' title="bbox 2171 2896 3752 2970; baseline -0.006 -11"><span class='ocrx_word' id='word_1_557' title='bbox 2171 2903 2444 2959; x_wconf 87' lang='lat' dir='ltr'><strong><em>hominem</em></strong></span> <span class='ocrx_word' id='word_1_558' title='bbox 2459 2900 2728 2970; x_wconf 88' lang='lat' dir='ltr'><strong><em>jacentem</em></strong></span> <span class='ocrx_word' id='word_1_559' title='bbox 2755 2899 3060 2955; x_wconf 90' lang='lat' dir='ltr'><strong><em>exanimem</em></strong></span> <span class='ocrx_word' id='word_1_560' title='bbox 3086 2915 3101 2952; x_wconf 93' lang='lat'><strong><em>:</em></strong></span> <span class='ocrx_word' id='word_1_561' title='bbox 3130 2897 3325 2967; x_wconf 89' lang='lat' dir='ltr'><strong><em>Surge,</em></strong></span> <span class='ocrx_word' id='word_1_562' title='bbox 3347 2897 3492 2961; x_wconf 91' lang='lat' dir='ltr'><strong><em>leva,</em></strong></span> <span class='ocrx_word' id='word_1_563' title='bbox 3516 2910 3651 2952; x_wconf 85' lang='lat' dir='ltr'><strong><em>ecce</em></strong></span> <span class='ocrx_word' id='word_1_564' title='bbox 3668 2896 3752 2951; x_wconf 54' lang='lat' dir='ltr'><strong><em>hac</em></strong></span> 
     </span>
    </p>
   </div>
   <div class='ocr_carea' id='block_1_77' title="bbox 2170 2986 3753 3063">
    <p class='ocr_par' dir='ltr' id='par_1_77' title="bbox 2170 2986 3753 3063">
     <span class='ocr_line' id='line_1_77' title="bbox 2170 2986 3753 3063; baseline -0.004 -16"><span class='ocrx_word' id='word_1_565' title='bbox 2170 2991 2362 3048; x_wconf 86' lang='lat' dir='ltr'><strong><em>bemus</em></strong></span> <span class='ocrx_word' id='word_1_566' title='bbox 2386 2991 2658 3063; x_wconf 85' lang='lat' dir='ltr'><strong><em>pontificis</em></strong></span> <span class='ocrx_word' id='word_1_567' title='bbox 2686 2989 3028 3044; x_wconf 89' lang='lat' dir='ltr'><strong><em>cblamidem.</em></strong></span> <span class='ocrx_word' id='word_1_568' title='bbox 3060 2988 3140 3043; x_wconf 88' lang='lat' dir='ltr'><strong><em>Illi</em></strong></span> <span class='ocrx_word' id='word_1_569' title='bbox 3166 3002 3334 3052; x_wconf 91' lang='lat' dir='ltr'><strong><em>mors,</em></strong></span> <span class='ocrx_word' id='word_1_570' title='bbox 3381 3001 3548 3056; x_wconf 88' lang='lat' dir='ltr'><strong><em>quam</em></strong></span> <span class='ocrx_word' id='word_1_571' title='bbox 3586 2986 3657 3041; x_wconf 82' lang='lat' dir='ltr'><strong><em>ad</em></strong></span> <span class='ocrx_word' id='word_1_572' title='bbox 3697 3001 3753 3041; x_wconf 82' lang='lat' dir='ltr'><strong><em>se</em></strong></span> 
     </span>
    </p>
   </div>
   <div class='ocr_carea' id='block_1_78' title="bbox 2174 3079 3749 3150">
    <p class='ocr_par' dir='ltr' id='par_1_78' title="bbox 2174 3079 3749 3150">
     <span class='ocr_line' id='line_1_78' title="bbox 2174 3079 3749 3150; baseline -0.007 -9"><span class='ocrx_word' id='word_1_573' title='bbox 2174 3085 2468 3141; x_wconf 88' lang='lat' dir='ltr'><strong><em>derideudo</em></strong></span> <span class='ocrx_word' id='word_1_574' title='bbox 2494 3093 2551 3140; x_wconf 91' lang='lat' dir='ltr'><strong><em>et</em></strong></span> <span class='ocrx_word' id='word_1_575' title='bbox 2588 3082 2892 3138; x_wconf 90' lang='lat' dir='ltr'><strong><em>simulando</em></strong></span> <span class='ocrx_word' id='word_1_576' title='bbox 2935 3080 3279 3143; x_wconf 84' lang='lat' dir='ltr'><strong><em>invitaverat,</em></strong></span> <span class='ocrx_word' id='word_1_577' title='bbox 3326 3080 3547 3150; x_wconf 82' lang='lat' dir='ltr'><strong><em>prapria</em></strong></span> <span class='ocrx_word' id='word_1_578' title='bbox 3583 3079 3749 3134; x_wconf 81' lang='lat' dir='ltr'><strong><em>venit.</em></strong></span> 
     </span>
    </p>
   </div>
   <div class='ocr_carea' id='block_1_79' title="bbox 2174 3155 3754 3236">
    <p class='ocr_par' dir='ltr' id='par_1_79' title="bbox 2174 3155 3754 3236">
     <span class='ocr_line' id='line_1_79' title="bbox 2174 3155 3754 3236; baseline -0.003 -6"><span class='ocrx_word' id='word_1_579' title='bbox 2174 3176 2496 3232; x_wconf 86' lang='lat' dir='ltr'><strong><em>Deeidentes</em></strong></span> <span class='ocrx_word' id='word_1_580' title='bbox 2541 3175 2711 3230; x_wconf 88' lang='lat' dir='ltr'><strong><em>latera</em></strong></span> <span class='ocrx_word' id='word_1_581' title='bbox 2758 3174 2889 3229; x_wconf 90' lang='lat' dir='ltr'><strong><em>hinc</em></strong></span> <span class='ocrx_word' id='word_1_582' title='bbox 2928 3180 2983 3227; x_wconf 91' lang='lat' dir='ltr'><strong><em>et</em></strong></span> <span class='ocrx_word' id='word_1_583' title='bbox 3022 3173 3163 3236; x_wconf 89' lang='lat' dir='ltr'><strong><em>inde,</em></strong></span> <span class='ocrx_word' id='word_1_584' title='bbox 3198 3155 3294 3226; x_wconf 66' lang='lat' dir='ltr'><strong><em>sed</em></strong></span> <span class='ocrx_word' id='word_1_585' title='bbox 3319 3171 3501 3225; x_wconf 90' lang='lat' dir='ltr'><strong><em>nullus</em></strong></span> <span class='ocrx_word' id='word_1_586' title='bbox 3525 3171 3618 3226; x_wconf 82' lang='lat' dir='ltr'><strong><em>ille</em></strong></span> <span class='ocrx_word' id='word_1_587' title='bbox 3646 3186 3754 3225; x_wconf 86' lang='lat' dir='ltr'><strong><em>mo—</em></strong></span> 
     </span>
    </p>
   </div>
   <div class='ocr_carea' id='block_1_80' title="bbox 2173 3260 3754 3333">
    <p class='ocr_par' dir='ltr' id='par_1_80' title="bbox 2173 3260 3754 3333">
     <span class='ocr_line' id='line_1_80' title="bbox 2173 3260 3754 3333; baseline -0.005 -12"><span class='ocrx_word' id='word_1_588' title='bbox 2173 3276 2359 3333; x_wconf 88' lang='lat' dir='ltr'><strong><em>vetur;</em></strong></span> <span class='ocrx_word' id='word_1_589' title='bbox 2392 3265 2606 3321; x_wconf 83' lang='lat' dir='ltr'><strong><em>fletibus</em></strong></span> <span class='ocrx_word' id='word_1_590' title='bbox 2649 3264 2817 3329; x_wconf 90' lang='lat' dir='ltr'><strong><em>falsis,</em></strong></span> <span class='ocrx_word' id='word_1_591' title='bbox 2872 3279 2972 3318; x_wconf 91' lang='lat' dir='ltr'><strong><em>nec</em></strong></span> <span class='ocrx_word' id='word_1_592' title='bbox 3018 3263 3239 3331; x_wconf 77' lang='lat' dir='ltr'><strong><em>respicit</em></strong></span> <span class='ocrx_word' id='word_1_593' title='bbox 3290 3262 3601 3332; x_wconf 85' lang='lat' dir='ltr'><strong><em>lacrymas;</em></strong></span> <span class='ocrx_word' id='word_1_594' title='bbox 3652 3260 3754 3315; x_wconf 90' lang='lat' dir='ltr'><strong><em>vol-</em></strong></span> 
     </span>
    </p>
   </div>
   <div class='ocr_carea' id='block_1_81' title="bbox 2175 3351 3753 3421">
    <p class='ocr_par' dir='ltr' id='par_1_81' title="bbox 2175 3351 3753 3421">
     <span class='ocr_line' id='line_1_81' title="bbox 2175 3351 3753 3421; baseline -0.006 -9"><span class='ocrx_word' id='word_1_595' title='bbox 2175 3367 2309 3413; x_wconf 91' lang='lat' dir='ltr'><strong><em>vunt</em></strong></span> <span class='ocrx_word' id='word_1_596' title='bbox 2338 3373 2483 3421; x_wconf 89' lang='lat' dir='ltr'><strong><em>eum,</em></strong></span> <span class='ocrx_word' id='word_1_597' title='bbox 2528 3357 2787 3413; x_wconf 89' lang='lat' dir='ltr'><strong><em>immotus</em></strong></span> <span class='ocrx_word' id='word_1_598' title='bbox 2824 3363 3026 3410; x_wconf 89' lang='lat' dir='ltr'><strong><em>manet.</em></strong></span> <span class='ocrx_word' id='word_1_599' title='bbox 3057 3354 3182 3410; x_wconf 68' lang='lat' dir='ltr'><strong><em>llam</em></strong></span> <span class='ocrx_word' id='word_1_600' title='bbox 3211 3351 3355 3409; x_wconf 84' lang='lat' dir='ltr'><strong><em>fama</em></strong></span> <span class='ocrx_word' id='word_1_601' title='bbox 3384 3351 3633 3406; x_wconf 86' lang='lat' dir='ltr'><strong><em>velocius</em></strong></span> <span class='ocrx_word' id='word_1_602' title='bbox 3662 3352 3753 3404; x_wconf 82' lang='lat' dir='ltr'><strong><em>im-</em></strong></span> 
     </span>
    </p>
   </div>
   <div class='ocr_carea' id='block_1_82' title="bbox 2173 3440 3754 3521">
    <p class='ocr_par' dir='ltr' id='par_1_82' title="bbox 2173 3440 3754 3521">
     <span class='ocr_line' id='line_1_82' title="bbox 2173 3440 3754 3521; baseline -0.005 -18"><span class='ocrx_word' id='word_1_603' title='bbox 2173 3450 2339 3521; x_wconf 90' lang='lat' dir='ltr'><strong><em>plevit</em></strong></span> <span class='ocrx_word' id='word_1_604' title='bbox 2384 3449 2588 3520; x_wconf 87' lang='lat' dir='ltr'><strong><em>regiam</em></strong></span> <span class='ocrx_word' id='word_1_605' title='bbox 2631 3447 2844 3503; x_wconf 83' lang='lat' dir='ltr'><strong><em>urbem.</em></strong></span> <span class='ocrx_word' id='word_1_606' title='bbox 2898 3444 3139 3501; x_wconf 81' lang='lat' dir='ltr'><strong><em>Audiens</em></strong></span> <span class='ocrx_word' id='word_1_607' title='bbox 3179 3453 3359 3499; x_wconf 89' lang='lat' dir='ltr'><strong><em>autem</em></strong></span> <span class='ocrx_word' id='word_1_608' title='bbox 3408 3443 3567 3497; x_wconf 88' lang='lat' dir='ltr'><strong><em>divus</em></strong></span> <span class='ocrx_word' id='word_1_609' title='bbox 3595 3440 3754 3511; x_wconf 80' lang='lat' dir='ltr'><strong><em>jussit</em></strong></span> 
     </span>
    </p>
   </div>
   <div class='ocr_carea' id='block_1_83' title="bbox 2175 3536 3751 3606">
    <p class='ocr_par' dir='ltr' id='par_1_83' title="bbox 2175 3536 3751 3606">
     <span class='ocr_line' id='line_1_83' title="bbox 2175 3536 3751 3606; baseline -0.005 -9"><span class='ocrx_word' id='word_1_610' title='bbox 2175 3543 2374 3597; x_wconf 89' lang='lat' dir='ltr'><strong><em>reverti</em></strong></span> <span class='ocrx_word' id='word_1_611' title='bbox 2414 3541 2633 3598; x_wconf 89' lang='lat' dir='ltr'><strong><em>beatum</em></strong></span> <span class='ocrx_word' id='word_1_612' title='bbox 2685 3539 2921 3595; x_wconf 89' lang='lat' dir='ltr'><strong><em>Felicem</em></strong></span> <span class='ocrx_word' id='word_1_613' title='bbox 2961 3555 2993 3592; x_wconf 88' lang='lat' dir='ltr'><strong><em>a</em></strong></span> <span class='ocrx_word' id='word_1_614' title='bbox 3034 3552 3193 3603; x_wconf 89' lang='lat' dir='ltr'><strong><em>nave,</em></strong></span> <span class='ocrx_word' id='word_1_615' title='bbox 3241 3544 3296 3592; x_wconf 90' lang='lat' dir='ltr'><strong><em>et</em></strong></span> <span class='ocrx_word' id='word_1_616' title='bbox 3341 3536 3587 3606; x_wconf 88' lang='lat' dir='ltr'><strong><em>suscepit</em></strong></span> <span class='ocrx_word' id='word_1_617' title='bbox 3633 3551 3751 3591; x_wconf 80' lang='lat' dir='ltr'><strong><em>eum</em></strong></span> 
     </span>
    </p>
   </div>
   <div class='ocr_carea' id='block_1_84' title="bbox 2177 3625 3754 3696">
    <p class='ocr_par' dir='ltr' id='par_1_84' title="bbox 2177 3625 3754 3696">
     <span class='ocr_line' id='line_1_84' title="bbox 2177 3625 3754 3696; baseline -0.006 -7"><span class='ocrx_word' id='word_1_618' title='bbox 2177 3634 2229 3689; x_wconf 93' lang='lat' dir='ltr'><strong><em>in</em></strong></span> <span class='ocrx_word' id='word_1_619' title='bbox 2262 3634 2482 3691; x_wconf 89' lang='lat' dir='ltr'><strong><em>domum</em></strong></span> <span class='ocrx_word' id='word_1_620' title='bbox 2517 3631 2748 3688; x_wconf 89' lang='lat' dir='ltr'><strong><em>miriﬁco</em></strong></span> <span class='ocrx_word' id='word_1_621' title='bbox 2794 3644 3065 3683; x_wconf 87' lang='lat' dir='ltr'><strong><em>marmore</em></strong></span> <span class='ocrx_word' id='word_1_622' title='bbox 3110 3633 3327 3692; x_wconf 86' lang='lat' dir='ltr'><strong><em>laetam,</em></strong></span> <span class='ocrx_word' id='word_1_623' title='bbox 3374 3637 3431 3681; x_wconf 86' lang='lat' dir='ltr'><strong><em>et</em></strong></span> <span class='ocrx_word' id='word_1_624' title='bbox 3467 3625 3754 3696; x_wconf 85' lang='lat' dir='ltr'><strong><em>postulavit</em></strong></span> 
     </span>
    </p>
   </div>
   <div class='ocr_carea' id='block_1_85' title="bbox 2175 3711 3752 3785">
    <p class='ocr_par' dir='ltr' id='par_1_85' title="bbox 2175 3711 3752 3785">
     <span class='ocr_line' id='line_1_85' title="bbox 2175 3711 3752 3785; baseline -0.007 -5"><span class='ocrx_word' id='word_1_625' title='bbox 2175 3725 2245 3780; x_wconf 91' lang='lat' dir='ltr'><strong><em>ab</em></strong></span> <span class='ocrx_word' id='word_1_626' title='bbox 2273 3740 2339 3780; x_wconf 92' lang='lat' dir='ltr'><strong><em>eo</em></strong></span> <span class='ocrx_word' id='word_1_627' title='bbox 2379 3722 2831 3785; x_wconf 88' lang='lat' dir='ltr'><strong><em>benedictionem,</em></strong></span> <span class='ocrx_word' id='word_1_628' title='bbox 2884 3727 2938 3774; x_wconf 87' lang='lat' dir='ltr'><strong><em>et</em></strong></span> <span class='ocrx_word' id='word_1_629' title='bbox 2976 3718 3173 3773; x_wconf 91' lang='lat' dir='ltr'><strong><em>obtulit</em></strong></span> <span class='ocrx_word' id='word_1_630' title='bbox 3210 3717 3259 3771; x_wconf 89' lang='lat' dir='ltr'><strong><em>ei</em></strong></span> <span class='ocrx_word' id='word_1_631' title='bbox 3298 3716 3470 3771; x_wconf 89' lang='lat' dir='ltr'><strong><em>multa</em></strong></span> <span class='ocrx_word' id='word_1_632' title='bbox 3509 3718 3675 3782; x_wconf 85' lang='lat' dir='ltr'><strong><em>dona,</em></strong></span> <span class='ocrx_word' id='word_1_633' title='bbox 3704 3711 3752 3769; x_wconf 82' lang='lat' dir='ltr'><strong><em>id</em></strong></span> 
     </span>
    </p>
   </div>
   <div class='ocr_carea' id='block_1_86' title="bbox 2175 3807 3753 3884">
    <p class='ocr_par' dir='ltr' id='par_1_86' title="bbox 2175 3807 3753 3884">
     <span class='ocr_line' id='line_1_86' title="bbox 2175 3807 3753 3884; baseline -0.007 -14"><span class='ocrx_word' id='word_1_634' title='bbox 2175 3824 2259 3871; x_wconf 91' lang='lat' dir='ltr'><strong><em>est</em></strong></span> <span class='ocrx_word' id='word_1_635' title='bbox 2286 3814 2421 3869; x_wconf 91' lang='lat' dir='ltr'><strong><em>duos</em></strong></span> <span class='ocrx_word' id='word_1_636' title='bbox 2457 3827 2682 3884; x_wconf 83' lang='lat' dir='ltr'><strong><em>magnos</em></strong></span> <span class='ocrx_word' id='word_1_637' title='bbox 2719 3811 2899 3866; x_wconf 90' lang='lat' dir='ltr'><strong><em>discos</em></strong></span> <span class='ocrx_word' id='word_1_638' title='bbox 2927 3823 2993 3862; x_wconf 83' lang='lat' dir='ltr'><strong><em>ex</em></strong></span> <span class='ocrx_word' id='word_1_639' title='bbox 3019 3807 3283 3870; x_wconf 90' lang='lat' dir='ltr'><strong><em>cristallo,</em></strong></span> <span class='ocrx_word' id='word_1_640' title='bbox 3315 3815 3371 3860; x_wconf 90' lang='lat' dir='ltr'><strong><em>et</em></strong></span> <span class='ocrx_word' id='word_1_641' title='bbox 3397 3816 3667 3861; x_wconf 82' lang='lat' dir='ltr'><strong><em>cannatas</em></strong></span> <span class='ocrx_word' id='word_1_642' title='bbox 3691 3821 3753 3860; x_wconf 82' lang='lat' dir='ltr'><strong><em>ex</em></strong></span> 
     </span>
    </p>
   </div>
   <div class='ocr_carea' id='block_1_87' title="bbox 2174 3900 3755 3971">
    <p class='ocr_par' dir='ltr' id='par_1_87' title="bbox 2174 3900 3755 3971">
     <span class='ocr_line' id='line_1_87' title="bbox 2174 3900 3755 3971; baseline -0.007 -9"><span class='ocrx_word' id='word_1_643' title='bbox 2174 3922 2260 3971; x_wconf 89' lang='lat' dir='ltr'><strong><em>eo,</em></strong></span> <span class='ocrx_word' id='word_1_644' title='bbox 2289 3916 2345 3961; x_wconf 91' lang='lat' dir='ltr'><strong><em>et</em></strong></span> <span class='ocrx_word' id='word_1_645' title='bbox 2373 3905 2476 3962; x_wconf 90' lang='lat' dir='ltr'><strong><em>alia</em></strong></span> <span class='ocrx_word' id='word_1_646' title='bbox 2506 3902 2720 3958; x_wconf 88' lang='lat' dir='ltr'><strong><em>vascula</em></strong></span> <span class='ocrx_word' id='word_1_647' title='bbox 2744 3902 2796 3956; x_wconf 93' lang='lat' dir='ltr'><strong><em>in</em></strong></span> <span class='ocrx_word' id='word_1_648' title='bbox 2821 3910 3197 3958; x_wconf 89' lang='lat' dir='ltr'><strong><em>ornamentum</em></strong></span> <span class='ocrx_word' id='word_1_649' title='bbox 3222 3900 3499 3965; x_wconf 55' lang='lat' dir='ltr'><strong><em>ecclesiae;</em></strong></span> <span class='ocrx_word' id='word_1_650' title='bbox 3525 3908 3581 3953; x_wconf 86' lang='lat' dir='ltr'><strong><em>et</em></strong></span> <span class='ocrx_word' id='word_1_651' title='bbox 3599 3900 3755 3971; x_wconf 88' lang='lat' dir='ltr'><strong><em>jussit</em></strong></span> 
     </span>
    </p>
   </div>
   <div class='ocr_carea' id='block_1_88' title="bbox 2174 3990 3749 4065">
    <p class='ocr_par' dir='ltr' id='par_1_88' title="bbox 2174 3990 3749 4065">
     <span class='ocr_line' id='line_1_88' title="bbox 2174 3990 3749 4065; baseline -0.011 -11"><span class='ocrx_word' id='word_1_652' title='bbox 2174 3995 2392 4055; x_wconf 86' lang='lat' dir='ltr'><strong><em>exarari</em></strong></span> <span class='ocrx_word' id='word_1_653' title='bbox 2426 3993 2707 4065; x_wconf 87' lang='lat' dir='ltr'><strong><em>privilegia</em></strong></span> <span class='ocrx_word' id='word_1_654' title='bbox 2738 3993 2919 4049; x_wconf 92' lang='lat' dir='ltr'><strong><em>omnia</em></strong></span> <span class='ocrx_word' id='word_1_655' title='bbox 2948 3991 3242 4046; x_wconf 89' lang='lat' dir='ltr'><strong><em>secundum</em></strong></span> <span class='ocrx_word' id='word_1_656' title='bbox 3271 3990 3591 4060; x_wconf 89' lang='lat' dir='ltr'><strong><em>petitionem</em></strong></span> <span class='ocrx_word' id='word_1_657' title='bbox 3622 4006 3749 4061; x_wconf 71' lang='lat' dir='ltr'><strong><em>pou-</em></strong></span> 
     </span>
    </p>
   </div>
   <div class='ocr_carea' id='block_1_89' title="bbox 2176 4083 3757 4157">
    <p class='ocr_par' dir='ltr' id='par_1_89' title="bbox 2176 4083 3757 4157">
     <span class='ocr_line' id='line_1_89' title="bbox 2176 4083 3757 4157; baseline -0.009 -9"><span class='ocrx_word' id='word_1_658' title='bbox 2176 4089 2355 4153; x_wconf 87' lang='lat' dir='ltr'><strong><em>tiﬁcis,</em></strong></span> <span class='ocrx_word' id='word_1_659' title='bbox 2390 4096 2446 4143; x_wconf 91' lang='lat' dir='ltr'><strong><em>et</em></strong></span> <span class='ocrx_word' id='word_1_660' title='bbox 2469 4086 2726 4157; x_wconf 91' lang='lat' dir='ltr'><strong><em>quidquid</em></strong></span> <span class='ocrx_word' id='word_1_661' title='bbox 2762 4088 2831 4140; x_wconf 89' lang='lat' dir='ltr'><strong><em>ab</em></strong></span> <span class='ocrx_word' id='word_1_662' title='bbox 2857 4100 2923 4140; x_wconf 87' lang='lat' dir='ltr'><strong><em>eo</em></strong></span> <span class='ocrx_word' id='word_1_663' title='bbox 2951 4083 3264 4154; x_wconf 86' lang='lat' dir='ltr'><strong><em>postulavit,</em></strong></span> <span class='ocrx_word' id='word_1_664' title='bbox 3293 4083 3554 4146; x_wconf 82' lang='lat' dir='ltr'><strong><em>obtinuit.</em></strong></span> <span class='ocrx_word' id='word_1_665' title='bbox 3580 4091 3640 4136; x_wconf 87' lang='lat' dir='ltr'><strong><em>et</em></strong></span> <span class='ocrx_word' id='word_1_666' title='bbox 3663 4098 3757 4134; x_wconf 80' lang='lat' dir='ltr'><strong><em>na-</em></strong></span> 
     </span>
    </p>
   </div>
   <div class='ocr_carea' id='block_1_90' title="bbox 2174 4175 3750 4252">
    <p class='ocr_par' dir='ltr' id='par_1_90' title="bbox 2174 4175 3750 4252">
     <span class='ocr_line' id='line_1_90' title="bbox 2174 4175 3750 4252; baseline -0.004 -18"><span class='ocrx_word' id='word_1_667' title='bbox 2174 4197 2270 4238; x_wconf 91' lang='lat' dir='ltr'><strong><em>ves</em></strong></span> <span class='ocrx_word' id='word_1_668' title='bbox 2314 4196 2617 4252; x_wconf 73' lang='lat' dir='ltr'><strong><em>prazparare</em></strong></span> <span class='ocrx_word' id='word_1_669' title='bbox 2658 4180 2814 4236; x_wconf 88' lang='lat' dir='ltr'><strong><em>divus</em></strong></span> <span class='ocrx_word' id='word_1_670' title='bbox 2852 4179 3103 4248; x_wconf 88' lang='lat' dir='ltr'><strong><em>imperat,</em></strong></span> <span class='ocrx_word' id='word_1_671' title='bbox 3124 4185 3183 4232; x_wconf 89' lang='lat' dir='ltr'><strong><em>et</em></strong></span> <span class='ocrx_word' id='word_1_672' title='bbox 3213 4176 3393 4233; x_wconf 88' lang='lat' dir='ltr'><strong><em>omnia</em></strong></span> <span class='ocrx_word' id='word_1_673' title='bbox 3423 4175 3750 4237; x_wconf 77' lang='lat' dir='ltr'><strong><em>necessaria.</em></strong></span> 
     </span>
    </p>
   </div>
   <div class='ocr_carea' id='block_1_91' title="bbox 2176 4267 3750 4342">
    <p class='ocr_par' dir='ltr' id='par_1_91' title="bbox 2176 4267 3750 4342">
     <span class='ocr_line' id='line_1_91' title="bbox 2176 4267 3750 4342; baseline -0.004 -15"><span class='ocrx_word' id='word_1_674' title='bbox 2176 4281 2234 4328; x_wconf 91' lang='lat' dir='ltr'><strong><em>et</em></strong></span> <span class='ocrx_word' id='word_1_675' title='bbox 2258 4270 2695 4342; x_wconf 87' lang='lat' dir='ltr'><strong><em>concupiscibilia</em></strong></span> <span class='ocrx_word' id='word_1_676' title='bbox 2736 4270 2973 4335; x_wconf 90' lang='lat' dir='ltr'><strong><em>onerari,</em></strong></span> <span class='ocrx_word' id='word_1_677' title='bbox 3007 4277 3064 4323; x_wconf 93' lang='lat' dir='ltr'><strong><em>et</em></strong></span> <span class='ocrx_word' id='word_1_678' title='bbox 3091 4268 3344 4326; x_wconf 87' lang='lat' dir='ltr'><strong><em>osculans</em></strong></span> <span class='ocrx_word' id='word_1_679' title='bbox 3377 4283 3527 4333; x_wconf 88' lang='lat' dir='ltr'><strong><em>eum,</em></strong></span> <span class='ocrx_word' id='word_1_680' title='bbox 3557 4267 3750 4322; x_wconf 72' lang='lat' dir='ltr'><strong><em>valeat-</em></strong></span> 
     </span>
    </p>
   </div>
   <div class='ocr_carea' id='block_1_92' title="bbox 489 4352 3756 4448">
    <p class='ocr_par' dir='ltr' id='par_1_92' title="bbox 489 4352 3756 4448">
     <span class='ocr_line' id='line_1_92' title="bbox 489 4352 3756 4448; baseline -0.003 -38"><span class='ocrx_word' id='word_1_681' title='bbox 489 4354 691 4410; x_wconf 87' lang='lat' dir='ltr'><strong><em>mundo</em></strong></span> <span class='ocrx_word' id='word_1_682' title='bbox 740 4353 915 4408; x_wconf 89' lang='lat' dir='ltr'><strong><em>simile</em></strong></span> <span class='ocrx_word' id='word_1_683' title='bbox 960 4352 1223 4441; x_wconf 81' lang='lat' dir='ltr'><strong><em>cristallo.</em></strong></span> <span class='ocrx_word' id='word_1_684' title='bbox 1268 4352 1436 4407; x_wconf 88' lang='lat' dir='ltr'><strong><em>Amas</em></strong></span> <span class='ocrx_word' id='word_1_685' title='bbox 1482 4368 1613 4418; x_wconf 88' lang='lat' dir='ltr'><strong><em>una,</em></strong></span> <span class='ocrx_word' id='word_1_686' title='bbox 1662 4360 1718 4406; x_wconf 90' lang='lat' dir='ltr'><strong><em>et</em></strong></span> <span class='ocrx_word' id='word_1_687' title='bbox 1767 4352 1884 4422; x_wconf 91' lang='lat' dir='ltr'><strong><em>ipsa</em></strong></span> <span class='ocrx_word' id='word_1_688' title='bbox 1932 4352 2072 4407; x_wconf 87' lang='lat' dir='ltr'><strong><em>bene</em></strong></span> <span class='ocrx_word' id='word_1_689' title='bbox 2099 4376 2307 4448; x_wconf 78' lang='lat' dir='ltr'><strong><em>Dcens</em></strong></span> <span class='ocrx_word' id='word_1_690' title='bbox 2350 4360 2422 4426; x_wconf 73' lang='lat' dir='ltr'><strong><em>ei,</em></strong></span> <span class='ocrx_word' id='word_1_691' title='bbox 2465 4368 2717 4430; x_wconf 63' lang='lat' dir='ltr'><strong><em>percepta</em></strong></span> <span class='ocrx_word' id='word_1_692' title='bbox 2766 4359 2835 4413; x_wconf 77' lang='lat' dir='ltr'><strong><em>ab</em></strong></span> <span class='ocrx_word' id='word_1_693' title='bbox 2877 4374 2945 4413; x_wconf 83' lang='lat' dir='ltr'><strong><em>co</em></strong></span> <span class='ocrx_word' id='word_1_694' title='bbox 2986 4359 3362 4413; x_wconf 62' lang='lat' dir='ltr'><strong><em>benedictione</em></strong></span> <span class='ocrx_word' id='word_1_695' title='bbox 3408 4359 3661 4420; x_wconf 60' lang='grc' dir='ltr'><strong><em>ερςεεείι,</em></strong></span> <span class='ocrx_word' id='word_1_696' title='bbox 3710 4370 3756 4410; x_wconf 76' lang='grc' dir='ltr'><strong>α</strong></span> 
     </span>
    </p>
   </div>
   <div class='ocr_carea' id='block_1_93' title="bbox 491 4434 2077 4514">
    <p class='ocr_par' dir='ltr' id='par_1_93' title="bbox 491 4434 2077 4514">
     <span class='ocr_line' id='line_1_93' title="bbox 491 4434 2077 4514; baseline -0.002 -12"><span class='ocrx_word' id='word_1_697' title='bbox 491 4446 721 4514; x_wconf 88' lang='lat' dir='ltr'><strong><em>sculpta.</em></strong></span> <span class='ocrx_word' id='word_1_698' title='bbox 773 4445 980 4500; x_wconf 90' lang='lat' dir='ltr'><strong><em>Urceus</em></strong></span> <span class='ocrx_word' id='word_1_699' title='bbox 1020 4445 1085 4498; x_wconf 87' lang='lat' dir='ltr'><strong><em>ad</em></strong></span> <span class='ocrx_word' id='word_1_700' title='bbox 1129 4434 1325 4514; x_wconf 79' lang='lat' dir='ltr'><strong><em>aquam</em></strong></span> <span class='ocrx_word' id='word_1_701' title='bbox 1366 4459 1532 4498; x_wconf 89' lang='lat' dir='ltr'><strong><em>manu</em></strong></span> <span class='ocrx_word' id='word_1_702' title='bbox 1589 4443 1812 4510; x_wconf 90' lang='lat' dir='ltr'><strong><em>similis,</em></strong></span> <span class='ocrx_word' id='word_1_703' title='bbox 1863 4453 1921 4499; x_wconf 89' lang='lat' dir='ltr'><strong><em>et</em></strong></span> <span class='ocrx_word' id='word_1_704' title='bbox 1961 4444 2077 4514; x_wconf 88' lang='lat' dir='ltr'><strong><em>ipse</em></strong></span> 
     </span>
    </p>
   </div>
   <div class='ocr_carea' id='block_1_94' title="bbox 497 4532 2076 4604">
    <p class='ocr_par' dir='ltr' id='par_1_94' title="bbox 497 4532 2076 4604">
     <span class='ocr_line' id='line_1_94' title="bbox 497 4532 2076 4604; baseline -0.002 -12"><span class='ocrx_word' id='word_1_705' title='bbox 497 4534 818 4604; x_wconf 75' lang='lat' dir='ltr'><strong><em>aquimanile</em></strong></span> <span class='ocrx_word' id='word_1_706' title='bbox 842 4534 1071 4601; x_wconf 86' lang='lat' dir='ltr'><strong><em>desupra</em></strong></span> <span class='ocrx_word' id='word_1_707' title='bbox 1097 4549 1164 4587; x_wconf 88' lang='lat' dir='ltr'><strong><em>ex</em></strong></span> <span class='ocrx_word' id='word_1_708' title='bbox 1190 4540 1414 4603; x_wconf 90' lang='lat' dir='ltr'><strong><em>argento</em></strong></span> <span class='ocrx_word' id='word_1_709' title='bbox 1439 4532 1693 4587; x_wconf 88' lang='lat' dir='ltr'><strong><em>investito</em></strong></span> <span class='ocrx_word' id='word_1_710' title='bbox 1725 4532 1872 4599; x_wconf 88' lang='lat' dir='ltr'><strong><em>talis,</em></strong></span> <span class='ocrx_word' id='word_1_711' title='bbox 1900 4534 2076 4604; x_wconf 87' lang='lat' dir='ltr'><strong><em>qualis</em></strong></span> 
     </span>
    </p>
   </div>
   <div class='ocr_carea' id='block_1_95' title="bbox 498 4624 2076 4694">
    <p class='ocr_par' dir='ltr' id='par_1_95' title="bbox 498 4624 2076 4694">
     <span class='ocr_line' id='line_1_95' title="bbox 498 4624 2076 4694; baseline -0.001 -14"><span class='ocrx_word' id='word_1_712' title='bbox 498 4626 641 4681; x_wconf 82' lang='lat' dir='ltr'><strong><em>visus</em></strong></span> <span class='ocrx_word' id='word_1_713' title='bbox 679 4625 914 4681; x_wconf 88' lang='lat' dir='ltr'><strong><em>hominis</em></strong></span> <span class='ocrx_word' id='word_1_714' title='bbox 956 4625 1009 4680; x_wconf 92' lang='lat' dir='ltr'><strong><em>in</em></strong></span> <span class='ocrx_word' id='word_1_715' title='bbox 1056 4625 1159 4678; x_wconf 89' lang='lat' dir='ltr'><strong><em>hoc</em></strong></span> <span class='ocrx_word' id='word_1_716' title='bbox 1205 4632 1446 4694; x_wconf 89' lang='lat' dir='ltr'><strong><em>tempore</em></strong></span> <span class='ocrx_word' id='word_1_717' title='bbox 1503 4624 1651 4678; x_wconf 89' lang='lat' dir='ltr'><strong><em>nullo</em></strong></span> <span class='ocrx_word' id='word_1_718' title='bbox 1699 4626 1861 4680; x_wconf 90' lang='lat' dir='ltr'><strong><em>modo</em></strong></span> <span class='ocrx_word' id='word_1_719' title='bbox 1906 4625 2076 4680; x_wconf 91' lang='lat' dir='ltr'><strong><em>videri</em></strong></span> 
     </span>
    </p>
   </div>
   <div class='ocr_carea' id='block_1_96' title="bbox 498 4714 2078 4789">
    <p class='ocr_par' dir='ltr' id='par_1_96' title="bbox 498 4714 2078 4789">
     <span class='ocr_line' id='line_1_96' title="bbox 498 4714 2078 4789; baseline 0 -18"><span class='ocrx_word' id='word_1_720' title='bbox 498 4724 689 4789; x_wconf 85' lang='lat' dir='ltr'><strong><em>potest.</em></strong></span> <span class='ocrx_word' id='word_1_721' title='bbox 725 4715 937 4773; x_wconf 89' lang='lat' dir='ltr'><strong><em>Trullas</em></strong></span> <span class='ocrx_word' id='word_1_722' title='bbox 965 4715 1100 4769; x_wconf 86' lang='lat' dir='ltr'><strong><em>duas</em></strong></span> <span class='ocrx_word' id='word_1_723' title='bbox 1125 4732 1191 4770; x_wconf 84' lang='lat' dir='ltr'><strong><em>ex</em></strong></span> <span class='ocrx_word' id='word_1_724' title='bbox 1222 4715 1483 4771; x_wconf 86' lang='lat' dir='ltr'><strong><em>cristallo.</em></strong></span> <span class='ocrx_word' id='word_1_725' title='bbox 1526 4714 1736 4771; x_wconf 91' lang='lat' dir='ltr'><strong><em>Corona</em></strong></span> <span class='ocrx_word' id='word_1_726' title='bbox 1766 4732 1835 4771; x_wconf 82' lang='lat' dir='ltr'><strong><em>ex</em></strong></span> <span class='ocrx_word' id='word_1_727' title='bbox 1864 4717 2078 4772; x_wconf 83' lang='lat' dir='ltr'><strong><em>modico</em></strong></span> 
     </span>
    </p>
   </div>
   <div class='ocr_carea' id='block_1_97' title="bbox 494 4806 2072 4877">
    <p class='ocr_par' dir='ltr' id='par_1_97' title="bbox 494 4806 2072 4877">
     <span class='ocr_line' id='line_1_97' title="bbox 494 4806 2072 4877; baseline 0 -13"><span class='ocrx_word' id='word_1_728' title='bbox 494 4822 627 4864; x_wconf 86' lang='lat' dir='ltr'><strong><em>auro</em></strong></span> <span class='ocrx_word' id='word_1_729' title='bbox 650 4823 781 4872; x_wconf 79' lang='lat' dir='ltr'><strong><em>una,</em></strong></span> <span class='ocrx_word' id='word_1_730' title='bbox 807 4806 903 4861; x_wconf 90' lang='lat' dir='ltr'><strong><em>sed</em></strong></span> <span class='ocrx_word' id='word_1_731' title='bbox 930 4815 1109 4859; x_wconf 88' lang='lat' dir='ltr'><strong><em>tamen</em></strong></span> <span class='ocrx_word' id='word_1_732' title='bbox 1138 4807 1342 4861; x_wconf 86' lang='lat' dir='ltr'><strong><em>habens</em></strong></span> <span class='ocrx_word' id='word_1_733' title='bbox 1376 4806 1794 4876; x_wconf 90' lang='lat' dir='ltr'><strong><em>pretiosissimas</em></strong></span> <span class='ocrx_word' id='word_1_734' title='bbox 1813 4822 2072 4877; x_wconf 85' lang='lat' dir='ltr'><strong><em>gemmas,</em></strong></span> 
     </span>
    </p>
   </div>
   <div class='ocr_carea' id='block_1_98' title="bbox 497 4896 2073 4969">
    <p class='ocr_par' dir='ltr' id='par_1_98' title="bbox 497 4896 2073 4969">
     <span class='ocr_line' id='line_1_98' title="bbox 497 4896 2073 4969; baseline 0 -16"><span class='ocrx_word' id='word_1_735' title='bbox 497 4899 570 4953; x_wconf 91' lang='lat' dir='ltr'><strong><em>ita</em></strong></span> <span class='ocrx_word' id='word_1_736' title='bbox 596 4906 654 4952; x_wconf 93' lang='lat' dir='ltr'><strong><em>ut</em></strong></span> <span class='ocrx_word' id='word_1_737' title='bbox 683 4897 1012 4969; x_wconf 89' lang='lat' dir='ltr'><strong><em>temporibus</em></strong></span> <span class='ocrx_word' id='word_1_738' title='bbox 1040 4897 1241 4953; x_wconf 88' lang='lat' dir='ltr'><strong><em>nostris</em></strong></span> <span class='ocrx_word' id='word_1_739' title='bbox 1284 4896 1649 4967; x_wconf 89' lang='lat' dir='ltr'><strong><em>interrogatus</em></strong></span> <span class='ocrx_word' id='word_1_740' title='bbox 1668 4897 1884 4952; x_wconf 78' lang='lat' dir='ltr'><strong><em>Judams</em></strong></span> <span class='ocrx_word' id='word_1_741' title='bbox 1907 4913 2073 4968; x_wconf 87' lang='lat' dir='ltr'><strong><em>nego-</em></strong></span> 
     </span>
    </p>
   </div>
   <div class='ocr_carea' id='block_1_99' title="bbox 497 4988 2073 5060">
    <p class='ocr_par' dir='ltr' id='par_1_99' title="bbox 497 4988 2073 5060">
     <span class='ocr_line' id='line_1_99' title="bbox 497 4988 2073 5060; baseline 0.001 -17"><span class='ocrx_word' id='word_1_742' title='bbox 497 4991 639 5044; x_wconf 88' lang='lat' dir='ltr'><strong><em>tians</em></strong></span> <span class='ocrx_word' id='word_1_743' title='bbox 687 5004 717 5044; x_wconf 90' lang='lat' dir='ltr'><strong><em>a</em></strong></span> <span class='ocrx_word' id='word_1_744' title='bbox 746 4988 948 5043; x_wconf 82' lang='lat' dir='ltr'><strong><em>Karolo</em></strong></span> <span class='ocrx_word' id='word_1_745' title='bbox 984 4988 1311 5058; x_wconf 86' lang='lat' dir='ltr'><strong><em>imperatore</em></strong></span> <span class='ocrx_word' id='word_1_746' title='bbox 1339 5030 1353 5055; x_wconf 83' lang='lat'><strong><em>,</em></strong></span> <span class='ocrx_word' id='word_1_747' title='bbox 1406 5004 1515 5059; x_wconf 68' lang='lat' dir='ltr'><strong><em>(luo</em></strong></span> <span class='ocrx_word' id='word_1_748' title='bbox 1561 4991 1737 5060; x_wconf 85' lang='lat' dir='ltr'><strong><em>pretio</em></strong></span> <span class='ocrx_word' id='word_1_749' title='bbox 1775 4991 2073 5046; x_wconf 88' lang='lat' dir='ltr'><strong><em>venundari</em></strong></span> 
     </span>
    </p>
   </div>
   <div class='ocr_carea' id='block_1_100' title="bbox 494 5079 2074 5155">
    <p class='ocr_par' dir='ltr' id='par_1_100' title="bbox 494 5079 2074 5155">
     <span class='ocr_line' id='line_1_100' title="bbox 494 5079 2074 5155; baseline -0.001 -20"><span class='ocrx_word' id='word_1_750' title='bbox 494 5089 695 5155; x_wconf 87' lang='lat' dir='ltr'><strong><em>posset,</em></strong></span> <span class='ocrx_word' id='word_1_751' title='bbox 725 5080 938 5150; x_wconf 84' lang='lat' dir='ltr'><strong><em>adjecit,</em></strong></span> <span class='ocrx_word' id='word_1_752' title='bbox 961 5080 1102 5149; x_wconf 87' lang='lat' dir='ltr'><strong><em>quod</em></strong></span> <span class='ocrx_word' id='word_1_753' title='bbox 1126 5094 1314 5134; x_wconf 89' lang='lat' dir='ltr'><strong><em>omnes</em></strong></span> <span class='ocrx_word' id='word_1_754' title='bbox 1340 5081 1497 5135; x_wconf 90' lang='lat' dir='ltr'><strong><em>istius</em></strong></span> <span class='ocrx_word' id='word_1_755' title='bbox 1518 5079 1783 5146; x_wconf 59' lang='lat' dir='ltr'><strong><em>ecclesia,</em></strong></span> <span class='ocrx_word' id='word_1_756' title='bbox 1812 5088 1866 5134; x_wconf 90' lang='lat' dir='ltr'><strong><em>et</em></strong></span> <span class='ocrx_word' id='word_1_757' title='bbox 1890 5081 2074 5135; x_wconf 91' lang='lat' dir='ltr'><strong><em>omnia</em></strong></span> 
     </span>
    </p>
   </div>
   <div class='ocr_carea' id='block_1_101' title="bbox 494 5173 2072 5243">
    <p class='ocr_par' dir='ltr' id='par_1_101' title="bbox 494 5173 2072 5243">
     <span class='ocr_line' id='line_1_101' title="bbox 494 5173 2072 5243; baseline 0 -14"><span class='ocrx_word' id='word_1_758' title='bbox 494 5182 810 5229; x_wconf 87' lang='lat' dir='ltr'><strong><em>ornamenta</em></strong></span> <span class='ocrx_word' id='word_1_759' title='bbox 848 5174 1030 5236; x_wconf 89' lang='lat' dir='ltr'><strong><em>etiam,</em></strong></span> <span class='ocrx_word' id='word_1_760' title='bbox 1071 5181 1126 5226; x_wconf 90' lang='lat' dir='ltr'><strong><em>et</em></strong></span> <span class='ocrx_word' id='word_1_761' title='bbox 1167 5173 1399 5243; x_wconf 85' lang='lat' dir='ltr'><strong><em>tegmina</em></strong></span> <span class='ocrx_word' id='word_1_762' title='bbox 1444 5173 1489 5226; x_wconf 89' lang='lat' dir='ltr'><strong><em>si</em></strong></span> <span class='ocrx_word' id='word_1_763' title='bbox 1525 5173 1925 5237; x_wconf 87' lang='lat' dir='ltr'><strong><em>venuudcntur,</em></strong></span> <span class='ocrx_word' id='word_1_764' title='bbox 1966 5189 2072 5229; x_wconf 89' lang='lat' dir='ltr'><strong><em>non</em></strong></span> 
     </span>
    </p>
   </div>
   <div class='ocr_carea' id='block_1_102' title="bbox 496 5262 2071 5337">
    <p class='ocr_par' dir='ltr' id='par_1_102' title="bbox 496 5262 2071 5337">
     <span class='ocr_line' id='line_1_102' title="bbox 496 5262 2071 5337; baseline 0.001 -20"><span class='ocrx_word' id='word_1_765' title='bbox 496 5272 722 5337; x_wconf 90' lang='lat' dir='ltr'><strong><em>possunt</em></strong></span> <span class='ocrx_word' id='word_1_766' title='bbox 750 5279 868 5319; x_wconf 87' lang='lat' dir='ltr'><strong><em>eam</em></strong></span> <span class='ocrx_word' id='word_1_767' title='bbox 903 5263 1139 5334; x_wconf 83' lang='lat' dir='ltr'><strong><em>explere.</em></strong></span> <span class='ocrx_word' id='word_1_768' title='bbox 1176 5264 1221 5317; x_wconf 80' lang='grc' dir='ltr'><strong>Α</strong></span> <span class='ocrx_word' id='word_1_769' title='bbox 1256 5273 1496 5334; x_wconf 88' lang='lat' dir='ltr'><strong><em>tempore</em></strong></span> <span class='ocrx_word' id='word_1_770' title='bbox 1532 5262 1746 5335; x_wconf 88' lang='lat' dir='ltr'><strong><em>Georgii</em></strong></span> <span class='ocrx_word' id='word_1_771' title='bbox 1780 5278 1887 5317; x_wconf 91' lang='lat' dir='ltr'><strong><em>non</em></strong></span> <span class='ocrx_word' id='word_1_772' title='bbox 1922 5279 2071 5318; x_wconf 89' lang='lat' dir='ltr'><strong><em>com-</em></strong></span> 
     </span>
    </p>
   </div>
   <div class='ocr_carea' id='block_1_103' title="bbox 495 5352 2079 5427">
    <p class='ocr_par' dir='ltr' id='par_1_103' title="bbox 495 5352 2079 5427">
     <span class='ocr_line' id='line_1_103' title="bbox 495 5352 2079 5427; baseline 0.003 -22"><span class='ocrx_word' id='word_1_773' title='bbox 495 5353 697 5423; x_wconf 86' lang='lat' dir='ltr'><strong><em>paruit.</em></strong></span> <span class='ocrx_word' id='word_1_774' title='bbox 744 5352 839 5408; x_wconf 83' lang='lat' dir='ltr'><strong><em>His</em></strong></span> <span class='ocrx_word' id='word_1_775' title='bbox 883 5355 1066 5424; x_wconf 87' lang='lat' dir='ltr'><strong><em>itaque</em></strong></span> <span class='ocrx_word' id='word_1_776' title='bbox 1094 5354 1281 5424; x_wconf 90' lang='lat' dir='ltr'><strong><em>gestis,</em></strong></span> <span class='ocrx_word' id='word_1_777' title='bbox 1314 5356 1439 5408; x_wconf 88' lang='lat' dir='ltr'><strong><em>dum</em></strong></span> <span class='ocrx_word' id='word_1_778' title='bbox 1470 5355 1627 5408; x_wconf 88' lang='lat' dir='ltr'><strong><em>vellet</em></strong></span> <span class='ocrx_word' id='word_1_779' title='bbox 1661 5371 1727 5408; x_wconf 90' lang='lat' dir='ltr'><strong><em>ex</em></strong></span> <span class='ocrx_word' id='word_1_780' title='bbox 1764 5356 1896 5409; x_wconf 91' lang='lat' dir='ltr'><strong><em>urbe</em></strong></span> <span class='ocrx_word' id='word_1_781' title='bbox 1924 5370 2079 5427; x_wconf 86' lang='lat' dir='ltr'><strong><em>egre-</em></strong></span> 
     </span>
    </p>
   </div>
   <div class='ocr_carea' id='block_1_104' title="bbox 497 5443 2076 5514">
    <p class='ocr_par' dir='ltr' id='par_1_104' title="bbox 497 5443 2076 5514">
     <span class='ocr_line' id='line_1_104' title="bbox 497 5443 2076 5514; baseline 0.003 -17"><span class='ocrx_word' id='word_1_782' title='bbox 497 5443 644 5506; x_wconf 90' lang='lat' dir='ltr'><strong><em>dere,</em></strong></span> <span class='ocrx_word' id='word_1_783' title='bbox 677 5460 814 5501; x_wconf 90' lang='lat' dir='ltr'><strong><em>unus</em></strong></span> <span class='ocrx_word' id='word_1_784' title='bbox 853 5445 920 5499; x_wconf 87' lang='lat' dir='ltr'><strong><em>ad</em></strong></span> <span class='ocrx_word' id='word_1_785' title='bbox 959 5454 1129 5514; x_wconf 80' lang='lat' dir='ltr'><strong><em>porta:</em></strong></span> <span class='ocrx_word' id='word_1_786' title='bbox 1165 5446 1368 5501; x_wconf 89' lang='lat' dir='ltr'><strong><em>aditum</em></strong></span> <span class='ocrx_word' id='word_1_787' title='bbox 1414 5446 1675 5501; x_wconf 89' lang='lat' dir='ltr'><strong><em>simulans</em></strong></span> <span class='ocrx_word' id='word_1_788' title='bbox 1713 5462 1771 5502; x_wconf 86' lang='lat' dir='ltr'><strong><em>se</em></strong></span> <span class='ocrx_word' id='word_1_789' title='bbox 1805 5446 2076 5513; x_wconf 89' lang='lat' dir='ltr'><strong><em>claudum,</em></strong></span> 
     </span>
    </p>
   </div>
   <div class='ocr_carea' id='block_1_105' title="bbox 496 5533 2078 5601">
    <p class='ocr_par' dir='ltr' id='par_1_105' title="bbox 496 5533 2078 5601">
     <span class='ocr_line' id='line_1_105' title="bbox 496 5533 2078 5601; baseline 0.006 -17"><span class='ocrx_word' id='word_1_790' title='bbox 496 5538 553 5585; x_wconf 89' lang='lat' dir='ltr'><strong><em>et</em></strong></span> <span class='ocrx_word' id='word_1_791' title='bbox 584 5533 767 5587; x_wconf 86' lang='lat' dir='ltr'><strong><em>omnia</em></strong></span> <span class='ocrx_word' id='word_1_792' title='bbox 796 5534 991 5589; x_wconf 87' lang='lat' dir='ltr'><strong><em>debilia</em></strong></span> <span class='ocrx_word' id='word_1_793' title='bbox 1032 5536 1229 5591; x_wconf 90' lang='lat' dir='ltr'><strong><em>habere</em></strong></span> <span class='ocrx_word' id='word_1_794' title='bbox 1274 5538 1537 5601; x_wconf 84' lang='lat' dir='ltr'><strong><em>membra,</em></strong></span> <span class='ocrx_word' id='word_1_795' title='bbox 1588 5548 1646 5591; x_wconf 94' lang='lat' dir='ltr'><strong><em>ut</em></strong></span> <span class='ocrx_word' id='word_1_796' title='bbox 1674 5553 1897 5593; x_wconf 82' lang='lat' dir='ltr'><strong><em>munera</em></strong></span> <span class='ocrx_word' id='word_1_797' title='bbox 1934 5539 2078 5593; x_wconf 88' lang='lat' dir='ltr'><strong><em>acci-</em></strong></span> 
     </span>
    </p>
   </div>
   <div class='ocr_carea' id='block_1_106' title="bbox 495 5623 2077 5699">
    <p class='ocr_par' dir='ltr' id='par_1_106' title="bbox 495 5623 2077 5699">
     <span class='ocr_line' id='line_1_106' title="bbox 495 5623 2077 5699; baseline 0.007 -25"><span class='ocrx_word' id='word_1_798' title='bbox 495 5631 674 5690; x_wconf 85' lang='lat' dir='ltr'><strong><em>peret,</em></strong></span> <span class='ocrx_word' id='word_1_799' title='bbox 715 5623 1040 5682; x_wconf 80' lang='lat' dir='ltr'><strong><em>exclamavit</em></strong></span> <span class='ocrx_word' id='word_1_800' title='bbox 1088 5628 1272 5682; x_wconf 83' lang='lat' dir='ltr'><strong><em>dicens</em></strong></span> <span class='ocrx_word' id='word_1_801' title='bbox 1302 5643 1314 5679; x_wconf 93' lang='lat'><strong><em>:</em></strong></span> <span class='ocrx_word' id='word_1_802' title='bbox 1346 5625 1639 5682; x_wconf 81' lang='lat' dir='ltr'><strong><em>Fortunate</em></strong></span> <span class='ocrx_word' id='word_1_803' title='bbox 1682 5627 1847 5685; x_wconf 83' lang='lat' dir='ltr'><strong><em>Felix.</em></strong></span> <span class='ocrx_word' id='word_1_804' title='bbox 1882 5628 2077 5699; x_wconf 89' lang='lat' dir='ltr'><strong><em>adjuva</em></strong></span> 
     </span>
    </p>
   </div>
   <div class='ocr_carea' id='block_1_107' title="bbox 2179 4450 3753 4524">
    <p class='ocr_par' dir='ltr' id='par_1_107' title="bbox 2179 4450 3753 4524">
     <span class='ocr_line' id='line_1_107' title="bbox 2179 4450 3753 4524; baseline -0.006 -17"><span class='ocrx_word' id='word_1_805' title='bbox 2179 4452 2482 4524; x_wconf 88' lang='lat' dir='ltr'><strong><em>privilegia,</em></strong></span> <span class='ocrx_word' id='word_1_806' title='bbox 2512 4460 2571 4507; x_wconf 88' lang='lat' dir='ltr'><strong><em>ut</em></strong></span> <span class='ocrx_word' id='word_1_807' title='bbox 2599 4451 2702 4507; x_wconf 88' lang='lat' dir='ltr'><strong><em>sibi</em></strong></span> <span class='ocrx_word' id='word_1_808' title='bbox 2728 4451 2948 4521; x_wconf 86' lang='lat' dir='ltr'><strong><em>placuit,</em></strong></span> <span class='ocrx_word' id='word_1_809' title='bbox 2981 4452 3197 4506; x_wconf 84' lang='lat' dir='ltr'><strong><em>exarari</em></strong></span> <span class='ocrx_word' id='word_1_810' title='bbox 3216 4451 3398 4522; x_wconf 87' lang='lat' dir='ltr'><strong><em>jussit,</em></strong></span> <span class='ocrx_word' id='word_1_811' title='bbox 3429 4459 3485 4505; x_wconf 90' lang='lat' dir='ltr'><strong><em>et</em></strong></span> <span class='ocrx_word' id='word_1_812' title='bbox 3504 4450 3753 4505; x_wconf 59' lang='lat' dir='ltr'><strong><em>exaltant</em></strong></span> 
     </span>
    </p>
   </div>
   <div class='ocr_carea' id='block_1_108' title="bbox 2179 4541 3757 4612">
    <p class='ocr_par' dir='ltr' id='par_1_108' title="bbox 2179 4541 3757 4612">
     <span class='ocr_line' id='line_1_108' title="bbox 2179 4541 3757 4612; baseline -0.004 -13"><span class='ocrx_word' id='word_1_813' title='bbox 2179 4558 2305 4599; x_wconf 86' lang='lat' dir='ltr'><strong><em>eum</em></strong></span> <span class='ocrx_word' id='word_1_814' title='bbox 2340 4541 2510 4597; x_wconf 87' lang='lat' dir='ltr'><strong><em>multo</em></strong></span> <span class='ocrx_word' id='word_1_815' title='bbox 2540 4542 2713 4612; x_wconf 82' lang='lat' dir='ltr'><strong><em>magis</em></strong></span> <span class='ocrx_word' id='word_1_816' title='bbox 2736 4557 2798 4598; x_wconf 91' lang='lat' dir='ltr'><strong><em>ac</em></strong></span> <span class='ocrx_word' id='word_1_817' title='bbox 2827 4551 2985 4599; x_wconf 86' lang='lat' dir='ltr'><strong><em>antea</em></strong></span> <span class='ocrx_word' id='word_1_818' title='bbox 3016 4541 3190 4599; x_wconf 85' lang='lat' dir='ltr'><strong><em>fuerat</em></strong></span> <span class='ocrx_word' id='word_1_819' title='bbox 3214 4559 3229 4608; x_wconf 89' lang='lat'><strong>;</strong></span> <span class='ocrx_word' id='word_1_820' title='bbox 3264 4541 3527 4610; x_wconf 71' lang='lat' dir='ltr'><strong><em>laetusque</em></strong></span> <span class='ocrx_word' id='word_1_821' title='bbox 3554 4548 3611 4597; x_wconf 85' lang='lat' dir='ltr'><strong><em>et</em></strong></span> <span class='ocrx_word' id='word_1_822' title='bbox 3636 4556 3757 4611; x_wconf 77' lang='lat' dir='ltr'><strong><em>gat:-</em></strong></span> 
     </span>
    </p>
   </div>
   <div class='ocr_carea' id='block_1_109' title="bbox 2180 4630 3757 4701">
    <p class='ocr_par' dir='ltr' id='par_1_109' title="bbox 2180 4630 3757 4701">
     <span class='ocr_line' id='line_1_109' title="bbox 2180 4630 3757 4701; baseline -0.002 -13"><span class='ocrx_word' id='word_1_823' title='bbox 2180 4632 2314 4688; x_wconf 91' lang='lat' dir='ltr'><strong><em>dens</em></strong></span> <span class='ocrx_word' id='word_1_824' title='bbox 2344 4631 2413 4685; x_wconf 88' lang='lat' dir='ltr'><strong><em>ad</em></strong></span> <span class='ocrx_word' id='word_1_825' title='bbox 2444 4632 2720 4701; x_wconf 88' lang='lat' dir='ltr'><strong><em>propriam</em></strong></span> <span class='ocrx_word' id='word_1_826' title='bbox 2763 4647 2925 4687; x_wconf 60' lang='lat' dir='ltr'><strong><em>suam‘</em></strong></span> <span class='ocrx_word' id='word_1_827' title='bbox 2951 4632 3133 4688; x_wconf 89' lang='lat' dir='ltr'><strong><em>sedem</em></strong></span> <span class='ocrx_word' id='word_1_828' title='bbox 3167 4647 3289 4688; x_wconf 88' lang='lat' dir='ltr'><strong><em>cum</em></strong></span> <span class='ocrx_word' id='word_1_829' title='bbox 3328 4631 3561 4689; x_wconf 88' lang='lat' dir='ltr'><strong><em>remisit.</em></strong></span> <span class='ocrx_word' id='word_1_830' title='bbox 3594 4630 3757 4686; x_wconf 73' lang='lat' dir='ltr'><strong><em>Intu-</em></strong></span> 
     </span>
    </p>
   </div>
   <div class='ocr_carea' id='block_1_110' title="bbox 2179 4721 3760 4793">
    <p class='ocr_par' dir='ltr' id='par_1_110' title="bbox 2179 4721 3760 4793">
     <span class='ocr_line' id='line_1_110' title="bbox 2179 4721 3760 4793; baseline -0.002 -15"><span class='ocrx_word' id='word_1_831' title='bbox 2179 4738 2245 4778; x_wconf 89' lang='lat' dir='ltr'><strong><em>ea</em></strong></span> <span class='ocrx_word' id='word_1_832' title='bbox 2272 4721 2458 4778; x_wconf 84' lang='lat' dir='ltr'><strong><em>relicta</em></strong></span> <span class='ocrx_word' id='word_1_833' title='bbox 2483 4722 2628 4793; x_wconf 87' lang='lat' dir='ltr'><strong><em>regia</em></strong></span> <span class='ocrx_word' id='word_1_834' title='bbox 2651 4723 2784 4776; x_wconf 88' lang='lat' dir='ltr'><strong><em>urbe</em></strong></span> <span class='ocrx_word' id='word_1_835' title='bbox 2799 4722 2961 4792; x_wconf 88' lang='lat' dir='ltr'><strong><em>jussit</em></strong></span> <span class='ocrx_word' id='word_1_836' title='bbox 2986 4724 3161 4779; x_wconf 89' lang='lat' dir='ltr'><strong><em>ventis</em></strong></span> <span class='ocrx_word' id='word_1_837' title='bbox 3182 4724 3297 4778; x_wconf 90' lang='lat' dir='ltr'><strong><em>dari</em></strong></span> <span class='ocrx_word' id='word_1_838' title='bbox 3329 4723 3470 4787; x_wconf 87' lang='lat' dir='ltr'><strong><em>vela,</em></strong></span> <span class='ocrx_word' id='word_1_839' title='bbox 3498 4732 3558 4779; x_wconf 89' lang='lat' dir='ltr'><strong><em>et</em></strong></span> <span class='ocrx_word' id='word_1_840' title='bbox 3589 4736 3760 4778; x_wconf 73' lang='lat' dir='ltr'><strong><em>renuis</em></strong></span> 
     </span>
    </p>
   </div>
   <div class='ocr_carea' id='block_1_111' title="bbox 2180 4813 3757 4886">
    <p class='ocr_par' dir='ltr' id='par_1_111' title="bbox 2180 4813 3757 4886">
     <span class='ocr_line' id='line_1_111' title="bbox 2180 4813 3757 4886; baseline -0.003 -16"><span class='ocrx_word' id='word_1_841' title='bbox 2180 4814 2488 4885; x_wconf 80' lang='lat' dir='ltr'><strong><em>expandere</em></strong></span> <span class='ocrx_word' id='word_1_842' title='bbox 2540 4814 2657 4868; x_wconf 89' lang='lat' dir='ltr'><strong><em>alas</em></strong></span> <span class='ocrx_word' id='word_1_843' title='bbox 2707 4814 2980 4869; x_wconf 89' lang='lat' dir='ltr'><strong><em>sulcantes</em></strong></span> <span class='ocrx_word' id='word_1_844' title='bbox 3024 4814 3263 4886; x_wconf 86' lang='lat' dir='ltr'><strong><em>pelagus.</em></strong></span> <span class='ocrx_word' id='word_1_845' title='bbox 3315 4814 3579 4882; x_wconf 89' lang='lat' dir='ltr'><strong><em>Queritur</em></strong></span> <span class='ocrx_word' id='word_1_846' title='bbox 3632 4813 3757 4868; x_wconf 81' lang='lat' dir='ltr'><strong><em>falsa</em></strong></span> 
     </span>
    </p>
   </div>
   <div class='ocr_carea' id='block_1_112' title="bbox 2180 4905 3756 4977">
    <p class='ocr_par' dir='ltr' id='par_1_112' title="bbox 2180 4905 3756 4977">
     <span class='ocr_line' id='line_1_112' title="bbox 2180 4905 3756 4977; baseline -0.002 -16"><span class='ocrx_word' id='word_1_847' title='bbox 2180 4905 2385 4961; x_wconf 87' lang='lat' dir='ltr'><strong><em>carina.</em></strong></span> <span class='ocrx_word' id='word_1_848' title='bbox 2416 4905 2648 4976; x_wconf 89' lang='lat' dir='ltr'><strong><em>Drapani</em></strong></span> <span class='ocrx_word' id='word_1_849' title='bbox 2678 4906 2871 4960; x_wconf 88' lang='lat' dir='ltr'><strong><em>lustrat</em></strong></span> <span class='ocrx_word' id='word_1_850' title='bbox 2896 4917 3104 4976; x_wconf 87' lang='lat' dir='ltr'><strong><em>portus,</em></strong></span> <span class='ocrx_word' id='word_1_851' title='bbox 3136 4906 3345 4961; x_wconf 87' lang='lat' dir='ltr'><strong><em>Siculas</em></strong></span> <span class='ocrx_word' id='word_1_852' title='bbox 3366 4907 3588 4977; x_wconf 86' lang='lat' dir='ltr'><strong><em>attingit</em></strong></span> <span class='ocrx_word' id='word_1_853' title='bbox 3615 4921 3756 4960; x_wconf 75' lang='lat' dir='ltr'><strong><em>oras.</em></strong></span> 
     </span>
    </p>
   </div>
   <div class='ocr_carea' id='block_1_113' title="bbox 2178 4996 3762 5067">
    <p class='ocr_par' dir='ltr' id='par_1_113' title="bbox 2178 4996 3762 5067">
     <span class='ocr_line' id='line_1_113' title="bbox 2178 4996 3762 5067; baseline 0 -18"><span class='ocrx_word' id='word_1_854' title='bbox 2178 4996 2484 5066; x_wconf 80' lang='lat' dir='ltr'><strong><em>Aliquantis</em></strong></span> <span class='ocrx_word' id='word_1_855' title='bbox 2512 4997 2600 5053; x_wconf 90' lang='lat' dir='ltr'><strong><em>hic</em></strong></span> <span class='ocrx_word' id='word_1_856' title='bbox 2627 5006 2870 5051; x_wconf 87' lang='lat' dir='ltr'><strong><em>moratus</em></strong></span> <span class='ocrx_word' id='word_1_857' title='bbox 2896 4997 3087 5052; x_wconf 82' lang='lat' dir='ltr'><strong><em>diebus</em></strong></span> <span class='ocrx_word' id='word_1_858' title='bbox 3111 4997 3360 5067; x_wconf 86' lang='lat' dir='ltr'><strong><em>proprias</em></strong></span> <span class='ocrx_word' id='word_1_859' title='bbox 3387 5013 3475 5052; x_wconf 88' lang='lat' dir='ltr'><strong><em>res</em></strong></span> <span class='ocrx_word' id='word_1_860' title='bbox 3521 4998 3762 5055; x_wconf 59' lang='lat' dir='ltr'><strong><em>ecclesia:</em></strong></span> 
     </span>
    </p>
   </div>
   <div class='ocr_carea' id='block_1_114' title="bbox 2180 5086 3758 5157">
    <p class='ocr_par' dir='ltr' id='par_1_114' title="bbox 2180 5086 3758 5157">
     <span class='ocr_line' id='line_1_114' title="bbox 2180 5086 3758 5157; baseline -0.002 -16"><span class='ocrx_word' id='word_1_861' title='bbox 2180 5101 2292 5141; x_wconf 81' lang='lat' dir='ltr'><strong><em>sua:</em></strong></span> <span class='ocrx_word' id='word_1_862' title='bbox 2333 5086 2646 5156; x_wconf 89' lang='lat' dir='ltr'><strong><em>disponens,</em></strong></span> <span class='ocrx_word' id='word_1_863' title='bbox 2695 5097 2976 5157; x_wconf 88' lang='lat' dir='ltr'><strong><em>susceptus</em></strong></span> <span class='ocrx_word' id='word_1_864' title='bbox 3018 5086 3290 5151; x_wconf 85' lang='lat' dir='ltr'><strong><em>Panormi,</em></strong></span> <span class='ocrx_word' id='word_1_865' title='bbox 3330 5086 3523 5155; x_wconf 85' lang='lat' dir='ltr'><strong><em>paucis</em></strong></span> <span class='ocrx_word' id='word_1_866' title='bbox 3563 5087 3758 5139; x_wconf 66' lang='lat' dir='ltr'><strong><em>ibidem</em></strong></span> 
     </span>
    </p>
   </div>
   <div class='ocr_carea' id='block_1_115' title="bbox 2180 5175 3760 5248">
    <p class='ocr_par' dir='ltr' id='par_1_115' title="bbox 2180 5175 3760 5248">
     <span class='ocr_line' id='line_1_115' title="bbox 2180 5175 3760 5248; baseline -0.001 -19"><span class='ocrx_word' id='word_1_867' title='bbox 2180 5184 2424 5231; x_wconf 91' lang='lat' dir='ltr'><strong><em>moratus</em></strong></span> <span class='ocrx_word' id='word_1_868' title='bbox 2472 5175 2580 5248; x_wconf 89' lang='lat' dir='ltr'><strong><em>[est</em></strong></span> <span class='ocrx_word' id='word_1_869' title='bbox 2620 5175 2854 5247; x_wconf 85' lang='lat' dir='ltr'><strong><em>diebus],</em></strong></span> <span class='ocrx_word' id='word_1_870' title='bbox 2905 5176 3149 5246; x_wconf 87' lang='lat' dir='ltr'><strong><em>pervenit</em></strong></span> <span class='ocrx_word' id='word_1_871' title='bbox 3175 5176 3530 5240; x_wconf 85' lang='lat' dir='ltr'><strong><em>Tindarides;</em></strong></span> <span class='ocrx_word' id='word_1_872' title='bbox 3567 5175 3760 5229; x_wconf 83' lang='lat' dir='ltr'><strong><em>exinde</em></strong></span> 
     </span>
    </p>
   </div>
   <div class='ocr_carea' id='block_1_116' title="bbox 2184 5262 3759 5336">
    <p class='ocr_par' dir='ltr' id='par_1_116' title="bbox 2184 5262 3759 5336">
     <span class='ocr_line' id='line_1_116' title="bbox 2184 5262 3759 5336; baseline -0.006 -13"><span class='ocrx_word' id='word_1_873' title='bbox 2184 5277 2574 5336; x_wconf 82' lang='lat' dir='ltr'><strong><em>transgressus,</em></strong></span> <span class='ocrx_word' id='word_1_874' title='bbox 2603 5268 2667 5320; x_wconf 88' lang='lat' dir='ltr'><strong><em>ad</em></strong></span> <span class='ocrx_word' id='word_1_875' title='bbox 2696 5266 2951 5324; x_wconf 86' lang='lat' dir='ltr'><strong><em>Pacbinia</em></strong></span> <span class='ocrx_word' id='word_1_876' title='bbox 2983 5266 3196 5324; x_wconf 87' lang='lat' dir='ltr'><strong><em>devenit</em></strong></span> <span class='ocrx_word' id='word_1_877' title='bbox 3218 5267 3400 5331; x_wconf 89' lang='lat' dir='ltr'><strong><em>litora,</em></strong></span> <span class='ocrx_word' id='word_1_878' title='bbox 3438 5274 3497 5319; x_wconf 91' lang='lat' dir='ltr'><strong><em>ct</em></strong></span> <span class='ocrx_word' id='word_1_879' title='bbox 3523 5267 3652 5320; x_wconf 80' lang='lat' dir='ltr'><strong><em>dunt</em></strong></span> <span class='ocrx_word' id='word_1_880' title='bbox 3681 5262 3759 5316; x_wconf 79' lang='lat' dir='ltr'><strong><em>sol</em></strong></span> 
     </span>
    </p>
   </div>
   <div class='ocr_carea' id='block_1_117' title="bbox 2184 5355 3765 5428">
    <p class='ocr_par' dir='ltr' id='par_1_117' title="bbox 2184 5355 3765 5428">
     <span class='ocr_line' id='line_1_117' title="bbox 2184 5355 3765 5428; baseline -0.003 -15"><span class='ocrx_word' id='word_1_881' title='bbox 2184 5374 2354 5413; x_wconf 87' lang='lat' dir='ltr'><strong><em>novos</em></strong></span> <span class='ocrx_word' id='word_1_882' title='bbox 2391 5360 2598 5428; x_wconf 88' lang='lat' dir='ltr'><strong><em>spargit</em></strong></span> <span class='ocrx_word' id='word_1_883' title='bbox 2635 5358 2800 5415; x_wconf 86' lang='lat' dir='ltr'><strong><em>radiis</em></strong></span> <span class='ocrx_word' id='word_1_884' title='bbox 2826 5359 2878 5411; x_wconf 87' lang='lat' dir='ltr'><strong><em>in</em></strong></span> <span class='ocrx_word' id='word_1_885' title='bbox 2910 5367 3104 5422; x_wconf 88' lang='lat' dir='ltr'><strong><em>terras,</em></strong></span> <span class='ocrx_word' id='word_1_886' title='bbox 3141 5355 3557 5426; x_wconf 79' lang='lat' dir='ltr'><strong><em>:equatasjubct</em></strong></span> <span class='ocrx_word' id='word_1_887' title='bbox 3575 5369 3765 5426; x_wconf 51' lang='lat' dir='ltr'><strong><em>prore.</em></strong></span> 
     </span>
    </p>
   </div>
   <div class='ocr_carea' id='block_1_118' title="bbox 2184 5448 3760 5519">
    <p class='ocr_par' dir='ltr' id='par_1_118' title="bbox 2184 5448 3760 5519">
     <span class='ocr_line' id='line_1_118' title="bbox 2184 5448 3760 5519; baseline -0.007 -14"><span class='ocrx_word' id='word_1_888' title='bbox 2184 5450 2313 5505; x_wconf 89' lang='lat' dir='ltr'><strong><em>dere</em></strong></span> <span class='ocrx_word' id='word_1_889' title='bbox 2335 5449 2553 5514; x_wconf 89' lang='lat' dir='ltr'><strong><em>classes,</em></strong></span> <span class='ocrx_word' id='word_1_890' title='bbox 2586 5449 2775 5519; x_wconf 70' lang='lat' dir='ltr'><strong><em>relicto</em></strong></span> <span class='ocrx_word' id='word_1_891' title='bbox 2800 5450 2917 5503; x_wconf 89' lang='lat' dir='ltr'><strong><em>sine</em></strong></span> <span class='ocrx_word' id='word_1_892' title='bbox 2953 5448 3158 5519; x_wconf 83' lang='lat' dir='ltr'><strong><em>remige</em></strong></span> <span class='ocrx_word' id='word_1_893' title='bbox 3202 5456 3360 5517; x_wconf 88' lang='lat' dir='ltr'><strong><em>portu</em></strong></span> <span class='ocrx_word' id='word_1_894' title='bbox 3403 5448 3760 5503; x_wconf 84' lang='lat' dir='ltr'><strong><em>deseruerunt</em></strong></span> 
     </span>
    </p>
   </div>
   <div class='ocr_carea' id='block_1_119' title="bbox 2183 5533 3763 5608">
    <p class='ocr_par' dir='ltr' id='par_1_119' title="bbox 2183 5533 3763 5608">
     <span class='ocr_line' id='line_1_119' title="bbox 2183 5533 3763 5608; baseline -0.003 -15"><span class='ocrx_word' id='word_1_895' title='bbox 2183 5539 2362 5603; x_wconf 88' lang='lat' dir='ltr'><strong><em>litora,</em></strong></span> <span class='ocrx_word' id='word_1_896' title='bbox 2411 5540 2801 5608; x_wconf 82' lang='lat' dir='ltr'><strong><em>torquebantur</em></strong></span> <span class='ocrx_word' id='word_1_897' title='bbox 2844 5554 3068 5608; x_wconf 75' lang='lat' dir='ltr'><strong><em>spunue,</em></strong></span> <span class='ocrx_word' id='word_1_898' title='bbox 3093 5548 3148 5592; x_wconf 90' lang='lat' dir='ltr'><strong><em>et</em></strong></span> <span class='ocrx_word' id='word_1_899' title='bbox 3184 5537 3383 5594; x_wconf 87' lang='lat' dir='ltr'><strong><em>ca:rula</em></strong></span> <span class='ocrx_word' id='word_1_900' title='bbox 3412 5536 3632 5591; x_wconf 88' lang='lat' dir='ltr'><strong><em>iverunt</em></strong></span> <span class='ocrx_word' id='word_1_901' title='bbox 3655 5533 3763 5589; x_wconf 80' lang='lat' dir='ltr'><strong><em>dis-</em></strong></span> 
     </span>
    </p>
   </div>
   <div class='ocr_carea' id='block_1_120' title="bbox 2183 5629 3761 5700">
    <p class='ocr_par' dir='ltr' id='par_1_120' title="bbox 2183 5629 3761 5700">
     <span class='ocr_line' id='line_1_120' title="bbox 2183 5629 3761 5700; baseline -0.004 -17"><span class='ocrx_word' id='word_1_902' title='bbox 2183 5638 2463 5685; x_wconf 87' lang='lat' dir='ltr'><strong><em>currentes</em></strong></span> <span class='ocrx_word' id='word_1_903' title='bbox 2487 5630 2656 5685; x_wconf 89' lang='lat' dir='ltr'><strong><em>vitrea</em></strong></span> <span class='ocrx_word' id='word_1_904' title='bbox 2707 5646 2851 5685; x_wconf 87' lang='lat' dir='ltr'><strong><em>rura.</em></strong></span> <span class='ocrx_word' id='word_1_905' title='bbox 2878 5629 3075 5687; x_wconf 80' lang='lat' dir='ltr'><strong><em>Blanda</em></strong></span> <span class='ocrx_word' id='word_1_906' title='bbox 3104 5629 3406 5700; x_wconf 84' lang='lat' dir='ltr'><strong><em>respirante</em></strong></span> <span class='ocrx_word' id='word_1_907' title='bbox 3423 5643 3559 5684; x_wconf 82' lang='lat' dir='ltr'><strong><em>aura</em></strong></span> <span class='ocrx_word' id='word_1_908' title='bbox 3586 5637 3761 5683; x_wconf 83' lang='lat' dir='ltr'><strong><em>trans-</em></strong></span> 
     </span>
    </p>
   </div>
  </div>
