3906 6182
259 239 359 299 709

1340 241 1540 296 LIBER
1574 241 2067 307 PONTIFICALIS,
2090 275 2158 284 —-
2199 244 2375 299 PARS
2414 245 2475 299 ll.

3435 257 3538 311 ’ῖιο

260 361 430 417 misso
466 358 746 413 Adriatico
785 357 905 411 sinu
952 355 1173 412 Eridani
1202 357 1380 429 attigit
1413 366 1617 426 portus,
1643 357 1848 427 ingres-
1875 359 1922 423 A
1953 357 2137 426 reponi
2173 372 2343 425 usque.
2366 357 2432 425 ad
2462 357 2782 411 crastinum.
2822 357 2987 413 Nocte
3016 375 3142 415 vero
3169 363 3423 421 visitabat
3451 370 3539 422 ι..-

260 465 462 519 susque
508 450 721 514 urbem,
763 448 877 517 ipsa
907 447 1064 502 sedes
1090 447 1345 502 alacriter
1372 446 1661 519 [clamans]
1690 463 1847 501 suum

252 541 502 610 suscepit
545 552 839 595 sessorem.
882 538 1013 593 Post
1041 553 1171 593 vero
1208 553 1380 593 annos
1420 547 1533 593 tres
1560 537 1851 593 mditicavit

255 628 478 684 domum
515 629 657 684 infra
702 628 1057 698 episcopium,
1099 644 1261 698 quam
1295 628 1361 684 de
1389 644 1488 683 suo
1514 628 1732 683 nomine
1755 629 1850 683 do—

254 735 405 775 mum
434 720 637 775 Felicis
657 719 973 774 nominavit.

864 829 1092 885 CAPUT
1142 829 1229 884 Vl.

254 923 571 997 Joannicius
618 933 1172 997 ante__prwnarura_tam
1229 923 1431 997 cludent
1474 924 1644 997 ofﬁcia
1691 940 1846 997 sacro

320 995 679 1064 disposuerat.
720 993 855 1064 Ejus
885 993 1208 1064 genéalogia.
1254 994 1508 1063 Ejusdem
1550 994 1716 1064 pietas
1747 994 1846 1046 mi—

322 1061 512 1118 raculo
538 1061 783 1134 probata.
813 1061 1017 1118 Caétera
1044 1061 1114 1117 ad
1144 1063 1198 1117 id
1226 1061 1537 1134 spectantia.

319 1175 496 1245 Igitur
543 1183 835 1245 antequam
876 1173 1185 1243 huiusmodi
1229 1183 1438 1246 strages
1481 1183 1535 1230 et
1578 1176 1843 1245 pernicies

253 1268 390 1322 facta
423 1266 641 1331 fuisset,
686 1268 1118 1336 sapientissimus
1144 1265 1419 1326 Joannicis
1443 1267 1602 1324 istius
1624 1268 1678 1322 iu
1709 1279 1843 1323 tem-

248 1356 472 1429 poribus
504 1356 704 1410 claruit
727 1364 781 1411 et
811 1366 1030 1427 rogatus
1059 1372 1088 1410 a
1118 1357 1371 1426 pontiﬁce
1398 1365 1458 1411 ut
1489 1372 1678 1411 onmes
1703 1358 1843 1411 anti-

245 1449 478 1519 pbonas,
526 1462 663 1517 quas
692 1447 939 1502 canimus
989 1448 1151 1503 modo
1194 1448 1492 1503 Dominicis
1540 1448 1731 1502 diebus
1773 1449 1841 1502 ad

246 1551 491 1601 erucem,
540 1536 655 1591 sive
696 1544 1007 1592 sanctorum
1063 1524 1598 1606 apostolorum,‘aut
1638 1545 1842 1608 marty-

246 1642 387 1692 rum,
425 1628 544 1683 sive
583 1626 979 1694 conl‘essorum,
1028 1644 1130 1683 nec
1173 1645 1278 1682 non
1310 1638 1365 1683 et
1394 1630 1686 1699 virginum,
1724 1630 1839 1699 ipse

1958 447 2140 502 lirmos
2180 446 2527 519 [infirmum],
2579 448 2855 504 deferebat
2921 466 3132 507 emnam
3177 470 3336 524 quam
3381 475 3539 528 τρίτος

1954 553 2083 592 nere
2123 539 2502 608 imperaverat,
2550 540 2817 594 tribuebat
2865 542 3105 607 infirmo,
3152 554 3206 598 et
3252 558 3537 619 postquam

1953 628 2247 698 recipiebat
2284 628 2533 684 inﬁrmus
2570 630 2735 695 vires,
2765 646 2863 700 per
2897 637 3156 691 ecclesias
3189 637 3281 692 Dei
3311 641 3538 696 abscon-

1951 722 2061 777 dite
2102 723 2469 793 gradiebatur,
2503 723 2556 777 in
2594 736 2689 777 sua
2722 739 2779 779 se
2809 726 2968 780 modo
3006 730 3349 796 postmodum
3399 734 3537 788 reei-

1949 815 2150 885 piebat.
2186 815 2567 869 Monasterium
2612 814 2670 869 S.
2717 815 2944 871 Andrcze
2982 820 3228 887 apostoli,
3262 824 3406 892 quod
3433 840 3537 880 vo-

1950 904 2533 973 caturﬂerichomium,
2563 921 2659 960 sua
2688 906 2852 976 ipsius
2877 906 2976 962 fuit
2995 910 3202 966 domus.
3231 913 3534 985 Quingenta

1947 997 2185 1066 pondera
2226 992 2487 1051 librarum
2523 1012 2788 1052 asrearum
2827 1001 3043 1055 vascula
3083 1003 3280 1059 ibidem
3317 1008 3534 1078 reliquit

1948 1084 2000 1138 in
2044 1101 2200 1139 usum
2244 1085 2413 1154 ipsius
2457 1087 2804 1152 monasterii,
2850 1095 2904 1142 et
2936 1106 3098 1160 super
3128 1093 3400 1162 altarium,
3440 1100 3529 1153 ubi

1946 1188 2145 1229 corona
2176 1175 2515 1245 dependebat
2541 1192 2640 1246 per
2670 1179 2949 1234 catenulas
2976 1198 3164 1249 mreas,
3195 1184 3529 1254 dependebat

1948 1263 2096 1319 ﬁlum
2127 1279 2195 1318 ex
2221 1280 2376 1329 auro,
2402 1281 2509 1335 quo
2540 1267 2886 1324 nobilissimae
2910 1280 3135 1326 utuntur
3162 1274 3399 1344 virgines
3422 1276 3530 1330 Ra-

1943 1356 2246 1411 vennianm.
2291 1356 2347 1410 In
2394 1355 2572 1410 fronte
2609 1359 2805 1426 posuit.
2851 1360 2918 1413 Et
2953 1360 3042 1414 ubi
3079 1378 3293 1417 coronae
3330 1367 3530 1434 pende-

1943 1447 2097 1511 bant,
2125 1463 2222 1517 per
2250 1447 2528 1501 catenulas
2562 1463 2733 1502 aereas
2760 1447 3136 1518 dependebant
3165 1467 3314 1507 zonae
3349 1470 3527 1509 aureae

1944 1539 2265 1605 muliebres,
2302 1548 2356 1594 et
2381 1542 2635 1610 suspendi
2672 1543 2949 1612 prteccpit.
3002 1542 3242 1598 Dicendo
3294 1547 3361 1601 de
3409 1548 3526 1602 viro

1942 1630 2047 1684 isto
2083 1630 2212 1701 (non
2237 1635 2452 1684 tantum
2478 1646 2577 1699 pro
2606 1631 2775 1701 gloria
2810 1632 2996 1700 prolis,
3032 1633 3125 1687 sed
3156 1642 3215 1687 ut
3240 1635 3382 1691 illius
3413 1653 3525 1691 ma-

242 1731 544 1793 exponeret.
568 1738 674 1778 non
699 1722 874 1778 solum
896 1724 1103 1780 Latinis
1129 1725 1361 1794 eloquiis
1384 1727 1477 1780 sed
1504 1726 1669 1780 etiam
1695 1725 1841 1781 Gne—
1866 1732 1913 1790 Β
1941 1719 2324 1775 nifestaremus
2346 1720 2529 1791 opera)
2558 1736 2656 1790 per
2684 1722 2849 1776 multa
2880 1723 3091 1792 longius
3119 1725 3312 1781 itinera
3336 1744 3364 1780 a
3386 1744 3522 1797 pon-

242 1813 319 1867 cis
347 1812 559 1878 verbis,
589 1812 716 1882 quia
744 1813 796 1867 in
826 1820 1057 1882 utraque
1082 1813 1264 1885 lingua
1288 1813 1388 1869 fuit
1415 1815 1684 1871 maximus
1711 1832 1837 1871 ora-

242 1913 342 1958 tor.
376 1902 463 1956 Ex
498 1904 615 1973 ipsa
644 1910 825 1957 autem
857 1904 1067 1967 arbore,
1097 1912 1153 1958 et
1179 1920 1245 1958 ex
1279 1903 1440 1977 [ejus]
1472 1907 1835 1976 generositate

242 1993 511 2048 habemus
580 1993 959 2059 ramuscolos,
1025 2002 1083 2049 et
1146 2004 1488 2066 pronepotes.
1556 1995 1833 2053 Joannicis

237 2083 443 2155 Agnem
489 2085 697 2154 genuit,
741 2083 922 2156 Agnes
959 2085 1231 2142 Andream
1260 2090 1584 2156 procreavit.
1621 2090 1697 2144 Ex
1723 2090 1833 2144 An-

236 2176 363 2231 drea
392 2175 629 2233 Basilius
655 2186 816 2233 natus
838 2186 944 2245 est,
976 2179 1317 2250 Basiliusque
1345 2183 1532 2252 genuit
1557 2183 1829 2239 Andream

234 2267 617 2339 presbyterum
662 2269 926 2324 editorem
979 2269 1140 2339 hujus
1177 2272 1525 2328 Pontiﬁcalis.
1565 2273 1671 2330 Sed
1712 2291 1831 2345 qua:

235 2360 348 2430 ejus
386 2360 663 2426 notarius,
691 2361 784 2431 qui
810 2370 1000 2431 postea
1037 2362 1198 2433 hujus
1229 2373 1431 2421 sancta:
1472 2365 1715 2421 ecclesiae
1762 2365 1830 2420 ab

234 2466 297 2506 eo
320 2453 576 2507 eruditus
617 2452 940 2507 scriniarius
976 2451 1077 2507 fuit
1115 2454 1333 2509 nomine
1367 2454 1585 2511 Hilarus
1611 2457 1678 2510 ad
1710 2456 1829 2526 ejus

235 2549 491 2612 nepotem
521 2540 693 2596 lilium
734 2541 856 2597 filiae
882 2558 1011 2608 suae,
1044 2543 1331 2599 Andraaam
1365 2555 1425 2601 ut
1464 2547 1698 2603 diximus
1728 2563 1827 2603 no-

233 2632 399 2698 mine,
434 2646 603 2686 avum
637 2647 817 2687 meum
850 2643 1063 2703 patrem
1095 2636 1288 2690 matris
1318 2652 1452 2691 mea}
1479 2636 1672 2709 [patris
1694 2638 1824 2712 mei]

234 2720 299 2775 de
325 2735 395 2776 eo
427 2721 639 2787 retulit,
675 2721 727 2776 in
754 2721 992 2777 medium
1018 2723 1383 2794 proferamus.
1421 2725 1558 2783 Cum
1589 2744 1688 2798 per
1716 2730 1828 2784 sin-

232 2813 379 2883 gulas
402 2821 603 2868 noctes
622 2828 719 2883 per
746 2824 1057 2870 sanctorum
1082 2816 1180 2871 Dei
1203 2818 1462 2874 ecclesias
1483 2821 1823 2890 graderetur,
1876 2825 1885 2832 '

230 2912 282 2959 et
300 2905 520 2960 tardius
547 2904 618 2959 ad
639 2920 794 2960 suam
821 2905 1116 2962 diverteret
1142 2907 1383 2975 domum,
1413 2910 1655 2964 notarius
1686 2911 1822 2980 ejus,

1942 1809 2086 1866 tilice
2116 1811 2294 1881 vagati
2321 1826 2537 1878 sumus;
2583 1813 2675 1866 sed
2716 1812 2857 1881 quod
2900 1814 3065 1868 semel
3102 1816 3388 1885 cmpimus,
3430 1834 3519 1872 re-

1936 1901 2181 1972 linquere
2205 1917 2313 1958 non
2341 1918 2647 1972 possumus,
2691 1902 2863 1958 donec
2902 1904 3233 1973 expleamus.
3271 1905 3348 1961 De
3377 1908 3522 1965 illius

1936 1993 2143 2048 tumulo
2192 1995 2485 2064 requisivi;
2532 1994 2763 2049 firmiter
2808 2004 2862 2052 et
2901 1997 3102 2052 certius
3149 1998 3332 2052 inveni
3377 1999 3519 2054 sicut

1934 2085 2069 2139 mihi
2110 2085 2330 2141 Maurus
2372 2086 2632 2142 diaconus
2661 2102 2798 2157 pene
2826 2086 2941 2142 dies
2977 2103 3085 2141 xxx
3128 2088 3333 2154 retulit,
3373 2091 3517 2159 quod

1931 2189 1999 2230 ex
2030 2173 2497 2247 Constantinopoli
2544 2177 2757 2232 rediens
2784 2177 2947 2243 dixit;
2991 2178 3060 2233 ad
3102 2189 3335 2248 portam,
3387 2195 3507 2250 qua:

1931 2276 2158 2323 vocatur
2171 2268 2349 2323 Aurea
2374 2268 2573 2322 ibidem
2602 2268 2770 2338 ipsius
2795 2268 3006 2323 modica
3033 2270 3257 2326 ecclesia
3285 2279 3389 2339 est,
3416 2272 3518 2327 ibi-

1931 2375 2037 2430 que
2062 2359 2162 2427 fui,
2188 2367 2243 2416 et
2266 2361 2320 2416 in
2351 2360 2539 2415 eodem
2573 2359 2772 2430 templo
2796 2374 2987 2429 preces
3016 2363 3373 2432 omnipotenti
3400 2365 3514 2421 Deo

1931 2448 2062 2504 fudi.

2530 2520 2782 2576 CAPUT‘
2798 2520 2906 2575 Vll.

1930 2608 2128 2681 Felicis
2184 2626 2363 2681 Opera.
2411 2609 2488 2664 Ab
2534 2628 2594 2664 eo
2638 2611 2874 2681 reliquiae
2920 2621 3221 2666 sanctorum
3263 2615 3507 2672 conditm.

2001 2680 2195 2755 Bogot,
2225 2690 2315 2755 Aut‘
2333 2697 2368 2755 _a
2407 2697 2462 2734 se
2485 2682 2677 2755 scripta
2703 2683 2811 2750 igm
2853 2680 3248 2755 conﬁrmentur.
3299 2683 3507 2755 Colligit

1999 2748 2056 2804 S.
2086 2748 2235 2805 Petri
2279 2748 2598 2825 C‘hrysologi‘
2629 2748 2911 2805 sermones.
2951 2751 3088 2821 Ejus
3126 2768 3290 2819 mors,
3338 2748 3513 2825 sepul-

1998 2837 2145 2873 crum
2167 2830 2214 2873 et
2244 2820 2586 2890 epitaphium.

1997 2909 2164 2979 lgitur
2190 2910 2542 2964 beatissimus
2564 2910 2653 2965 hic
2677 2908 2824 2964 Felix
2852 2918 2975 2980 post
2999 2911 3197 2966 aditam
3224 2912 3509 2969 ecclesiam

230 3016 391 3071 quem
434 2999 690 3069 superius
733 3000 1165 3064 nominavimus,
1203 2999 1392 3055 volens
1422 3000 1623 3056 inlicita
1660 3017 1819 3072 pene-
1927 3000 2126 3055 multas
2148 2999 2407 3070 reliquias
2436 3000 2699 3066 condidit,
2728 3008 2783 3055 et
2811 3002 3033 3072 paginas
3061 3016 3129 3056 ex
3160 3011 3386 3074 argento
3413 3020 3510 3061 ex-

230 3101 393 3159 trare,
445 3106 571 3162 qua:
614 3106 776 3146 nosse
815 3091 865 3146 ei
898 3106 1006 3145 non
1047 3091 1244 3156 fuerat,
1282 3092 1337 3145 in
1384 3091 1600 3147 silentio
1650 3096 1823 3150 noctis
1850 3079 1895 3144 C
1929 3091 2127 3156 truxit,
2184 3098 2240 3144 et
2292 3089 2565 3160 supercilii
2623 3106 2809 3145 arcum
2870 3090 3104 3164 [versus]
3166 3095 3506 3152 continentes

228 3185 506 3241 eonticinii
536 3185 677 3240 hora
717 3198 944 3254 surgens
972 3183 1039 3239 de
1069 3183 1324 3239 mollibus
1365 3183 1582 3249 stratis,
1623 3186 1691 3240 ad
1729 3199 1820 3239 ec-

227 3279 452 3335 clesiam
490 3277 553 3332 B.
595 3274 821 3331 Joannis
857 3276 1207 3346 evangelista:
1235 3276 1340 3330 iter
1368 3277 1617 3345 arripuit.
1659 3274 1826 3331 Nota-

226 3371 338 3425 rius
378 3383 515 3424 vero
552 3366 670 3436 ejus
702 3366 881 3423 factus
921 3375 1005 3421 est
1043 3382 1167 3422 eum
1203 3382 1288 3431 eo,
1333 3375 1396 3421 ut
1438 3367 1649 3423 videret
1695 3368 1826 3438 quid

225 3468 432 3533 ageret.
478 3458 707 3513 Dicebat
736 3458 880 3513 enim
914 3457 1057 3511 intra
1098 3471 1159 3511 se
1191 3475 1204 3510 :
1237 3455 1442 3510 Videbo
1464 3456 1507 3511 si
1532 3457 1694 3512 homo
1724 3457 1825 3512 iste

226 3562 389 3608 nocte
426 3550 567 3606 clam
608 3564 731 3604 cum
777 3549 1019 3604 exarcho
1049 3548 1197 3602 ineat
1226 3547 1532 3614 consilium,
1565 3556 1658 3603 aut
1686 3548 1825 3605 forte

223 3660 345 3699 cum
402 3641 788 3697 meretricibus
840 3640 1170 3705 delectetur;
1224 3648 1318 3694 aut
1360 3656 1459 3711 pro
1505 3657 1610 3709 qua
1662 3657 1821 3697 causa

226 3734 376 3789 solus
404 3732 677 3803 graditur.
709 3730 953 3800 Cumque
981 3732 1321 3801 pervenisset
1345 3732 1638 3802 praedictus
1663 3731 1824 3786 Joan-

224 3826 362 3879 nieis
414 3829 547 3878 ante
593 3822 834 3891 ejusdem
875 3821 1042 3890 pilam
1089 3821 1179 3894 [Id
1215 3831 1290 3875 est
1332 3830 1571 3893 portam,
1600 3821 1821 3894 Bac/1.]

224 3915 492 3978 ecclesias,
529 3913 717 3968 statim
756 3911 1042 3981 patefacta}
1081 3910 1423 3979 suntjanuai,
1451 3920 1506 3966 et
1531 3921 1730 3979 vectes,
1771 3920 1827 3967 et

226 4023 393 4065 serrae
422 4008 481 4062 in
515 4005 677 4060 aliam
705 4005 883 4060 tacita:
912 4005 1115 4059 evulsas
1140 4012 1533 4074 sunt'partem.
1566 4006 1634 4059 Et
1661 4021 1824 4061 orans

223 4099 536 4156 diutissime
581 4104 707 4151 ante
764 4104 1111 4165 conSpectum
1158 4093 1489 4160 Salvatoris,
1536 4096 1587 4149 iu
1641 4096 1823 4151 ardiea

227 4188 476 4243 ecclesiae
516 4185 689 4255 ipsius
724 4183 955 4254 apostoli
997 4184 1272 4254 ingressus
1315 4191 1419 4249 est,
1454 4192 1509 4239 et
1535 4184 1821 4253 patefactis

221 4280 482 4335 omnibus
516 4277 794 4341 claustris,
825 4290 1030 4345 pronus
1060 4275 1115 4329 in
1145 4284 1294 4331 terra
1324 4274 1520 4330 oravit.
1552 4273 1683 4330 Post
1701 4291 1823 4329 ora-

227 4371 432 4427 tionem
480 4369 732 4433 recessit,
769 4375 824 4422 et
845 4365 1025 4436 ianua:
1049 4367 1247 4422 clausae
1279 4376 1425 4432 sunt,
1468 4367 1649 4421 omnia
1695 4365 1817 4423 illo-

1923 3181 1998 3235 ita
2025 3221 2039 3234 .
2083 3219 2097 3234 .
2141 3220 2155 3234 .
2200 3219 2215 3233 .
2260 3222 2274 3235 .
2319 3221 2332 3234 .
2379 3219 2393 3234 .
2439 3220 2452 3233 .
2498 3218 2512 3233 .
2557 3219 2572 3234 .
2617 3221 2631 3235 .
2677 3220 2691 3234 .
2726 3182 3028 3253 Multasque
3062 3184 3258 3240 ibidem
3289 3196 3507 3243 sancto-

1923 3289 2042 3327 rum
2097 3270 2354 3342 reliquias
2399 3271 2662 3338 condidit,
2711 3281 2765 3327 et
2791 3288 3011 3343 capsam
3043 3275 3096 3330 in
3126 3276 3285 3332 altari
3316 3291 3385 3331 ex
3413 3294 3507 3349 cy—

1920 3363 2168 3435 pressino
2198 3362 2339 3418 facta
2369 3362 2499 3429 fuit;
2539 3371 2700 3433 atque
2736 3379 2904 3433 usque
2931 3366 2998 3419 ad
3026 3364 3343 3422 Petronacis
3371 3382 3503 3438 pon-

1927 3456 2087 3511 tiﬁcis
2131 3463 2360 3525 tempus,
2392 3469 2554 3525 quam
2599 3455 2941 3524 postmodum
2983 3453 3202 3525 Sergius
3242 3458 3502 3516 diaconus

1923 3546 2060 3601 abba
2092 3545 2407 3600 monasterii
2454 3544 2511 3599 S.
2554 3543 2931 3599 Bartholomasi
2960 3548 3210 3615 apostoli,
3245 3551 3336 3604 ubi
3365 3565 3503 3619 prm-

1924 3636 2101 3692 dictus
2148 3635 2387 3705 pontifex
2445 3633 2582 3688 abba
2630 3643 2684 3688 et
2736 3635 3015 3701 diaconus,
3067 3646 3122 3690 et
3170 3638 3329 3693 istius
3358 3641 3503 3695 sedis

1924 3740 2240 3782 (economus
2277 3724 2400 3791 fuit,
2447 3733 2502 3780 et
2540 3725 2628 3778 ubi
2658 3726 2769 3780 Deo
2792 3725 3016 3793 juvante
3036 3738 3159 3799 post
3184 3732 3500 3800 prtedictmn

1926 3815 2175 3888 Sergium
2217 3816 2501 3871 diaconum
2530 3831 2597 3870 ex
2627 3815 2745 3885 ejus
2788 3817 3035 3887 largitate
3084 3835 3229 3874 nunc
3260 3836 3291 3875 a
3321 3822 3503 3878 divino

1925 3916 2061 3962 nutu
2090 3908 2228 3962 abba
2257 3907 2452 3972 existo,
2495 3907 2814 3976 praedictum
2864 3909 3112 3965 altarium
3160 3915 3390 3969 removit
3435 3931 3499 3970 ex

1923 3999 2207 4068 proconiso
2232 3998 2429 4068 lapide,
2471 4013 2594 4052 cum
2640 3999 2869 4055 diversis
2899 4003 3261 4059 marmoribus
3291 4009 3503 4062 ornatis

1924 4086 2170 4150 mirifice,
2204 4088 2344 4142 inter
2363 4103 2499 4158 quos
2525 4097 2579 4143 et
2602 4105 2702 4160 ego
2731 4105 2894 4161 opera
2931 4094 3322 4151 deeoravimus.
3351 4098 3504 4156 Fecit

1922 4178 2012 4251 hic
2040 4176 2384 4232 beatissimus
2419 4176 2571 4232 Felix
2606 4178 3002 4248 salutatorium,
3031 4184 3173 4239 unde
3200 4187 3502 4254 procedunt

1921 4287 2091 4341 usque
2139 4271 2299 4326 hodie
2342 4272 2626 4342 porrtilices
2656 4274 2723 4327 ad
2751 4274 3030 4330 introitum
3061 4277 3373 4345 missarum,
3402 4295 3500 4349 pa-

1924 4363 2028 4417 lam
2057 4363 2268 4433 populis
2296 4363 2634 4428 videntibus;
2667 4374 2721 4419 et
2745 4381 2907 4437 super
2928 4364 3096 4440 ips1us
3117 4369 3293 4441 regias
3320 4369 3500 4428 inveni

229 4475 344 4519 tum
375 4467 725 4515 arctamenta
752 4458 1145 4517 discurrerunt,
1180 4472 1519 4526 unaquaeque
1550 4456 1603 4510 in
1640 4455 1819 4512 locum
1842 4427 1895 4485 D
1921 4453 2182 4523 scriptum
2209 4454 2572 4509 continentem
2604 4455 2679 4511 ita
2707 4473 2720 4510 :

225 4567 404 4611 Suum.
461 4551 669 4607 Videns
704 4551 821 4606 haec
856 4549 1038 4604 omnia
1068 4548 1286 4604 Hilarus
1313 4548 1582 4603 obmutuit
1608 4563 1817 4603 amens.

223 4655 275 4702 et
306 4643 595 4702 abdicavit
629 4656 690 4697 se
728 4641 783 4696 in
816 4640 1012 4711 angulo
1050 4639 1217 4709 ipsius
1246 4638 1475 4704 introiti,
1503 4639 1596 4694 ubi
1625 4653 1822 4707 corpus

224 4752 379 4792 suum
433 4735 558 4790 sine
604 4733 784 4788 anima
829 4746 930 4802 pro
974 4729 1092 4801 ipso
1137 4731 1449 4789 testimonio
1499 4731 1631 4801 poni
1682 4729 1821 4785 infra

223 4840 507 4882 marmore
549 4823 733 4893 jussit.
771 4823 841 4893 Et
879 4837 1002 4879 cum
1042 4823 1379 4892 pervenisset
1411 4823 1479 4877 ad
1507 4821 1708 4884 locum,
1744 4821 1821 4877 le—

223 4920 366 4974 niter
408 4917 601 4973 emisit
634 4930 845 4978 vocem,
876 4914 1062 4968 dicens
1087 4932 1100 4967 :
1131 4913 1334 4977 Hilare,
1360 4928 1460 4968 cur
1489 4920 1541 4968 te
1564 4912 1817 4982 proripis,

222 5016 277 5061 et
304 5008 393 5062 vis
426 5006 640 5059 latere?
677 5004 830 5072 Quod
858 5002 1062 5066 vidisti,
1100 5016 1378 5072 quousque
1406 5017 1508 5072 ego
1535 5002 1678 5067 vivo,
1721 5017 1817 5057 ne-

224 5099 356 5152 mini
381 5098 565 5152 dicas.
588 5096 743 5163 Quod
770 5096 815 5150 si
846 5110 933 5150 me
956 5094 1173 5150 vivente
1194 5093 1418 5159 dixeris,
1447 5093 1631 5149 statim
1665 5094 1815 5147 inva-

224 5190 373 5245 deris
419 5205 453 5243 a
494 5198 689 5243 morte.
741 5186 1158 5243 Testilicabatur
1201 5194 1257 5240 et
1297 5186 1402 5240 alia
1445 5185 1511 5241 de
1556 5201 1639 5246 eo.
1690 5186 1816 5254 quia

225 5276 279 5331 in
299 5292 656 5348 quocumque
679 5293 799 5333 .oco
822 5278 1031 5348 hyemis
1059 5286 1298 5346 tempore
1324 5276 1621 5344 aspiciebat
1651 5276 1703 5329 in
1732 5277 1819 5330 die

225 5384 554 5439 pauperem,
586 5377 639 5423 et
663 5370 751 5424 ubi
782 5368 1027 5423 inﬁrmos
1051 5368 1281 5432 videbat,
1305 5366 1527 5437 jubebat
1555 5367 1655 5421 sibi
1687 5382 1821 5436 prae-

230 5474 415 5526 parari
435 5473 671 5521 caenam,
695 5466 892 5513 etcum
915 5466 1040 5511 ante
1061 5472 1184 5511 eum
1207 5454 1537 5519 attulissent,
1564 5463 1621 5507 ut
1647 5463 1820 5523 gusta-

234 5556 339 5601 ret.
382 5549 681 5602 simulabat
727 5546 1146 5617 gravitudinem,
1189 5554 1244 5598 et
1280 5542 1506 5611 jubebat
1551 5545 1815 5615 integrum

2046 4563 2214 4613 Forma
2240 4563 2329 4613 loci
2352 4564 2532 4615 dudum

2109 4627 2349 4688 Squalbda
2370 4628 2457 4676 sed
2482 4637 2664 4691 tantum
2688 4630 2854 4691 pervia
2881 4629 3039 4691 plebis
3061 4637 3188 4683 erat.

2051 4687 2306 4750 Postquam
2331 4690 2572 4750 pontiﬁcis
2591 4687 2784 4740 meritis
2799 4687 3127 4750 juveneseere
3148 4706 3247 4745 Visa
3272 4698 3366 4745 est.

2114 4748 2328 4813 Vicinum
2356 4749 2586 4813 Ecclesia;
2609 4748 2816 4813 concipit
2840 4755 2951 4803 inde
2976 4756 3124 4803 diem.

2044 4808 2538 4879 Turbahsacerdotum
2551 4813 2736 4879 melius
2751 4808 2871 4863 hinc
2894 4821 3056 4877 pergit
3082 4820 3127 4863 in
3148 4814 3304 4879 aulam
3326 4855 3340 4879 ,

2107 4869 2321 4938 Oblitum
2347 4869 3022 4938 nescitglinqueregpaslorem
3050 4869 3385 4938 (pontiﬁcem).

2049 4934 2146 4996 Per
2179 4933 2364 4981 medios
2386 4933 2837 4996 gradiens'populos
2857 4933 3138 4984 reverentia
3162 4933 3374 4996 crescit,

2107 4994 2226 5044 Cum
2249 5005 2398 5053 super
2423 4993 2627 5042 ell'undat
2650 4997 2841 5055 cognita
2872 4998 3017 5043 verba
3043 4998 3151 5045 Dei.

2047 5057 2187 5123 Hune
2214 5055 2360 5123 ritum
2382 5064 2551 5103 servet
2572 5057 2773 5123 veniens
2795 5057 3071 5123 quicunque
3095 5058 3322 5123 sacerdos
3342 5084 3353 5123 ;

2112 5117 2250 5174 (Nam
2274 5116 2369 5178 via,
2395 5129 2505 5176 qua:
2529 5118 2685 5178 media
2713 5124 2806 5174 est,
2833 5117 2924 5162 lixa
2946 5130 3146 5166 nianere
3167 5119 3306 5167 solet.

2051 5178 2260 5243 ltepara‘t
2284 5175 2385 5224 haec
2407 5175 2601 5225 meritis
2625 5176 2762 5243 felix,
2786 5178 3061 5243 dignusque
3085 5181 3353 5243 sacerdos.)

2111 5235 2209 5287 Nec
2228 5235 2378 5298 tinem
2402 5245 2566 5285 teneat
2593 5235 2871 5298 pontiﬁcali}
2895 5235 3038 5296 apex.

2052 5301 2195 5411 Fama
2228 5296 2402 5390 lgquax
2426 5305 2584 5348 tantos
2596 5296 2844 5361 nunquam
2870 5301 3096 5349 reticebit
3119 5300 3357 5359 honores,

2150 5374 2223 5411 am

2131 5363 2223 5411 iam
2244 5363 2333 5411 ⁸...

1922 5455 2169 5521 Quicum
2192 5470 2359 5524 prope
2390 5463 2534 5510 esset
2569 5453 2761 5508 vicina:
2801 5452 2964 5508 morti
3007 5450 3275 5519 adjuravit
3320 5466 3497 5506 sacer-

1924 5546 2078 5599 dotes
2126 5553 2181 5599 et
2224 5544 2418 5610 cleros,
2467 5552 2527 5599 ut
2576 5545 2900 5612 quicumque
2947 5556 3011 5596 ex
3062 5538 3177 5608 ejus
3225 5536 3499 5598 habuisset

303 5669 333 5696 ι
362 5652 492 5710 Not.
520 5669 719 5726 marg.,
757 5653 895 5709 Nam
921 5664 1075 5710 antea
1098 5653 1162 5708 de
1183 5652 1467 5718 vespertino
1505 5651 1818 5708 salutatoria
1857 5663 1967 5709 erat
1991 5654 2203 5719 eqressir
