  <div class='ocr_page' id='page_1' title='image "/cluster/home/n/w/nwhite01/storage/ocr_20150623/106/hvd.32044054759717/361.png"; bbox 0 0 3906 6182; ppageno 0'>
   <div class='ocr_carea' id='block_1_1' title="bbox 439 247 535 301">
    <p class='ocr_par' dir='ltr' id='par_1_1' title="bbox 439 247 535 301">
     <span class='ocr_line' id='line_1_1' title="bbox 439 247 535 301; baseline 0 -2"><span class='ocrx_word' id='word_1_1' title='bbox 439 247 535 301; x_wconf 82' lang='grc' dir='ltr'><strong>7ιι</strong></span> 
     </span>
    </p>
   </div>
   <div class='ocr_carea' id='block_1_2' title="bbox 1184 230 2019 297">
    <p class='ocr_par' dir='ltr' id='par_1_2' title="bbox 1184 234 2019 292">
     <span class='ocr_line' id='line_1_2' title="bbox 1184 234 2019 292; baseline -0.004 -1"><span class='ocrx_word' id='word_1_2' title='bbox 1184 236 1476 292; x_wconf 73' lang='lat' dir='ltr'><strong>AGNELLI</strong></span> <span class='ocrx_word' id='word_1_3' title='bbox 1511 235 1802 291; x_wconf 80' lang='lat' dir='ltr'><strong>ABBATIS</strong></span> <span class='ocrx_word' id='word_1_4' title='bbox 1846 234 1904 290; x_wconf 66' lang='grc' dir='ltr'><strong>Β.</strong></span> <span class='ocrx_word' id='word_1_5' title='bbox 1949 234 2019 288; x_wconf 56' lang='lat' dir='ltr'><strong>Mf</strong></span> 
     </span>
    </p>
   </div>
   <div class='ocr_carea' id='block_1_3' title="bbox 2122 230 3015 297">
    <p class='ocr_par' dir='ltr' id='par_1_3' title="bbox 2122 230 3015 297">
     <span class='ocr_line' id='line_1_3' title="bbox 2122 230 3015 297; baseline -0.009 -6"><span class='ocrx_word' id='word_1_6' title='bbox 2122 232 2188 291; x_wconf 70' lang='grc' dir='ltr'><strong>ίΕ</strong></span> <span class='ocrx_word' id='word_1_7' title='bbox 2222 230 2312 289; x_wconf 79' lang='lat' dir='ltr'><strong>AD</strong></span> <span class='ocrx_word' id='word_1_8' title='bbox 2349 230 2824 297; x_wconf 73' lang='lat' dir='ltr'><strong>BLACHERNAS,</strong></span> <span class='ocrx_word' id='word_1_9' title='bbox 2865 230 3015 286; x_wconf 81' lang='lat' dir='ltr'><strong>ETC.</strong></span> 
     </span>
    </p>
   </div>
   <div class='ocr_carea' id='block_1_4' title="bbox 3583 231 3683 284">
    <p class='ocr_par' dir='ltr' id='par_1_4' title="bbox 3583 231 3683 284">
     <span class='ocr_line' id='line_1_4' title="bbox 3583 231 3683 284; baseline 0.02 -2"><span class='ocrx_word' id='word_1_10' title='bbox 3583 231 3683 284; x_wconf 62' lang='lat' dir='ltr'><strong>7i?</strong></span> 
     </span>
    </p>
   </div>
   <div class='ocr_carea' id='block_1_5' title="bbox 434 343 3689 419">
    <p class='ocr_par' dir='ltr' id='par_1_5' title="bbox 434 343 3689 419">
     <span class='ocr_line' id='line_1_5' title="bbox 434 343 3689 419; baseline -0.004 -6"><span class='ocrx_word' id='word_1_11' title='bbox 434 353 685 414; x_wconf 87' lang='lat' dir='ltr'><strong>homeliis</strong></span> <span class='ocrx_word' id='word_1_12' title='bbox 729 359 822 406; x_wconf 91' lang='lat' dir='ltr'><strong>aut</strong></span> <span class='ocrx_word' id='word_1_13' title='bbox 865 364 1215 419; x_wconf 57' lang='lat' dir='ltr'><strong>quacumque</strong></span> <span class='ocrx_word' id='word_1_14' title='bbox 1258 350 1421 413; x_wconf 89' lang='lat' dir='ltr'><strong>dicta,</strong></span> <span class='ocrx_word' id='word_1_15' title='bbox 1468 357 1593 403; x_wconf 83' lang='lat' dir='ltr'><strong>ante</strong></span> <span class='ocrx_word' id='word_1_16' title='bbox 1624 364 1747 403; x_wconf 89' lang='lat' dir='ltr'><strong>eum</strong></span> <span class='ocrx_word' id='word_1_17' title='bbox 1790 346 2004 401; x_wconf 88' lang='lat' dir='ltr'><strong>attulis—</strong></span> <span class='ocrx_word' id='word_1_18' title='bbox 2037 351 2081 409; x_wconf 82' lang='grc' dir='ltr'>Α</span> <span class='ocrx_word' id='word_1_19' title='bbox 2110 343 2343 399; x_wconf 83' lang='lat' dir='ltr'><strong>fossione</strong></span> <span class='ocrx_word' id='word_1_20' title='bbox 2384 345 2444 397; x_wconf 82' lang='lat' dir='ltr'><strong>B.</strong></span> <span class='ocrx_word' id='word_1_21' title='bbox 2491 343 2630 419; x_wconf 80' lang='lat' dir='ltr'><strong>Pctri</strong></span> <span class='ocrx_word' id='word_1_22' title='bbox 2664 344 2903 419; x_wconf 83' lang='lat' dir='ltr'><strong>Apostoli</strong></span> <span class='ocrx_word' id='word_1_23' title='bbox 2951 345 3122 419; x_wconf 74' lang='lat' dir='ltr'><strong>posita</strong></span> <span class='ocrx_word' id='word_1_24' title='bbox 3169 352 3289 413; x_wconf 87' lang='lat' dir='ltr'><strong>post</strong></span> <span class='ocrx_word' id='word_1_25' title='bbox 3332 343 3689 419; x_wconf 82' lang='lat' dir='ltr'><strong>multos_dies</strong></span> 
     </span>
    </p>
   </div>
   <div class='ocr_carea' id='block_1_6' title="bbox 437 438 2010 513">
    <p class='ocr_par' dir='ltr' id='par_1_6' title="bbox 437 438 2010 513">
     <span class='ocr_line' id='line_1_6' title="bbox 437 438 2010 513; baseline -0.01 -8"><span class='ocrx_word' id='word_1_26' title='bbox 437 457 575 505; x_wconf 82' lang='lat' dir='ltr'><strong>sent.</strong></span> <span class='ocrx_word' id='word_1_27' title='bbox 605 445 735 513; x_wconf 68' lang='lat' dir='ltr'><strong>Quae</strong></span> <span class='ocrx_word' id='word_1_28' title='bbox 761 457 883 497; x_wconf 92' lang='lat' dir='ltr'><strong>cum</strong></span> <span class='ocrx_word' id='word_1_29' title='bbox 913 442 1092 495; x_wconf 83' lang='lat' dir='ltr'><strong>omnia</strong></span> <span class='ocrx_word' id='word_1_30' title='bbox 1132 449 1255 493; x_wconf 92' lang='lat' dir='ltr'><strong>ante</strong></span> <span class='ocrx_word' id='word_1_31' title='bbox 1282 456 1339 494; x_wconf 90' lang='lat' dir='ltr'><strong>se</strong></span> <span class='ocrx_word' id='word_1_32' title='bbox 1363 440 1520 493; x_wconf 87' lang='lat' dir='ltr'><strong>allata</strong></span> <span class='ocrx_word' id='word_1_33' title='bbox 1554 438 1796 501; x_wconf 80' lang='lat' dir='ltr'><strong>fuissent,</strong></span> <span class='ocrx_word' id='word_1_34' title='bbox 1826 438 2010 492; x_wconf 89' lang='lat' dir='ltr'><strong>statim</strong></span> 
     </span>
    </p>
   </div>
   <div class='ocr_carea' id='block_1_7' title="bbox 428 529 2012 609">
    <p class='ocr_par' dir='ltr' id='par_1_7' title="bbox 428 529 2012 609">
     <span class='ocr_line' id='line_1_7' title="bbox 428 529 2012 609; baseline -0.008 -15"><span class='ocrx_word' id='word_1_35' title='bbox 428 538 592 609; x_wconf 78' lang='lat' dir='ltr'><strong>jussit</strong></span> <span class='ocrx_word' id='word_1_36' title='bbox 620 532 914 605; x_wconf 73' lang='lat' dir='ltr'><strong>praeparari</strong></span> <span class='ocrx_word' id='word_1_37' title='bbox 938 546 1149 603; x_wconf 82' lang='lat' dir='ltr'><strong>pyram,</strong></span> <span class='ocrx_word' id='word_1_38' title='bbox 1187 539 1241 584; x_wconf 90' lang='lat' dir='ltr'><strong>et</strong></span> <span class='ocrx_word' id='word_1_39' title='bbox 1269 544 1458 584; x_wconf 90' lang='lat' dir='ltr'><strong>omnes</strong></span> <span class='ocrx_word' id='word_1_40' title='bbox 1498 529 1746 583; x_wconf 90' lang='lat' dir='ltr'><strong>incendio</strong></span> <span class='ocrx_word' id='word_1_41' title='bbox 1790 542 2012 582; x_wconf 87' lang='lat' dir='ltr'><strong>concre—</strong></span> 
     </span>
    </p>
   </div>
   <div class='ocr_carea' id='block_1_8' title="bbox 441 619 2012 692">
    <p class='ocr_par' dir='ltr' id='par_1_8' title="bbox 441 619 2012 692">
     <span class='ocr_line' id='line_1_8' title="bbox 441 619 2012 692; baseline -0.007 -10"><span class='ocrx_word' id='word_1_42' title='bbox 441 627 628 683; x_wconf 90' lang='lat' dir='ltr'><strong>mavit.</strong></span> <span class='ocrx_word' id='word_1_43' title='bbox 670 624 771 692; x_wconf 85' lang='lat' dir='ltr'><strong>Qui</strong></span> <span class='ocrx_word' id='word_1_44' title='bbox 803 637 926 678; x_wconf 92' lang='lat' dir='ltr'><strong>cum</strong></span> <span class='ocrx_word' id='word_1_45' title='bbox 958 623 1322 691; x_wconf 81' lang='lat' dir='ltr'><strong>interrogatus</strong></span> <span class='ocrx_word' id='word_1_46' title='bbox 1352 636 1381 674; x_wconf 92' lang='lat' dir='ltr'><strong>a</strong></span> <span class='ocrx_word' id='word_1_47' title='bbox 1421 619 1793 675; x_wconf 84' lang='lat' dir='ltr'><strong>sacerdotibus</strong></span> <span class='ocrx_word' id='word_1_48' title='bbox 1823 619 2012 672; x_wconf 84' lang='lat' dir='ltr'><strong>fuisset</strong></span> 
     </span>
    </p>
   </div>
   <div class='ocr_carea' id='block_1_9' title="bbox 437 707 2010 786">
    <p class='ocr_par' dir='ltr' id='par_1_9' title="bbox 437 707 2010 786">
     <span class='ocr_line' id='line_1_9' title="bbox 437 707 2010 786; baseline -0.008 -14"><span class='ocrx_word' id='word_1_49' title='bbox 437 730 605 786; x_wconf 87' lang='lat' dir='ltr'><strong>quare</strong></span> <span class='ocrx_word' id='word_1_50' title='bbox 643 715 747 770; x_wconf 90' lang='lat' dir='ltr'><strong>hoc</strong></span> <span class='ocrx_word' id='word_1_51' title='bbox 787 712 1023 777; x_wconf 80' lang='lat' dir='ltr'><strong>fecisset,</strong></span> <span class='ocrx_word' id='word_1_52' title='bbox 1068 711 1237 765; x_wconf 87' lang='lat' dir='ltr'><strong>dixit:</strong></span> <span class='ocrx_word' id='word_1_53' title='bbox 1265 710 1377 781; x_wconf 87' lang='lat' dir='ltr'><strong>Ego</strong></span> <span class='ocrx_word' id='word_1_54' title='bbox 1421 710 1645 764; x_wconf 89' lang='lat' dir='ltr'><strong>orbatus</strong></span> <span class='ocrx_word' id='word_1_55' title='bbox 1673 709 1738 761; x_wconf 90' lang='lat' dir='ltr'><strong>de</strong></span> <span class='ocrx_word' id='word_1_56' title='bbox 1769 708 1904 761; x_wconf 86' lang='lat' dir='ltr'><strong>meis</strong></span> <span class='ocrx_word' id='word_1_57' title='bbox 1935 707 2010 759; x_wconf 88' lang='lat' dir='ltr'><strong>lu-</strong></span> 
     </span>
    </p>
   </div>
   <div class='ocr_carea' id='block_1_10' title="bbox 437 804 2013 873">
    <p class='ocr_par' dir='ltr' id='par_1_10' title="bbox 437 804 2013 873">
     <span class='ocr_line' id='line_1_10' title="bbox 437 804 2013 873; baseline -0.006 -11"><span class='ocrx_word' id='word_1_58' title='bbox 437 807 671 863; x_wconf 89' lang='lat' dir='ltr'><strong>minibus</strong></span> <span class='ocrx_word' id='word_1_59' title='bbox 710 804 844 859; x_wconf 88' lang='lat' dir='ltr'><strong>nihil</strong></span> <span class='ocrx_word' id='word_1_60' title='bbox 883 805 1065 858; x_wconf 90' lang='lat' dir='ltr'><strong>videre</strong></span> <span class='ocrx_word' id='word_1_61' title='bbox 1108 819 1350 873; x_wconf 90' lang='lat' dir='ltr'><strong>possum,</strong></span> <span class='ocrx_word' id='word_1_62' title='bbox 1390 810 1485 856; x_wconf 89' lang='lat' dir='ltr'><strong>aut</strong></span> <span class='ocrx_word' id='word_1_63' title='bbox 1520 807 1837 864; x_wconf 83' lang='lat' dir='ltr'><strong>retractare,</strong></span> <span class='ocrx_word' id='word_1_64' title='bbox 1877 814 2013 867; x_wconf 84' lang='lat' dir='ltr'><strong>quos</strong></span> 
     </span>
    </p>
   </div>
   <div class='ocr_carea' id='block_1_11' title="bbox 435 890 2011 963">
    <p class='ocr_par' dir='ltr' id='par_1_11' title="bbox 435 890 2011 963">
     <span class='ocr_line' id='line_1_11' title="bbox 435 890 2011 963; baseline -0.006 -11"><span class='ocrx_word' id='word_1_65' title='bbox 435 896 578 952; x_wconf 86' lang='lat' dir='ltr'><strong>edidi</strong></span> <span class='ocrx_word' id='word_1_66' title='bbox 625 896 809 951; x_wconf 90' lang='lat' dir='ltr'><strong>libros.</strong></span> <span class='ocrx_word' id='word_1_67' title='bbox 859 894 1118 949; x_wconf 81' lang='lat' dir='ltr'><strong>Fortasse</strong></span> <span class='ocrx_word' id='word_1_68' title='bbox 1168 908 1268 963; x_wconf 84' lang='lat' dir='ltr'><strong>ego</strong></span> <span class='ocrx_word' id='word_1_69' title='bbox 1313 891 1647 962; x_wconf 89' lang='lat' dir='ltr'><strong>superposui,</strong></span> <span class='ocrx_word' id='word_1_70' title='bbox 1698 898 1789 943; x_wconf 87' lang='lat' dir='ltr'><strong>aut</strong></span> <span class='ocrx_word' id='word_1_71' title='bbox 1835 890 2011 944; x_wconf 89' lang='lat' dir='ltr'><strong>scriba</strong></span> 
     </span>
    </p>
   </div>
   <div class='ocr_carea' id='block_1_12' title="bbox 436 981 2012 1056">
    <p class='ocr_par' dir='ltr' id='par_1_12' title="bbox 436 981 2012 1056">
     <span class='ocr_line' id='line_1_12' title="bbox 436 981 2012 1056; baseline -0.005 -14"><span class='ocrx_word' id='word_1_72' title='bbox 436 988 644 1053; x_wconf 79' lang='lat' dir='ltr'><strong>fefellit,</strong></span> <span class='ocrx_word' id='word_1_73' title='bbox 692 1003 761 1041; x_wconf 92' lang='lat' dir='ltr'><strong>ne</strong></span> <span class='ocrx_word' id='word_1_74' title='bbox 804 987 925 1056; x_wconf 90' lang='lat' dir='ltr'><strong>quis</strong></span> <span class='ocrx_word' id='word_1_75' title='bbox 970 995 1093 1056; x_wconf 89' lang='lat' dir='ltr'><strong>post</strong></span> <span class='ocrx_word' id='word_1_76' title='bbox 1122 1000 1207 1039; x_wconf 88' lang='lat' dir='ltr'><strong>me</strong></span> <span class='ocrx_word' id='word_1_77' title='bbox 1236 983 1434 1046; x_wconf 78' lang='lat' dir='ltr'><strong>veniat,</strong></span> <span class='ocrx_word' id='word_1_78' title='bbox 1486 990 1541 1036; x_wconf 91' lang='lat' dir='ltr'><strong>et</strong></span> <span class='ocrx_word' id='word_1_79' title='bbox 1584 981 1713 1035; x_wconf 82' lang='lat' dir='ltr'><strong>vitia</strong></span> <span class='ocrx_word' id='word_1_80' title='bbox 1763 996 1828 1035; x_wconf 79' lang='lat' dir='ltr'><strong>ex</strong></span> <span class='ocrx_word' id='word_1_81' title='bbox 1876 981 2012 1035; x_wconf 89' lang='lat' dir='ltr'><strong>meis</strong></span> 
     </span>
    </p>
   </div>
   <div class='ocr_carea' id='block_1_13' title="bbox 437 1069 2009 1149">
    <p class='ocr_par' dir='ltr' id='par_1_13' title="bbox 437 1069 2009 1149">
     <span class='ocr_line' id='line_1_13' title="bbox 437 1069 2009 1149; baseline -0.006 -18"><span class='ocrx_word' id='word_1_82' title='bbox 437 1076 679 1149; x_wconf 85' lang='lat' dir='ltr'><strong>proferat</strong></span> <span class='ocrx_word' id='word_1_83' title='bbox 724 1077 925 1131; x_wconf 88' lang='lat' dir='ltr'><strong>verbis.</strong></span> <span class='ocrx_word' id='word_1_84' title='bbox 983 1074 1207 1129; x_wconf 86' lang='lat' dir='ltr'><strong>llabetis</strong></span> <span class='ocrx_word' id='word_1_85' title='bbox 1251 1074 1419 1127; x_wconf 90' lang='lat' dir='ltr'><strong>libros</strong></span> <span class='ocrx_word' id='word_1_86' title='bbox 1471 1070 1791 1142; x_wconf 82' lang='lat' dir='ltr'><strong>Chiysologi</strong></span> <span class='ocrx_word' id='word_1_87' title='bbox 1842 1069 2009 1134; x_wconf 86' lang='lat' dir='ltr'><strong>Petri,</strong></span> 
     </span>
    </p>
   </div>
   <div class='ocr_carea' id='block_1_14' title="bbox 435 1160 2013 1238">
    <p class='ocr_par' dir='ltr' id='par_1_14' title="bbox 435 1160 2013 1238">
     <span class='ocr_line' id='line_1_14' title="bbox 435 1160 2013 1238; baseline -0.005 -17"><span class='ocrx_word' id='word_1_88' title='bbox 435 1183 570 1238; x_wconf 89' lang='lat' dir='ltr'><strong>quos</strong></span> <span class='ocrx_word' id='word_1_89' title='bbox 590 1167 805 1231; x_wconf 75' lang='lat' dir='ltr'><strong>videtis,</strong></span> <span class='ocrx_word' id='word_1_90' title='bbox 830 1174 886 1220; x_wconf 91' lang='lat' dir='ltr'><strong>et</strong></span> <span class='ocrx_word' id='word_1_91' title='bbox 913 1165 1091 1219; x_wconf 88' lang='lat' dir='ltr'><strong>inveni</strong></span> <span class='ocrx_word' id='word_1_92' title='bbox 1124 1161 1477 1236; x_wconf 83' lang='lat' dir='ltr'><strong>[invenietis],</strong></span> <span class='ocrx_word' id='word_1_93' title='bbox 1511 1171 1564 1215; x_wconf 87' lang='lat' dir='ltr'><strong>et</strong></span> <span class='ocrx_word' id='word_1_94' title='bbox 1591 1160 2013 1215; x_wconf 90' lang='lat' dir='ltr'><strong>luculentissime</strong></span> 
     </span>
    </p>
   </div>
   <div class='ocr_carea' id='block_1_15' title="bbox 435 1250 2013 1327">
    <p class='ocr_par' dir='ltr' id='par_1_15' title="bbox 435 1250 2013 1327">
     <span class='ocr_line' id='line_1_15' title="bbox 435 1250 2013 1327; baseline -0.006 -15"><span class='ocrx_word' id='word_1_95' title='bbox 435 1257 670 1327; x_wconf 90' lang='lat' dir='ltr'><strong>scripsit,</strong></span> <span class='ocrx_word' id='word_1_96' title='bbox 710 1258 883 1325; x_wconf 90' lang='lat' dir='ltr'><strong>ipsum</strong></span> <span class='ocrx_word' id='word_1_97' title='bbox 921 1263 1120 1319; x_wconf 87' lang='lat' dir='ltr'><strong>tenete,</strong></span> <span class='ocrx_word' id='word_1_98' title='bbox 1162 1253 1395 1317; x_wconf 87' lang='lat' dir='ltr'><strong>utimini,</strong></span> <span class='ocrx_word' id='word_1_99' title='bbox 1425 1259 1484 1306; x_wconf 93' lang='lat' dir='ltr'><strong>ut</strong></span> <span class='ocrx_word' id='word_1_100' title='bbox 1508 1251 1664 1306; x_wconf 91' lang='lat' dir='ltr'><strong>vobis</strong></span> <span class='ocrx_word' id='word_1_101' title='bbox 1692 1251 1884 1321; x_wconf 88' lang='lat' dir='ltr'><strong>placet.</strong></span> <span class='ocrx_word' id='word_1_102' title='bbox 1919 1250 2013 1303; x_wconf 84' lang='lat' dir='ltr'><strong>llis</strong></span> 
     </span>
    </p>
   </div>
   <div class='ocr_carea' id='block_1_16' title="bbox 437 1343 2012 1419">
    <p class='ocr_par' dir='ltr' id='par_1_16' title="bbox 437 1343 2012 1419">
     <span class='ocr_line' id='line_1_16' title="bbox 437 1343 2012 1419; baseline -0.004 -15"><span class='ocrx_word' id='word_1_103' title='bbox 437 1359 615 1405; x_wconf 88' lang='lat' dir='ltr'><strong>autem</strong></span> <span class='ocrx_word' id='word_1_104' title='bbox 646 1348 873 1419; x_wconf 80' lang='lat' dir='ltr'><strong>expletis</strong></span> <span class='ocrx_word' id='word_1_105' title='bbox 901 1346 1193 1403; x_wconf 87' lang='lat' dir='ltr'><strong>defunctus</strong></span> <span class='ocrx_word' id='word_1_106' title='bbox 1222 1355 1305 1401; x_wconf 90' lang='lat' dir='ltr'><strong>est</strong></span> <span class='ocrx_word' id='word_1_107' title='bbox 1336 1346 1421 1401; x_wconf 90' lang='lat' dir='ltr'><strong>die</strong></span> <span class='ocrx_word' id='word_1_108' title='bbox 1448 1345 1519 1408; x_wconf 69' lang='lat'><strong>25</strong></span> <span class='ocrx_word' id='word_1_109' title='bbox 1546 1345 1747 1400; x_wconf 89' lang='lat' dir='ltr'><strong>mensis</strong></span> <span class='ocrx_word' id='word_1_110' title='bbox 1780 1343 2012 1397; x_wconf 88' lang='lat' dir='ltr'><strong>Novem-</strong></span> 
     </span>
    </p>
   </div>
   <div class='ocr_carea' id='block_1_17' title="bbox 435 1436 2013 1510">
    <p class='ocr_par' dir='ltr' id='par_1_17' title="bbox 435 1436 2013 1510">
     <span class='ocr_line' id='line_1_17' title="bbox 435 1436 2013 1510; baseline -0.004 -14"><span class='ocrx_word' id='word_1_111' title='bbox 435 1443 567 1506; x_wconf 85' lang='lat' dir='ltr'><strong>bris,</strong></span> <span class='ocrx_word' id='word_1_112' title='bbox 605 1441 953 1510; x_wconf 83' lang='lat' dir='ltr'><strong>sepultusque</strong></span> <span class='ocrx_word' id='word_1_113' title='bbox 977 1449 1060 1494; x_wconf 90' lang='lat' dir='ltr'><strong>est</strong></span> <span class='ocrx_word' id='word_1_114' title='bbox 1086 1440 1139 1493; x_wconf 91' lang='lat' dir='ltr'><strong>in</strong></span> <span class='ocrx_word' id='word_1_115' title='bbox 1168 1439 1398 1495; x_wconf 86' lang='lat' dir='ltr'><strong>ecclesia</strong></span> <span class='ocrx_word' id='word_1_116' title='bbox 1432 1439 1491 1492; x_wconf 92' lang='lat' dir='ltr'><strong>B.</strong></span> <span class='ocrx_word' id='word_1_117' title='bbox 1530 1436 1872 1508; x_wconf 86' lang='lat' dir='ltr'><strong>Apollinaris,</strong></span> <span class='ocrx_word' id='word_1_118' title='bbox 1907 1450 2013 1490; x_wconf 89' lang='lat' dir='ltr'><strong>non</strong></span> 
     </span>
    </p>
   </div>
   <div class='ocr_carea' id='block_1_18' title="bbox 435 1528 2014 1606">
    <p class='ocr_par' dir='ltr' id='par_1_18' title="bbox 435 1528 2014 1606">
     <span class='ocr_line' id='line_1_18' title="bbox 435 1528 2014 1606; baseline -0.004 -19"><span class='ocrx_word' id='word_1_119' title='bbox 435 1535 591 1606; x_wconf 83' lang='lat' dir='ltr'><strong>longe</strong></span> <span class='ocrx_word' id='word_1_120' title='bbox 618 1552 648 1590; x_wconf 92' lang='lat' dir='ltr'><strong>a</strong></span> <span class='ocrx_word' id='word_1_121' title='bbox 681 1533 1013 1588; x_wconf 88' lang='lat' dir='ltr'><strong>monasterio</strong></span> <span class='ocrx_word' id='word_1_122' title='bbox 1048 1531 1105 1586; x_wconf 89' lang='lat' dir='ltr'><strong>S.</strong></span> <span class='ocrx_word' id='word_1_123' title='bbox 1146 1530 1429 1596; x_wconf 67' lang='lat' dir='ltr'><strong>Feliculaz;</strong></span> <span class='ocrx_word' id='word_1_124' title='bbox 1464 1529 1902 1600; x_wconf 87' lang='lat' dir='ltr'><strong>epitaphiumque</strong></span> <span class='ocrx_word' id='word_1_125' title='bbox 1937 1528 2014 1597; x_wconf 88' lang='lat' dir='ltr'><strong>ip-</strong></span> 
     </span>
    </p>
   </div>
   <div class='ocr_carea' id='block_1_19' title="bbox 437 1620 1393 1679">
    <p class='ocr_par' dir='ltr' id='par_1_19' title="bbox 437 1620 1393 1679">
     <span class='ocr_line' id='line_1_19' title="bbox 437 1620 1393 1679; baseline -0.006 0"><span class='ocrx_word' id='word_1_126' title='bbox 437 1626 550 1679; x_wconf 86' lang='lat' dir='ltr'><strong>sius</strong></span> <span class='ocrx_word' id='word_1_127' title='bbox 576 1623 864 1679; x_wconf 84' lang='lat' dir='ltr'><strong>invenietis</strong></span> <span class='ocrx_word' id='word_1_128' title='bbox 885 1621 1253 1677; x_wconf 87' lang='lat' dir='ltr'><strong>continentem</strong></span> <span class='ocrx_word' id='word_1_129' title='bbox 1278 1620 1353 1673; x_wconf 91' lang='lat' dir='ltr'><strong>ita</strong></span> <span class='ocrx_word' id='word_1_130' title='bbox 1381 1638 1393 1673; x_wconf 90' lang='lat'>:</span> 
     </span>
    </p>
   </div>
   <div class='ocr_carea' id='block_1_20' title="bbox 500 1720 1708 1784">
    <p class='ocr_par' dir='ltr' id='par_1_20' title="bbox 500 1720 1708 1784">
     <span class='ocr_line' id='line_1_20' title="bbox 500 1720 1708 1784; baseline -0.003 -11"><span class='ocrx_word' id='word_1_131' title='bbox 500 1725 634 1774; x_wconf 81' lang='lat' dir='ltr'><strong>Inter</strong></span> <span class='ocrx_word' id='word_1_132' title='bbox 659 1724 805 1773; x_wconf 86' lang='lat' dir='ltr'><strong>almas</strong></span> <span class='ocrx_word' id='word_1_133' title='bbox 827 1724 1018 1783; x_wconf 87' lang='lat' dir='ltr'><strong>laudes,</strong></span> <span class='ocrx_word' id='word_1_134' title='bbox 1043 1724 1371 1784; x_wconf 82' lang='lat' dir='ltr'><strong>virtutumque</strong></span> <span class='ocrx_word' id='word_1_135' title='bbox 1401 1720 1671 1784; x_wconf 81' lang='lat' dir='ltr'><strong>triumphos</strong></span> <span class='ocrx_word' id='word_1_136' title='bbox 1690 1757 1708 1784; x_wconf 88' lang='lat'><strong>,</strong></span> 
     </span>
    </p>
   </div>
   <div class='ocr_carea' id='block_1_21' title="bbox 500 1783 1576 1861">
    <p class='ocr_par' dir='ltr' id='par_1_21' title="bbox 500 1783 1576 1861">
     <span class='ocr_line' id='line_1_21' title="bbox 500 1783 1576 1861; baseline -0.005 -25"><span class='ocrx_word' id='word_1_137' title='bbox 500 1789 685 1861; x_wconf 63' lang='lat' dir='ltr'><strong>Quibus</strong></span> <span class='ocrx_word' id='word_1_138' title='bbox 706 1783 1253 1861; x_wconf 41' lang='lat' dir='ltr'><strong>coronantitriprfesules</strong></span> <span class='ocrx_word' id='word_1_139' title='bbox 1273 1783 1402 1861; x_wconf 62' lang='lat' dir='ltr'><strong>digni</strong></span> <span class='ocrx_word' id='word_1_140' title='bbox 1423 1783 1537 1861; x_wconf 65' lang='lat' dir='ltr'><strong>Pco</strong></span> <span class='ocrx_word' id='word_1_141' title='bbox 1561 1820 1576 1846; x_wconf 94' lang='lat'><strong>,</strong></span> 
     </span>
    </p>
   </div>
   <div class='ocr_carea' id='block_1_22' title="bbox 500 1842 1485 1907">
    <p class='ocr_par' dir='ltr' id='par_1_22' title="bbox 500 1842 1485 1907">
     <span class='ocr_line' id='line_1_22' title="bbox 500 1842 1485 1907; baseline -0.007 -10"><span class='ocrx_word' id='word_1_142' title='bbox 500 1842 710 1898; x_wconf 70' lang='lat' dir='ltr'><strong>Summae</strong></span> <span class='ocrx_word' id='word_1_143' title='bbox 734 1847 978 1907; x_wconf 68' lang='lat' dir='ltr'><strong>patientia:</strong></span> <span class='ocrx_word' id='word_1_144' title='bbox 1003 1842 1140 1893; x_wconf 75' lang='lat' dir='ltr'><strong>Felix</strong></span> <span class='ocrx_word' id='word_1_145' title='bbox 1167 1851 1349 1907; x_wconf 83' lang='lat' dir='ltr'><strong>amator</strong></span> <span class='ocrx_word' id='word_1_146' title='bbox 1372 1842 1485 1907; x_wconf 80' lang='lat' dir='ltr'><strong>fuit;</strong></span> 
     </span>
    </p>
   </div>
   <div class='ocr_carea' id='block_1_23' title="bbox 502 1904 1687 1968">
    <p class='ocr_par' dir='ltr' id='par_1_23' title="bbox 502 1904 1687 1968">
     <span class='ocr_line' id='line_1_23' title="bbox 502 1904 1687 1968; baseline -0.005 -11"><span class='ocrx_word' id='word_1_147' title='bbox 502 1909 716 1958; x_wconf 75' lang='lat' dir='ltr'><strong>Moribus</strong></span> <span class='ocrx_word' id='word_1_148' title='bbox 735 1904 998 1968; x_wconf 63' lang='lat' dir='ltr'><strong>&#39;przccipuis</strong></span> <span class='ocrx_word' id='word_1_149' title='bbox 1021 1907 1165 1953; x_wconf 89' lang='lat' dir='ltr'><strong>vitam</strong></span> <span class='ocrx_word' id='word_1_150' title='bbox 1185 1906 1395 1968; x_wconf 74' lang='lat' dir='ltr'><strong>digessit</strong></span> <span class='ocrx_word' id='word_1_151' title='bbox 1419 1904 1687 1954; x_wconf 84' lang='lat' dir='ltr'><strong>honestam.</strong></span> 
     </span>
    </p>
   </div>
   <div class='ocr_carea' id='block_1_24' title="bbox 500 1965 1495 2028">
    <p class='ocr_par' dir='ltr' id='par_1_24' title="bbox 500 1965 1495 2028">
     <span class='ocr_line' id='line_1_24' title="bbox 500 1965 1495 2028; baseline -0.005 -10"><span class='ocrx_word' id='word_1_152' title='bbox 500 1965 965 2019; x_wconf 47' lang='lat' dir='ltr'><strong>Pastorali&#39;culmi‘ue</strong></span> <span class='ocrx_word' id='word_1_153' title='bbox 987 1967 1294 2028; x_wconf 76' lang='lat' dir='ltr'><strong>magnanime</strong></span> <span class='ocrx_word' id='word_1_154' title='bbox 1318 1965 1495 2028; x_wconf 82' lang='lat' dir='ltr'><strong>floruit.</strong></span> 
     </span>
    </p>
   </div>
   <div class='ocr_carea' id='block_1_25' title="bbox 502 2027 1761 2088">
    <p class='ocr_par' dir='ltr' id='par_1_25' title="bbox 502 2027 1761 2088">
     <span class='ocr_line' id='line_1_25' title="bbox 502 2027 1761 2088; baseline -0.002 -10"><span class='ocrx_word' id='word_1_155' title='bbox 502 2029 608 2080; x_wconf 91' lang='lat' dir='ltr'><strong>Uno</strong></span> <span class='ocrx_word' id='word_1_156' title='bbox 636 2038 833 2079; x_wconf 75' lang='lat' dir='ltr'><strong>cunctas</strong></span> <span class='ocrx_word' id='word_1_157' title='bbox 856 2030 1013 2076; x_wconf 87' lang='lat' dir='ltr'><strong>animo</strong></span> <span class='ocrx_word' id='word_1_158' title='bbox 1039 2027 1288 2088; x_wconf 80' lang='lat' dir='ltr'><strong>respectat</strong></span> <span class='ocrx_word' id='word_1_159' title='bbox 1311 2027 1526 2088; x_wconf 81' lang='lat' dir='ltr'><strong>pontifex</strong></span> <span class='ocrx_word' id='word_1_160' title='bbox 1555 2027 1728 2087; x_wconf 77' lang='lat' dir='ltr'><strong>plebes</strong></span> <span class='ocrx_word' id='word_1_161' title='bbox 1749 2066 1761 2087; x_wconf 91' lang='lat'><strong>,</strong></span> 
     </span>
    </p>
   </div>
   <div class='ocr_carea' id='block_1_26' title="bbox 500 2088 1657 2152">
    <p class='ocr_par' dir='ltr' id='par_1_26' title="bbox 500 2088 1657 2152">
     <span class='ocr_line' id='line_1_26' title="bbox 500 2088 1657 2152; baseline -0.001 -13"><span class='ocrx_word' id='word_1_162' title='bbox 500 2091 601 2139; x_wconf 87' lang='lat' dir='ltr'><strong>Nec</strong></span> <span class='ocrx_word' id='word_1_163' title='bbox 624 2093 811 2140; x_wconf 86' lang='lat' dir='ltr'><strong>tristem</strong></span> <span class='ocrx_word' id='word_1_164' title='bbox 836 2102 1128 2152; x_wconf 89' lang='lat' dir='ltr'><strong>quemquam</strong></span> <span class='ocrx_word' id='word_1_165' title='bbox 1153 2088 1330 2137; x_wconf 84' lang='lat' dir='ltr'><strong>tolerat</strong></span> <span class='ocrx_word' id='word_1_166' title='bbox 1354 2090 1657 2152; x_wconf 78' lang='lat' dir='ltr'><strong>conspicere.</strong></span> 
     </span>
    </p>
   </div>
   <div class='ocr_carea' id='block_1_27' title="bbox 499 2149 1701 2213">
    <p class='ocr_par' dir='ltr' id='par_1_27' title="bbox 499 2149 1701 2213">
     <span class='ocr_line' id='line_1_27' title="bbox 499 2149 1701 2213; baseline -0.003 -10"><span class='ocrx_word' id='word_1_167' title='bbox 499 2153 701 2203; x_wconf 86' lang='lat' dir='ltr'><strong>Subtilis</strong></span> <span class='ocrx_word' id='word_1_168' title='bbox 723 2149 936 2213; x_wconf 79' lang='lat' dir='ltr'><strong>ingenio,</strong></span> <span class='ocrx_word' id='word_1_169' title='bbox 967 2157 1152 2212; x_wconf 83' lang='lat' dir='ltr'><strong>acutus,</strong></span> <span class='ocrx_word' id='word_1_170' title='bbox 1180 2152 1404 2213; x_wconf 82' lang='lat' dir='ltr'><strong>prudens,</strong></span> <span class='ocrx_word' id='word_1_171' title='bbox 1432 2149 1487 2199; x_wconf 76' lang='lat' dir='ltr'><strong>et</strong></span> <span class='ocrx_word' id='word_1_172' title='bbox 1504 2149 1666 2211; x_wconf 80' lang='lat' dir='ltr'><strong>gravis</strong></span> <span class='ocrx_word' id='word_1_173' title='bbox 1687 2185 1701 2208; x_wconf 86' lang='lat'><strong>,</strong></span> 
     </span>
    </p>
   </div>
   <div class='ocr_carea' id='block_1_28' title="bbox 500 2214 1094 2272">
    <p class='ocr_par' dir='ltr' id='par_1_28' title="bbox 500 2214 1094 2272">
     <span class='ocr_line' id='line_1_28' title="bbox 500 2214 1094 2272; baseline -0.005 -9"><span class='ocrx_word' id='word_1_174' title='bbox 500 2214 856 2263; x_wconf 73' lang='lat' dir='ltr'><strong>Praecessorum</strong></span> <span class='ocrx_word' id='word_1_175' title='bbox 882 2223 1094 2272; x_wconf 87' lang='lat' dir='ltr'><strong>compar.</strong></span> 
     </span>
    </p>
   </div>
   <div class='ocr_carea' id='block_1_29' title="bbox 504 2272 1618 2336">
    <p class='ocr_par' dir='ltr' id='par_1_29' title="bbox 504 2272 1618 2336">
     <span class='ocr_line' id='line_1_29' title="bbox 504 2272 1618 2336; baseline -0.003 -11"><span class='ocrx_word' id='word_1_176' title='bbox 504 2275 706 2325; x_wconf 79' lang='lat' dir='ltr'><strong>Culmen</strong></span> <span class='ocrx_word' id='word_1_177' title='bbox 729 2274 1043 2336; x_wconf 85' lang='lat' dir='ltr'><strong>apostolicum</strong></span> <span class='ocrx_word' id='word_1_178' title='bbox 1058 2272 1229 2336; x_wconf 72' lang='lat' dir='ltr'><strong>colere</strong></span> <span class='ocrx_word' id='word_1_179' title='bbox 1246 2284 1435 2322; x_wconf 89' lang='lat' dir='ltr'><strong>summe</strong></span> <span class='ocrx_word' id='word_1_180' title='bbox 1456 2274 1618 2333; x_wconf 90' lang='lat' dir='ltr'><strong>novit,</strong></span> 
     </span>
    </p>
   </div>
   <div class='ocr_carea' id='block_1_30' title="bbox 500 2331 1807 2398">
    <p class='ocr_par' dir='ltr' id='par_1_30' title="bbox 500 2331 1807 2398">
     <span class='ocr_line' id='line_1_30' title="bbox 500 2331 1807 2398; baseline -0.003 -13"><span class='ocrx_word' id='word_1_181' title='bbox 500 2336 646 2398; x_wconf 72' lang='lat' dir='ltr'><strong>Cujus</strong></span> <span class='ocrx_word' id='word_1_182' title='bbox 669 2331 940 2398; x_wconf 61' lang='lat' dir='ltr'><strong>epe&#39;fretus</strong></span> <span class='ocrx_word' id='word_1_183' title='bbox 960 2332 1153 2398; x_wconf 82' lang='lat' dir='ltr'><strong>profana</strong></span> <span class='ocrx_word' id='word_1_184' title='bbox 1174 2333 1400 2398; x_wconf 62' lang='lat' dir='ltr'><strong>dogmata</strong></span> <span class='ocrx_word' id='word_1_185' title='bbox 1425 2335 1559 2395; x_wconf 87' lang='lat' dir='ltr'><strong>polet</strong></span> <span class='ocrx_word' id='word_1_186' title='bbox 1593 2331 1774 2398; x_wconf 66' lang='lat' dir='ltr'><strong>(pellit)</strong></span> <span class='ocrx_word' id='word_1_187' title='bbox 1797 2349 1807 2382; x_wconf 92' lang='lat'>:</span> 
     </span>
    </p>
   </div>
   <div class='ocr_carea' id='block_1_31' title="bbox 501 2395 2015 2518">
    <p class='ocr_par' dir='ltr' id='par_1_31' title="bbox 501 2395 2015 2518">
     <span class='ocr_line' id='line_1_31' title="bbox 501 2395 2015 2458; baseline -0.002 -11"><span class='ocrx_word' id='word_1_188' title='bbox 501 2395 757 2447; x_wconf 79' lang='lat' dir='ltr'><strong>Facundos</strong></span> <span class='ocrx_word' id='word_1_189' title='bbox 800 2395 1027 2458; x_wconf 88' lang='lat' dir='ltr'><strong>eloquio,</strong></span> <span class='ocrx_word' id='word_1_190' title='bbox 1067 2395 1266 2444; x_wconf 77' lang='lat' dir='ltr'><strong>ditantia</strong></span> <span class='ocrx_word' id='word_1_191' title='bbox 1302 2396 1399 2456; x_wconf 73' lang='grc' dir='ltr'><strong>(Ρ.</strong></span> <span class='ocrx_word' id='word_1_192' title='bbox 1438 2395 1641 2453; x_wconf 62' lang='lat' dir='ltr'><strong>dicture,</strong></span> <span class='ocrx_word' id='word_1_193' title='bbox 1697 2395 1902 2452; x_wconf 83' lang='lat' dir='ltr'><strong>Bacch.)</strong></span> <span class='ocrx_word' id='word_1_194' title='bbox 1934 2406 2015 2444; x_wconf 76' lang='lat' dir='ltr'><strong>co-</strong></span> 
     </span>
     <span class='ocr_line' id='line_1_32' title="bbox 1050 2455 1985 2518; baseline 0.002 -17"><span class='ocrx_word' id='word_1_195' title='bbox 1050 2517 1053 2518; x_wconf 15' lang='grc' dir='ltr'><em>ν</em></span> <span class='ocrx_word' id='word_1_196' title='bbox 1155 2513 1208 2518; x_wconf 49' lang='lat'><em>_</em></span> <span class='ocrx_word' id='word_1_197' title='bbox 1312 2516 1322 2518; x_wconf 14' lang='grc' dir='ltr'><strong>ἓ</strong></span> <span class='ocrx_word' id='word_1_198' title='bbox 1457 2515 1468 2518; x_wconf 84' lang='lat'>_</span> <span class='ocrx_word' id='word_1_199' title='bbox 1631 2457 1730 2518; x_wconf 89' lang='lat' dir='ltr'><strong>(pia</strong></span> <span class='ocrx_word' id='word_1_200' title='bbox 1750 2455 1985 2518; x_wconf 20' lang='lat' dir='ltr'><strong>Soleas,”</strong></span> 
     </span>
    </p>
   </div>
   <div class='ocr_carea' id='block_1_32' title="bbox 1690 2466 1952 2515">
    <p class='ocr_par' dir='ltr' id='par_1_32' title="bbox 1690 2466 1952 2515">
     <span class='ocr_line' id='line_1_33' title="bbox 1690 2466 1952 2515; baseline 0.011 -14"><span class='ocrx_word' id='word_1_201' title='bbox 1690 2469 1730 2502; x_wconf 84' lang='lat' dir='ltr'><strong>Ia</strong></span> <span class='ocrx_word' id='word_1_202' title='bbox 1750 2466 1915 2504; x_wconf 79' lang='lat' dir='ltr'><strong>sciens</strong></span> <span class='ocrx_word' id='word_1_203' title='bbox 1937 2492 1952 2515; x_wconf 91' lang='lat'><strong>,</strong></span> 
     </span>
    </p>
   </div>
   <div class='ocr_carea' id='block_1_33' title="bbox 501 2471 2017 2636">
    <p class='ocr_par' dir='ltr' id='par_1_33' title="bbox 501 2471 2017 2636">
     <span class='ocr_line' id='line_1_34' title="bbox 501 2471 2017 2636; baseline -0.004 -67"><span class='ocrx_word' id='word_1_204' title='bbox 501 2520 710 2581; x_wconf 78' lang='lat' dir='ltr'><strong>Doctus,</strong></span> <span class='ocrx_word' id='word_1_205' title='bbox 736 2518 957 2568; x_wconf 89' lang='lat' dir='ltr'><strong>eruditus</strong></span> <span class='ocrx_word' id='word_1_206' title='bbox 986 2517 1118 2566; x_wconf 83' lang='lat' dir='ltr'><strong>color</strong></span> <span class='ocrx_word' id='word_1_207' title='bbox 1146 2513 1227 2579; x_wconf 82' lang='lat' dir='ltr'><strong>(F.</strong></span> <span class='ocrx_word' id='word_1_208' title='bbox 1249 2516 1425 2579; x_wconf 88' lang='lat' dir='ltr'><strong>cultus,</strong></span> <span class='ocrx_word' id='word_1_209' title='bbox 1450 2515 1547 2578; x_wconf 81' lang='lat' dir='ltr'><strong>id.)</strong></span> <span class='ocrx_word' id='word_1_210' title='bbox 1570 2471 1915 2636; x_wconf 32' lang='lat' dir='ltr'><strong>meggabitlf:</strong></span> <span class='ocrx_word' id='word_1_211' title='bbox 1937 2492 2017 2563; x_wconf 61' lang='lat' dir='ltr'><strong>’di-</strong></span> 
     </span>
     <span class='ocr_line' id='line_1_35' title="bbox 1627 2592 1746 2627; baseline -0.034 1"><span class='ocrx_word' id='word_1_212' title='bbox 1627 2592 1655 2627; x_wconf 90' lang='lat' dir='ltr'><strong>c</strong></span> <span class='ocrx_word' id='word_1_213' title='bbox 1675 2592 1705 2627; x_wconf 88' lang='lat' dir='ltr'><strong>a</strong></span> <span class='ocrx_word' id='word_1_214' title='bbox 1720 2592 1746 2624; x_wconf 91' lang='lat' dir='ltr'><strong>v</strong></span> 
     </span>
    </p>
   </div>
   <div class='ocr_carea' id='block_1_34' title="bbox 1627 2586 1852 2627">
    <p class='ocr_par' dir='ltr' id='par_1_34' title="bbox 1627 2586 1852 2627">
     <span class='ocr_line' id='line_1_36' title="bbox 1627 2586 1852 2627; baseline 0 0"><span class='ocrx_word' id='word_1_215' title='bbox 1627 2586 1705 2627; x_wconf 87' lang='lat' dir='ltr'><strong>cta</strong></span> <span class='ocrx_word' id='word_1_216' title='bbox 1720 2586 1852 2627; x_wconf 77' lang='grc' dir='ltr'><strong>νωθι</strong></span> 
     </span>
    </p>
   </div>
   <div class='ocr_carea' id='block_1_35' title="bbox 503 2639 1720 2702">
    <p class='ocr_par' dir='ltr' id='par_1_35' title="bbox 503 2639 1720 2702">
     <span class='ocr_line' id='line_1_37' title="bbox 503 2639 1720 2702; baseline -0.003 -12"><span class='ocrx_word' id='word_1_217' title='bbox 503 2640 711 2691; x_wconf 83' lang='lat' dir='ltr'><strong>l’crtulit</strong></span> <span class='ocrx_word' id='word_1_218' title='bbox 743 2651 833 2702; x_wconf 89' lang='lat' dir='ltr'><strong>pro</strong></span> <span class='ocrx_word' id='word_1_219' title='bbox 855 2640 1009 2701; x_wconf 88' lang='lat' dir='ltr'><strong>patria</strong></span> <span class='ocrx_word' id='word_1_220' title='bbox 1034 2639 1208 2702; x_wconf 71' lang='lat' dir='ltr'><strong>nimias</strong></span> <span class='ocrx_word' id='word_1_221' title='bbox 1237 2640 1410 2701; x_wconf 63' lang='lat' dir='ltr'><strong>praesul</strong></span> <span class='ocrx_word' id='word_1_222' title='bbox 1445 2651 1687 2687; x_wconf 66' lang='lat' dir='ltr'><strong>aerumnas</strong></span> <span class='ocrx_word' id='word_1_223' title='bbox 1709 2677 1720 2695; x_wconf 82' lang='lat'><strong>,</strong></span> 
     </span>
    </p>
   </div>
   <div class='ocr_carea' id='block_1_36' title="bbox 502 2699 1807 2761">
    <p class='ocr_par' dir='ltr' id='par_1_36' title="bbox 502 2699 1807 2761">
     <span class='ocr_line' id='line_1_38' title="bbox 502 2699 1807 2761; baseline -0.002 -9"><span class='ocrx_word' id='word_1_224' title='bbox 502 2703 626 2752; x_wconf 76' lang='lat' dir='ltr'><strong>Exul</strong></span> <span class='ocrx_word' id='word_1_225' title='bbox 651 2699 840 2757; x_wconf 77' lang='lat' dir='ltr'><strong>damna.</strong></span> <span class='ocrx_word' id='word_1_226' title='bbox 859 2699 1062 2754; x_wconf 79' lang='lat' dir='ltr'><strong>famem,</strong></span> <span class='ocrx_word' id='word_1_227' title='bbox 1085 2699 1374 2760; x_wconf 72' lang='lat' dir='ltr'><strong>nuditatem,</strong></span> <span class='ocrx_word' id='word_1_228' title='bbox 1394 2704 1600 2761; x_wconf 56' lang='lat' dir='ltr'><strong>eadem.</strong></span> <span class='ocrx_word' id='word_1_229' title='bbox 1627 2699 1807 2761; x_wconf 85' lang='lat' dir='ltr'><strong>pericla</strong></span> 
     </span>
    </p>
   </div>
   <div class='ocr_carea' id='block_1_37' title="bbox 500 2760 1752 2825">
    <p class='ocr_par' dir='ltr' id='par_1_37' title="bbox 500 2760 1752 2825">
     <span class='ocr_line' id='line_1_39' title="bbox 500 2760 1752 2825; baseline -0.003 -12"><span class='ocrx_word' id='word_1_230' title='bbox 500 2764 835 2825; x_wconf 68' lang='lat' dir='ltr'><strong>Contemptus,</strong></span> <span class='ocrx_word' id='word_1_231' title='bbox 866 2762 1034 2825; x_wconf 81' lang='lat' dir='ltr'><strong>exilia,</strong></span> <span class='ocrx_word' id='word_1_232' title='bbox 1062 2769 1297 2825; x_wconf 76' lang='lat' dir='ltr'><strong>terrores,</strong></span> <span class='ocrx_word' id='word_1_233' title='bbox 1328 2760 1549 2825; x_wconf 79' lang='lat' dir='ltr'><strong>vincula,</strong></span> <span class='ocrx_word' id='word_1_234' title='bbox 1576 2760 1752 2825; x_wconf 72' lang='lat' dir='ltr'><strong>qutes.</strong></span> 
     </span>
    </p>
   </div>
   <div class='ocr_carea' id='block_1_38' title="bbox 512 2821 1751 2886">
    <p class='ocr_par' dir='ltr' id='par_1_38' title="bbox 512 2821 1751 2886">
     <span class='ocr_line' id='line_1_40' title="bbox 512 2821 1751 2886; baseline -0.006 -10"><span class='ocrx_word' id='word_1_235' title='bbox 512 2821 837 2886; x_wconf 59' lang='lat' dir='ltr'><strong>SummuSque</strong></span> <span class='ocrx_word' id='word_1_236' title='bbox 865 2821 1076 2884; x_wconf 76' lang='lat' dir='ltr'><strong>pontifici</strong></span> <span class='ocrx_word' id='word_1_237' title='bbox 1102 2821 1313 2886; x_wconf 75' lang='lat' dir='ltr'><strong>sufferre</strong></span> <span class='ocrx_word' id='word_1_238' title='bbox 1339 2821 1544 2886; x_wconf 82' lang='lat' dir='ltr'><strong>ludibria</strong></span> <span class='ocrx_word' id='word_1_239' title='bbox 1579 2824 1751 2872; x_wconf 88' lang='lat' dir='ltr'><strong>honor.</strong></span> 
     </span>
    </p>
   </div>
   <div class='ocr_carea' id='block_1_39' title="bbox 516 2885 1748 2950">
    <p class='ocr_par' dir='ltr' id='par_1_39' title="bbox 516 2885 1748 2950">
     <span class='ocr_line' id='line_1_41' title="bbox 516 2885 1748 2950; baseline -0.004 -14"><span class='ocrx_word' id='word_1_240' title='bbox 516 2886 739 2950; x_wconf 79' lang='lat' dir='ltr'><strong>Finibus,</strong></span> <span class='ocrx_word' id='word_1_241' title='bbox 767 2887 1023 2947; x_wconf 86' lang='lat' dir='ltr'><strong>ademptus</strong></span> <span class='ocrx_word' id='word_1_242' title='bbox 1048 2885 1325 2950; x_wconf 85' lang='lat' dir='ltr'><strong>prepr_i_a_de</strong></span> <span class='ocrx_word' id='word_1_243' title='bbox 1345 2885 1484 2941; x_wconf 88' lang='lat' dir='ltr'><strong>sede,</strong></span> <span class='ocrx_word' id='word_1_244' title='bbox 1514 2887 1748 2950; x_wconf 85' lang='lat' dir='ltr'><strong>privatus.</strong></span> 
     </span>
    </p>
   </div>
   <div class='ocr_carea' id='block_1_40' title="bbox 513 2945 1799 3008">
    <p class='ocr_par' dir='ltr' id='par_1_40' title="bbox 513 2945 1799 3008">
     <span class='ocr_line' id='line_1_42' title="bbox 513 2945 1799 3008; baseline -0.002 -11"><span class='ocrx_word' id='word_1_245' title='bbox 513 2945 1147 3008; x_wconf 57' lang='lat' dir='ltr'><strong>Lumine&#39;carens&#39;corporis</strong></span> <span class='ocrx_word' id='word_1_246' title='bbox 1168 2945 1327 2994; x_wconf 86' lang='lat' dir='ltr'><strong>divina</strong></span> <span class='ocrx_word' id='word_1_247' title='bbox 1356 2952 1554 2994; x_wconf 82' lang='lat' dir='ltr'><strong>ornatus</strong></span> <span class='ocrx_word' id='word_1_248' title='bbox 1575 2953 1652 2995; x_wconf 89' lang='lat' dir='ltr'><strong>est</strong></span> <span class='ocrx_word' id='word_1_249' title='bbox 1674 2947 1799 2996; x_wconf 88' lang='lat' dir='ltr'><strong>luce.</strong></span> 
     </span>
    </p>
   </div>
   <div class='ocr_carea' id='block_1_41' title="bbox 511 3006 1549 3068">
    <p class='ocr_par' dir='ltr' id='par_1_41' title="bbox 511 3006 1549 3068">
     <span class='ocr_line' id='line_1_43' title="bbox 511 3006 1549 3068; baseline -0.002 -10"><span class='ocrx_word' id='word_1_250' title='bbox 511 3013 628 3058; x_wconf 83' lang='lat' dir='ltr'><strong>Arto</strong></span> <span class='ocrx_word' id='word_1_251' title='bbox 653 3012 699 3057; x_wconf 92' lang='lat' dir='ltr'><strong>iu</strong></span> <span class='ocrx_word' id='word_1_252' title='bbox 726 3006 916 3057; x_wconf 87' lang='lat' dir='ltr'><strong>telluris</strong></span> <span class='ocrx_word' id='word_1_253' title='bbox 934 3006 1133 3068; x_wconf 75' lang='lat' dir='ltr'><strong>scopulo</strong></span> <span class='ocrx_word' id='word_1_254' title='bbox 1156 3009 1291 3055; x_wconf 75' lang='lat' dir='ltr'><strong>Ponti</strong></span> <span class='ocrx_word' id='word_1_255' title='bbox 1317 3014 1549 3066; x_wconf 80' lang='lat' dir='ltr'><strong>portatur.</strong></span> 
     </span>
    </p>
   </div>
   <div class='ocr_carea' id='block_1_42' title="bbox 511 3068 1725 3129">
    <p class='ocr_par' dir='ltr' id='par_1_42' title="bbox 511 3068 1725 3129">
     <span class='ocr_line' id='line_1_44' title="bbox 511 3068 1725 3129; baseline -0.001 -10"><span class='ocrx_word' id='word_1_256' title='bbox 511 3071 606 3120; x_wconf 88' lang='lat' dir='ltr'><strong>Ubi</strong></span> <span class='ocrx_word' id='word_1_257' title='bbox 630 3073 780 3117; x_wconf 60' lang='lat' dir='ltr'><strong>Vidua</strong></span> <span class='ocrx_word' id='word_1_258' title='bbox 799 3070 988 3128; x_wconf 87' lang='lat' dir='ltr'><strong>deerat,</strong></span> <span class='ocrx_word' id='word_1_259' title='bbox 1013 3068 1102 3116; x_wconf 87' lang='lat' dir='ltr'><strong>sed</strong></span> <span class='ocrx_word' id='word_1_260' title='bbox 1128 3072 1263 3129; x_wconf 70' lang='lat' dir='ltr'><strong>panis</strong></span> <span class='ocrx_word' id='word_1_261' title='bbox 1285 3071 1456 3117; x_wconf 87' lang='lat' dir='ltr'><strong>aderat</strong></span> <span class='ocrx_word' id='word_1_262' title='bbox 1478 3069 1694 3119; x_wconf 80' lang='lat' dir='ltr'><strong>Christus</strong></span> <span class='ocrx_word' id='word_1_263' title='bbox 1711 3108 1725 3128; x_wconf 92' lang='lat'><strong>,</strong></span> 
     </span>
    </p>
   </div>
   <div class='ocr_carea' id='block_1_43' title="bbox 514 3130 1674 3192">
    <p class='ocr_par' dir='ltr' id='par_1_43' title="bbox 514 3130 1674 3192">
     <span class='ocr_line' id='line_1_45' title="bbox 514 3130 1674 3192; baseline -0.002 -12"><span class='ocrx_word' id='word_1_264' title='bbox 514 3133 566 3180; x_wconf 88' lang='lat' dir='ltr'><strong>In</strong></span> <span class='ocrx_word' id='word_1_265' title='bbox 589 3142 684 3192; x_wconf 90' lang='lat' dir='ltr'><strong>quo</strong></span> <span class='ocrx_word' id='word_1_266' title='bbox 705 3137 804 3177; x_wconf 83' lang='lat' dir='ltr'><strong>toto</strong></span> <span class='ocrx_word' id='word_1_267' title='bbox 821 3142 1044 3192; x_wconf 86' lang='lat' dir='ltr'><strong>corpore,</strong></span> <span class='ocrx_word' id='word_1_268' title='bbox 1070 3136 1214 3188; x_wconf 84' lang='lat' dir='ltr'><strong>atque</strong></span> <span class='ocrx_word' id='word_1_269' title='bbox 1238 3132 1413 3177; x_wconf 71' lang='lat' dir='ltr'><strong>virtute</strong></span> <span class='ocrx_word' id='word_1_270' title='bbox 1436 3130 1674 3188; x_wconf 82' lang='lat' dir='ltr'><strong>sepultus.</strong></span> 
     </span>
    </p>
   </div>
   <div class='ocr_carea' id='block_1_44' title="bbox 511 3190 1651 3250">
    <p class='ocr_par' dir='ltr' id='par_1_44' title="bbox 511 3190 1651 3250">
     <span class='ocr_line' id='line_1_46' title="bbox 511 3190 1651 3250; baseline -0.003 -11"><span class='ocrx_word' id='word_1_271' title='bbox 511 3190 672 3239; x_wconf 80' lang='lat' dir='ltr'><strong>Gratia</strong></span> <span class='ocrx_word' id='word_1_272' title='bbox 693 3202 876 3237; x_wconf 89' lang='lat' dir='ltr'><strong>summa</strong></span> <span class='ocrx_word' id='word_1_273' title='bbox 902 3190 993 3236; x_wconf 78' lang='lat' dir='ltr'><strong>Dei</strong></span> <span class='ocrx_word' id='word_1_274' title='bbox 1029 3196 1107 3250; x_wconf 86' lang='lat' dir='ltr'><strong>est</strong></span> <span class='ocrx_word' id='word_1_275' title='bbox 1126 3192 1398 3237; x_wconf 74' lang='lat' dir='ltr'><strong>consolatus</strong></span> <span class='ocrx_word' id='word_1_276' title='bbox 1415 3193 1617 3238; x_wconf 71' lang='lat' dir='ltr'><strong>antistes</strong></span> <span class='ocrx_word' id='word_1_277' title='bbox 1638 3228 1651 3250; x_wconf 91' lang='lat'><strong>,</strong></span> 
     </span>
    </p>
   </div>
   <div class='ocr_carea' id='block_1_45' title="bbox 512 3249 1652 3311">
    <p class='ocr_par' dir='ltr' id='par_1_45' title="bbox 512 3249 1652 3311">
     <span class='ocr_line' id='line_1_47' title="bbox 512 3249 1652 3311; baseline -0.004 -9"><span class='ocrx_word' id='word_1_278' title='bbox 512 3253 789 3311; x_wconf 85' lang='lat' dir='ltr'><strong>Eretusque</strong></span> <span class='ocrx_word' id='word_1_279' title='bbox 815 3252 947 3310; x_wconf 85' lang='lat' dir='ltr'><strong>gravi</strong></span> <span class='ocrx_word' id='word_1_280' title='bbox 974 3250 1037 3298; x_wconf 86' lang='lat' dir='ltr'><strong>do</strong></span> <span class='ocrx_word' id='word_1_281' title='bbox 1059 3249 1297 3311; x_wconf 82' lang='lat' dir='ltr'><strong>claustro,</strong></span> <span class='ocrx_word' id='word_1_282' title='bbox 1315 3250 1469 3297; x_wconf 89' lang='lat' dir='ltr'><strong>insula</strong></span> <span class='ocrx_word' id='word_1_283' title='bbox 1493 3249 1652 3298; x_wconf 80' lang='lat' dir='ltr'><strong>Ponti.</strong></span> 
     </span>
    </p>
   </div>
   <div class='ocr_carea' id='block_1_46' title="bbox 503 3308 2020 3375">
    <p class='ocr_par' dir='ltr' id='par_1_46' title="bbox 503 3308 2020 3375">
     <span class='ocr_line' id='line_1_48' title="bbox 503 3308 2020 3375; baseline -0.001 -14"><span class='ocrx_word' id='word_1_284' title='bbox 503 3313 688 3367; x_wconf 76' lang='lat' dir='ltr'><strong>Cozium</strong></span> <span class='ocrx_word' id='word_1_285' title='bbox 709 3308 792 3374; x_wconf 85' lang='lat' dir='ltr'><strong>(F.</strong></span> <span class='ocrx_word' id='word_1_286' title='bbox 818 3308 995 3373; x_wconf 59' lang='lat' dir='ltr'><strong>caicus,</strong></span> <span class='ocrx_word' id='word_1_287' title='bbox 1024 3308 1120 3372; x_wconf 82' lang='lat' dir='ltr'><strong>id.)</strong></span> <span class='ocrx_word' id='word_1_288' title='bbox 1141 3311 1198 3359; x_wconf 88' lang='lat' dir='ltr'><strong>ad</strong></span> <span class='ocrx_word' id='word_1_289' title='bbox 1237 3310 1430 3359; x_wconf 58' lang='lat' dir='ltr'><strong>dilecta</strong></span> <span class='ocrx_word' id='word_1_290' title='bbox 1466 3320 1635 3360; x_wconf 88' lang='lat' dir='ltr'><strong>vectus</strong></span> <span class='ocrx_word' id='word_1_291' title='bbox 1680 3311 1823 3374; x_wconf 90' lang='lat' dir='ltr'><strong>(est,)</strong></span> <span class='ocrx_word' id='word_1_292' title='bbox 1850 3319 2020 3375; x_wconf 56' lang='lat' dir='ltr'><strong>patria</strong></span> 
     </span>
    </p>
   </div>
   <div class='ocr_carea' id='block_1_47' title="bbox 1750 3386 1954 3432">
    <p class='ocr_par' dir='ltr' id='par_1_47' title="bbox 1750 3386 1954 3432">
     <span class='ocr_line' id='line_1_49' title="bbox 1750 3386 1954 3432; baseline 0.02 -14"><span class='ocrx_word' id='word_1_293' title='bbox 1750 3386 1954 3432; x_wconf 84' lang='lat' dir='ltr'><strong>portum.</strong></span> 
     </span>
    </p>
   </div>
   <div class='ocr_carea' id='block_1_48' title="bbox 507 3381 2019 3496">
    <p class='ocr_par' dir='ltr' id='par_1_48' title="bbox 507 3381 2019 3496">
     <span class='ocr_line' id='line_1_50' title="bbox 507 3381 2019 3496; baseline 0 -9"><span class='ocrx_word' id='word_1_294' title='bbox 507 3434 754 3487; x_wconf 78' lang='lat' dir='ltr'><strong>Estractus</strong></span> <span class='ocrx_word' id='word_1_295' title='bbox 797 3432 906 3495; x_wconf 83' lang='lat' dir='ltr'><strong>(F.,</strong></span> <span class='ocrx_word' id='word_1_296' title='bbox 945 3439 998 3483; x_wconf 87' lang='lat' dir='ltr'><strong>et</strong></span> <span class='ocrx_word' id='word_1_297' title='bbox 1032 3440 1193 3492; x_wconf 84' lang='lat' dir='ltr'><strong>natus,</strong></span> <span class='ocrx_word' id='word_1_298' title='bbox 1224 3431 1422 3492; x_wconf 83' lang='lat' dir='ltr'><strong>Bacch.)</strong></span> <span class='ocrx_word' id='word_1_299' title='bbox 1451 3434 1609 3483; x_wconf 85' lang='lat' dir='ltr'><strong>omnia</strong></span> <span class='ocrx_word' id='word_1_300' title='bbox 1651 3381 2019 3496; x_wconf 52' lang='lat' dir='ltr'><strong>prsii’i’iiu&#39;é&#39;éie</strong></span> 
     </span>
    </p>
   </div>
   <div class='ocr_carea' id='block_1_49' title="bbox 514 3505 1954 3616">
    <p class='ocr_par' dir='ltr' id='par_1_49' title="bbox 514 3505 1954 3616">
     <span class='ocr_line' id='line_1_51' title="bbox 514 3505 1954 3616; baseline -0.045 -8"><span class='ocrx_word' id='word_1_301' title='bbox 514 3556 608 3608; x_wconf 87' lang='lat' dir='ltr'><strong>Ubi</strong></span> <span class='ocrx_word' id='word_1_302' title='bbox 633 3556 782 3604; x_wconf 86' lang='lat' dir='ltr'><strong>corde</strong></span> <span class='ocrx_word' id='word_1_303' title='bbox 805 3568 924 3616; x_wconf 85' lang='lat' dir='ltr'><strong>puro</strong></span> <span class='ocrx_word' id='word_1_304' title='bbox 943 3555 1125 3604; x_wconf 83' lang='lat' dir='ltr'><strong>hostias</strong></span> <span class='ocrx_word' id='word_1_305' title='bbox 1142 3555 1348 3604; x_wconf 90' lang='lat' dir='ltr'><strong>Domino</strong></span> <span class='ocrx_word' id='word_1_306' title='bbox 1374 3555 1527 3605; x_wconf 77' lang='lat' dir='ltr'><strong>libans</strong></span> <span class='ocrx_word' id='word_1_307' title='bbox 1550 3589 1565 3614; x_wconf 57' lang='lat'><strong>,</strong></span> <span class='ocrx_word' id='word_1_308' title='bbox 1719 3505 1954 3556; x_wconf 82' lang='lat' dir='ltr'><strong>(Ornatur.</strong></span> 
     </span>
    </p>
   </div>
   <div class='ocr_carea' id='block_1_50' title="bbox 508 3616 2021 3679">
    <p class='ocr_par' dir='ltr' id='par_1_50' title="bbox 508 3616 2021 3679">
     <span class='ocr_line' id='line_1_52' title="bbox 508 3616 2021 3679; baseline 0 -10"><span class='ocrx_word' id='word_1_309' title='bbox 508 3621 683 3669; x_wconf 83' lang='lat' dir='ltr'><strong>Lustra</strong></span> <span class='ocrx_word' id='word_1_310' title='bbox 711 3617 814 3677; x_wconf 61' lang='grc' dir='ltr'><strong>(ιι,</strong></span> <span class='ocrx_word' id='word_1_311' title='bbox 841 3617 1060 3677; x_wconf 88' lang='lat' dir='ltr'><strong>lustrum,</strong></span> <span class='ocrx_word' id='word_1_312' title='bbox 1087 3616 1183 3679; x_wconf 83' lang='lat' dir='ltr'><strong>id.)</strong></span> <span class='ocrx_word' id='word_1_313' title='bbox 1220 3629 1368 3678; x_wconf 84' lang='lat' dir='ltr'><strong>super</strong></span> <span class='ocrx_word' id='word_1_314' title='bbox 1402 3624 1600 3677; x_wconf 86' lang='lat' dir='ltr'><strong>terram,</strong></span> <span class='ocrx_word' id='word_1_315' title='bbox 1640 3620 1861 3677; x_wconf 78' lang='lat' dir='ltr'><strong>geminos</strong></span> <span class='ocrx_word' id='word_1_316' title='bbox 1882 3620 2021 3669; x_wconf 85' lang='lat' dir='ltr'><strong>simul</strong></span> 
     </span>
    </p>
   </div>
   <div class='ocr_carea' id='block_1_51' title="bbox 1522 3680 1956 3742">
    <p class='ocr_par' dir='ltr' id='par_1_51' title="bbox 1522 3680 1956 3742">
     <span class='ocr_line' id='line_1_53' title="bbox 1522 3680 1956 3742; baseline 0.005 -15"><span class='ocrx_word' id='word_1_317' title='bbox 1522 3680 1775 3742; x_wconf 78' lang='lat' dir='ltr'><strong>(prorogat</strong></span> <span class='ocrx_word' id='word_1_318' title='bbox 1793 3694 1956 3729; x_wconf 78' lang='lat' dir='ltr'><strong>annos.</strong></span> 
     </span>
    </p>
   </div>
   <div class='ocr_carea' id='block_1_52' title="bbox 511 3739 1960 3803">
    <p class='ocr_par' dir='ltr' id='par_1_52' title="bbox 511 3739 1960 3803">
     <span class='ocr_line' id='line_1_54' title="bbox 511 3739 1960 3803; baseline -0.001 -11"><span class='ocrx_word' id='word_1_319' title='bbox 511 3741 601 3793; x_wconf 81' lang='lat' dir='ltr'><strong>ilic</strong></span> <span class='ocrx_word' id='word_1_320' title='bbox 639 3741 804 3803; x_wconf 78' lang='lat' dir='ltr'><strong>itaque</strong></span> <span class='ocrx_word' id='word_1_321' title='bbox 843 3752 982 3789; x_wconf 85' lang='lat' dir='ltr'><strong>sacro</strong></span> <span class='ocrx_word' id='word_1_322' title='bbox 1022 3739 1245 3803; x_wconf 83' lang='lat' dir='ltr'><strong>conditus</strong></span> <span class='ocrx_word' id='word_1_323' title='bbox 1284 3739 1458 3803; x_wconf 59' lang='lat' dir='ltr'><strong>(sacer</strong></span> <span class='ocrx_word' id='word_1_324' title='bbox 1503 3739 1751 3803; x_wconf 63' lang='lat' dir='ltr'><strong>cotiditn&#39;r)</strong></span> <span class='ocrx_word' id='word_1_325' title='bbox 1789 3744 1960 3803; x_wconf 73' lang='lat' dir='ltr'><strong>funere</strong></span> 
     </span>
    </p>
   </div>
   <div class='ocr_carea' id='block_1_53' title="bbox 1191 3794 1899 3863">
    <p class='ocr_par' dir='ltr' id='par_1_53' title="bbox 1191 3794 1899 3863">
     <span class='ocr_line' id='line_1_55' title="bbox 1191 3794 1899 3863; baseline 0.004 -15"><span class='ocrx_word' id='word_1_326' title='bbox 1191 3794 1344 3862; x_wconf 72' lang='lat' dir='ltr'><strong>(iusso</strong></span> <span class='ocrx_word' id='word_1_327' title='bbox 1368 3799 1471 3860; x_wconf 62' lang='grc' dir='ltr'><strong>(Κ,</strong></span> <span class='ocrx_word' id='word_1_328' title='bbox 1499 3801 1644 3861; x_wconf 83' lang='lat' dir='ltr'><strong>justo,</strong></span> <span class='ocrx_word' id='word_1_329' title='bbox 1692 3794 1899 3863; x_wconf 81' lang='lat' dir='ltr'><strong>Bacch.)</strong></span> 
     </span>
    </p>
   </div>
   <div class='ocr_carea' id='block_1_54' title="bbox 516 3863 1776 3925">
    <p class='ocr_par' dir='ltr' id='par_1_54' title="bbox 516 3863 1776 3925">
     <span class='ocr_line' id='line_1_56' title="bbox 516 3863 1776 3925; baseline -0.001 -13"><span class='ocrx_word' id='word_1_330' title='bbox 516 3864 744 3914; x_wconf 72' lang='lat' dir='ltr'><strong>Planctus</strong></span> <span class='ocrx_word' id='word_1_331' title='bbox 767 3864 902 3925; x_wconf 84' lang='lat' dir='ltr'><strong>cujus</strong></span> <span class='ocrx_word' id='word_1_332' title='bbox 935 3863 1130 3911; x_wconf 85' lang='lat' dir='ltr'><strong>casibus</strong></span> <span class='ocrx_word' id='word_1_333' title='bbox 1166 3874 1257 3910; x_wconf 90' lang='lat' dir='ltr'><strong>non</strong></span> <span class='ocrx_word' id='word_1_334' title='bbox 1283 3872 1587 3913; x_wconf 86' lang='lat' dir='ltr'><strong>memoretur</strong></span> <span class='ocrx_word' id='word_1_335' title='bbox 1624 3866 1776 3914; x_wconf 86' lang='lat' dir='ltr'><strong>donis.</strong></span> 
     </span>
    </p>
   </div>
   <div class='ocr_carea' id='block_1_55' title="bbox 524 3942 1615 4008">
    <p class='ocr_par' dir='ltr' id='par_1_55' title="bbox 524 3942 1615 4008">
     <span class='ocr_line' id='line_1_57' title="bbox 524 3942 1615 4008; baseline -0.003 -8"><span class='ocrx_word' id='word_1_336' title='bbox 524 3946 677 4000; x_wconf 84' lang='lat' dir='ltr'><strong>Sedit</strong></span> <span class='ocrx_word' id='word_1_337' title='bbox 699 3960 871 3999; x_wconf 89' lang='lat' dir='ltr'><strong>annos</strong></span> <span class='ocrx_word' id='word_1_338' title='bbox 897 3959 1015 4008; x_wconf 86' lang='lat' dir='ltr'><strong>vm,</strong></span> <span class='ocrx_word' id='word_1_339' title='bbox 1043 3957 1214 3998; x_wconf 89' lang='lat' dir='ltr'><strong>mens.</strong></span> <span class='ocrx_word' id='word_1_340' title='bbox 1239 3959 1333 4007; x_wconf 87' lang='lat' dir='ltr'><strong>vn,</strong></span> <span class='ocrx_word' id='word_1_341' title='bbox 1359 3942 1476 3999; x_wconf 89' lang='lat' dir='ltr'><strong>dies</strong></span> <span class='ocrx_word' id='word_1_342' title='bbox 1501 3961 1615 3998; x_wconf 76' lang='lat' dir='ltr'><strong>x1x.</strong></span> 
     </span>
    </p>
   </div>
   <div class='ocr_carea' id='block_1_56' title="bbox 951 4120 1519 4178">
    <p class='ocr_par' dir='ltr' id='par_1_56' title="bbox 951 4120 1519 4178">
     <span class='ocr_line' id='line_1_58' title="bbox 951 4120 1519 4178; baseline 0.002 -2"><span class='ocrx_word' id='word_1_343' title='bbox 951 4120 1519 4178; x_wconf 82' lang='lat' dir='ltr'><strong>OBSERVATIONES</strong></span> 
     </span>
    </p>
   </div>
   <div class='ocr_carea' id='block_1_57' title="bbox 828 4227 1586 4268">
    <p class='ocr_par' dir='ltr' id='par_1_57' title="bbox 828 4227 1586 4268">
     <span class='ocr_line' id='line_1_59' title="bbox 828 4227 1586 4268; baseline -0.005 0"><span class='ocrx_word' id='word_1_344' title='bbox 828 4230 891 4268; x_wconf 73' lang='lat' dir='ltr'><strong>AD</strong></span> <span class='ocrx_word' id='word_1_345' title='bbox 928 4228 1097 4267; x_wconf 69' lang='lat' dir='ltr'><strong>VITAM</strong></span> <span class='ocrx_word' id='word_1_346' title='bbox 1136 4227 1323 4267; x_wconf 75' lang='lat' dir='ltr'><strong>SANCTI</strong></span> <span class='ocrx_word' id='word_1_347' title='bbox 1363 4227 1586 4267; x_wconf 80' lang='lat' dir='ltr'><strong>FELICIS.</strong></span> 
     </span>
    </p>
   </div>
   <div class='ocr_carea' id='block_1_58' title="bbox 455 4301 2021 4375">
    <p class='ocr_par' dir='ltr' id='par_1_58' title="bbox 455 4301 2021 4375">
     <span class='ocr_line' id='line_1_60' title="bbox 455 4301 2021 4375; baseline -0.003 -15"><span class='ocrx_word' id='word_1_348' title='bbox 455 4303 696 4375; x_wconf 72' lang='lat' dir='ltr'><strong>Agnallus</strong></span> <span class='ocrx_word' id='word_1_349' title='bbox 736 4301 930 4357; x_wconf 76' lang='lat' dir='ltr'><strong>Felicis</strong></span> <span class='ocrx_word' id='word_1_350' title='bbox 956 4320 1077 4375; x_wconf 75' lang='lat' dir='ltr'><strong>cum</strong></span> <span class='ocrx_word' id='word_1_351' title='bbox 1103 4301 1336 4355; x_wconf 81' lang='lat' dir='ltr'><strong>Romano</strong></span> <span class='ocrx_word' id='word_1_352' title='bbox 1366 4301 2021 4375; x_wconf 61' lang='lat' dir='ltr'><strong>pontiﬁcedissidia_silel.</strong></span> 
     </span>
    </p>
   </div>
   <div class='ocr_carea' id='block_1_59' title="bbox 527 4371 2021 4427">
    <p class='ocr_par' dir='ltr' id='par_1_59' title="bbox 527 4371 2021 4427">
     <span class='ocr_line' id='line_1_61' title="bbox 527 4371 2021 4427; baseline 0 -1"><span class='ocrx_word' id='word_1_353' title='bbox 527 4374 855 4427; x_wconf 78' lang='lat' dir='ltr'><strong>licceniiorcs</strong></span> <span class='ocrx_word' id='word_1_354' title='bbox 897 4374 1104 4426; x_wconf 79' lang='lat' dir='ltr'><strong>minime</strong></span> <span class='ocrx_word' id='word_1_355' title='bbox 1145 4389 1259 4425; x_wconf 85' lang='lat' dir='ltr'><strong>vera</strong></span> <span class='ocrx_word' id='word_1_356' title='bbox 1312 4371 1546 4424; x_wconf 79' lang='lat' dir='ltr'><strong>tradunt.</strong></span> <span class='ocrx_word' id='word_1_357' title='bbox 1596 4371 1810 4424; x_wconf 85' lang='lat' dir='ltr'><strong>Irarum</strong></span> <span class='ocrx_word' id='word_1_358' title='bbox 1856 4373 2021 4426; x_wconf 79' lang='lat' dir='ltr'><strong>Justi-</strong></span> 
     </span>
    </p>
   </div>
   <div class='ocr_carea' id='block_1_60' title="bbox 522 4439 2016 4510">
    <p class='ocr_par' dir='ltr' id='par_1_60' title="bbox 522 4439 2016 4510">
     <span class='ocr_line' id='line_1_62' title="bbox 522 4439 2016 4510; baseline -0.001 -16"><span class='ocrx_word' id='word_1_359' title='bbox 522 4443 664 4494; x_wconf 84' lang='lat' dir='ltr'><strong>m&#39;am&#39;</strong></span> <span class='ocrx_word' id='word_1_360' title='bbox 692 4444 746 4494; x_wconf 81' lang='lat' dir='ltr'><strong>in</strong></span> <span class='ocrx_word' id='word_1_361' title='bbox 774 4441 1098 4510; x_wconf 78' lang='lat' dir='ltr'><strong>Ravennates</strong></span> <span class='ocrx_word' id='word_1_362' title='bbox 1142 4457 1337 4510; x_wconf 65' lang='lat' dir='ltr'><strong>causa:1</strong></span> <span class='ocrx_word' id='word_1_363' title='bbox 1386 4439 1505 4510; x_wconf 75' lang='lat' dir='ltr'><strong>Alia</strong></span> <span class='ocrx_word' id='word_1_364' title='bbox 1550 4441 1766 4510; x_wconf 78' lang='lat' dir='ltr'><strong>Agncllo</strong></span> <span class='ocrx_word' id='word_1_365' title='bbox 1803 4444 2016 4496; x_wconf 81' lang='lat' dir='ltr'><strong>omissa.</strong></span> 
     </span>
    </p>
   </div>
   <div class='ocr_carea' id='block_1_61' title="bbox 522 4508 2024 4582">
    <p class='ocr_par' dir='ltr' id='par_1_61' title="bbox 522 4508 2024 4582">
     <span class='ocr_line' id='line_1_63' title="bbox 522 4508 2024 4582; baseline 0 -17"><span class='ocrx_word' id='word_1_366' title='bbox 522 4510 796 4582; x_wconf 78' lang='lat' dir='ltr'><strong>Nonnulla</strong></span> <span class='ocrx_word' id='word_1_367' title='bbox 818 4509 1035 4582; x_wconf 84' lang='lat' dir='ltr'><strong>Agne_llo</strong></span> <span class='ocrx_word' id='word_1_368' title='bbox 1063 4508 1516 4582; x_wconf 71' lang='lat' dir='ltr'><strong>narrata_R_ubeas</strong></span> <span class='ocrx_word' id='word_1_369' title='bbox 1543 4508 1788 4580; x_wconf 72' lang='lat' dir='ltr'><strong>neglexit.</strong></span> <span class='ocrx_word' id='word_1_370' title='bbox 1819 4511 2024 4582; x_wconf 68' lang='grc' dir='ltr'><strong>Λοκριίὶ</strong></span> 
     </span>
    </p>
   </div>
   <div class='ocr_carea' id='block_1_62' title="bbox 521 4577 2024 4649">
    <p class='ocr_par' dir='ltr' id='par_1_62' title="bbox 521 4577 2024 4649">
     <span class='ocr_line' id='line_1_64' title="bbox 521 4577 2024 4649; baseline 0.002 -17"><span class='ocrx_word' id='word_1_371' title='bbox 521 4578 824 4649; x_wconf 76' lang='lat' dir='ltr'><strong>genealogia</strong></span> <span class='ocrx_word' id='word_1_372' title='bbox 850 4577 914 4632; x_wconf 73' lang='lat' dir='ltr'><strong>ea:</strong></span> <span class='ocrx_word' id='word_1_373' title='bbox 936 4577 1235 4633; x_wconf 79' lang='lat' dir='ltr'><strong>Joannicio.</strong></span> <span class='ocrx_word' id='word_1_374' title='bbox 1269 4578 1422 4633; x_wconf 76' lang='lat' dir='ltr'><strong>Felix</strong></span> <span class='ocrx_word' id='word_1_375' title='bbox 1458 4579 1593 4634; x_wconf 76' lang='lat' dir='ltr'><strong>inter</strong></span> <span class='ocrx_word' id='word_1_376' title='bbox 1609 4577 1842 4636; x_wconf 63' lang='lat' dir='ltr'><strong>sanctos.</strong></span> <span class='ocrx_word' id='word_1_377' title='bbox 1865 4577 2024 4637; x_wconf 68' lang='grc' dir='ltr'><strong>’86νὶ-</strong></span> 
     </span>
    </p>
   </div>
   <div class='ocr_carea' id='block_1_63' title="bbox 523 4648 1073 4722">
    <p class='ocr_par' dir='ltr' id='par_1_63' title="bbox 523 4648 1073 4722">
     <span class='ocr_line' id='line_1_65' title="bbox 523 4648 1073 4722; baseline -0.002 -19"><span class='ocrx_word' id='word_1_378' title='bbox 523 4648 642 4722; x_wconf 72' lang='lat' dir='ltr'><strong>pter</strong></span> <span class='ocrx_word' id='word_1_379' title='bbox 675 4648 1073 4702; x_wconf 77' lang='lat' dir='ltr'><strong>coelesiasticus.</strong></span> 
     </span>
    </p>
   </div>
   <div class='ocr_carea' id='block_1_64' title="bbox 527 4737 2028 4814">
    <p class='ocr_par' dir='ltr' id='par_1_64' title="bbox 527 4737 2028 4814">
     <span class='ocr_line' id='line_1_66' title="bbox 527 4737 2028 4814; baseline 0.003 -19"><span class='ocrx_word' id='word_1_380' title='bbox 527 4740 577 4814; x_wconf 89' lang='lat' dir='ltr'><strong>l._</strong></span> <span class='ocrx_word' id='word_1_381' title='bbox 609 4738 686 4794; x_wconf 89' lang='lat' dir='ltr'><strong>De</strong></span> <span class='ocrx_word' id='word_1_382' title='bbox 728 4739 1174 4814; x_wconf 64' lang='lat' dir='ltr'><strong>prmstantissimo</strong></span> <span class='ocrx_word' id='word_1_383' title='bbox 1203 4737 1336 4794; x_wconf 91' lang='lat' dir='ltr'><strong>alias</strong></span> <span class='ocrx_word' id='word_1_384' title='bbox 1365 4741 1641 4814; x_wconf 12' lang='lat' dir='ltr'><strong>episcopo,</strong></span> <span class='ocrx_word' id='word_1_385' title='bbox 1669 4741 1924 4814; x_wconf 83' lang='lat' dir='ltr'><strong>Agnellus</strong></span> <span class='ocrx_word' id='word_1_386' title='bbox 1957 4746 2028 4799; x_wconf 88' lang='lat' dir='ltr'><strong>si-</strong></span> 
     </span>
    </p>
   </div>
   <div class='ocr_carea' id='block_1_65' title="bbox 457 4808 2023 4884">
    <p class='ocr_par' dir='ltr' id='par_1_65' title="bbox 457 4808 2023 4884">
     <span class='ocr_line' id='line_1_67' title="bbox 457 4808 2023 4884; baseline 0.003 -20"><span class='ocrx_word' id='word_1_387' title='bbox 457 4810 614 4866; x_wconf 88' lang='lat' dir='ltr'><strong>lenda</strong></span> <span class='ocrx_word' id='word_1_388' title='bbox 658 4809 890 4884; x_wconf 65' lang='lat' dir='ltr'><strong>censuit,</strong></span> <span class='ocrx_word' id='word_1_389' title='bbox 922 4825 1041 4879; x_wconf 69' lang='lat' dir='ltr'><strong>qua:</strong></span> <span class='ocrx_word' id='word_1_390' title='bbox 1071 4808 1225 4865; x_wconf 66' lang='lat' dir='ltr'><strong>fama:</strong></span> <span class='ocrx_word' id='word_1_391' title='bbox 1265 4808 1482 4884; x_wconf 84' lang='lat' dir='ltr'><strong>quoquo</strong></span> <span class='ocrx_word' id='word_1_392' title='bbox 1527 4808 1689 4884; x_wconf 80' lang='lat' dir='ltr'><strong>modo</strong></span> <span class='ocrx_word' id='word_1_393' title='bbox 1720 4808 1839 4881; x_wconf 61' lang='lat' dir='ltr'><strong>Ejus</strong></span> <span class='ocrx_word' id='word_1_394' title='bbox 1885 4815 2023 4884; x_wconf 88' lang='lat' dir='ltr'><strong>apud</strong></span> 
     </span>
    </p>
   </div>
   <div class='ocr_carea' id='block_1_66' title="bbox 454 4876 2022 4956">
    <p class='ocr_par' dir='ltr' id='par_1_66' title="bbox 454 4876 2022 4956">
     <span class='ocr_line' id='line_1_68' title="bbox 454 4876 2022 4956; baseline 0.002 -20"><span class='ocrx_word' id='word_1_395' title='bbox 454 4890 702 4956; x_wconf 84' lang='lat' dir='ltr'><strong>posteros</strong></span> <span class='ocrx_word' id='word_1_396' title='bbox 747 4876 961 4956; x_wconf 66' lang='lat' dir='ltr'><strong>officere</strong></span> <span class='ocrx_word' id='word_1_397' title='bbox 1004 4876 1547 4956; x_wconf 63' lang='lat' dir='ltr'><strong>possepraavidebat.</strong></span> <span class='ocrx_word' id='word_1_398' title='bbox 1616 4876 1768 4937; x_wconf 56' lang='lat' dir='ltr'><strong>Silet&#39;</strong></span> <span class='ocrx_word' id='word_1_399' title='bbox 1798 4876 2022 4953; x_wconf 78' lang='lat' dir='ltr'><strong>proinde</strong></span> 
     </span>
    </p>
   </div>
   <div class='ocr_carea' id='block_1_67' title="bbox 455 4949 2019 5021">
    <p class='ocr_par' dir='ltr' id='par_1_67' title="bbox 455 4949 2019 5021">
     <span class='ocr_line' id='line_1_69' title="bbox 455 4949 2019 5021; baseline 0.002 -15"><span class='ocrx_word' id='word_1_400' title='bbox 455 4949 573 5021; x_wconf 67' lang='lat' dir='ltr'><strong>quae</strong></span> <span class='ocrx_word' id='word_1_401' title='bbox 615 4965 737 5021; x_wconf 90' lang='lat' dir='ltr'><strong>cum</strong></span> <span class='ocrx_word' id='word_1_402' title='bbox 779 4949 1020 5021; x_wconf 80' lang='lat' dir='ltr'><strong>Romano</strong></span> <span class='ocrx_word' id='word_1_403' title='bbox 1046 4949 1297 5020; x_wconf 84' lang='lat' dir='ltr'><strong>pontifice</strong></span> <span class='ocrx_word' id='word_1_404' title='bbox 1327 4952 1746 5007; x_wconf 88' lang='lat' dir='ltr'><strong>intercesserunt</strong></span> <span class='ocrx_word' id='word_1_405' title='bbox 1777 4949 2019 5009; x_wconf 81' lang='lat' dir='ltr'><strong>dissidia.</strong></span> 
     </span>
    </p>
   </div>
   <div class='ocr_carea' id='block_1_68' title="bbox 456 5020 2027 5093">
    <p class='ocr_par' dir='ltr' id='par_1_68' title="bbox 456 5020 2027 5093">
     <span class='ocr_line' id='line_1_70' title="bbox 456 5020 2027 5093; baseline 0.003 -17"><span class='ocrx_word' id='word_1_406' title='bbox 456 5020 661 5077; x_wconf 81' lang='lat' dir='ltr'><strong>Laudat</strong></span> <span class='ocrx_word' id='word_1_407' title='bbox 682 5020 860 5089; x_wconf 89' lang='lat' dir='ltr'><strong>itaque</strong></span> <span class='ocrx_word' id='word_1_408' title='bbox 889 5020 1141 5093; x_wconf 82' lang='lat' dir='ltr'><strong>Felicem,</strong></span> <span class='ocrx_word' id='word_1_409' title='bbox 1166 5023 1329 5093; x_wconf 85' lang='lat' dir='ltr'><strong>quod,</strong></span> <span class='ocrx_word' id='word_1_410' title='bbox 1358 5031 1417 5075; x_wconf 91' lang='lat' dir='ltr'><strong>ut</strong></span> <span class='ocrx_word' id='word_1_411' title='bbox 1440 5024 1695 5091; x_wconf 88' lang='lat' dir='ltr'><strong>postremi</strong></span> <span class='ocrx_word' id='word_1_412' title='bbox 1726 5026 2027 5093; x_wconf 84' lang='lat' dir='ltr'><strong>praedeces—</strong></span> 
     </span>
    </p>
   </div>
   <div class='ocr_carea' id='block_1_69' title="bbox 455 5091 2025 5161">
    <p class='ocr_par' dir='ltr' id='par_1_69' title="bbox 455 5091 2025 5161">
     <span class='ocr_line' id='line_1_71' title="bbox 455 5091 2025 5161; baseline 0.003 -16"><span class='ocrx_word' id='word_1_413' title='bbox 455 5106 636 5161; x_wconf 83' lang='lat' dir='ltr'><strong>sorum</strong></span> <span class='ocrx_word' id='word_1_414' title='bbox 674 5099 729 5143; x_wconf 92' lang='lat' dir='ltr'><strong>et</strong></span> <span class='ocrx_word' id='word_1_415' title='bbox 757 5091 1094 5159; x_wconf 89' lang='lat' dir='ltr'><strong>sequentium</strong></span> <span class='ocrx_word' id='word_1_416' title='bbox 1127 5092 1327 5161; x_wconf 90' lang='lat' dir='ltr'><strong>plures,</strong></span> <span class='ocrx_word' id='word_1_417' title='bbox 1360 5093 1416 5146; x_wconf 77' lang='grc' dir='ltr'><strong>ὃ.</strong></span> <span class='ocrx_word' id='word_1_418' title='bbox 1450 5091 1824 5147; x_wconf 74' lang='lat' dir='ltr'><strong>Bartholommi</strong></span> <span class='ocrx_word' id='word_1_419' title='bbox 1861 5097 2025 5150; x_wconf 85' lang='lat' dir='ltr'><strong>abbas</strong></span> 
     </span>
    </p>
   </div>
   <div class='ocr_carea' id='block_1_70' title="bbox 457 5160 2027 5233">
    <p class='ocr_par' dir='ltr' id='par_1_70' title="bbox 457 5160 2027 5233">
     <span class='ocr_line' id='line_1_72' title="bbox 457 5160 2027 5233; baseline 0.003 -18"><span class='ocrx_word' id='word_1_420' title='bbox 457 5160 618 5215; x_wconf 85' lang='lat' dir='ltr'><strong>fuerit</strong></span> <span class='ocrx_word' id='word_1_421' title='bbox 642 5170 697 5233; x_wconf 81' lang='lat' dir='ltr'><strong>et</strong></span> <span class='ocrx_word' id='word_1_422' title='bbox 722 5160 973 5233; x_wconf 68' lang='lat' dir='ltr'><strong>Ecclesia:</strong></span> <span class='ocrx_word' id='word_1_423' title='bbox 1001 5160 1329 5215; x_wconf 86' lang='lat' dir='ltr'><strong>Ravennatis</strong></span> <span class='ocrx_word' id='word_1_424' title='bbox 1362 5177 1723 5233; x_wconf 72' lang='lat' dir='ltr'><strong>mcoiiomus;</strong></span> <span class='ocrx_word' id='word_1_425' title='bbox 1770 5165 1861 5218; x_wconf 77' lang='lat' dir='ltr'><strong>sed</strong></span> <span class='ocrx_word' id='word_1_426' title='bbox 1889 5181 2027 5233; x_wconf 73' lang='lat' dir='ltr'><strong>quae</strong></span> 
     </span>
    </p>
   </div>
   <div class='ocr_carea' id='block_1_71' title="bbox 456 5229 2027 5302">
    <p class='ocr_par' dir='ltr' id='par_1_71' title="bbox 456 5229 2027 5302">
     <span class='ocr_line' id='line_1_73' title="bbox 456 5229 2027 5302; baseline 0.003 -17"><span class='ocrx_word' id='word_1_427' title='bbox 456 5229 772 5302; x_wconf 73' lang='lat' dir='ltr'><strong>spectabant</strong></span> <span class='ocrx_word' id='word_1_428' title='bbox 809 5232 876 5284; x_wconf 90' lang='lat' dir='ltr'><strong>ad</strong></span> <span class='ocrx_word' id='word_1_429' title='bbox 919 5232 1034 5297; x_wconf 83' lang='lat' dir='ltr'><strong>ejus</strong></span> <span class='ocrx_word' id='word_1_430' title='bbox 1073 5232 1532 5302; x_wconf 79' lang='lat' dir='ltr'><strong>consecrationem</strong></span> <span class='ocrx_word' id='word_1_431' title='bbox 1565 5233 1747 5284; x_wconf 72' lang='lat' dir='ltr'><strong>Roma:</strong></span> <span class='ocrx_word' id='word_1_432' title='bbox 1782 5249 1811 5286; x_wconf 88' lang='lat' dir='ltr'><strong>a</strong></span> <span class='ocrx_word' id='word_1_433' title='bbox 1851 5229 2027 5302; x_wconf 79' lang='lat' dir='ltr'><strong>ponti-</strong></span> 
     </span>
    </p>
   </div>
   <div class='ocr_carea' id='block_1_72' title="bbox 460 5298 2029 5369">
    <p class='ocr_par' dir='ltr' id='par_1_72' title="bbox 460 5298 2029 5369">
     <span class='ocr_line' id='line_1_74' title="bbox 460 5298 2029 5369; baseline 0.003 -16"><span class='ocrx_word' id='word_1_434' title='bbox 460 5298 557 5369; x_wconf 80' lang='lat' dir='ltr'><strong>fice</strong></span> <span class='ocrx_word' id='word_1_435' title='bbox 597 5308 891 5369; x_wconf 85' lang='lat' dir='ltr'><strong>peractam,</strong></span> <span class='ocrx_word' id='word_1_436' title='bbox 943 5300 1160 5353; x_wconf 90' lang='lat' dir='ltr'><strong>omnino</strong></span> <span class='ocrx_word' id='word_1_437' title='bbox 1209 5301 1428 5353; x_wconf 88' lang='lat' dir='ltr'><strong>omittit.</strong></span> <span class='ocrx_word' id='word_1_438' title='bbox 1466 5303 1787 5357; x_wconf 81' lang='lat' dir='ltr'><strong>Anastasius</strong></span> <span class='ocrx_word' id='word_1_439' title='bbox 1825 5298 1939 5358; x_wconf 66' lang='lat' dir='ltr'><strong>haec</strong></span> <span class='ocrx_word' id='word_1_440' title='bbox 1964 5305 2029 5359; x_wconf 88' lang='lat' dir='ltr'><strong>de</strong></span> 
     </span>
    </p>
   </div>
   <div class='ocr_carea' id='block_1_73' title="bbox 459 5368 2025 5428">
    <p class='ocr_par' dir='ltr' id='par_1_73' title="bbox 459 5368 2025 5428">
     <span class='ocr_line' id='line_1_75' title="bbox 459 5368 2025 5428; baseline 0.003 -5"><span class='ocrx_word' id='word_1_441' title='bbox 459 5368 544 5424; x_wconf 81' lang='lat' dir='ltr'><strong>bis</strong></span> <span class='ocrx_word' id='word_1_442' title='bbox 582 5368 742 5421; x_wconf 85' lang='lat' dir='ltr'><strong>habet</strong></span> <span class='ocrx_word' id='word_1_443' title='bbox 778 5370 831 5423; x_wconf 91' lang='lat' dir='ltr'><strong>in</strong></span> <span class='ocrx_word' id='word_1_444' title='bbox 871 5369 1262 5424; x_wconf 87' lang='lat' dir='ltr'><strong>Constantino:</strong></span> <span class='ocrx_word' id='word_1_445' title='bbox 1300 5388 1319 5420; x_wconf 75' lang='grc' dir='ltr'><strong><em>ι</em></strong></span> <span class='ocrx_word' id='word_1_446' title='bbox 1348 5369 1445 5423; x_wconf 85' lang='lat' dir='ltr'><strong>llic</strong></span> <span class='ocrx_word' id='word_1_447' title='bbox 1483 5372 1752 5425; x_wconf 84' lang='lat' dir='ltr'><strong>ordinavit</strong></span> <span class='ocrx_word' id='word_1_448' title='bbox 1796 5372 2025 5428; x_wconf 84' lang='lat' dir='ltr'><strong>Felicem</strong></span> 
     </span>
    </p>
   </div>
   <div class='ocr_carea' id='block_1_74' title="bbox 460 5438 2028 5509">
    <p class='ocr_par' dir='ltr' id='par_1_74' title="bbox 460 5438 2028 5509">
     <span class='ocr_line' id='line_1_76' title="bbox 460 5438 2028 5509; baseline 0.005 -20"><span class='ocrx_word' id='word_1_449' title='bbox 460 5438 922 5509; x_wconf 84' lang='lat' dir='ltr'><strong>archiepiscopum</strong></span> <span class='ocrx_word' id='word_1_450' title='bbox 962 5438 1347 5509; x_wconf 86' lang='lat' dir='ltr'><strong>Ravennatem,</strong></span> <span class='ocrx_word' id='word_1_451' title='bbox 1391 5440 1504 5509; x_wconf 91' lang='lat' dir='ltr'><strong>qui,</strong></span> <span class='ocrx_word' id='word_1_452' title='bbox 1549 5444 1841 5495; x_wconf 82' lang='lat' dir='ltr'><strong>secundum</strong></span> <span class='ocrx_word' id='word_1_453' title='bbox 1873 5459 2028 5497; x_wconf 88' lang='lat' dir='ltr'><strong>usum</strong></span> 
     </span>
    </p>
   </div>
   <div class='ocr_carea' id='block_1_75' title="bbox 440 5505 2032 5575">
    <p class='ocr_par' dir='ltr' id='par_1_75' title="bbox 440 5505 2032 5575">
     <span class='ocr_line' id='line_1_77' title="bbox 440 5505 2032 5575; baseline 0.009 -21"><span class='ocrx_word' id='word_1_454' title='bbox 440 5505 700 5575; x_wconf 81' lang='lat' dir='ltr'><strong>.prioruin</strong></span> <span class='ocrx_word' id='word_1_455' title='bbox 750 5505 998 5570; x_wconf 83' lang='lat' dir='ltr'><strong>suorum,</strong></span> <span class='ocrx_word' id='word_1_456' title='bbox 1051 5508 1238 5562; x_wconf 86' lang='lat' dir='ltr'><strong>solitas</strong></span> <span class='ocrx_word' id='word_1_457' title='bbox 1284 5509 1340 5563; x_wconf 91' lang='lat' dir='ltr'><strong>in</strong></span> <span class='ocrx_word' id='word_1_458' title='bbox 1389 5505 1589 5565; x_wconf 76' lang='lat' dir='ltr'><strong>scrinio</strong></span> <span class='ocrx_word' id='word_1_459' title='bbox 1636 5512 1807 5565; x_wconf 89' lang='lat' dir='ltr'><strong>noluit</strong></span> <span class='ocrx_word' id='word_1_460' title='bbox 1854 5513 2032 5568; x_wconf 88' lang='lat' dir='ltr'><strong>facere</strong></span> 
     </span>
    </p>
   </div>
   <div class='ocr_carea' id='block_1_76' title="bbox 460 5575 2031 5653">
    <p class='ocr_par' dir='ltr' id='par_1_76' title="bbox 460 5575 2031 5653">
     <span class='ocr_line' id='line_1_78' title="bbox 460 5575 2031 5653; baseline 0.01 -30"><span class='ocrx_word' id='word_1_461' title='bbox 460 5575 754 5653; x_wconf 62' lang='lat' dir='ltr'><strong>cautiones,</strong></span> <span class='ocrx_word' id='word_1_462' title='bbox 789 5578 898 5653; x_wconf 89' lang='lat' dir='ltr'><strong>_sed</strong></span> <span class='ocrx_word' id='word_1_463' title='bbox 938 5593 1035 5653; x_wconf 80' lang='lat' dir='ltr'><strong>per</strong></span> <span class='ocrx_word' id='word_1_464' title='bbox 1070 5579 1364 5653; x_wconf 78' lang='lat' dir='ltr'><strong>potentiam</strong></span> <span class='ocrx_word' id='word_1_465' title='bbox 1395 5579 1633 5653; x_wconf 85' lang='lat' dir='ltr'><strong>judicum</strong></span> <span class='ocrx_word' id='word_1_466' title='bbox 1677 5586 1944 5653; x_wconf 80' lang='lat' dir='ltr'><strong>exposuit,</strong></span> <span class='ocrx_word' id='word_1_467' title='bbox 1973 5592 2031 5638; x_wconf 92' lang='lat' dir='ltr'><strong>ut</strong></span> 
     </span>
    </p>
   </div>
   <div class='ocr_carea' id='block_1_77' title="bbox 464 5641 2031 5719">
    <p class='ocr_par' dir='ltr' id='par_1_77' title="bbox 464 5641 2031 5719">
     <span class='ocr_line' id='line_1_79' title="bbox 464 5641 2031 5719; baseline 0.01 -24"><span class='ocrx_word' id='word_1_468' title='bbox 464 5641 672 5698; x_wconf 90' lang='lat' dir='ltr'><strong>maluit.</strong></span> <span class='ocrx_word' id='word_1_469' title='bbox 705 5644 870 5713; x_wconf 88' lang='lat' dir='ltr'><strong>Cujus</strong></span> <span class='ocrx_word' id='word_1_470' title='bbox 892 5641 1123 5703; x_wconf 54' lang='lat' dir='ltr'><strong>cautio&#39;a</strong></span> <span class='ocrx_word' id='word_1_471' title='bbox 1155 5641 1411 5719; x_wconf 73' lang='lat' dir='ltr'><strong>pontifice</strong></span> <span class='ocrx_word' id='word_1_472' title='bbox 1432 5651 1485 5705; x_wconf 91' lang='lat' dir='ltr'><strong>in</strong></span> <span class='ocrx_word' id='word_1_473' title='bbox 1514 5641 1878 5709; x_wconf 78' lang='lat' dir='ltr'><strong>sacratissima</strong></span> <span class='ocrx_word' id='word_1_474' title='bbox 1906 5641 2031 5710; x_wconf 80' lang='lat' dir='ltr'><strong>con-</strong></span> 
     </span>
    </p>
   </div>
   <div class='ocr_carea' id='block_1_78' title="bbox 1510 5878 1535 5900">
    <p class='ocr_par' dir='ltr' id='par_1_78' title="bbox 1510 5878 1535 5900">
     <span class='ocr_line' id='line_1_80' title="bbox 1510 5878 1535 5900; baseline 0 0"><span class='ocrx_word' id='word_1_475' title='bbox 1510 5878 1535 5900; x_wconf 69' lang='grc' dir='ltr'><em>Ι</em></span> 
     </span>
    </p>
   </div>
   <div class='ocr_carea' id='block_1_79' title="bbox 2114 413 3687 481">
    <p class='ocr_par' dir='ltr' id='par_1_79' title="bbox 2114 413 3687 481">
     <span class='ocr_line' id='line_1_81' title="bbox 2114 413 3687 481; baseline 0.001 -12"><span class='ocrx_word' id='word_1_476' title='bbox 2114 425 2252 469; x_wconf 85' lang='lat' dir='ltr'><strong>tetra</strong></span> <span class='ocrx_word' id='word_1_477' title='bbox 2304 424 2360 467; x_wconf 93' lang='lat' dir='ltr'><strong>ct</strong></span> <span class='ocrx_word' id='word_1_478' title='bbox 2404 413 2556 480; x_wconf 88' lang='lat' dir='ltr'><strong>quasi</strong></span> <span class='ocrx_word' id='word_1_479' title='bbox 2591 414 2711 481; x_wconf 80' lang='lat' dir='ltr'><strong>igne</strong></span> <span class='ocrx_word' id='word_1_480' title='bbox 2754 415 3031 468; x_wconf 87' lang='lat' dir='ltr'><strong>combusta</strong></span> <span class='ocrx_word' id='word_1_481' title='bbox 3084 414 3297 468; x_wconf 87' lang='lat' dir='ltr'><strong>inventa</strong></span> <span class='ocrx_word' id='word_1_482' title='bbox 3336 424 3440 468; x_wconf 86' lang='lat' dir='ltr'><strong>est.</strong></span> <span class='ocrx_word' id='word_1_483' title='bbox 3478 434 3499 466; x_wconf 73' lang='grc' dir='ltr'><strong>ι</strong></span> <span class='ocrx_word' id='word_1_484' title='bbox 3546 414 3687 470; x_wconf 87' lang='lat' dir='ltr'><strong>Idem</strong></span> 
     </span>
    </p>
   </div>
   <div class='ocr_carea' id='block_1_80' title="bbox 2113 484 3686 552">
    <p class='ocr_par' dir='ltr' id='par_1_80' title="bbox 2113 484 3686 552">
     <span class='ocr_line' id='line_1_82' title="bbox 2113 484 3686 552; baseline -0.001 -13"><span class='ocrx_word' id='word_1_485' title='bbox 2113 485 2181 539; x_wconf 90' lang='lat' dir='ltr'><strong>de</strong></span> <span class='ocrx_word' id='word_1_486' title='bbox 2230 484 2425 538; x_wconf 84' lang='lat' dir='ltr'><strong>Felicis</strong></span> <span class='ocrx_word' id='word_1_487' title='bbox 2473 484 2643 536; x_wconf 86' lang='lat' dir='ltr'><strong>reditu</strong></span> <span class='ocrx_word' id='word_1_488' title='bbox 2679 502 2692 537; x_wconf 91' lang='lat'><strong>:</strong></span> <span class='ocrx_word' id='word_1_489' title='bbox 2739 502 2756 533; x_wconf 85' lang='grc'><em>‹</em></span> <span class='ocrx_word' id='word_1_490' title='bbox 2789 484 2986 538; x_wconf 84' lang='lat' dir='ltr'><strong>Eodem</strong></span> <span class='ocrx_word' id='word_1_491' title='bbox 3042 494 3281 552; x_wconf 87' lang='lat' dir='ltr'><strong>tempore</strong></span> <span class='ocrx_word' id='word_1_492' title='bbox 3318 484 3469 538; x_wconf 81' lang='lat' dir='ltr'><strong>Felix</strong></span> <span class='ocrx_word' id='word_1_493' title='bbox 3508 486 3686 538; x_wconf 83' lang='lat' dir='ltr'><strong>archi-</strong></span> 
     </span>
    </p>
   </div>
   <div class='ocr_carea' id='block_1_81' title="bbox 2114 553 3686 624">
    <p class='ocr_par' dir='ltr' id='par_1_81' title="bbox 2114 553 3686 624">
     <span class='ocr_line' id='line_1_83' title="bbox 2114 553 3686 624; baseline 0.001 -16"><span class='ocrx_word' id='word_1_494' title='bbox 2114 554 2400 624; x_wconf 82' lang='lat' dir='ltr'><strong>episcopus</strong></span> <span class='ocrx_word' id='word_1_495' title='bbox 2444 553 2715 624; x_wconf 63' lang='lat' dir='ltr'><strong>Ravennae</strong></span> <span class='ocrx_word' id='word_1_496' title='bbox 2752 554 2819 624; x_wconf 89' lang='lat' dir='ltr'><strong>ab</strong></span> <span class='ocrx_word' id='word_1_497' title='bbox 2847 553 3037 607; x_wconf 79' lang='lat' dir='ltr'><strong>exsilio</strong></span> <span class='ocrx_word' id='word_1_498' title='bbox 3070 562 3327 618; x_wconf 86' lang='lat' dir='ltr'><strong>remotus,</strong></span> <span class='ocrx_word' id='word_1_499' title='bbox 3366 555 3686 624; x_wconf 71' lang='lat' dir='ltr'><strong>pmnitentia</strong></span> 
     </span>
    </p>
   </div>
   <div class='ocr_carea' id='block_1_82' title="bbox 2113 621 3688 693">
    <p class='ocr_par' dir='ltr' id='par_1_82' title="bbox 2113 621 3688 693">
     <span class='ocr_line' id='line_1_84' title="bbox 2113 621 3688 693; baseline 0.001 -17"><span class='ocrx_word' id='word_1_500' title='bbox 2113 621 2312 688; x_wconf 80' lang='lat' dir='ltr'><strong>motus,</strong></span> <span class='ocrx_word' id='word_1_501' title='bbox 2341 622 2469 677; x_wconf 90' lang='lat' dir='ltr'><strong>licet</strong></span> <span class='ocrx_word' id='word_1_502' title='bbox 2492 621 2767 675; x_wconf 87' lang='lat' dir='ltr'><strong>oculorum</strong></span> <span class='ocrx_word' id='word_1_503' title='bbox 2797 623 2994 675; x_wconf 88' lang='lat' dir='ltr'><strong>lumine</strong></span> <span class='ocrx_word' id='word_1_504' title='bbox 3021 624 3284 692; x_wconf 86' lang='lat' dir='ltr'><strong>privatus,</strong></span> <span class='ocrx_word' id='word_1_505' title='bbox 3317 621 3383 677; x_wconf 86' lang='lat' dir='ltr'><strong>ad</strong></span> <span class='ocrx_word' id='word_1_506' title='bbox 3416 625 3688 693; x_wconf 84' lang='lat' dir='ltr'><strong>propriam</strong></span> 
     </span>
    </p>
   </div>
   <div class='ocr_carea' id='block_1_83' title="bbox 2114 692 3688 762">
    <p class='ocr_par' dir='ltr' id='par_1_83' title="bbox 2114 692 3688 762">
     <span class='ocr_line' id='line_1_85' title="bbox 2114 692 3688 762; baseline 0.001 -16"><span class='ocrx_word' id='word_1_507' title='bbox 2114 703 2293 747; x_wconf 89' lang='lat' dir='ltr'><strong>tamen</strong></span> <span class='ocrx_word' id='word_1_508' title='bbox 2329 693 2491 746; x_wconf 88' lang='lat' dir='ltr'><strong>rediit</strong></span> <span class='ocrx_word' id='word_1_509' title='bbox 2523 693 2728 755; x_wconf 86' lang='lat' dir='ltr'><strong>sedem,</strong></span> <span class='ocrx_word' id='word_1_510' title='bbox 2771 701 2825 745; x_wconf 76' lang='lat' dir='ltr'><strong>et</strong></span> <span class='ocrx_word' id='word_1_511' title='bbox 2864 692 3019 746; x_wconf 86' lang='lat' dir='ltr'><strong>solita</strong></span> <span class='ocrx_word' id='word_1_512' title='bbox 3067 708 3187 762; x_wconf 55' lang='lat' dir='ltr'><strong>quas</strong></span> <span class='ocrx_word' id='word_1_513' title='bbox 3209 695 3275 749; x_wconf 88' lang='lat' dir='ltr'><strong>ab</strong></span> <span class='ocrx_word' id='word_1_514' title='bbox 3315 692 3592 747; x_wconf 82' lang='lat' dir='ltr'><strong>universis</strong></span> <span class='ocrx_word' id='word_1_515' title='bbox 3638 694 3688 747; x_wconf 89' lang='lat' dir='ltr'><strong>in</strong></span> 
     </span>
    </p>
   </div>
   <div class='ocr_carea' id='block_1_84' title="bbox 2113 762 3692 833">
    <p class='ocr_par' dir='ltr' id='par_1_84' title="bbox 2113 762 3692 833">
     <span class='ocr_line' id='line_1_86' title="bbox 2113 762 3692 833; baseline 0.001 -17"><span class='ocrx_word' id='word_1_516' title='bbox 2113 763 2314 817; x_wconf 86' lang='lat' dir='ltr'><strong>scrinio</strong></span> <span class='ocrx_word' id='word_1_517' title='bbox 2349 764 2720 833; x_wconf 81' lang='lat' dir='ltr'><strong>episcoporum</strong></span> <span class='ocrx_word' id='word_1_518' title='bbox 2758 762 2893 816; x_wconf 84' lang='lat' dir='ltr'><strong>fiunt</strong></span> <span class='ocrx_word' id='word_1_519' title='bbox 2935 763 3189 824; x_wconf 86' lang='lat' dir='ltr'><strong>indicula,</strong></span> <span class='ocrx_word' id='word_1_520' title='bbox 3224 772 3277 817; x_wconf 90' lang='lat' dir='ltr'><strong>et</strong></span> <span class='ocrx_word' id='word_1_521' title='bbox 3308 762 3432 818; x_wconf 81' lang='lat' dir='ltr'><strong>fidei</strong></span> <span class='ocrx_word' id='word_1_522' title='bbox 3478 766 3692 833; x_wconf 81' lang='lat' dir='ltr'><strong>exposi-</strong></span> 
     </span>
    </p>
   </div>
   <div class='ocr_carea' id='block_1_85' title="bbox 2115 830 3693 900">
    <p class='ocr_par' dir='ltr' id='par_1_85' title="bbox 2115 830 3693 900">
     <span class='ocr_line' id='line_1_87' title="bbox 2115 830 3693 900; baseline 0.003 -15"><span class='ocrx_word' id='word_1_523' title='bbox 2115 833 2313 896; x_wconf 81' lang='lat' dir='ltr'><strong>tiones,</strong></span> <span class='ocrx_word' id='word_1_524' title='bbox 2343 830 2397 886; x_wconf 87' lang='lat' dir='ltr'><strong>et</strong></span> <span class='ocrx_word' id='word_1_525' title='bbox 2423 832 2510 885; x_wconf 85' lang='lat' dir='ltr'><strong>hic</strong></span> <span class='ocrx_word' id='word_1_526' title='bbox 2538 830 2825 886; x_wconf 76' lang='lat' dir='ltr'><strong>Confessus</strong></span> <span class='ocrx_word' id='word_1_527' title='bbox 2861 841 2963 896; x_wconf 88' lang='lat' dir='ltr'><strong>est,</strong></span> <span class='ocrx_word' id='word_1_528' title='bbox 3002 833 3187 900; x_wconf 82' lang='lat' dir='ltr'><strong>sicque</strong></span> <span class='ocrx_word' id='word_1_529' title='bbox 3236 830 3693 889; x_wconf 84' lang='lat' dir='ltr'><strong>reconciliationis</strong></span> 
     </span>
    </p>
   </div>
   <div class='ocr_carea' id='block_1_86' title="bbox 2154 900 3693 967">
    <p class='ocr_par' dir='ltr' id='par_1_86' title="bbox 2154 900 3693 967">
     <span class='ocr_line' id='line_1_88' title="bbox 2154 900 3693 967; baseline 0.002 -12"><span class='ocrx_word' id='word_1_530' title='bbox 2154 903 2410 957; x_wconf 88' lang='lat' dir='ltr'><strong>romeruit</strong></span> <span class='ocrx_word' id='word_1_531' title='bbox 2460 900 2868 955; x_wconf 82' lang='lat' dir='ltr'><strong>absolutionem.</strong></span> <span class='ocrx_word' id='word_1_532' title='bbox 2925 921 2943 955; x_wconf 78' lang='grc' dir='ltr'><strong><em>ι</em></strong></span> <span class='ocrx_word' id='word_1_533' title='bbox 3005 902 3149 956; x_wconf 86' lang='lat' dir='ltr'><strong>Idem</strong></span> <span class='ocrx_word' id='word_1_534' title='bbox 3208 903 3261 956; x_wconf 92' lang='lat' dir='ltr'><strong>in</strong></span> <span class='ocrx_word' id='word_1_535' title='bbox 3310 904 3574 967; x_wconf 84' lang='lat' dir='ltr'><strong>Nicolao,</strong></span> <span class='ocrx_word' id='word_1_536' title='bbox 3631 905 3693 959; x_wconf 88' lang='lat' dir='ltr'><strong>de</strong></span> 
     </span>
    </p>
   </div>
   <div class='ocr_carea' id='block_1_87' title="bbox 2112 917 3693 1042">
    <p class='ocr_par' dir='ltr' id='par_1_87' title="bbox 2112 917 3693 1042">
     <span class='ocr_line' id='line_1_89' title="bbox 2154 917 3693 967; baseline 0.002 -12"><span class='ocrx_word' id='word_1_537' title='bbox 2154 917 2410 957; x_wconf 85' lang='lat' dir='ltr'><strong>romeruit</strong></span> <span class='ocrx_word' id='word_1_538' title='bbox 2460 917 2868 955; x_wconf 80' lang='lat' dir='ltr'><strong>ausoniuonem.</strong></span> <span class='ocrx_word' id='word_1_539' title='bbox 2925 921 2943 955; x_wconf 78' lang='grc' dir='ltr'><strong><em>ι</em></strong></span> <span class='ocrx_word' id='word_1_540' title='bbox 3005 917 3149 956; x_wconf 78' lang='lat' dir='ltr'><strong>luem</strong></span> <span class='ocrx_word' id='word_1_541' title='bbox 3208 919 3261 956; x_wconf 82' lang='lat' dir='ltr'><strong>in</strong></span> <span class='ocrx_word' id='word_1_542' title='bbox 3312 917 3574 967; x_wconf 79' lang='lat' dir='ltr'><strong>mcotao,</strong></span> <span class='ocrx_word' id='word_1_543' title='bbox 3631 917 3693 959; x_wconf 86' lang='lat' dir='ltr'><strong>de</strong></span> 
     </span>
     <span class='ocr_line' id='line_1_90' title="bbox 2112 917 3693 1042; baseline -0.001 -15"><span class='ocrx_word' id='word_1_544' title='bbox 2112 917 2316 1028; x_wconf 52' lang='lat' dir='ltr'><strong>goanne</strong></span> <span class='ocrx_word' id='word_1_545' title='bbox 2346 971 2752 1042; x_wconf 84' lang='lat' dir='ltr'><strong>archiepiscopo</strong></span> <span class='ocrx_word' id='word_1_546' title='bbox 2773 972 3085 1026; x_wconf 81' lang='lat' dir='ltr'><strong>Ravennate</strong></span> <span class='ocrx_word' id='word_1_547' title='bbox 3115 973 3304 1037; x_wconf 90' lang='lat' dir='ltr'><strong>tradit,</strong></span> <span class='ocrx_word' id='word_1_548' title='bbox 3331 975 3477 1042; x_wconf 91' lang='lat' dir='ltr'><strong>quod</strong></span> <span class='ocrx_word' id='word_1_549' title='bbox 3508 993 3527 1024; x_wconf 70' lang='grc' dir='ltr'><strong><em>ι</em></strong></span> <span class='ocrx_word' id='word_1_550' title='bbox 3566 989 3693 1028; x_wconf 85' lang='lat' dir='ltr'><strong>cau-</strong></span> 
     </span>
    </p>
   </div>
   <div class='ocr_carea' id='block_1_88' title="bbox 2116 1040 3694 1113">
    <p class='ocr_par' dir='ltr' id='par_1_88' title="bbox 2116 1040 3694 1113">
     <span class='ocr_line' id='line_1_91' title="bbox 2116 1040 3694 1113; baseline 0.002 -18"><span class='ocrx_word' id='word_1_551' title='bbox 2116 1044 2289 1097; x_wconf 90' lang='lat' dir='ltr'><strong>tiones</strong></span> <span class='ocrx_word' id='word_1_552' title='bbox 2330 1050 2383 1095; x_wconf 87' lang='lat' dir='ltr'><strong>et</strong></span> <span class='ocrx_word' id='word_1_553' title='bbox 2401 1040 2677 1113; x_wconf 79' lang='lat' dir='ltr'><strong>iudiculos</strong></span> <span class='ocrx_word' id='word_1_554' title='bbox 2703 1057 2823 1113; x_wconf 72' lang='lat' dir='ltr'><strong>qua:</strong></span> <span class='ocrx_word' id='word_1_555' title='bbox 2848 1042 3003 1113; x_wconf 87' lang='lat' dir='ltr'><strong>solita</strong></span> <span class='ocrx_word' id='word_1_556' title='bbox 3034 1053 3159 1113; x_wconf 91' lang='lat' dir='ltr'><strong>sunt</strong></span> <span class='ocrx_word' id='word_1_557' title='bbox 3180 1042 3248 1096; x_wconf 90' lang='lat' dir='ltr'><strong>ab</strong></span> <span class='ocrx_word' id='word_1_558' title='bbox 3269 1040 3694 1113; x_wconf 79' lang='lat' dir='ltr'><strong>archiepisc0pis</strong></span> 
     </span>
    </p>
   </div>
   <div class='ocr_carea' id='block_1_89' title="bbox 2116 1111 3694 1169">
    <p class='ocr_par' dir='ltr' id='par_1_89' title="bbox 2116 1111 3694 1169">
     <span class='ocr_line' id='line_1_92' title="bbox 2116 1111 3694 1169; baseline 0.001 -3"><span class='ocrx_word' id='word_1_559' title='bbox 2116 1111 2518 1167; x_wconf 82' lang='lat' dir='ltr'><strong>Ravennatibus</strong></span> <span class='ocrx_word' id='word_1_560' title='bbox 2565 1111 2616 1164; x_wconf 92' lang='lat' dir='ltr'><strong>in</strong></span> <span class='ocrx_word' id='word_1_561' title='bbox 2670 1112 2871 1167; x_wconf 88' lang='lat' dir='ltr'><strong>scrinio</strong></span> <span class='ocrx_word' id='word_1_562' title='bbox 2916 1111 3031 1166; x_wconf 89' lang='lat' dir='ltr'><strong>fieri</strong></span> <span class='ocrx_word' id='word_1_563' title='bbox 3068 1112 3222 1166; x_wconf 89' lang='lat' dir='ltr'><strong>initio</strong></span> <span class='ocrx_word' id='word_1_564' title='bbox 3271 1111 3694 1169; x_wconf 81' lang='lat' dir='ltr'><strong>consecrationis</strong></span> 
     </span>
    </p>
   </div>
   <div class='ocr_carea' id='block_1_90' title="bbox 2114 1180 3693 1253">
    <p class='ocr_par' dir='ltr' id='par_1_90' title="bbox 2114 1180 3693 1253">
     <span class='ocr_line' id='line_1_93' title="bbox 2114 1180 3693 1253; baseline 0.001 -17"><span class='ocrx_word' id='word_1_565' title='bbox 2114 1198 2242 1247; x_wconf 82' lang='lat' dir='ltr'><strong>suae,</strong></span> <span class='ocrx_word' id='word_1_566' title='bbox 2276 1196 2423 1253; x_wconf 80' lang='lat' dir='ltr'><strong>more</strong></span> <span class='ocrx_word' id='word_1_567' title='bbox 2463 1180 2636 1234; x_wconf 84' lang='lat' dir='ltr'><strong>felicis</strong></span> <span class='ocrx_word' id='word_1_568' title='bbox 2663 1182 2983 1253; x_wconf 80' lang='lat' dir='ltr'><strong>decessoris</strong></span> <span class='ocrx_word' id='word_1_569' title='bbox 3036 1183 3139 1246; x_wconf 87' lang='lat' dir='ltr'><strong>sui,</strong></span> <span class='ocrx_word' id='word_1_570' title='bbox 3187 1182 3419 1248; x_wconf 82' lang='lat' dir='ltr'><strong>falsavit,</strong></span> <span class='ocrx_word' id='word_1_571' title='bbox 3450 1193 3508 1239; x_wconf 91' lang='lat' dir='ltr'><strong>et</strong></span> <span class='ocrx_word' id='word_1_572' title='bbox 3545 1198 3693 1253; x_wconf 71' lang='lat' dir='ltr'><strong>qua:-</strong></span> 
     </span>
    </p>
   </div>
   <div class='ocr_carea' id='block_1_91' title="bbox 2114 1250 3689 1324">
    <p class='ocr_par' dir='ltr' id='par_1_91' title="bbox 2114 1250 3689 1324">
     <span class='ocr_line' id='line_1_94' title="bbox 2114 1250 3689 1324; baseline 0.001 -19"><span class='ocrx_word' id='word_1_573' title='bbox 2114 1253 2238 1324; x_wconf 81' lang='lat' dir='ltr'><strong>dam</strong></span> <span class='ocrx_word' id='word_1_574' title='bbox 2289 1250 2519 1324; x_wconf 74' lang='lat' dir='ltr'><strong>barbara</strong></span> <span class='ocrx_word' id='word_1_575' title='bbox 2554 1251 2791 1324; x_wconf 79' lang='lat' dir='ltr'><strong>scripta,</strong></span> <span class='ocrx_word' id='word_1_576' title='bbox 2832 1253 3073 1324; x_wconf 73' lang='lat' dir='ltr'><strong>qumdam</strong></span> <span class='ocrx_word' id='word_1_577' title='bbox 3112 1266 3240 1324; x_wconf 85' lang='lat' dir='ltr'><strong>vero</strong></span> <span class='ocrx_word' id='word_1_578' title='bbox 3280 1253 3413 1307; x_wconf 84' lang='lat' dir='ltr'><strong>falsa</strong></span> <span class='ocrx_word' id='word_1_579' title='bbox 3466 1250 3689 1324; x_wconf 81' lang='lat' dir='ltr'><strong>compo-</strong></span> 
     </span>
    </p>
   </div>
   <div class='ocr_carea' id='block_1_92' title="bbox 2114 1320 3694 1393">
    <p class='ocr_par' dir='ltr' id='par_1_92' title="bbox 2114 1320 3694 1393">
     <span class='ocr_line' id='line_1_95' title="bbox 2114 1320 3694 1393; baseline 0.001 -17"><span class='ocrx_word' id='word_1_580' title='bbox 2114 1322 2242 1376; x_wconf 88' lang='lat' dir='ltr'><strong>suit.</strong></span> <span class='ocrx_word' id='word_1_581' title='bbox 2280 1340 2315 1393; x_wconf 69' lang='lat' dir='ltr'><strong>r</strong></span> <span class='ocrx_word' id='word_1_582' title='bbox 2332 1320 2427 1374; x_wconf 84' lang='lat' dir='ltr'><strong>His</strong></span> <span class='ocrx_word' id='word_1_583' title='bbox 2447 1321 2514 1393; x_wconf 82' lang='lat' dir='ltr'><strong>ab</strong></span> <span class='ocrx_word' id='word_1_584' title='bbox 2537 1320 2824 1393; x_wconf 74' lang='lat' dir='ltr'><strong>Anastasio</strong></span> <span class='ocrx_word' id='word_1_585' title='bbox 2850 1320 3067 1393; x_wconf 79' lang='lat' dir='ltr'><strong>traditis</strong></span> <span class='ocrx_word' id='word_1_586' title='bbox 3088 1322 3255 1376; x_wconf 88' lang='lat' dir='ltr'><strong>multa</strong></span> <span class='ocrx_word' id='word_1_587' title='bbox 3276 1320 3694 1393; x_wconf 53' lang='lat' dir='ltr'><strong>superstrux&#39;ere</strong></span> 
     </span>
    </p>
   </div>
   <div class='ocr_carea' id='block_1_93' title="bbox 2116 1389 3691 1463">
    <p class='ocr_par' dir='ltr' id='par_1_93' title="bbox 2116 1389 3691 1463">
     <span class='ocr_line' id='line_1_96' title="bbox 2116 1389 3691 1463; baseline -0.001 -16"><span class='ocrx_word' id='word_1_588' title='bbox 2116 1391 2467 1463; x_wconf 79' lang='lat' dir='ltr'><strong>recentiores,</strong></span> <span class='ocrx_word' id='word_1_589' title='bbox 2487 1389 2773 1445; x_wconf 80' lang='lat' dir='ltr'><strong>Anastasio</strong></span> <span class='ocrx_word' id='word_1_590' title='bbox 2804 1392 2927 1461; x_wconf 91' lang='lat' dir='ltr'><strong>ipsi,</strong></span> <span class='ocrx_word' id='word_1_591' title='bbox 2950 1400 3015 1463; x_wconf 87' lang='lat' dir='ltr'><strong>ut</strong></span> <span class='ocrx_word' id='word_1_592' title='bbox 3046 1393 3261 1463; x_wconf 77' lang='lat' dir='ltr'><strong>quidem</strong></span> <span class='ocrx_word' id='word_1_593' title='bbox 3307 1389 3454 1462; x_wconf 80' lang='lat' dir='ltr'><strong>puto,</strong></span> <span class='ocrx_word' id='word_1_594' title='bbox 3486 1394 3691 1463; x_wconf 83' lang='lat' dir='ltr'><strong>ignota.</strong></span> 
     </span>
    </p>
   </div>
   <div class='ocr_carea' id='block_1_94' title="bbox 2114 1461 3693 1518">
    <p class='ocr_par' dir='ltr' id='par_1_94' title="bbox 2114 1461 3693 1518">
     <span class='ocr_line' id='line_1_97' title="bbox 2114 1461 3693 1518; baseline 0.001 -3"><span class='ocrx_word' id='word_1_595' title='bbox 2114 1461 2324 1516; x_wconf 88' lang='lat' dir='ltr'><strong>Platina</strong></span> <span class='ocrx_word' id='word_1_596' title='bbox 2349 1461 2402 1515; x_wconf 92' lang='lat' dir='ltr'><strong>in</strong></span> <span class='ocrx_word' id='word_1_597' title='bbox 2438 1476 2769 1516; x_wconf 90' lang='lat' dir='ltr'><strong>summorum</strong></span> <span class='ocrx_word' id='word_1_598' title='bbox 2812 1462 3124 1518; x_wconf 82' lang='lat' dir='ltr'><strong>pontificum</strong></span> <span class='ocrx_word' id='word_1_599' title='bbox 3162 1461 3469 1518; x_wconf 30' lang='lat' dir='ltr'><strong>Vitis’iuter</strong></span> <span class='ocrx_word' id='word_1_600' title='bbox 3498 1461 3693 1517; x_wconf 64' lang='lat' dir='ltr'><strong>caetera</strong></span> 
     </span>
    </p>
   </div>
   <div class='ocr_carea' id='block_1_95' title="bbox 2113 1529 3695 1604">
    <p class='ocr_par' dir='ltr' id='par_1_95' title="bbox 2113 1529 3695 1604">
     <span class='ocr_line' id='line_1_98' title="bbox 2113 1529 3695 1604; baseline 0.001 -19"><span class='ocrx_word' id='word_1_601' title='bbox 2113 1540 2449 1604; x_wconf 84' lang='lat' dir='ltr'><strong>argumenta,</strong></span> <span class='ocrx_word' id='word_1_602' title='bbox 2479 1530 2674 1601; x_wconf 90' lang='lat' dir='ltr'><strong>quibus</strong></span> <span class='ocrx_word' id='word_1_603' title='bbox 2719 1529 2910 1600; x_wconf 85' lang='lat' dir='ltr'><strong>probet</strong></span> <span class='ocrx_word' id='word_1_604' title='bbox 2952 1529 3312 1604; x_wconf 67' lang='lat' dir='ltr'><strong>Iustinianum</strong></span> <span class='ocrx_word' id='word_1_605' title='bbox 3356 1542 3475 1603; x_wconf 92' lang='lat' dir='ltr'><strong>post</strong></span> <span class='ocrx_word' id='word_1_606' title='bbox 3526 1534 3695 1604; x_wconf 88' lang='lat' dir='ltr'><strong>impc-</strong></span> 
     </span>
    </p>
   </div>
   <div class='ocr_carea' id='block_1_96' title="bbox 2115 1602 3693 1671">
    <p class='ocr_par' dir='ltr' id='par_1_96' title="bbox 2115 1602 3693 1671">
     <span class='ocr_line' id='line_1_99' title="bbox 2115 1602 3693 1671; baseline 0 -15"><span class='ocrx_word' id='word_1_607' title='bbox 2115 1603 2253 1656; x_wconf 92' lang='lat' dir='ltr'><strong>rium</strong></span> <span class='ocrx_word' id='word_1_608' title='bbox 2280 1610 2551 1671; x_wconf 89' lang='lat' dir='ltr'><strong>receptum</strong></span> <span class='ocrx_word' id='word_1_609' title='bbox 2572 1617 2780 1655; x_wconf 89' lang='lat' dir='ltr'><strong>summa</strong></span> <span class='ocrx_word' id='word_1_610' title='bbox 2802 1617 2927 1671; x_wconf 84' lang='lat' dir='ltr'><strong>erga</strong></span> <span class='ocrx_word' id='word_1_611' title='bbox 2948 1602 3256 1670; x_wconf 81' lang='lat' dir='ltr'><strong>pontificem</strong></span> <span class='ocrx_word' id='word_1_612' title='bbox 3279 1602 3693 1658; x_wconf 81' lang='lat' dir='ltr'><strong>Constantinum</strong></span> 
     </span>
    </p>
   </div>
   <div class='ocr_carea' id='block_1_97' title="bbox 2113 1671 3695 1742">
    <p class='ocr_par' dir='ltr' id='par_1_97' title="bbox 2113 1671 3695 1742">
     <span class='ocr_line' id='line_1_100' title="bbox 2113 1671 3695 1742; baseline 0.001 -15"><span class='ocrx_word' id='word_1_613' title='bbox 2113 1674 2482 1736; x_wconf 87' lang='lat' dir='ltr'><strong>veneratione,</strong></span> <span class='ocrx_word' id='word_1_614' title='bbox 2528 1680 2584 1725; x_wconf 92' lang='lat' dir='ltr'><strong>et</strong></span> <span class='ocrx_word' id='word_1_615' title='bbox 2628 1671 2998 1742; x_wconf 69' lang='lat' dir='ltr'><strong>addictissimo</strong></span> <span class='ocrx_word' id='word_1_616' title='bbox 3034 1673 3294 1742; x_wconf 87' lang='lat' dir='ltr'><strong>obsequio</strong></span> <span class='ocrx_word' id='word_1_617' title='bbox 3319 1672 3527 1740; x_wconf 85' lang='lat' dir='ltr'><strong>fuisse,</strong></span> <span class='ocrx_word' id='word_1_618' title='bbox 3569 1673 3695 1729; x_wconf 84' lang='lat' dir='ltr'><strong>illud</strong></span> 
     </span>
    </p>
   </div>
   <div class='ocr_carea' id='block_1_98' title="bbox 2114 1740 3697 1815">
    <p class='ocr_par' dir='ltr' id='par_1_98' title="bbox 2114 1740 3697 1815">
     <span class='ocr_line' id='line_1_101' title="bbox 2114 1740 3697 1815; baseline 0.001 -19"><span class='ocrx_word' id='word_1_619' title='bbox 2114 1743 2286 1815; x_wconf 78' lang='lat' dir='ltr'><strong>aﬂ‘ert,</strong></span> <span class='ocrx_word' id='word_1_620' title='bbox 2317 1743 2476 1815; x_wconf 87' lang='lat' dir='ltr'><strong>quod,</strong></span> <span class='ocrx_word' id='word_1_621' title='bbox 2521 1757 2652 1815; x_wconf 79' lang='lat' dir='ltr'><strong>cum</strong></span> <span class='ocrx_word' id='word_1_622' title='bbox 2667 1740 2814 1815; x_wconf 79' lang='lat' dir='ltr'><strong>Felix</strong></span> <span class='ocrx_word' id='word_1_623' title='bbox 2841 1742 2892 1815; x_wconf 68' lang='lat' dir='ltr'><strong>in</strong></span> <span class='ocrx_word' id='word_1_624' title='bbox 2925 1758 3019 1796; x_wconf 92' lang='lat' dir='ltr'><strong>sua</strong></span> <span class='ocrx_word' id='word_1_625' title='bbox 3048 1740 3386 1815; x_wconf 84' lang='lat' dir='ltr'><strong>ordinatione</strong></span> <span class='ocrx_word' id='word_1_626' title='bbox 3409 1752 3697 1815; x_wconf 80' lang='lat' dir='ltr'><strong>cogeretur</strong></span> 
     </span>
    </p>
   </div>
   <div class='ocr_carea' id='block_1_99' title="bbox 2113 1810 3698 1895">
    <p class='ocr_par' dir='ltr' id='par_1_99' title="bbox 2113 1810 3698 1895">
     <span class='ocr_line' id='line_1_102' title="bbox 2113 1810 3698 1895; baseline -0.001 -28"><span class='ocrx_word' id='word_1_627' title='bbox 2113 1813 2313 1895; x_wconf 64' lang='lat' dir='ltr'><strong>scripto</strong></span> <span class='ocrx_word' id='word_1_628' title='bbox 2335 1810 2407 1867; x_wconf 82' lang='lat' dir='ltr'><strong>de</strong></span> <span class='ocrx_word' id='word_1_629' title='bbox 2437 1810 3050 1895; x_wconf 29' lang='lat' dir='ltr'><strong>moreobedientiarn‘et</strong></span> <span class='ocrx_word' id='word_1_630' title='bbox 3084 1814 3390 1895; x_wconf 83' lang='lat' dir='ltr'><strong>cautionem</strong></span> <span class='ocrx_word' id='word_1_631' title='bbox 3438 1810 3506 1869; x_wconf 75' lang='lat' dir='ltr'><strong>de</strong></span> <span class='ocrx_word' id='word_1_632' title='bbox 3534 1830 3698 1895; x_wconf 79' lang='lat' dir='ltr'><strong>peco-</strong></span> 
     </span>
    </p>
   </div>
   <div class='ocr_carea' id='block_1_100' title="bbox 2115 1829 3698 1954">
    <p class='ocr_par' dir='ltr' id='par_1_100' title="bbox 2115 1829 3698 1954">
     <span class='ocr_line' id='line_1_103' title="bbox 2115 1829 3698 1936; baseline -0.001 -69"><span class='ocrx_word' id='word_1_633' title='bbox 2115 1829 2313 1936; x_wconf 48' lang='grc' dir='ltr'><strong>εοιπιῖἐο</strong></span> <span class='ocrx_word' id='word_1_634' title='bbox 2341 1829 2407 1867; x_wconf 91' lang='lat' dir='ltr'><strong>ue</strong></span> <span class='ocrx_word' id='word_1_635' title='bbox 2437 1829 2585 1865; x_wconf 90' lang='lat' dir='ltr'><strong>more</strong></span> <span class='ocrx_word' id='word_1_636' title='bbox 2605 1829 2966 1865; x_wconf 84' lang='lat' dir='ltr'><strong>ouemennam</strong></span> <span class='ocrx_word' id='word_1_637' title='bbox 2995 1829 3050 1867; x_wconf 84' lang='lat' dir='ltr'><strong>et</strong></span> <span class='ocrx_word' id='word_1_638' title='bbox 3084 1829 3390 1868; x_wconf 83' lang='lat' dir='ltr'><strong>cautionem</strong></span> <span class='ocrx_word' id='word_1_639' title='bbox 3438 1829 3506 1869; x_wconf 87' lang='lat' dir='ltr'><strong>ae</strong></span> <span class='ocrx_word' id='word_1_640' title='bbox 3534 1830 3698 1895; x_wconf 86' lang='lat' dir='ltr'><strong>peco-</strong></span> 
     </span>
     <span class='ocr_line' id='line_1_104' title="bbox 2115 1882 3698 1954; baseline 0.001 -17"><span class='ocrx_word' id='word_1_641' title='bbox 2115 1884 2201 1937; x_wconf 89' lang='lat' dir='ltr'><strong>nia</strong></span> <span class='ocrx_word' id='word_1_642' title='bbox 2278 1897 2454 1937; x_wconf 90' lang='lat' dir='ltr'><strong>omam</strong></span> <span class='ocrx_word' id='word_1_643' title='bbox 2485 1882 2741 1954; x_wconf 78' lang='lat' dir='ltr'><strong>mittenda</strong></span> <span class='ocrx_word' id='word_1_644' title='bbox 2775 1883 3091 1954; x_wconf 88' lang='lat' dir='ltr'><strong>promittere</strong></span> <span class='ocrx_word' id='word_1_645' title='bbox 3128 1885 3698 1954; x_wconf 51' lang='lat' dir='ltr'><strong>prmstarequeudque</strong></span> 
     </span>
    </p>
   </div>
   <div class='ocr_carea' id='block_1_101' title="bbox 2114 1950 3697 2024">
    <p class='ocr_par' dir='ltr' id='par_1_101' title="bbox 2114 1950 3697 2024">
     <span class='ocr_line' id='line_1_105' title="bbox 2114 1950 3697 2024; baseline -0.001 -16"><span class='ocrx_word' id='word_1_646' title='bbox 2114 1968 2223 2023; x_wconf 71' lang='lat' dir='ltr'><strong>pra:</strong></span> <span class='ocrx_word' id='word_1_647' title='bbox 2244 1950 2560 2024; x_wconf 75' lang='lat' dir='ltr'><strong>arrogantia</strong></span> <span class='ocrx_word' id='word_1_648' title='bbox 2572 1951 2761 2024; x_wconf 78' lang='lat' dir='ltr'><strong>facere</strong></span> <span class='ocrx_word' id='word_1_649' title='bbox 2781 1950 3460 2024; x_wconf 51' lang='lat' dir='ltr'><strong>detrectarendutinianus</strong></span> <span class='ocrx_word' id='word_1_650' title='bbox 3479 1950 3697 2024; x_wconf 70' lang='lat' dir='ltr'><strong>cognito</strong></span> 
     </span>
    </p>
   </div>
   <div class='ocr_carea' id='block_1_102' title="bbox 2113 2020 3695 2105">
    <p class='ocr_par' dir='ltr' id='par_1_102' title="bbox 2113 2020 3695 2105">
     <span class='ocr_line' id='line_1_106' title="bbox 2113 2020 3695 2105; baseline 0 -28"><span class='ocrx_word' id='word_1_651' title='bbox 2113 2020 2351 2105; x_wconf 76' lang='lat' dir='ltr'><strong>episcopi</strong></span> <span class='ocrx_word' id='word_1_652' title='bbox 2380 2020 2585 2102; x_wconf 57' lang='lat' dir='ltr'><strong>&#39;rebclli</strong></span> <span class='ocrx_word' id='word_1_653' title='bbox 2623 2021 3043 2105; x_wconf 56' lang='lat' dir='ltr'><strong>iunpontificem</strong></span> <span class='ocrx_word' id='word_1_654' title='bbox 3089 2024 3269 2105; x_wconf 79' lang='lat' dir='ltr'><strong>animo</strong></span> <span class='ocrx_word' id='word_1_655' title='bbox 3293 2065 3308 2087; x_wconf 87' lang='lat'><strong>,</strong></span> <span class='ocrx_word' id='word_1_656' title='bbox 3350 2020 3695 2105; x_wconf 69' lang='lat' dir='ltr'><strong>Theodorum</strong></span> 
     </span>
    </p>
   </div>
   <div class='ocr_carea' id='block_1_103' title="bbox 2114 2090 3697 2164">
    <p class='ocr_par' dir='ltr' id='par_1_103' title="bbox 2114 2090 3697 2164">
     <span class='ocr_line' id='line_1_107' title="bbox 2114 2090 3697 2164; baseline 0 -17"><span class='ocrx_word' id='word_1_657' title='bbox 2114 2090 2401 2164; x_wconf 82' lang='lat' dir='ltr'><strong>patricium</strong></span> <span class='ocrx_word' id='word_1_658' title='bbox 2453 2092 2662 2146; x_wconf 88' lang='lat' dir='ltr'><strong>miserit</strong></span> <span class='ocrx_word' id='word_1_659' title='bbox 2692 2090 3005 2164; x_wconf 79' lang='lat' dir='ltr'><strong>Ravennam</strong></span> <span class='ocrx_word' id='word_1_660' title='bbox 3052 2109 3173 2147; x_wconf 88' lang='lat' dir='ltr'><strong>cum</strong></span> <span class='ocrx_word' id='word_1_661' title='bbox 3208 2094 3402 2160; x_wconf 89' lang='lat' dir='ltr'><strong>classe,</strong></span> <span class='ocrx_word' id='word_1_662' title='bbox 3434 2095 3553 2164; x_wconf 85' lang='lat' dir='ltr'><strong>qui,</strong></span> <span class='ocrx_word' id='word_1_663' title='bbox 3592 2093 3697 2147; x_wconf 87' lang='lat' dir='ltr'><strong>Ra—</strong></span> 
     </span>
    </p>
   </div>
   <div class='ocr_carea' id='block_1_104' title="bbox 2114 2162 3697 2231">
    <p class='ocr_par' dir='ltr' id='par_1_104' title="bbox 2114 2162 3697 2231">
     <span class='ocr_line' id='line_1_108' title="bbox 2114 2162 3697 2231; baseline 0.001 -15"><span class='ocrx_word' id='word_1_664' title='bbox 2114 2162 2434 2218; x_wconf 75' lang='lat' dir='ltr'><strong>vennatibus</strong></span> <span class='ocrx_word' id='word_1_665' title='bbox 2488 2163 2791 2231; x_wconf 88' lang='lat' dir='ltr'><strong>superatis,</strong></span> <span class='ocrx_word' id='word_1_666' title='bbox 2847 2162 3080 2217; x_wconf 88' lang='lat' dir='ltr'><strong>Felicem</strong></span> <span class='ocrx_word' id='word_1_667' title='bbox 3130 2163 3339 2218; x_wconf 87' lang='lat' dir='ltr'><strong>catenis</strong></span> <span class='ocrx_word' id='word_1_668' title='bbox 3385 2162 3697 2219; x_wconf 85' lang='lat' dir='ltr'><strong>devinctum</strong></span> 
     </span>
    </p>
   </div>
   <div class='ocr_carea' id='block_1_105' title="bbox 2115 2231 3699 2304">
    <p class='ocr_par' dir='ltr' id='par_1_105' title="bbox 2115 2231 3699 2304">
     <span class='ocr_line' id='line_1_109' title="bbox 2115 2231 3699 2304; baseline 0 -16"><span class='ocrx_word' id='word_1_669' title='bbox 2115 2231 2632 2304; x_wconf 57' lang='lat' dir='ltr'><strong>Constantinopolim</strong></span> <span class='ocrx_word' id='word_1_670' title='bbox 2690 2233 2950 2304; x_wconf 83' lang='lat' dir='ltr'><strong>abduxit,</strong></span> <span class='ocrx_word' id='word_1_671' title='bbox 2996 2234 3089 2287; x_wconf 74' lang='lat' dir='ltr'><strong>ubi</strong></span> <span class='ocrx_word' id='word_1_672' title='bbox 3146 2234 3492 2304; x_wconf 84' lang='lat' dir='ltr'><strong>imperatoris</strong></span> <span class='ocrx_word' id='word_1_673' title='bbox 3546 2233 3699 2301; x_wconf 85' lang='lat' dir='ltr'><strong>jussu</strong></span> 
     </span>
    </p>
   </div>
   <div class='ocr_carea' id='block_1_106' title="bbox 2116 2301 3699 2374">
    <p class='ocr_par' dir='ltr' id='par_1_106' title="bbox 2116 2301 3699 2374">
     <span class='ocr_line' id='line_1_110' title="bbox 2116 2301 3699 2374; baseline 0 -16"><span class='ocrx_word' id='word_1_674' title='bbox 2116 2311 2440 2366; x_wconf 71' lang='lat' dir='ltr'><strong>cxcazcatus,</strong></span> <span class='ocrx_word' id='word_1_675' title='bbox 2468 2301 2524 2374; x_wconf 78' lang='lat' dir='ltr'><strong>in</strong></span> <span class='ocrx_word' id='word_1_676' title='bbox 2566 2301 2796 2374; x_wconf 65' lang='lat' dir='ltr'><strong>Pontum</strong></span> <span class='ocrx_word' id='word_1_677' title='bbox 2828 2303 3097 2374; x_wconf 83' lang='lat' dir='ltr'><strong>relegatus</strong></span> <span class='ocrx_word' id='word_1_678' title='bbox 3131 2301 3244 2358; x_wconf 57' lang='lat' dir='ltr'><strong>sit&#39;:</strong></span> <span class='ocrx_word' id='word_1_679' title='bbox 3282 2322 3302 2354; x_wconf 74' lang='grc' dir='ltr'>ι</span> <span class='ocrx_word' id='word_1_680' title='bbox 3350 2319 3699 2374; x_wconf 83' lang='lat' dir='ltr'><strong>nequaquam</strong></span> 
     </span>
    </p>
   </div>
   <div class='ocr_carea' id='block_1_107' title="bbox 2119 2370 3693 2442">
    <p class='ocr_par' dir='ltr' id='par_1_107' title="bbox 2119 2370 3693 2442">
     <span class='ocr_line' id='line_1_111' title="bbox 2119 2370 3693 2442; baseline 0 -15"><span class='ocrx_word' id='word_1_681' title='bbox 2119 2383 2330 2436; x_wconf 89' lang='lat' dir='ltr'><strong>tamen,</strong></span> <span class='ocrx_word' id='word_1_682' title='bbox 2365 2393 2382 2424; x_wconf 75' lang='grc' dir='ltr'><strong><em>ι</em></strong></span> <span class='ocrx_word' id='word_1_683' title='bbox 2412 2372 2595 2442; x_wconf 86' lang='lat' dir='ltr'><strong>adjicit</strong></span> <span class='ocrx_word' id='word_1_684' title='bbox 2616 2370 2855 2437; x_wconf 89' lang='lat' dir='ltr'><strong>Platina,</strong></span> <span class='ocrx_word' id='word_1_685' title='bbox 2895 2391 2913 2424; x_wconf 69' lang='grc' dir='ltr'><strong><em>ι</em></strong></span> <span class='ocrx_word' id='word_1_686' title='bbox 2944 2370 3091 2427; x_wconf 80' lang='lat' dir='ltr'><strong>hanc</strong></span> <span class='ocrx_word' id='word_1_687' title='bbox 3127 2374 3388 2428; x_wconf 65' lang='lat' dir='ltr'><strong>suavitiam</strong></span> <span class='ocrx_word' id='word_1_688' title='bbox 3420 2370 3693 2429; x_wconf 82' lang='lat' dir='ltr'><strong>Constan-</strong></span> 
     </span>
    </p>
   </div>
   <div class='ocr_carea' id='block_1_108' title="bbox 2119 2442 3697 2512">
    <p class='ocr_par' dir='ltr' id='par_1_108' title="bbox 2119 2442 3697 2512">
     <span class='ocr_line' id='line_1_112' title="bbox 2119 2442 3697 2512; baseline 0.001 -16"><span class='ocrx_word' id='word_1_689' title='bbox 2119 2444 2265 2498; x_wconf 91' lang='lat' dir='ltr'><strong>tinus</strong></span> <span class='ocrx_word' id='word_1_690' title='bbox 2290 2442 2568 2512; x_wconf 81' lang='lat' dir='ltr'><strong>probavit;</strong></span> <span class='ocrx_word' id='word_1_691' title='bbox 2624 2442 2867 2512; x_wconf 83' lang='lat' dir='ltr'><strong>redigere</strong></span> <span class='ocrx_word' id='word_1_692' title='bbox 2895 2443 3037 2497; x_wconf 90' lang='lat' dir='ltr'><strong>enim</strong></span> <span class='ocrx_word' id='word_1_693' title='bbox 3070 2442 3340 2498; x_wconf 88' lang='lat' dir='ltr'><strong>hominem</strong></span> <span class='ocrx_word' id='word_1_694' title='bbox 3373 2444 3440 2497; x_wconf 86' lang='lat' dir='ltr'><strong>ad</strong></span> <span class='ocrx_word' id='word_1_695' title='bbox 3492 2444 3697 2497; x_wconf 87' lang='lat' dir='ltr'><strong>sanita-</strong></span> 
     </span>
    </p>
   </div>
   <div class='ocr_carea' id='block_1_109' title="bbox 2118 2512 3703 2574">
    <p class='ocr_par' dir='ltr' id='par_1_109' title="bbox 2118 2512 3703 2574">
     <span class='ocr_line' id='line_1_113' title="bbox 2118 2512 3703 2574; baseline 0.001 -8"><span class='ocrx_word' id='word_1_696' title='bbox 2118 2522 2224 2567; x_wconf 88' lang='lat' dir='ltr'><strong>tem</strong></span> <span class='ocrx_word' id='word_1_697' title='bbox 2267 2512 2502 2574; x_wconf 87' lang='lat' dir='ltr'><strong>volebat,</strong></span> <span class='ocrx_word' id='word_1_698' title='bbox 2545 2527 2652 2565; x_wconf 92' lang='lat' dir='ltr'><strong>non</strong></span> <span class='ocrx_word' id='word_1_699' title='bbox 2682 2513 2845 2567; x_wconf 86' lang='lat' dir='ltr'><strong>tantis</strong></span> <span class='ocrx_word' id='word_1_700' title='bbox 2879 2513 3036 2568; x_wconf 88' lang='lat' dir='ltr'><strong>malis</strong></span> <span class='ocrx_word' id='word_1_701' title='bbox 3057 2512 3213 2569; x_wconf 78' lang='lat' dir='ltr'><strong>allici.</strong></span> <span class='ocrx_word' id='word_1_702' title='bbox 3247 2534 3266 2566; x_wconf 74' lang='grc' dir='ltr'><strong>ι</strong></span> <span class='ocrx_word' id='word_1_703' title='bbox 3310 2513 3452 2568; x_wconf 88' lang='lat' dir='ltr'><strong>Infra</strong></span> <span class='ocrx_word' id='word_1_704' title='bbox 3483 2529 3615 2568; x_wconf 86' lang='lat' dir='ltr'><strong>vero</strong></span> <span class='ocrx_word' id='word_1_705' title='bbox 3638 2514 3703 2568; x_wconf 86' lang='lat' dir='ltr'><strong>de</strong></span> 
     </span>
    </p>
   </div>
   <div class='ocr_carea' id='block_1_110' title="bbox 2118 2582 3702 2653">
    <p class='ocr_par' dir='ltr' id='par_1_110' title="bbox 2118 2582 3702 2653">
     <span class='ocr_line' id='line_1_114' title="bbox 2118 2582 3702 2653; baseline 0 -16"><span class='ocrx_word' id='word_1_706' title='bbox 2118 2582 2313 2653; x_wconf 82' lang='lat' dir='ltr'><strong>Felicis</strong></span> <span class='ocrx_word' id='word_1_707' title='bbox 2359 2582 2531 2653; x_wconf 77' lang='lat' dir='ltr'><strong>reditu</strong></span> <span class='ocrx_word' id='word_1_708' title='bbox 2578 2601 2590 2653; x_wconf 65' lang='grc' dir='ltr'>ς</span> <span class='ocrx_word' id='word_1_709' title='bbox 2633 2600 2650 2653; x_wconf 66' lang='grc' dir='ltr'><strong><em>ᾳ</em></strong></span> <span class='ocrx_word' id='word_1_710' title='bbox 2712 2582 2877 2653; x_wconf 18' lang='lat' dir='ltr'><strong>Felix,</strong></span> <span class='ocrx_word' id='word_1_711' title='bbox 2914 2600 3042 2639; x_wconf 88' lang='lat' dir='ltr'><strong>vero</strong></span> <span class='ocrx_word' id='word_1_712' title='bbox 3089 2582 3291 2653; x_wconf 87' lang='lat' dir='ltr'><strong>(quem</strong></span> <span class='ocrx_word' id='word_1_713' title='bbox 3347 2584 3588 2639; x_wconf 77' lang='lat' dir='ltr'><strong>diximus</strong></span> <span class='ocrx_word' id='word_1_714' title='bbox 3649 2584 3702 2637; x_wconf 88' lang='lat' dir='ltr'><strong>in</strong></span> 
     </span>
    </p>
   </div>
   <div class='ocr_carea' id='block_1_111' title="bbox 2119 2650 3703 2725">
    <p class='ocr_par' dir='ltr' id='par_1_111' title="bbox 2119 2650 3703 2725">
     <span class='ocr_line' id='line_1_115' title="bbox 2119 2650 3703 2725; baseline 0 -18"><span class='ocrx_word' id='word_1_715' title='bbox 2119 2652 2347 2725; x_wconf 82' lang='lat' dir='ltr'><strong>Pontum</strong></span> <span class='ocrx_word' id='word_1_716' title='bbox 2385 2667 2411 2705; x_wconf 90' lang='lat' dir='ltr'><strong>a</strong></span> <span class='ocrx_word' id='word_1_717' title='bbox 2440 2650 2757 2725; x_wconf 76' lang='lat' dir='ltr'><strong>_Justiuiano</strong></span> <span class='ocrx_word' id='word_1_718' title='bbox 2806 2650 3123 2725; x_wconf 81' lang='lat' dir='ltr'><strong>relegatum)</strong></span> <span class='ocrx_word' id='word_1_719' title='bbox 3148 2650 3184 2707; x_wconf 77' lang='lat' dir='ltr'><strong>a</strong></span> <span class='ocrx_word' id='word_1_720' title='bbox 3234 2654 3464 2725; x_wconf 77' lang='lat' dir='ltr'><strong>pristina</strong></span> <span class='ocrx_word' id='word_1_721' title='bbox 3506 2654 3703 2710; x_wconf 75' lang='lat' dir='ltr'><strong>ltzcresi</strong></span> 
     </span>
    </p>
   </div>
   <div class='ocr_carea' id='block_1_112' title="bbox 2119 2722 3703 2791">
    <p class='ocr_par' dir='ltr' id='par_1_112' title="bbox 2119 2722 3703 2791">
     <span class='ocr_line' id='line_1_116' title="bbox 2119 2722 3703 2791; baseline 0.001 -15"><span class='ocrx_word' id='word_1_722' title='bbox 2119 2722 2400 2777; x_wconf 83' lang='lat' dir='ltr'><strong>discedens</strong></span> <span class='ocrx_word' id='word_1_723' title='bbox 2438 2722 2490 2775; x_wconf 93' lang='lat' dir='ltr'><strong>in</strong></span> <span class='ocrx_word' id='word_1_724' title='bbox 2542 2723 2771 2791; x_wconf 90' lang='lat' dir='ltr'><strong>patriam</strong></span> <span class='ocrx_word' id='word_1_725' title='bbox 2824 2722 3129 2786; x_wconf 81' lang='lat' dir='ltr'><strong>revertitur,</strong></span> <span class='ocrx_word' id='word_1_726' title='bbox 3177 2722 3251 2778; x_wconf 50' lang='lat' dir='ltr'><strong>ac&#39;</strong></span> <span class='ocrx_word' id='word_1_727' title='bbox 3288 2722 3507 2787; x_wconf 82' lang='lat' dir='ltr'><strong>sedem,</strong></span> <span class='ocrx_word' id='word_1_728' title='bbox 3559 2725 3703 2778; x_wconf 86' lang='lat' dir='ltr'><strong>unde</strong></span> 
     </span>
    </p>
   </div>
   <div class='ocr_carea' id='block_1_113' title="bbox 2118 2791 3698 2915">
    <p class='ocr_par' dir='ltr' id='par_1_113' title="bbox 2118 2791 3698 2915">
     <span class='ocr_line' id='line_1_117' title="bbox 2118 2791 3698 2915; baseline 0.001 -70"><span class='ocrx_word' id='word_1_729' title='bbox 2118 2792 2303 2861; x_wconf 90' lang='lat' dir='ltr'><strong>pulsus</strong></span> <span class='ocrx_word' id='word_1_730' title='bbox 2364 2791 2560 2856; x_wconf 88' lang='lat' dir='ltr'><strong>fuerat,</strong></span> <span class='ocrx_word' id='word_1_731' title='bbox 2613 2792 2825 2915; x_wconf 49' lang='lat' dir='ltr'><strong>repetit.</strong></span> <span class='ocrx_word' id='word_1_732' title='bbox 2865 2814 2884 2844; x_wconf 63' lang='lat' dir='ltr'><strong>i</strong></span> <span class='ocrx_word' id='word_1_733' title='bbox 2939 2794 3015 2847; x_wconf 79' lang='lat' dir='ltr'><strong>Ex</strong></span> <span class='ocrx_word' id='word_1_734' title='bbox 3061 2795 3267 2848; x_wconf 84' lang='lat' dir='ltr'><strong>Platina</strong></span> <span class='ocrx_word' id='word_1_735' title='bbox 3308 2794 3546 2857; x_wconf 83' lang='lat' dir='ltr'><strong>Rubeus,</strong></span> <span class='ocrx_word' id='word_1_736' title='bbox 3603 2794 3698 2847; x_wconf 89' lang='lat' dir='ltr'><strong>lib.</strong></span> 
     </span>
     <span class='ocr_line' id='line_1_118' title="bbox 2120 2862 3698 2915; baseline 0 0"><span class='ocrx_word' id='word_1_737' title='bbox 2120 2879 2204 2915; x_wconf 85' lang='lat' dir='ltr'><strong>IV.</strong></span> <span class='ocrx_word' id='word_1_738' title='bbox 2252 2879 2372 2915; x_wconf 66' lang='lat' dir='ltr'><strong>nae.</strong></span> <span class='ocrx_word' id='word_1_739' title='bbox 2425 2862 2530 2915; x_wconf 65' lang='lat' dir='ltr'><strong>2l5</strong></span> <span class='ocrx_word' id='word_1_740' title='bbox 2577 2870 2631 2915; x_wconf 91' lang='lat' dir='ltr'><strong>et</strong></span> <span class='ocrx_word' id='word_1_741' title='bbox 2712 2863 2792 2915; x_wconf 71' lang='lat' dir='ltr'><strong>l4.</strong></span> <span class='ocrx_word' id='word_1_742' title='bbox 2843 2864 3126 2915; x_wconf 88' lang='lat' dir='ltr'><strong>historiam</strong></span> <span class='ocrx_word' id='word_1_743' title='bbox 3179 2864 3698 2915; x_wconf 86' lang='lat' dir='ltr'><strong>luculentissimam.</strong></span> 
     </span>
    </p>
   </div>
   <div class='ocr_carea' id='block_1_114' title="bbox 2120 2862 3700 2933">
    <p class='ocr_par' dir='ltr' id='par_1_114' title="bbox 2120 2862 3700 2933">
     <span class='ocr_line' id='line_1_119' title="bbox 2120 2862 3700 2933; baseline 0.001 -17"><span class='ocrx_word' id='word_1_744' title='bbox 2120 2879 2204 2927; x_wconf 84' lang='lat' dir='ltr'><strong>IV,</strong></span> <span class='ocrx_word' id='word_1_745' title='bbox 2252 2879 2372 2933; x_wconf 84' lang='lat' dir='ltr'><strong>pag.</strong></span> <span class='ocrx_word' id='word_1_746' title='bbox 2425 2862 2530 2916; x_wconf 67' lang='lat' dir='ltr'><strong>2l5</strong></span> <span class='ocrx_word' id='word_1_747' title='bbox 2577 2870 2631 2915; x_wconf 92' lang='lat' dir='ltr'><strong>et</strong></span> <span class='ocrx_word' id='word_1_748' title='bbox 2667 2862 2792 2928; x_wconf 71' lang='lat' dir='ltr'><strong>2M,</strong></span> <span class='ocrx_word' id='word_1_749' title='bbox 2843 2864 3126 2919; x_wconf 88' lang='lat' dir='ltr'><strong>historiam</strong></span> <span class='ocrx_word' id='word_1_750' title='bbox 3179 2864 3700 2927; x_wconf 84' lang='lat' dir='ltr'><strong>luculentissimam,</strong></span> 
     </span>
    </p>
   </div>
   <div class='ocr_carea' id='block_1_115' title="bbox 2119 2934 3706 3004">
    <p class='ocr_par' dir='ltr' id='par_1_115' title="bbox 2119 2934 3706 3004">
     <span class='ocr_line' id='line_1_120' title="bbox 2119 2934 3706 3004; baseline -0.002 -17"><span class='ocrx_word' id='word_1_751' title='bbox 2119 2943 2173 2987; x_wconf 91' lang='lat' dir='ltr'><strong>et</strong></span> <span class='ocrx_word' id='word_1_752' title='bbox 2211 2948 2308 3002; x_wconf 91' lang='lat' dir='ltr'><strong>pro</strong></span> <span class='ocrx_word' id='word_1_753' title='bbox 2338 2948 2456 3004; x_wconf 75' lang='lat' dir='ltr'><strong>suo</strong></span> <span class='ocrx_word' id='word_1_754' title='bbox 2498 2948 2655 3004; x_wconf 89' lang='lat' dir='ltr'><strong>more</strong></span> <span class='ocrx_word' id='word_1_755' title='bbox 2683 2934 3105 3004; x_wconf 88' lang='lat' dir='ltr'><strong>ornatissimam,</strong></span> <span class='ocrx_word' id='word_1_756' title='bbox 3146 2934 3339 3004; x_wconf 82' lang='lat' dir='ltr'><strong>texit,</strong></span> <span class='ocrx_word' id='word_1_757' title='bbox 3394 2950 3501 3004; x_wconf 88' lang='lat' dir='ltr'><strong>qua</strong></span> <span class='ocrx_word' id='word_1_758' title='bbox 3560 2934 3706 2989; x_wconf 87' lang='lat' dir='ltr'><strong>Fcli-</strong></span> 
     </span>
    </p>
   </div>
   <div class='ocr_carea' id='block_1_116' title="bbox 2124 3002 3697 3073">
    <p class='ocr_par' dir='ltr' id='par_1_116' title="bbox 2124 3002 3697 3073">
     <span class='ocr_line' id='line_1_121' title="bbox 2124 3002 3697 3073; baseline 0.001 -17"><span class='ocrx_word' id='word_1_759' title='bbox 2124 3017 2244 3057; x_wconf 89' lang='lat' dir='ltr'><strong>cem</strong></span> <span class='ocrx_word' id='word_1_760' title='bbox 2298 3003 2375 3056; x_wconf 90' lang='lat' dir='ltr'><strong>ait</strong></span> <span class='ocrx_word' id='word_1_761' title='bbox 2404 3022 2421 3052; x_wconf 84' lang='grc'><strong>‹</strong></span> <span class='ocrx_word' id='word_1_762' title='bbox 2460 3003 2697 3072; x_wconf 81' lang='lat' dir='ltr'><strong>potentia</strong></span> <span class='ocrx_word' id='word_1_763' title='bbox 2751 3003 3109 3058; x_wconf 85' lang='lat' dir='ltr'><strong>Romanorum</strong></span> <span class='ocrx_word' id='word_1_764' title='bbox 3134 3002 3375 3073; x_wconf 90' lang='lat' dir='ltr'><strong>judicum</strong></span> <span class='ocrx_word' id='word_1_765' title='bbox 3414 3002 3645 3069; x_wconf 73' lang='lat' dir='ltr'><strong>nixum,</strong></span> <span class='ocrx_word' id='word_1_766' title='bbox 3677 3025 3697 3057; x_wconf 76' lang='grc' dir='ltr'><strong>ι</strong></span> 
     </span>
    </p>
   </div>
   <div class='ocr_carea' id='block_1_117' title="bbox 2124 3072 3702 3143">
    <p class='ocr_par' dir='ltr' id='par_1_117' title="bbox 2124 3072 3702 3143">
     <span class='ocr_line' id='line_1_122' title="bbox 2124 3072 3702 3143; baseline 0.001 -16"><span class='ocrx_word' id='word_1_767' title='bbox 2124 3074 2324 3143; x_wconf 89' lang='lat' dir='ltr'><strong>scripta</strong></span> <span class='ocrx_word' id='word_1_768' title='bbox 2341 3087 2450 3127; x_wconf 68' lang='lat' dir='ltr'><strong>sum</strong></span> <span class='ocrx_word' id='word_1_769' title='bbox 2479 3073 2600 3127; x_wconf 84' lang='lat' dir='ltr'><strong>fidei</strong></span> <span class='ocrx_word' id='word_1_770' title='bbox 2620 3072 2828 3127; x_wconf 88' lang='lat' dir='ltr'><strong>ratione</strong></span> <span class='ocrx_word' id='word_1_771' title='bbox 2844 3089 2941 3142; x_wconf 88' lang='lat' dir='ltr'><strong>pro</strong></span> <span class='ocrx_word' id='word_1_772' title='bbox 2964 3090 3062 3129; x_wconf 91' lang='lat' dir='ltr'><strong>suo</strong></span> <span class='ocrx_word' id='word_1_773' title='bbox 3085 3075 3368 3136; x_wconf 82' lang='lat' dir='ltr'><strong>arbitratu,</strong></span> <span class='ocrx_word' id='word_1_774' title='bbox 3388 3072 3702 3129; x_wconf 77' lang='lat' dir='ltr'><strong>Ravennam</strong></span> 
     </span>
    </p>
   </div>
   <div class='ocr_carea' id='block_1_118' title="bbox 2126 3143 3706 3215">
    <p class='ocr_par' dir='ltr' id='par_1_118' title="bbox 2126 3143 3706 3215">
     <span class='ocr_line' id='line_1_123' title="bbox 2126 3143 3706 3215; baseline 0.003 -19"><span class='ocrx_word' id='word_1_775' title='bbox 2126 3158 2407 3215; x_wconf 82' lang='lat' dir='ltr'><strong>reversum</strong></span> <span class='ocrx_word' id='word_1_776' title='bbox 2434 3162 2451 3193; x_wconf 84' lang='grc'><strong><em>‹</em></strong></span> <span class='ocrx_word' id='word_1_777' title='bbox 2477 3143 2718 3212; x_wconf 69' lang='lat' dir='ltr'><strong>pecunia:</strong></span> <span class='ocrx_word' id='word_1_778' title='bbox 2737 3144 3080 3213; x_wconf 88' lang='lat' dir='ltr'><strong>pensionem,</strong></span> <span class='ocrx_word' id='word_1_779' title='bbox 3113 3164 3133 3197; x_wconf 72' lang='grc' dir='ltr'><strong><em>ι</em></strong></span> <span class='ocrx_word' id='word_1_780' title='bbox 3160 3145 3488 3215; x_wconf 84' lang='lat' dir='ltr'><strong>denegasse,</strong></span> <span class='ocrx_word' id='word_1_781' title='bbox 3526 3163 3546 3197; x_wconf 73' lang='grc' dir='ltr'>ι</span> <span class='ocrx_word' id='word_1_782' title='bbox 3581 3161 3706 3215; x_wconf 65' lang='lat' dir='ltr'><strong>qua:</strong></span> 
     </span>
    </p>
   </div>
   <div class='ocr_carea' id='block_1_119' title="bbox 2124 3212 3689 3285">
    <p class='ocr_par' dir='ltr' id='par_1_119' title="bbox 2124 3212 3689 3285">
     <span class='ocr_line' id='line_1_124' title="bbox 2124 3212 3689 3285; baseline 0.001 -18"><span class='ocrx_word' id='word_1_783' title='bbox 2124 3229 2274 3285; x_wconf 86' lang='lat' dir='ltr'><strong>more</strong></span> <span class='ocrx_word' id='word_1_784' title='bbox 2308 3212 2567 3285; x_wconf 85' lang='lat' dir='ltr'><strong>majorum</strong></span> <span class='ocrx_word' id='word_1_785' title='bbox 2589 3212 2867 3285; x_wconf 81' lang='lat' dir='ltr'><strong>veterique</strong></span> <span class='ocrx_word' id='word_1_786' title='bbox 2913 3215 3176 3278; x_wconf 88' lang='lat' dir='ltr'><strong>instituto,</strong></span> <span class='ocrx_word' id='word_1_787' title='bbox 3218 3224 3275 3270; x_wconf 93' lang='lat' dir='ltr'><strong>et</strong></span> <span class='ocrx_word' id='word_1_788' title='bbox 3304 3212 3509 3269; x_wconf 78' lang='lat' dir='ltr'><strong>recenti</strong></span> <span class='ocrx_word' id='word_1_789' title='bbox 3539 3212 3689 3285; x_wconf 79' lang='lat' dir='ltr'><strong>supe-</strong></span> 
     </span>
    </p>
   </div>
   <div class='ocr_carea' id='block_1_120' title="bbox 2124 3282 3701 3352">
    <p class='ocr_par' dir='ltr' id='par_1_120' title="bbox 2124 3282 3701 3352">
     <span class='ocr_line' id='line_1_125' title="bbox 2124 3282 3701 3352; baseline 0.002 -17"><span class='ocrx_word' id='word_1_790' title='bbox 2124 3284 2328 3337; x_wconf 91' lang='lat' dir='ltr'><strong>riorum</strong></span> <span class='ocrx_word' id='word_1_791' title='bbox 2377 3282 2902 3352; x_wconf 81' lang='lat' dir='ltr'><strong>arcltiepisc0porum</strong></span> <span class='ocrx_word' id='word_1_792' title='bbox 2952 3285 3280 3350; x_wconf 88' lang='lat' dir='ltr'><strong>testimonio,</strong></span> <span class='ocrx_word' id='word_1_793' title='bbox 3314 3305 3332 3336; x_wconf 69' lang='grc' dir='ltr'><strong>ι</strong></span> <span class='ocrx_word' id='word_1_794' title='bbox 3379 3282 3701 3339; x_wconf 68' lang='lat' dir='ltr'><strong>debebatur.</strong></span> 
     </span>
    </p>
   </div>
   <div class='ocr_carea' id='block_1_121' title="bbox 2123 3353 3705 3418">
    <p class='ocr_par' dir='ltr' id='par_1_121' title="bbox 2123 3353 3705 3418">
     <span class='ocr_line' id='line_1_126' title="bbox 2123 3353 3705 3418; baseline 0.001 -11"><span class='ocrx_word' id='word_1_795' title='bbox 2123 3353 2381 3407; x_wconf 86' lang='lat' dir='ltr'><strong>Eumdem</strong></span> <span class='ocrx_word' id='word_1_796' title='bbox 2428 3354 2592 3407; x_wconf 87' lang='lat' dir='ltr'><strong>tradit</strong></span> <span class='ocrx_word' id='word_1_797' title='bbox 2648 3353 2988 3409; x_wconf 82' lang='lat' dir='ltr'><strong>Ravennates</strong></span> <span class='ocrx_word' id='word_1_798' title='bbox 3030 3370 3385 3418; x_wconf 87' lang='lat' dir='ltr'><strong>convocasse,</strong></span> <span class='ocrx_word' id='word_1_799' title='bbox 3417 3364 3472 3408; x_wconf 90' lang='lat' dir='ltr'><strong>et</strong></span> <span class='ocrx_word' id='word_1_800' title='bbox 3521 3356 3705 3409; x_wconf 87' lang='lat' dir='ltr'><strong>horta-</strong></span> 
     </span>
    </p>
   </div>
   <div class='ocr_carea' id='block_1_122' title="bbox 2125 3423 3707 3493">
    <p class='ocr_par' dir='ltr' id='par_1_122' title="bbox 2125 3423 3707 3493">
     <span class='ocr_line' id='line_1_127' title="bbox 2125 3423 3707 3493; baseline 0.003 -18"><span class='ocrx_word' id='word_1_801' title='bbox 2125 3430 2258 3488; x_wconf 90' lang='lat' dir='ltr'><strong>tum,</strong></span> <span class='ocrx_word' id='word_1_802' title='bbox 2285 3433 2343 3476; x_wconf 90' lang='lat' dir='ltr'><strong>ut</strong></span> <span class='ocrx_word' id='word_1_803' title='bbox 2372 3439 2399 3475; x_wconf 89' lang='lat' dir='ltr'><strong>a</strong></span> <span class='ocrx_word' id='word_1_804' title='bbox 2430 3423 2674 3493; x_wconf 17' lang='lat' dir='ltr'><strong>Romani,</strong></span> <span class='ocrx_word' id='word_1_805' title='bbox 2698 3424 2948 3493; x_wconf 64' lang='lat' dir='ltr'><strong>praesulis</strong></span> <span class='ocrx_word' id='word_1_806' title='bbox 2971 3425 3273 3480; x_wconf 84' lang='lat' dir='ltr'><strong>obedientia</strong></span> <span class='ocrx_word' id='word_1_807' title='bbox 3324 3425 3620 3485; x_wconf 83' lang='lat' dir='ltr'><strong>resilirent.</strong></span> <span class='ocrx_word' id='word_1_808' title='bbox 3653 3433 3707 3480; x_wconf 88' lang='lat' dir='ltr'><strong>et</strong></span> 
     </span>
    </p>
   </div>
   <div class='ocr_carea' id='block_1_123' title="bbox 2125 3492 3703 3563">
    <p class='ocr_par' dir='ltr' id='par_1_123' title="bbox 2125 3492 3703 3563">
     <span class='ocr_line' id='line_1_128' title="bbox 2125 3492 3703 3563; baseline 0.002 -17"><span class='ocrx_word' id='word_1_809' title='bbox 2125 3495 2384 3563; x_wconf 82' lang='lat' dir='ltr'><strong>tributum</strong></span> <span class='ocrx_word' id='word_1_810' title='bbox 2413 3494 2571 3563; x_wconf 86' lang='lat' dir='ltr'><strong>pendi</strong></span> <span class='ocrx_word' id='word_1_811' title='bbox 2601 3492 2816 3548; x_wconf 78' lang='lat' dir='ltr'><strong>solitum</strong></span> <span class='ocrx_word' id='word_1_812' title='bbox 2844 3495 3064 3551; x_wconf 87' lang='lat' dir='ltr'><strong>minime</strong></span> <span class='ocrx_word' id='word_1_813' title='bbox 3094 3497 3401 3551; x_wconf 85' lang='lat' dir='ltr'><strong>redderent.</strong></span> <span class='ocrx_word' id='word_1_814' title='bbox 3431 3495 3703 3551; x_wconf 80' lang='lat' dir='ltr'><strong>Constan-</strong></span> 
     </span>
    </p>
   </div>
   <div class='ocr_carea' id='block_1_124' title="bbox 2126 3562 3708 3632">
    <p class='ocr_par' dir='ltr' id='par_1_124' title="bbox 2126 3562 3708 3632">
     <span class='ocr_line' id='line_1_129' title="bbox 2126 3562 3708 3632; baseline 0.002 -16"><span class='ocrx_word' id='word_1_815' title='bbox 2126 3562 2295 3616; x_wconf 88' lang='lat' dir='ltr'><strong>tinum</strong></span> <span class='ocrx_word' id='word_1_816' title='bbox 2339 3562 2599 3632; x_wconf 79' lang='lat' dir='ltr'><strong>preinde,</strong></span> <span class='ocrx_word' id='word_1_817' title='bbox 2650 3580 2771 3618; x_wconf 88' lang='lat' dir='ltr'><strong>cum</strong></span> <span class='ocrx_word' id='word_1_818' title='bbox 2813 3573 3033 3632; x_wconf 87' lang='lat' dir='ltr'><strong>paterne</strong></span> <span class='ocrx_word' id='word_1_819' title='bbox 3076 3564 3419 3620; x_wconf 83' lang='lat' dir='ltr'><strong>Ravennates</strong></span> <span class='ocrx_word' id='word_1_820' title='bbox 3465 3566 3708 3619; x_wconf 84' lang='lat' dir='ltr'><strong>monuis-</strong></span> 
     </span>
    </p>
   </div>
   <div class='ocr_carea' id='block_1_125' title="bbox 2124 3632 3704 3700">
    <p class='ocr_par' dir='ltr' id='par_1_125' title="bbox 2124 3632 3704 3700">
     <span class='ocr_line' id='line_1_130' title="bbox 2124 3632 3704 3700; baseline 0.001 -13"><span class='ocrx_word' id='word_1_821' title='bbox 2124 3640 2224 3695; x_wconf 88' lang='lat' dir='ltr'><strong>set,</strong></span> <span class='ocrx_word' id='word_1_822' title='bbox 2256 3632 2328 3685; x_wconf 89' lang='lat' dir='ltr'><strong>nil</strong></span> <span class='ocrx_word' id='word_1_823' title='bbox 2361 3632 2748 3700; x_wconf 86' lang='lat' dir='ltr'><strong>proficientem,</strong></span> <span class='ocrx_word' id='word_1_824' title='bbox 2791 3632 2857 3688; x_wconf 84' lang='lat' dir='ltr'><strong>de</strong></span> <span class='ocrx_word' id='word_1_825' title='bbox 2892 3635 2975 3689; x_wconf 90' lang='lat' dir='ltr'><strong>his</strong></span> <span class='ocrx_word' id='word_1_826' title='bbox 2998 3637 3247 3691; x_wconf 89' lang='lat' dir='ltr'><strong>omnibus</strong></span> <span class='ocrx_word' id='word_1_827' title='bbox 3289 3637 3584 3691; x_wconf 88' lang='lat' dir='ltr'><strong>certiorem</strong></span> <span class='ocrx_word' id='word_1_828' title='bbox 3632 3635 3704 3689; x_wconf 90' lang='lat' dir='ltr'><strong>fe-</strong></span> 
     </span>
    </p>
   </div>
   <div class='ocr_carea' id='block_1_126' title="bbox 2123 3702 3703 3773">
    <p class='ocr_par' dir='ltr' id='par_1_126' title="bbox 2123 3702 3703 3773">
     <span class='ocr_line' id='line_1_131' title="bbox 2123 3702 3703 3773; baseline 0.003 -18"><span class='ocrx_word' id='word_1_829' title='bbox 2123 3703 2266 3756; x_wconf 88' lang='lat' dir='ltr'><strong>cisse</strong></span> <span class='ocrx_word' id='word_1_830' title='bbox 2289 3702 2669 3773; x_wconf 70' lang='lat' dir='ltr'><strong>Iustinianum,</strong></span> <span class='ocrx_word' id='word_1_831' title='bbox 2685 3704 2775 3773; x_wconf 88' lang='lat' dir='ltr'><strong>qui</strong></span> <span class='ocrx_word' id='word_1_832' title='bbox 2797 3704 2967 3759; x_wconf 85' lang='lat' dir='ltr'><strong>classe</strong></span> <span class='ocrx_word' id='word_1_833' title='bbox 2995 3706 3256 3770; x_wconf 88' lang='lat' dir='ltr'><strong>immissa,</strong></span> <span class='ocrx_word' id='word_1_834' title='bbox 3281 3715 3334 3761; x_wconf 88' lang='lat' dir='ltr'><strong>et</strong></span> <span class='ocrx_word' id='word_1_835' title='bbox 3355 3704 3703 3760; x_wconf 70' lang='lat' dir='ltr'><strong>Ravennates</strong></span> 
     </span>
    </p>
   </div>
   <div class='ocr_carea' id='block_1_127' title="bbox 2123 3772 3707 3837">
    <p class='ocr_par' dir='ltr' id='par_1_127' title="bbox 2123 3772 3707 3837">
     <span class='ocr_line' id='line_1_132' title="bbox 2123 3772 3707 3837; baseline 0.003 -12"><span class='ocrx_word' id='word_1_836' title='bbox 2123 3773 2276 3825; x_wconf 76' lang='lat' dir='ltr'><strong>clade</strong></span> <span class='ocrx_word' id='word_1_837' title='bbox 2299 3772 2493 3835; x_wconf 78' lang='lat' dir='ltr'><strong>affecit,</strong></span> <span class='ocrx_word' id='word_1_838' title='bbox 2513 3780 2567 3826; x_wconf 90' lang='lat' dir='ltr'><strong>et</strong></span> <span class='ocrx_word' id='word_1_839' title='bbox 2591 3772 2823 3828; x_wconf 80' lang='lat' dir='ltr'><strong>Felicem</strong></span> <span class='ocrx_word' id='word_1_840' title='bbox 2845 3776 3133 3829; x_wconf 88' lang='lat' dir='ltr'><strong>abductum</strong></span> <span class='ocrx_word' id='word_1_841' title='bbox 3160 3777 3468 3837; x_wconf 60' lang='lat' dir='ltr'><strong>excaecavit,</strong></span> <span class='ocrx_word' id='word_1_842' title='bbox 3488 3777 3707 3832; x_wconf 78' lang='lat' dir='ltr'><strong>exsilio-</strong></span> 
     </span>
    </p>
   </div>
   <div class='ocr_carea' id='block_1_128' title="bbox 2124 3842 3704 3927">
    <p class='ocr_par' dir='ltr' id='par_1_128' title="bbox 2124 3842 3704 3927">
     <span class='ocr_line' id='line_1_133' title="bbox 2124 3842 3704 3927; baseline 0.006 -35"><span class='ocrx_word' id='word_1_843' title='bbox 2124 3858 2228 3927; x_wconf 52' lang='lat' dir='ltr'><strong>que</strong></span> <span class='ocrx_word' id='word_1_844' title='bbox 2277 3842 2540 3927; x_wconf 70' lang='lat' dir='ltr'><strong>multavit.</strong></span> <span class='ocrx_word' id='word_1_845' title='bbox 2568 3842 2769 3923; x_wconf 61' lang='lat' dir='ltr'><strong>Yerum</strong></span> <span class='ocrx_word' id='word_1_846' title='bbox 2810 3858 2881 3927; x_wconf 55' lang='lat' dir='ltr'><strong>ex</strong></span> <span class='ocrx_word' id='word_1_847' title='bbox 2905 3845 3169 3927; x_wconf 56' lang='lat' dir='ltr'><strong>hisplura</strong></span> <span class='ocrx_word' id='word_1_848' title='bbox 3206 3862 3271 3902; x_wconf 83' lang='lat' dir='ltr'><strong>ex</strong></span> <span class='ocrx_word' id='word_1_849' title='bbox 3318 3847 3550 3927; x_wconf 70' lang='lat' dir='ltr'><strong>arbitrio</strong></span> <span class='ocrx_word' id='word_1_850' title='bbox 3576 3863 3704 3901; x_wconf 86' lang='lat' dir='ltr'><strong>con-</strong></span> 
     </span>
    </p>
   </div>
   <div class='ocr_carea' id='block_1_129' title="bbox 2127 3911 3707 3986">
    <p class='ocr_par' dir='ltr' id='par_1_129' title="bbox 2127 3911 3707 3986">
     <span class='ocr_line' id='line_1_134' title="bbox 2127 3911 3707 3986; baseline 0.004 -22"><span class='ocrx_word' id='word_1_851' title='bbox 2127 3911 2248 3986; x_wconf 78' lang='lat' dir='ltr'><strong>ficta</strong></span> <span class='ocrx_word' id='word_1_852' title='bbox 2278 3912 2488 3986; x_wconf 69' lang='lat' dir='ltr'><strong>veritati</strong></span> <span class='ocrx_word' id='word_1_853' title='bbox 2536 3911 2883 3986; x_wconf 76' lang='lat' dir='ltr'><strong>ininimeniti</strong></span> <span class='ocrx_word' id='word_1_854' title='bbox 2914 3911 3041 3986; x_wconf 80' lang='lat' dir='ltr'><strong>mihi</strong></span> <span class='ocrx_word' id='word_1_855' title='bbox 3089 3924 3294 3986; x_wconf 77' lang='lat' dir='ltr'><strong>certum</strong></span> <span class='ocrx_word' id='word_1_856' title='bbox 3335 3926 3434 3971; x_wconf 88' lang='lat' dir='ltr'><strong>est.</strong></span> <span class='ocrx_word' id='word_1_857' title='bbox 3471 3916 3707 3986; x_wconf 85' lang='lat' dir='ltr'><strong>Impera-</strong></span> 
     </span>
    </p>
   </div>
   <div class='ocr_carea' id='block_1_130' title="bbox 2126 3980 3701 4054">
    <p class='ocr_par' dir='ltr' id='par_1_130' title="bbox 2126 3980 3701 4054">
     <span class='ocr_line' id='line_1_135' title="bbox 2126 3980 3701 4054; baseline 0.004 -20"><span class='ocrx_word' id='word_1_858' title='bbox 2126 3981 2259 4034; x_wconf 89' lang='lat' dir='ltr'><strong>toris</strong></span> <span class='ocrx_word' id='word_1_859' title='bbox 2305 3980 2887 4054; x_wconf 66' lang='lat' dir='ltr'><strong>Qonstantinopolitani</strong></span> <span class='ocrx_word' id='word_1_860' title='bbox 2934 3984 3072 4054; x_wconf 90' lang='lat' dir='ltr'><strong>juris</strong></span> <span class='ocrx_word' id='word_1_861' title='bbox 3122 3984 3437 4041; x_wconf 85' lang='lat' dir='ltr'><strong>Ravennam</strong></span> <span class='ocrx_word' id='word_1_862' title='bbox 3496 3980 3701 4048; x_wconf 81' lang='lat' dir='ltr'><strong>fuisse,</strong></span> 
     </span>
    </p>
   </div>
   <div class='ocr_carea' id='block_1_131' title="bbox 2125 4050 3707 4123">
    <p class='ocr_par' dir='ltr' id='par_1_131' title="bbox 2125 4050 3707 4123">
     <span class='ocr_line' id='line_1_136' title="bbox 2125 4050 3707 4123; baseline 0.003 -20"><span class='ocrx_word' id='word_1_863' title='bbox 2125 4066 2246 4123; x_wconf 65' lang='lat' dir='ltr'><strong>cum</strong></span> <span class='ocrx_word' id='word_1_864' title='bbox 2305 4050 2453 4105; x_wconf 84' lang='lat' dir='ltr'><strong>Felix</strong></span> <span class='ocrx_word' id='word_1_865' title='bbox 2502 4052 2779 4123; x_wconf 86' lang='lat' dir='ltr'><strong>ordinatus</strong></span> <span class='ocrx_word' id='word_1_866' title='bbox 2826 4050 3078 4123; x_wconf 50' lang='lat' dir='ltr'><strong>estfquis</strong></span> <span class='ocrx_word' id='word_1_867' title='bbox 3124 4056 3179 4110; x_wconf 90' lang='lat' dir='ltr'><strong>in</strong></span> <span class='ocrx_word' id='word_1_868' title='bbox 3223 4057 3444 4111; x_wconf 90' lang='lat' dir='ltr'><strong>dubium</strong></span> <span class='ocrx_word' id='word_1_869' title='bbox 3493 4056 3707 4112; x_wconf 83' lang='lat' dir='ltr'><strong>vertat?</strong></span> 
     </span>
    </p>
   </div>
   <div class='ocr_carea' id='block_1_132' title="bbox 2126 4121 3707 4195">
    <p class='ocr_par' dir='ltr' id='par_1_132' title="bbox 2126 4121 3707 4195">
     <span class='ocr_line' id='line_1_137' title="bbox 2126 4121 3707 4195; baseline 0.003 -21"><span class='ocrx_word' id='word_1_870' title='bbox 2126 4121 2656 4195; x_wconf 75' lang='lat' dir='ltr'><strong>Tributumproinde</strong></span> <span class='ocrx_word' id='word_1_871' title='bbox 2691 4139 2719 4177; x_wconf 90' lang='lat' dir='ltr'><strong>a</strong></span> <span class='ocrx_word' id='word_1_872' title='bbox 2754 4121 3150 4195; x_wconf 78' lang='lat' dir='ltr'><strong>Ravennatibus</strong></span> <span class='ocrx_word' id='word_1_873' title='bbox 3170 4126 3415 4195; x_wconf 82' lang='lat' dir='ltr'><strong>pontiﬁci</strong></span> <span class='ocrx_word' id='word_1_874' title='bbox 3458 4125 3707 4181; x_wconf 84' lang='lat' dir='ltr'><strong>Romano</strong></span> 
     </span>
    </p>
   </div>
   <div class='ocr_carea' id='block_1_133' title="bbox 2126 4191 3707 4263">
    <p class='ocr_par' dir='ltr' id='par_1_133' title="bbox 2126 4191 3707 4263">
     <span class='ocr_line' id='line_1_138' title="bbox 2126 4191 3707 4263; baseline 0.003 -19"><span class='ocrx_word' id='word_1_875' title='bbox 2126 4191 2287 4260; x_wconf 78' lang='lat' dir='ltr'><strong>pendi</strong></span> <span class='ocrx_word' id='word_1_876' title='bbox 2327 4192 2541 4263; x_wconf 58' lang='lat' dir='ltr'><strong>solitym</strong></span> <span class='ocrx_word' id='word_1_877' title='bbox 2567 4206 2671 4263; x_wconf 84' lang='lat' dir='ltr'><strong>non</strong></span> <span class='ocrx_word' id='word_1_878' title='bbox 2696 4193 2935 4258; x_wconf 87' lang='lat' dir='ltr'><strong>credam,</strong></span> <span class='ocrx_word' id='word_1_879' title='bbox 2962 4191 3241 4263; x_wconf 81' lang='lat' dir='ltr'><strong>quousque</strong></span> <span class='ocrx_word' id='word_1_880' title='bbox 3269 4196 3463 4251; x_wconf 90' lang='lat' dir='ltr'><strong>idoneo</strong></span> <span class='ocrx_word' id='word_1_881' title='bbox 3493 4206 3631 4251; x_wconf 87' lang='lat' dir='ltr'><strong>teste</strong></span> <span class='ocrx_word' id='word_1_882' title='bbox 3655 4196 3707 4249; x_wconf 89' lang='lat' dir='ltr'><strong>id</strong></span> 
     </span>
    </p>
   </div>
   <div class='ocr_carea' id='block_1_134' title="bbox 2125 4261 3710 4335">
    <p class='ocr_par' dir='ltr' id='par_1_134' title="bbox 2125 4261 3710 4335">
     <span class='ocr_line' id='line_1_139' title="bbox 2125 4261 3710 4335; baseline 0.004 -22"><span class='ocrx_word' id='word_1_883' title='bbox 2125 4263 2402 4330; x_wconf 88' lang='lat' dir='ltr'><strong>probetur.</strong></span> <span class='ocrx_word' id='word_1_884' title='bbox 2438 4261 2757 4335; x_wconf 84' lang='lat' dir='ltr'><strong>Cautionum</strong></span> <span class='ocrx_word' id='word_1_885' title='bbox 2799 4261 2993 4317; x_wconf 79' lang='lat' dir='ltr'><strong>vocem</strong></span> <span class='ocrx_word' id='word_1_886' title='bbox 3023 4261 3170 4335; x_wconf 86' lang='lat' dir='ltr'><strong>apud</strong></span> <span class='ocrx_word' id='word_1_887' title='bbox 3190 4265 3539 4320; x_wconf 82' lang='lat' dir='ltr'><strong>Anastasium</strong></span> <span class='ocrx_word' id='word_1_888' title='bbox 3573 4266 3710 4321; x_wconf 84' lang='lat' dir='ltr'><strong>male</strong></span> 
     </span>
    </p>
   </div>
   <div class='ocr_carea' id='block_1_135' title="bbox 2126 4332 3707 4407">
    <p class='ocr_par' dir='ltr' id='par_1_135' title="bbox 2126 4332 3707 4407">
     <span class='ocr_line' id='line_1_140' title="bbox 2126 4332 3707 4407; baseline 0.005 -24"><span class='ocrx_word' id='word_1_889' title='bbox 2126 4340 2401 4407; x_wconf 69' lang='lat' dir='ltr'><strong>acceptam</strong></span> <span class='ocrx_word' id='word_1_890' title='bbox 2441 4333 2647 4407; x_wconf 62' lang='lat' dir='ltr'><strong>omnia</strong></span> <span class='ocrx_word' id='word_1_891' title='bbox 2669 4332 2933 4407; x_wconf 83' lang='lat' dir='ltr'><strong>clamant;</strong></span> <span class='ocrx_word' id='word_1_892' title='bbox 2964 4332 3234 4407; x_wconf 30' lang='lat' dir='ltr'><strong>nec‘enim</strong></span> <span class='ocrx_word' id='word_1_893' title='bbox 3275 4336 3554 4407; x_wconf 81' lang='lat' dir='ltr'><strong>signiﬁcat</strong></span> <span class='ocrx_word' id='word_1_894' title='bbox 3580 4351 3707 4406; x_wconf 79' lang='lat' dir='ltr'><strong>pro-</strong></span> 
     </span>
    </p>
   </div>
   <div class='ocr_carea' id='block_1_136' title="bbox 2050 4400 3708 4474">
    <p class='ocr_par' dir='ltr' id='par_1_136' title="bbox 2050 4400 3708 4474">
     <span class='ocr_line' id='line_1_141' title="bbox 2050 4400 3708 4474; baseline 0.002 -20"><span class='ocrx_word' id='word_1_895' title='bbox 2050 4411 2098 4470; x_wconf 72' lang='grc' dir='ltr'><strong>ι)</strong></span> <span class='ocrx_word' id='word_1_896' title='bbox 2125 4401 2436 4474; x_wconf 80' lang='lat' dir='ltr'><strong>missionem</strong></span> <span class='ocrx_word' id='word_1_897' title='bbox 2464 4400 2529 4455; x_wconf 88' lang='lat' dir='ltr'><strong>de</strong></span> <span class='ocrx_word' id='word_1_898' title='bbox 2569 4400 3005 4474; x_wconf 77' lang='lat' dir='ltr'><strong>solvendacerta</strong></span> <span class='ocrx_word' id='word_1_899' title='bbox 3035 4405 3285 4474; x_wconf 89' lang='lat' dir='ltr'><strong>pecunia,</strong></span> <span class='ocrx_word' id='word_1_900' title='bbox 3316 4400 3413 4460; x_wconf 72' lang='lat' dir='ltr'><strong>sed</strong></span> <span class='ocrx_word' id='word_1_901' title='bbox 3437 4400 3708 4462; x_wconf 71' lang='lat' dir='ltr'><strong>assertam</strong></span> 
     </span>
    </p>
   </div>
   <div class='ocr_carea' id='block_1_137' title="bbox 2126 4470 3708 4546">
    <p class='ocr_par' dir='ltr' id='par_1_137' title="bbox 2126 4470 3708 4546">
     <span class='ocr_line' id='line_1_142' title="bbox 2126 4470 3708 4546; baseline 0.002 -21"><span class='ocrx_word' id='word_1_902' title='bbox 2126 4471 2294 4546; x_wconf 79' lang='lat' dir='ltr'><strong>certis</strong></span> <span class='ocrx_word' id='word_1_903' title='bbox 2315 4470 2602 4546; x_wconf 73' lang='lat' dir='ltr'><strong>verborum</strong></span> <span class='ocrx_word' id='word_1_904' title='bbox 2636 4470 2876 4546; x_wconf 72' lang='lat' dir='ltr'><strong>formulis</strong></span> <span class='ocrx_word' id='word_1_905' title='bbox 2906 4470 3169 4546; x_wconf 78' lang='lat' dir='ltr'><strong>sinceram</strong></span> <span class='ocrx_word' id='word_1_906' title='bbox 3201 4474 3382 4539; x_wconf 83' lang='lat' dir='ltr'><strong>fidem,</strong></span> <span class='ocrx_word' id='word_1_907' title='bbox 3410 4493 3519 4546; x_wconf 86' lang='lat' dir='ltr'><strong>qua</strong></span> <span class='ocrx_word' id='word_1_908' title='bbox 3540 4476 3708 4546; x_wconf 82' lang='lat' dir='ltr'><strong>etiam</strong></span> 
     </span>
    </p>
   </div>
   <div class='ocr_carea' id='block_1_138' title="bbox 2126 4541 3709 4615">
    <p class='ocr_par' dir='ltr' id='par_1_138' title="bbox 2126 4541 3709 4615">
     <span class='ocr_line' id='line_1_143' title="bbox 2126 4541 3709 4615; baseline 0.003 -22"><span class='ocrx_word' id='word_1_909' title='bbox 2126 4541 2406 4615; x_wconf 81' lang='lat' dir='ltr'><strong>ordinatus</strong></span> <span class='ocrx_word' id='word_1_910' title='bbox 2431 4541 2651 4609; x_wconf 82' lang='lat' dir='ltr'><strong>jurabat</strong></span> <span class='ocrx_word' id='word_1_911' title='bbox 2675 4557 2734 4596; x_wconf 90' lang='lat' dir='ltr'><strong>se</strong></span> <span class='ocrx_word' id='word_1_912' title='bbox 2758 4542 2894 4615; x_wconf 81' lang='lat' dir='ltr'><strong>velle</strong></span> <span class='ocrx_word' id='word_1_913' title='bbox 2940 4545 3180 4607; x_wconf 86' lang='lat' dir='ltr'><strong>subesse,</strong></span> <span class='ocrx_word' id='word_1_914' title='bbox 3212 4555 3266 4599; x_wconf 90' lang='lat' dir='ltr'><strong>et</strong></span> <span class='ocrx_word' id='word_1_915' title='bbox 3316 4541 3583 4615; x_wconf 76' lang='lat' dir='ltr'><strong>obsequio</strong></span> <span class='ocrx_word' id='word_1_916' title='bbox 3619 4544 3709 4599; x_wconf 88' lang='lat' dir='ltr'><strong>illo</strong></span> 
     </span>
    </p>
   </div>
   <div class='ocr_carea' id='block_1_139' title="bbox 2125 4610 3713 4684">
    <p class='ocr_par' dir='ltr' id='par_1_139' title="bbox 2125 4610 3713 4684">
     <span class='ocr_line' id='line_1_144' title="bbox 2125 4610 3713 4684; baseline 0.004 -21"><span class='ocrx_word' id='word_1_917' title='bbox 2125 4610 2381 4684; x_wconf 80' lang='lat' dir='ltr'><strong>generali,</strong></span> <span class='ocrx_word' id='word_1_918' title='bbox 2413 4625 2519 4684; x_wconf 85' lang='lat' dir='ltr'><strong>quo</strong></span> <span class='ocrx_word' id='word_1_919' title='bbox 2546 4625 2736 4667; x_wconf 89' lang='lat' dir='ltr'><strong>omnes</strong></span> <span class='ocrx_word' id='word_1_920' title='bbox 2786 4612 3058 4684; x_wconf 82' lang='lat' dir='ltr'><strong>episcopi,</strong></span> <span class='ocrx_word' id='word_1_921' title='bbox 3085 4623 3137 4668; x_wconf 93' lang='lat' dir='ltr'><strong>et</strong></span> <span class='ocrx_word' id='word_1_922' title='bbox 3183 4616 3424 4683; x_wconf 83' lang='lat' dir='ltr'><strong>speciali.</strong></span> <span class='ocrx_word' id='word_1_923' title='bbox 3450 4610 3566 4684; x_wconf 78' lang='lat' dir='ltr'><strong>quo</strong></span> <span class='ocrx_word' id='word_1_924' title='bbox 3596 4631 3713 4670; x_wconf 87' lang='lat' dir='ltr'><strong>me—</strong></span> 
     </span>
    </p>
   </div>
   <div class='ocr_carea' id='block_1_140' title="bbox 2130 4680 3713 4754">
    <p class='ocr_par' dir='ltr' id='par_1_140' title="bbox 2130 4680 3713 4754">
     <span class='ocr_line' id='line_1_145' title="bbox 2130 4680 3713 4754; baseline 0.006 -23"><span class='ocrx_word' id='word_1_925' title='bbox 2130 4680 2393 4754; x_wconf 62' lang='lat' dir='ltr'><strong>tropolita:</strong></span> <span class='ocrx_word' id='word_1_926' title='bbox 2416 4682 2761 4754; x_wconf 71' lang='lat' dir='ltr'><strong>Ravennates</strong></span> <span class='ocrx_word' id='word_1_927' title='bbox 2793 4680 3034 4754; x_wconf 82' lang='lat' dir='ltr'><strong>Romano</strong></span> <span class='ocrx_word' id='word_1_928' title='bbox 3066 4680 3320 4754; x_wconf 83' lang='lat' dir='ltr'><strong>episcopo</strong></span> <span class='ocrx_word' id='word_1_929' title='bbox 3346 4680 3713 4753; x_wconf 70' lang='lat' dir='ltr'><strong>sufﬁcieban-</strong></span> 
     </span>
    </p>
   </div>
   <div class='ocr_carea' id='block_1_141' title="bbox 2129 4750 3717 4824">
    <p class='ocr_par' dir='ltr' id='par_1_141' title="bbox 2129 4750 3717 4824">
     <span class='ocr_line' id='line_1_146' title="bbox 2129 4750 3717 4824; baseline 0.005 -22"><span class='ocrx_word' id='word_1_930' title='bbox 2129 4750 2482 4824; x_wconf 88' lang='lat' dir='ltr'><strong>_tur._Diflicile</strong></span> <span class='ocrx_word' id='word_1_931' title='bbox 2508 4752 2738 4824; x_wconf 21' lang='lat' dir='ltr'><strong>omnino,</strong></span> <span class='ocrx_word' id='word_1_932' title='bbox 2770 4752 2839 4806; x_wconf 90' lang='lat' dir='ltr'><strong>sit</strong></span> <span class='ocrx_word' id='word_1_933' title='bbox 2872 4771 2889 4803; x_wconf 79' lang='grc' dir='ltr'>ι</span> <span class='ocrx_word' id='word_1_934' title='bbox 2926 4768 3076 4807; x_wconf 89' lang='lat' dir='ltr'><strong>more</strong></span> <span class='ocrx_word' id='word_1_935' title='bbox 3099 4750 3394 4821; x_wconf 71' lang='lat' dir='ltr'><strong>majorum,</strong></span> <span class='ocrx_word' id='word_1_936' title='bbox 3428 4750 3717 4824; x_wconf 69' lang='lat' dir='ltr'><strong>veterique</strong></span> 
     </span>
    </p>
   </div>
   <div class='ocr_carea' id='block_1_142' title="bbox 2129 4820 3714 4895">
    <p class='ocr_par' dir='ltr' id='par_1_142' title="bbox 2129 4820 3714 4895">
     <span class='ocr_line' id='line_1_147' title="bbox 2129 4820 3714 4895; baseline 0.003 -22"><span class='ocrx_word' id='word_1_937' title='bbox 2129 4820 2395 4895; x_wconf 74' lang='lat' dir='ltr'><strong>instituto,</strong></span> <span class='ocrx_word' id='word_1_938' title='bbox 2436 4828 2490 4875; x_wconf 89' lang='lat' dir='ltr'><strong>et</strong></span> <span class='ocrx_word' id='word_1_939' title='bbox 2538 4821 2741 4895; x_wconf 81' lang='lat' dir='ltr'><strong>recenti</strong></span> <span class='ocrx_word' id='word_1_940' title='bbox 2789 4825 3126 4895; x_wconf 81' lang='lat' dir='ltr'><strong>superiorum</strong></span> <span class='ocrx_word' id='word_1_941' title='bbox 3171 4820 3714 4895; x_wconf 25' lang='lat' dir='ltr'><strong>a’rcbiepise0porum</strong></span> 
     </span>
    </p>
   </div>
   <div class='ocr_carea' id='block_1_143' title="bbox 2124 4891 3719 4963">
    <p class='ocr_par' dir='ltr' id='par_1_143' title="bbox 2124 4891 3719 4963">
     <span class='ocr_line' id='line_1_148' title="bbox 2124 4891 3719 4963; baseline 0.004 -21"><span class='ocrx_word' id='word_1_942' title='bbox 2124 4891 2450 4963; x_wconf 82' lang='lat' dir='ltr'><strong>testimonio,</strong></span> <span class='ocrx_word' id='word_1_943' title='bbox 2488 4910 2512 4963; x_wconf 21' lang='lat' dir='ltr'><strong>DA</strong></span> <span class='ocrx_word' id='word_1_944' title='bbox 2534 4893 2817 4963; x_wconf 74' lang='lat' dir='ltr'><strong>ostendere</strong></span> <span class='ocrx_word' id='word_1_945' title='bbox 2856 4893 3084 4963; x_wconf 82' lang='lat' dir='ltr'><strong>solutam</strong></span> <span class='ocrx_word' id='word_1_946' title='bbox 3124 4891 3373 4963; x_wconf 79' lang='lat' dir='ltr'><strong>pontifici</strong></span> <span class='ocrx_word' id='word_1_947' title='bbox 3408 4891 3578 4949; x_wconf 51' lang='lat' dir='ltr'><strong>ulla‘m</strong></span> <span class='ocrx_word' id='word_1_948' title='bbox 3612 4910 3719 4963; x_wconf 83' lang='lat' dir='ltr'><strong>pe-</strong></span> 
     </span>
    </p>
   </div>
   <div class='ocr_carea' id='block_1_144' title="bbox 2125 4960 3718 5033">
    <p class='ocr_par' dir='ltr' id='par_1_144' title="bbox 2125 4960 3718 5033">
     <span class='ocr_line' id='line_1_149' title="bbox 2125 4960 3718 5033; baseline 0.003 -20"><span class='ocrx_word' id='word_1_949' title='bbox 2125 4960 2299 5033; x_wconf 65' lang='lat' dir='ltr'><strong>cuniae</strong></span> <span class='ocrx_word' id='word_1_950' title='bbox 2330 4961 2686 5033; x_wconf 83' lang='lat' dir='ltr'><strong>quantitatem</strong></span> <span class='ocrx_word' id='word_1_951' title='bbox 2724 4960 2917 5033; x_wconf 80' lang='lat' dir='ltr'><strong>Felicis</strong></span> <span class='ocrx_word' id='word_1_952' title='bbox 2946 4962 3102 5030; x_wconf 87' lang='lat' dir='ltr'><strong>hujus</strong></span> <span class='ocrx_word' id='word_1_953' title='bbox 3125 4960 3264 5019; x_wconf 59' lang='lat' dir='ltr'><strong>aevo.</strong></span> <span class='ocrx_word' id='word_1_954' title='bbox 3311 4964 3551 5029; x_wconf 68' lang='lat' dir='ltr'><strong>Iudices,</strong></span> <span class='ocrx_word' id='word_1_955' title='bbox 3595 4960 3718 5033; x_wconf 80' lang='lat' dir='ltr'><strong>qui-</strong></span> 
     </span>
    </p>
   </div>
   <div class='ocr_carea' id='block_1_145' title="bbox 2127 5028 3716 5103">
    <p class='ocr_par' dir='ltr' id='par_1_145' title="bbox 2127 5028 3716 5103">
     <span class='ocr_line' id='line_1_150' title="bbox 2127 5028 3716 5103; baseline 0.003 -20"><span class='ocrx_word' id='word_1_956' title='bbox 2127 5030 2227 5084; x_wconf 90' lang='lat' dir='ltr'><strong>bus</strong></span> <span class='ocrx_word' id='word_1_957' title='bbox 2253 5028 2423 5103; x_wconf 77' lang='lat' dir='ltr'><strong>fretus</strong></span> <span class='ocrx_word' id='word_1_958' title='bbox 2451 5031 2755 5103; x_wconf 86' lang='lat' dir='ltr'><strong>cautionem</strong></span> <span class='ocrx_word' id='word_1_959' title='bbox 2787 5028 2917 5087; x_wconf 86' lang='lat' dir='ltr'><strong>fecit</strong></span> <span class='ocrx_word' id='word_1_960' title='bbox 2955 5028 3105 5087; x_wconf 80' lang='lat' dir='ltr'><strong>Felix</strong></span> <span class='ocrx_word' id='word_1_961' title='bbox 3134 5050 3234 5103; x_wconf 90' lang='lat' dir='ltr'><strong>pro</strong></span> <span class='ocrx_word' id='word_1_962' title='bbox 3285 5028 3585 5097; x_wconf 84' lang='lat' dir='ltr'><strong>arbitratu,</strong></span> <span class='ocrx_word' id='word_1_963' title='bbox 3611 5028 3716 5089; x_wconf 77' lang='lat' dir='ltr'><strong>seu</strong></span> 
     </span>
    </p>
   </div>
   <div class='ocr_carea' id='block_1_146' title="bbox 2129 5098 3716 5167">
    <p class='ocr_par' dir='ltr' id='par_1_146' title="bbox 2129 5098 3716 5167">
     <span class='ocr_line' id='line_1_151' title="bbox 2129 5098 3716 5167; baseline 0.003 -16"><span class='ocrx_word' id='word_1_964' title='bbox 2129 5098 2269 5167; x_wconf 86' lang='lat' dir='ltr'><strong>quod</strong></span> <span class='ocrx_word' id='word_1_965' title='bbox 2299 5101 2373 5153; x_wconf 85' lang='lat' dir='ltr'><strong>ait</strong></span> <span class='ocrx_word' id='word_1_966' title='bbox 2397 5098 2734 5164; x_wconf 88' lang='lat' dir='ltr'><strong>Anastasius,</strong></span> <span class='ocrx_word' id='word_1_967' title='bbox 2772 5121 2789 5152; x_wconf 75' lang='grc' dir='ltr'>ι</span> <span class='ocrx_word' id='word_1_968' title='bbox 2828 5112 2886 5155; x_wconf 89' lang='lat' dir='ltr'><strong>ut</strong></span> <span class='ocrx_word' id='word_1_969' title='bbox 2939 5098 3159 5167; x_wconf 54' lang='lat' dir='ltr'><strong>maluit&#39;,</strong></span> <span class='ocrx_word' id='word_1_970' title='bbox 3206 5124 3224 5155; x_wconf 75' lang='grc' dir='ltr'><strong><em>ι</em></strong></span> <span class='ocrx_word' id='word_1_971' title='bbox 3281 5120 3387 5157; x_wconf 91' lang='lat' dir='ltr'><strong>non</strong></span> <span class='ocrx_word' id='word_1_972' title='bbox 3432 5104 3716 5167; x_wconf 76' lang='lat' dir='ltr'><strong>Romani,</strong></span> 
     </span>
    </p>
   </div>
   <div class='ocr_carea' id='block_1_147' title="bbox 2129 5169 3726 5243">
    <p class='ocr_par' dir='ltr' id='par_1_147' title="bbox 2129 5169 3726 5243">
     <span class='ocr_line' id='line_1_152' title="bbox 2129 5169 3726 5243; baseline 0.003 -20"><span class='ocrx_word' id='word_1_973' title='bbox 2129 5169 2223 5243; x_wconf 91' lang='lat' dir='ltr'><strong>_sed</strong></span> <span class='ocrx_word' id='word_1_974' title='bbox 2251 5171 2607 5243; x_wconf 75' lang='lat' dir='ltr'><strong>exarchatus,</strong></span> <span class='ocrx_word' id='word_1_975' title='bbox 2650 5179 2706 5243; x_wconf 81' lang='lat' dir='ltr'><strong>et</strong></span> <span class='ocrx_word' id='word_1_976' title='bbox 2754 5171 2796 5243; x_wconf 85' lang='lat' dir='ltr'><strong>si</strong></span> <span class='ocrx_word' id='word_1_977' title='bbox 2836 5170 3050 5237; x_wconf 71' lang='lat' dir='ltr'><strong>Romae,</strong></span> <span class='ocrx_word' id='word_1_978' title='bbox 3092 5173 3435 5243; x_wconf 86' lang='lat' dir='ltr'><strong>imperatoris</strong></span> <span class='ocrx_word' id='word_1_979' title='bbox 3491 5176 3726 5228; x_wconf 82' lang='lat' dir='ltr'><strong>nomine</strong></span> 
     </span>
    </p>
   </div>
   <div class='ocr_carea' id='block_1_148' title="bbox 2124 5237 3726 5312">
    <p class='ocr_par' dir='ltr' id='par_1_148' title="bbox 2124 5237 3726 5312">
     <span class='ocr_line' id='line_1_153' title="bbox 2124 5237 3726 5312; baseline 0.003 -21"><span class='ocrx_word' id='word_1_980' title='bbox 2124 5237 2215 5306; x_wconf 88' lang='lat' dir='ltr'><strong>jus</strong></span> <span class='ocrx_word' id='word_1_981' title='bbox 2242 5239 2501 5312; x_wconf 83' lang='lat' dir='ltr'><strong>dicentes,</strong></span> <span class='ocrx_word' id='word_1_982' title='bbox 2534 5250 2590 5294; x_wconf 90' lang='lat' dir='ltr'><strong>et</strong></span> <span class='ocrx_word' id='word_1_983' title='bbox 2637 5242 2705 5312; x_wconf 91' lang='lat' dir='ltr'><strong>ab</strong></span> <span class='ocrx_word' id='word_1_984' title='bbox 2746 5241 2864 5308; x_wconf 86' lang='lat' dir='ltr'><strong>ejus</strong></span> <span class='ocrx_word' id='word_1_985' title='bbox 2905 5250 3037 5295; x_wconf 90' lang='lat' dir='ltr'><strong>nutu</strong></span> <span class='ocrx_word' id='word_1_986' title='bbox 3087 5237 3412 5310; x_wconf 82' lang='lat' dir='ltr'><strong>pendentes;</strong></span> <span class='ocrx_word' id='word_1_987' title='bbox 3447 5258 3624 5312; x_wconf 85' lang='lat' dir='ltr'><strong>quare</strong></span> <span class='ocrx_word' id='word_1_988' title='bbox 3668 5244 3726 5296; x_wconf 85' lang='lat' dir='ltr'><strong>in</strong></span> 
     </span>
    </p>
   </div>
   <div class='ocr_carea' id='block_1_149' title="bbox 2131 5310 3727 5395">
    <p class='ocr_par' dir='ltr' id='par_1_149' title="bbox 2131 5310 3727 5395">
     <span class='ocr_line' id='line_1_154' title="bbox 2131 5310 3727 5395; baseline 0.003 -34"><span class='ocrx_word' id='word_1_989' title='bbox 2131 5324 2224 5362; x_wconf 87' lang='lat' dir='ltr'><strong>eos</strong></span> <span class='ocrx_word' id='word_1_990' title='bbox 2252 5310 2505 5395; x_wconf 58' lang='lat' dir='ltr'><strong>primum,</strong></span> <span class='ocrx_word' id='word_1_991' title='bbox 2530 5326 2635 5364; x_wconf 91' lang='lat' dir='ltr'><strong>non</strong></span> <span class='ocrx_word' id='word_1_992' title='bbox 2666 5311 2719 5364; x_wconf 88' lang='lat' dir='ltr'><strong>in</strong></span> <span class='ocrx_word' id='word_1_993' title='bbox 2749 5312 3078 5395; x_wconf 46' lang='lat' dir='ltr'><strong>episcopum,</strong></span> <span class='ocrx_word' id='word_1_994' title='bbox 3107 5313 3318 5395; x_wconf 48' lang='lat' dir='ltr'><strong>et.si_in</strong></span> <span class='ocrx_word' id='word_1_995' title='bbox 3365 5310 3690 5395; x_wconf 76' lang='lat' dir='ltr'><strong>episCOpum</strong></span> <span class='ocrx_word' id='word_1_996' title='bbox 3711 5353 3727 5377; x_wconf 85' lang='lat'><strong>,</strong></span> 
     </span>
    </p>
   </div>
   <div class='ocr_carea' id='block_1_150' title="bbox 2135 5379 3730 5451">
    <p class='ocr_par' dir='ltr' id='par_1_150' title="bbox 2135 5379 3730 5451">
     <span class='ocr_line' id='line_1_155' title="bbox 2135 5379 3730 5451; baseline 0.003 -20"><span class='ocrx_word' id='word_1_997' title='bbox 2135 5394 2238 5431; x_wconf 90' lang='lat' dir='ltr'><strong>non</strong></span> <span class='ocrx_word' id='word_1_998' title='bbox 2290 5379 2343 5432; x_wconf 90' lang='lat' dir='ltr'><strong>in</strong></span> <span class='ocrx_word' id='word_1_999' title='bbox 2387 5380 2724 5435; x_wconf 85' lang='lat' dir='ltr'><strong>Ravennates</strong></span> <span class='ocrx_word' id='word_1_1000' title='bbox 2768 5379 2989 5436; x_wconf 80' lang='lat' dir='ltr'><strong>accendi</strong></span> <span class='ocrx_word' id='word_1_1001' title='bbox 3014 5382 3084 5436; x_wconf 92' lang='lat' dir='ltr'><strong>ob</strong></span> <span class='ocrx_word' id='word_1_1002' title='bbox 3133 5382 3185 5436; x_wconf 90' lang='lat' dir='ltr'><strong>id</strong></span> <span class='ocrx_word' id='word_1_1003' title='bbox 3227 5379 3507 5438; x_wconf 75' lang='lat' dir='ltr'><strong>debuisset</strong></span> <span class='ocrx_word' id='word_1_1004' title='bbox 3552 5379 3730 5451; x_wconf 81' lang='lat' dir='ltr'><strong>impe-</strong></span> 
     </span>
    </p>
   </div>
   <div class='ocr_carea' id='block_1_151' title="bbox 2141 5455 2305 5500">
    <p class='ocr_par' dir='ltr' id='par_1_151' title="bbox 2141 5455 2305 5500">
     <span class='ocr_line' id='line_1_156' title="bbox 2141 5455 2305 5500; baseline -0.006 0"><span class='ocrx_word' id='word_1_1005' title='bbox 2141 5455 2305 5500; x_wconf 88' lang='lat' dir='ltr'><strong>rator.</strong></span> 
     </span>
    </p>
   </div>
   <div class='ocr_carea' id='block_1_152' title="bbox 2207 5516 3732 5591">
    <p class='ocr_par' dir='ltr' id='par_1_152' title="bbox 2207 5516 3732 5591">
     <span class='ocr_line' id='line_1_157' title="bbox 2207 5516 3732 5591; baseline 0.005 -23"><span class='ocrx_word' id='word_1_1006' title='bbox 2207 5516 2266 5569; x_wconf 91' lang='lat' dir='ltr'><strong>ll.</strong></span> <span class='ocrx_word' id='word_1_1007' title='bbox 2298 5517 2504 5572; x_wconf 80' lang='lat' dir='ltr'><strong>Censeo</strong></span> <span class='ocrx_word' id='word_1_1008' title='bbox 2528 5518 2707 5587; x_wconf 84' lang='lat' dir='ltr'><strong>itaque</strong></span> <span class='ocrx_word' id='word_1_1009' title='bbox 2734 5519 2966 5575; x_wconf 85' lang='lat' dir='ltr'><strong>Felicem</strong></span> <span class='ocrx_word' id='word_1_1010' title='bbox 2998 5521 3463 5591; x_wconf 85' lang='lat' dir='ltr'><strong>archiepiscopum</strong></span> <span class='ocrx_word' id='word_1_1011' title='bbox 3504 5520 3732 5576; x_wconf 80' lang='lat' dir='ltr'><strong>Raven-</strong></span> 
     </span>
    </p>
   </div>
   <div class='ocr_carea' id='block_1_153' title="bbox 2135 5590 3731 5659">
    <p class='ocr_par' dir='ltr' id='par_1_153' title="bbox 2135 5590 3731 5659">
     <span class='ocr_line' id='line_1_158' title="bbox 2135 5590 3731 5659; baseline 0.003 -19"><span class='ocrx_word' id='word_1_1012' title='bbox 2135 5596 2316 5640; x_wconf 88' lang='lat' dir='ltr'><strong>natem</strong></span> <span class='ocrx_word' id='word_1_1013' title='bbox 2350 5590 2401 5640; x_wconf 89' lang='lat' dir='ltr'><strong>in</strong></span> <span class='ocrx_word' id='word_1_1014' title='bbox 2445 5604 2509 5641; x_wconf 84' lang='lat' dir='ltr'><strong>eo</strong></span> <span class='ocrx_word' id='word_1_1015' title='bbox 2540 5605 2814 5657; x_wconf 68' lang='lat' dir='ltr'><strong>peccasse,</strong></span> <span class='ocrx_word' id='word_1_1016' title='bbox 2844 5590 2985 5659; x_wconf 88' lang='lat' dir='ltr'><strong>quod</strong></span> <span class='ocrx_word' id='word_1_1017' title='bbox 3020 5590 3280 5659; x_wconf 73' lang='lat' dir='ltr'><strong>praestare</strong></span> <span class='ocrx_word' id='word_1_1018' title='bbox 3305 5590 3541 5647; x_wconf 85' lang='lat' dir='ltr'><strong>noluerit</strong></span> <span class='ocrx_word' id='word_1_1019' title='bbox 3587 5592 3731 5646; x_wconf 82' lang='lat' dir='ltr'><strong>soli-</strong></span> 
     </span>
    </p>
   </div>
   <div class='ocr_carea' id='block_1_154' title="bbox 2137 5659 3709 5732">
    <p class='ocr_par' dir='ltr' id='par_1_154' title="bbox 2137 5659 3709 5732">
     <span class='ocr_line' id='line_1_159' title="bbox 2137 5659 3709 5732; baseline 0.003 -21"><span class='ocrx_word' id='word_1_1020' title='bbox 2137 5666 2222 5711; x_wconf 89' lang='lat' dir='ltr'><strong>tas</strong></span> <span class='ocrx_word' id='word_1_1021' title='bbox 2263 5659 2541 5713; x_wconf 86' lang='lat' dir='ltr'><strong>cautiones</strong></span> <span class='ocrx_word' id='word_1_1022' title='bbox 2591 5660 2705 5714; x_wconf 85' lang='lat' dir='ltr'><strong>sedi</strong></span> <span class='ocrx_word' id='word_1_1023' title='bbox 2748 5662 3054 5730; x_wconf 78' lang='lat' dir='ltr'><strong>apostolicae</strong></span> <span class='ocrx_word' id='word_1_1024' title='bbox 3104 5662 3403 5732; x_wconf 85' lang='lat' dir='ltr'><strong>cojusmodi</strong></span> <span class='ocrx_word' id='word_1_1025' title='bbox 3433 5669 3559 5718; x_wconf 89' lang='lat' dir='ltr'><strong>sunt</strong></span> <span class='ocrx_word' id='word_1_1026' title='bbox 3588 5661 3709 5717; x_wconf 51' lang='lat' dir='ltr'><strong>illa‘</strong></span> 
     </span>
    </p>
   </div>
  </div>
