3936 6180
312 292 413 347 ’121

1363 293 1564 352 LIBER
1599 292 2092 352 PONTIFICALIS.
2124 327 2193 336 —
2229 294 2409 351 PARS
2447 290 2510 351 11.

3474 300 3581 359 722

310 413 463 463 runt.
519 403 704 484 Itaque
748 403 1058 484 pontiﬁcem
1116 408 1261 484 hunc
1301 408 1573 484 prioribus
1618 408 1895 466 Paschalis
1921 410 1972 469 Α
1999 407 2092 484 lio,
2123 406 2351 484 inda”,
2377 408 2516 484 apud
2546 405 3074 484 Rubeumlegendo,
3105 407 3196 484 qui
3229 423 3297 463 ex
3327 418 3577 484 autogra-

311 491 472 599 papie
484 474 640 556 annis
652 474 1029 559 nonagenario.
1038 474 1530 561 majorem'obiisse,
1545 478 1659 536 fere
1684 487 1893 561 certum

331 555 398 599 ιι.
437 544 657 599 Erravnt
714 553 899 599 mitur.
941 561 1031 599 qui
1057 546 1371 599 Petronacis
1399 546 1578 599 Vitam
1609 548 1893 599 snnnlevit.

331 544 401 599 it.
437 544 659 619 Erravit
713 544 918 619 igitur,_
941 547 1032 619 qui
1057 544 1371 619 Petronacis
1396 546 1578 619 Vitam
1609 548 1894 619 supplevit,

311 629 442 670 cum
469 614 687 688 scripsit
713 613 857 688 hunc
877 613 1071 688 carolo
1096 616 1410 686 imperatori
1438 613 1900 688 honorem'juras-l

310 699 396 746 se,
435 683 864 755 quandoquidem
889 684 1070 754 plures
1095 683 1221 740 anie
1259 702 1429 742 annos
1454 688 1677 743 Carolus
1718 683 1903 744 deces—

314 763 489 817 serat,
536 769 676 827 cum_
696 754 1049 827 Petrouacius
1077 756 1263 827 sedere
1298 756 1481 827 capit.
1513 757 1610 813 His
1654 758 1900 813 addenda

314 831 586 904 suntqutn
611 823 678 904 ad
704 823 911 904 Agnelli
940 832 1156 904 aetatem
1193 823 1619 904 investigandain
1649 827 1901 904 adnmavi

317 893 374 949 iu
404 893 873 966 observationibus
909 894 1187 966 adversus
1212 894 1351 966 libro
1394 893 1693 952 Pontiﬁcali
1722 896 1901 966 praeﬁ-

316 978 449 1037 nos,
477 962 856 1037 observatione
878 974 1095 1037 quarta,
1109 964 1408 1037 Paschalis
1435 982 1586 1037 papa:
1631 962 1813 1037 init—ia]
1830 967 1897 1022 ad

315 1032 458 1085 diem
486 1031 557 1104 28
581 1029 821 1104 Januarii
870 1029 997 1087 anni
1038 1034 1138 1088 817
1170 1033 1350 1104 alligat
1377 1029 1659 1100 Baronius,
1691 1045 1745 1091 et
1788 1036 1896 1090 Pe-

317 1101 549 1155 trouaeii
586 1101 736 1155 initia
768 1111 895 1157 ante
935 1118 1134 1156 annum
1161 1101 1601 1160 819'collocauda
1628 1105 1899 1161 concludi-

318 1177 411 1224 tur
451 1187 520 1227 ex
545 1171 786 1241 ejusdem
809 1170 1083 1229 Paschalis
1121 1173 1397 1246 privilegio
1426 1176 1551 1231 dato
1589 1190 1774 1231 mense
1805 1175 1899 1230 Ju-

1998 480 2109 551 pho
2130 477 2258 551 illud
2302 477 2608 551 descripsit,
2637 477 2710 551 in_
2735 477 2949 532 arboris
2993 477 3214 551 cortice,
3239 487 3300 534 ut
3330 477 3574 551 ipse'ait,

1998 546 2180 617 verius
2200 548 2253 617 in
2281 548 2470 602 charta
2495 546 2770 617 Egyptia,
2794 557 3037 602 exarato.
3061 546 3412 606 Petrouacius
3435 546 3577 609 anno

1998 616 2104 673 826
2128 618 2183 671 in
2203 616 2461 692 Romano
2506 616 2735 692 concilio
2779 618 2893 692 sub
2921 617 3171 692 Eugenio
3236 620 3575 692 subscripsit,

1999 686 2351 761 pervenitun
2374 701 2541 761 usque
2567 687 2633 740 ad
2652 685 2897 761 Gregorii
2921 685 2989 741 IV
3018 685 3251 761 aetatem,
3280 705 3312 742 a
3333 685 3579 761 quo-ejus

2001 755 2284 827 successor
2310 755 2572 827 Georgius
2627 755 2906 827 ordinatus
2934 765 3038 820 est,
3076 758 3220 826 quod
3276 755 3442 815 tradit
3476 755 3579 817 uo-

2002 835 2134 881 ster.
2164 825 2476 896 Cregorius
2507 832 2688 880 autem
2734 826 2924 881 se'dere
2968 825 3133 895 coepit
3181 827 3324 882 circa
3376 846 3576 886 annum

2001 896 2126 951 827.
2149 894 2410 967 Georgius
2424 902 2673 967 attate_m_
2700 896 2953 967 produxit
3007 894 3157 967 ultra
3200 913 3401 955 annum
3449 900 3574 967 8H,

2072 981 2105 1019 o
2132 963 2347 1034 quidem
2374 965 2440 1018 ad
2462 979 2537 1018 vu
2580 963 2850 1018 KalIJulii
2877 964 3100 1020 Carolus
3129 965 3322 1021 Calvus
3362 969 3428 1023 de
3469 963 3578 1024 Loé

1998 1034 2174 1090 thario
2210 1034 2467 1105 Fontanis
2490 1034 2770 1105 victoriam
2811 1036 3125 1105 reportavit.
3173 1035 3335 1092 Plura
3385 1040 3453 1094 de
3482 1042 3579 1094 ho-

2000 1120 2118 1159 rum
2142 1104 2456 1175 pontiﬁcum
2488 1103 2835 1174 chronologia
2873 1103 3091 1173 addere,
3126 1106 3349 1163 somniis
3401 1108 3578 1164 indul-

1999 1189 2125 1245 gere
2151 1183 2313 1230 esset.

1562 1471 1811 1549 VITA
1880 1468 2309 1547 JOANMS

843 1707 1071 1767 CAPUT
1093 1706 1382 1764 PRIMUM.

320 1823 572 1881 Rauenna
597 1823 979 1903 aILiutprando
1000 1822 1199 1903 finium
1217 1821 1517 1903 proditione
1536 1819 1905 1903 captazlJoan-

394 1912 483 1950 nes
503 1894 727 1950 exsulat.
752 1892 1043 1964 Epiphanio
1068 1892 1344 1964 scriniario
1359 1901 1574 1964 curante
1596 1892 1901 1964 restituitur.

395 1964 548 2036 Idem
595 1960 923 2036 Epiphanius
973 1961 1037 2017 de
1094 1960 1317 2016 Joannis
1370 1961 1604 2016 hostibus
1652 1961 1902 2017 vindictas

392 2035 578 2090 sumit.

390 2140 628 2198 Joannes
652 2137 917 2213 [quintus]
942 2137 1183 2194 XXXIX.
1205 2138 1304 2195 Hic
1324 2139 1750 2210 patientissimus
1779 2139 1900 2206 fuit,

320 2233 566 2298 humilis,
593 2240 651 2287 et
700 2240 1032 2287 mansuetus.
1079 2230 1240 2286 Istius
1302 2231 1631 2301 temporibus
1675 2231 1902 2286 ecclesia

318 2324 577 2381 Petriana
613 2322 809 2377 cecidit
852 2330 1160 2377 terminotu
1205 2330 1333 2391 post
1371 2320 1639 2391 completa
1660 2318 1918 2376 solemnia

319 2417 611 2472 missarum
639 2414 727 2468 die
753 2412 1054 2469 Dominico.
1084 2412 1152 2466 Et
1172 2412 1484 2481 Liutprandi
1512 2412 1653 2483 regis
1677 2426 1902 2480 regnum

318 2502 796 2575 Langobardorum
826 2517 1019 2574 regens
1043 2500 1347 2575 [regentis],
1372 2502 1440 2558 ab
1463 2502 1631 2571 ipsius
1658 2502 1899 2557 exercitu

317 2596 577 2667 praedicta
615 2594 810 2649 civitas
844 2608 1047 2649 corona
1095 2594 1291 2661 cincta,
1325 2603 1380 2649 et
1417 2594 1692 2649 devastata
1723 2600 1826 2657 est,
1868 2607 1900 2647 a

322 2690 438 2744 suis
464 2686 688 2757 decepta
744 2684 952 2740 civibus
995 2684 1244 2739 simulata
1299 2684 1483 2740 fraude
1529 2699 1561 2737 a
1602 2690 1757 2752 porta
1781 2697 1901 2751 qua:

322 2777 523 2833 dicitur
548 2774 713 2831 Vicus
736 2773 1023 2840 Salutaris,
1048 2790 1168 2845 quae
1193 2784 1311 2829 emt
1335 2773 1492 2842 juxta
1513 2773 1729 2828 fluvium
1754 2773 1898 2827 Pan-

323 2869 529 2922 theum.
547 2866 745 2923 Omnes
760 2866 906 2921 cives
916 2876 1302 2922 concurrerunt
1323 2865 1721 2939 [cucurrerunt]
1738 2866 1893 2931 illuc;

322 2972 464 3012 unus
501 2964 678 3011 autem
706 2970 774 3010 ex
806 2956 908 3010 illis
935 2955 1178 3011 infensus
1221 2956 1334 3011 suis
1360 2957 1589 3023 civibus,
1633 2957 1897 3027 promissa

323 3050 574 3120 pecunia,
603 3047 778 3101 allatis
803 3046 1065 3112 clavibus,
1094 3045 1372 3102 subductis
1400 3045 1574 3100 modis
1592 3053 1761 3115 porta
1779 3061 1899 3115 qua:
1924 3054 1969 3117 ο

320 3141 502 3210 pergit
523 3139 591 3193 ad
622 3137 809 3194 Virum
850 3137 1167 3208 Leprosum,
1196 3136 1287 3191 ubi
1314 3144 1399 3192 est
1426 3151 1561 3207 pons
1582 3150 1650 3191 ex
1677 3135 1897 3192 basibus

321 3230 535 3284 factivis
559 3228 776 3302 [factus]
806 3229 1056 3283 reseratis
1081 3227 1345 3290 claustris,
1374 3226 1731 3297 omnibusque
1750 3235 1901 3298 pate-

322 3320 482 3375 factis
505 3321 698 3391 portis,
730 3318 932 3374 inimici
960 3318 1188 3389 ingressi
1228 3318 1521 3383 civitatem,
1549 3324 1606 3372 et
1627 3330 1748 3372 eam
1769 3318 1898 3372 sub-

323 3418 604 3466 vertentnt
627 3423 673 3464 α.
699 3407 833 3463 Nam
853 3408 1054 3477 judicio
1083 3409 1174 3463 Dei
1198 3409 1333 3479 ipse,
1356 3409 1446 3478 qui
1477 3408 1757 3464 insidiator
1775 3423 1901 3464 suo-

322 3515 445 3554 rum
460 3500 657 3552 civium
682 3497 799 3562 fuit,
825 3506 878 3552 et
901 3497 1018 3567 pilae
1035 3497 1123 3569 [Id
1145 3507 1219 3552 est
1239 3509 1407 3568 porta:
1419 3496 1642 3570 Busa/1.]
1661 3498 1898 3553 claustra

321 3589 558 3660 aperuit,
598 3588 996 3659 quamprimum
1030 3588 1158 3659 ligni
1195 3587 1377 3660 [tigni]
1417 3588 1599 3658 stipite
1626 3587 1902 3658 perfossus

322 3678 549 3744 interiit,
579 3678 900 3747 promissam
927 3678 1209 3748 pecuniam
1242 3693 1347 3733 non
1387 3678 1615 3749 accepit,
1644 3679 1738 3733 sed
1776 3688 1902 3733 ante

321 3782 513 3822 omnes
543 3783 699 3822 suum
743 3768 1057 3838 sanguinem
1103 3768 1267 3833 dedit,
1300 3782 1402 3824 nec
1447 3775 1607 3823 terrae
1629 3782 1903 3823 commcn-

325 3858 490 3913 datus
514 3866 615 3912 est.
645 3856 816 3927 Igitur
833 3859 958 3913 irati
981 3857 1361 3913 Ravennenses
1385 3858 1532 3913 cives
1560 3867 1746 3913 contra
1769 3873 1902 3927 pon-

326 3949 526 4004 tiﬁcem
547 3949 710 4014 hunc,
739 3948 792 4002 in
828 3947 1174 4003 Venetiarum
1209 3949 1450 4018 partibus
1475 3964 1597 4003 eum
1627 3948 1789 4004 exilio
1812 3964 1899 4003 re-

325 4038 662 4105 legaverunt,
685 4046 738 4090 et
763 4036 1003 4092 fuitequ
1029 4053 1121 4107 per
1143 4053 1341 4092 annum
1377 4053 1561 4093 unum.
1592 4036 1741 4093 Tunc
1770 4037 1899 4107 Epi-

324 4128 558 4198 phanius
628 4128 941 4183 scriniarius
1013 4128 1201 4183 videns
1273 4129 1540 4183 excidium
1618 4127 1897 4202 [sanctae]

324 4220 482 4273 istius
529 4220 792 4285 ecclesitc,
828 4229 885 4275 et
934 4228 1139 4289 patrem
1174 4220 1364 4290 patria:
1421 4221 1475 4275 in
1515 4222 1777 4291 angustia,
1844 4231 1899 4276 et

324 4320 541 4365 matura
579 4313 803 4366 detineri
834 4312 1138 4377 afﬂictione,
1168 4328 1288 4368 eum
1318 4327 1415 4382 per
1455 4312 1611 4381 hujus
1661 4314 1898 4369 civitatis

1711 1631 2115 1647 *ι-

1931 1717 1979 1775 Β
2006 1706 2311 1762 hominibus
2348 1703 2403 1758 in
2434 1699 2682 1758 conﬂictu
2706 1709 2875 1767 stans,
2911 1702 2981 1757 ita
3008 1700 3184 1757 aiebat
3209 1720 3222 1757 :
3246 1703 3579 1780 Praeceptum

2002 1813 2070 1853 ex
2097 1798 2255 1853 rebus
2280 1803 2562 1851 exaratum
2608 1792 2796 1857 habes,
2828 1801 2891 1847 ut
2934 1808 3207 1863 nunquam
3236 1804 3421 1851 contra
3456 1814 3580 1854 sau—

2003 1897 2143 1945 ctam
2177 1888 2317 1943 hanc
2343 1885 2662 1950 Ecclesiam,
2694 1894 2786 1939 aut
2815 1893 3005 1941 contra
3050 1885 3207 1957 hujus
3237 1888 3381 1944 sedis
3399 1893 3577 1962 ροηιί-

2003 1983 2159 2037 licem
2181 1981 2251 2035 de
2285 1992 2603 2049 quacunque
2651 1990 2814 2031 causa
2845 1991 2994 2046 agas,
3040 1984 3135 2053 aut
3180 1991 3276 2032 ore
3304 1980 3578 2037 mussites.

2002 2071 2098 2126 Die
2127 2068 2304 2140 qualis
2333 2067 2450 2123 ovis
2488 2076 2543 2120 tu
2583 2080 2663 2131 es,
2689 2080 2808 2134 qua:
2834 2072 3103 2135 pastorem
3137 2073 3309 2132 tuum,
3339 2067 3465 2122 dum
3492 2070 3581 2125 ille

2003 2172 2056 2218 te
2080 2161 2306 2224 foveret,
2340 2168 2394 2214 et
2422 2173 2518 2229 per
2541 2157 2848 2227 gramineos
2867 2157 3090 2211 duceret
3110 2171 3349 2227 campos,
3374 2167 3432 2215 tu
3459 2175 3580 2216 cor-

2001 2266 2074 2305 nu
2098 2248 2435 2320 percussisti,
2465 2255 2518 2302 et
2571 2255 2758 2302 contra
2788 2261 2911 2301 eum
2941 2245 3300 2318 chirographa
3346 2252 3583 2307 conscri-

1998 2342 2154 2413 psisti
2177 2342 2200 2395 ?
2227 2340 2470 2396 Convicti
2491 2340 2547 2395 in
2564 2338 2771 2411 judicio
2800 2335 2979 2410 jugies
3014 2339 3247 2412 collegit,
3269 2358 3389 2413 qua:
3425 2359 3583 2400 exar.

2000 2433 2103 2488 cbo
2153 2431 2317 2487 dedit.
2364 2430 2460 2486 Bis
2509 2430 2691 2499 itaque
2744 2429 2910 2499 gestis
2978 2441 3243 2486 venerunt
3308 2433 3582 2491 humiliter

1998 2538 2189 2578 omnes
2234 2522 2517 2576 unanimes
2562 2521 2626 2574 ad
2658 2535 2804 2585 eum,
2832 2528 3079 2592 petentes
3128 2522 3579 2591 misericordiam,

1998 2621 2054 2668 et
2071 2612 2249 2667 nullus
2307 2626 2430 2667 eum
2485 2609 2825 2680 postmodum
2895 2610 2948 2665 in
3011 2610 3426 2670 amaritudinem
3490 2614 3586 2671 de-

2000 2702 2169 2758 duxit.

2630 2769 2856 2826 CAPUT
2887 2770 2946 2826 ll.

2001 2881 2189 2952 Pugna
2240 2884 2375 2936 inter
2418 2880 2743 2952 Ravennates
2766 2891 2840 2952 get
2874 2879 3133 2952 ﬁrmum
3176 2883 3577 2952 ministratirnm

2067 2948 2186 3007 cum
2232 2952 2489 3022 prodigio.
2538 2950 2660 3005 Dies
2706 2948 2808 3006 SS.
2858 2950 3080 3006 Joannis
3125 2963 3172 3008 et
3214 2951 3373 3009 Pauli
3407 2957 3468 3011 ob
3524 2958 3577 3011 id

2071 3020 2255 3092 festus.
2278 3020 2504 3075 Joannis
2534 3037 2700 3076 mors.

2075 3132 2432 3204 Temporibus
2477 3130 2701 3187 Joannis
2734 3133 2880 3188 venit
2924 3134 3119 3189 iterum
3175 3136 3579 3210 miuistrategus

2002 3224 2436 3300 [ministraticus]
2458 3224 2746 3292 Ravennae,
2787 3235 2847 3281 ut
2901 3242 3019 3282 eam
3075 3228 3444 3300 depopularet,
3482 3247 3578 3301 pu-

2002 3328 2122 3377 tans
2148 3334 2230 3387 se,
2256 3329 2315 3374 ut
2358 3328 2538 3384 antea,
2568 3318 2815 3374 evadere.
2848 3317 2965 3386 Quo
2999 3321 3213 3391 cognito
3241 3320 3575 3379 Raveuuiaui

1999 3412 2205 3484 egressi
2253 3422 2380 3466 sunt
2414 3412 2483 3466 ad
2520 3424 2644 3464 eum
2692 3425 2842 3466 more
2894 3412 3173 3481 prreliandi
3225 3413 3281 3468 in
3326 3428 3575 3484 campum

1999 3501 2303 3558 Coriandri.
2330 3501 2433 3568 Qui
2462 3501 2713 3556 simulata
2744 3500 2867 3570 fuga
2895 3510 3043 3571 terga
3072 3502 3282 3568 dantes,
3306 3517 3428 3557 cum
3453 3517 3578 3575 per-

2000 3592 2275 3647 venissent
2302 3591 2371 3644 ad
2405 3591 2638 3645 stadium
2665 3591 2903 3656 Tabulae,
2958 3591 3047 3645 ubi
3079 3606 3176 3660 pro
3202 3593 3356 3663 signo
3384 3595 3571 3650 termi-

2000 3699 2103 3739 nus
2128 3683 2367 3753 lapideus
2387 3682 2527 3737 fixus
2566 3690 2668 3748 est,
2716 3681 2916 3738 reversi
2956 3685 3024 3738 ad
3074 3681 3386 3739 Graecorum
3424 3683 3574 3740 fron-

2000 3781 2109 3829 tem
2147 3779 2430 3843 cmperunt
2456 3771 2668 3826 fortiter
2689 3772 2971 3836 dimicare,
2997 3779 3055 3826 et
3073 3787 3179 3827 nou
3207 3780 3327 3828 erat
3358 3774 3573 3845 requies

1999 3862 2235 3931 undique
2262 3861 2602 3926 caadentium,
2632 3860 2808 3930 gladio
2833 3867 3039 3932 strages
3064 3861 3329 3915 maximas
3351 3859 3570 3916 Graeco-

2001 3968 2120 4007 rum
2134 3959 2462 4022 peremptas.
2489 3950 2810 4005 Sacerdotes
2829 3966 2960 4006 vero
2979 3967 3083 4006 una
3106 3967 3227 4006 cum
3249 3951 3501 4021 pontiﬁce
3520 3961 3575 4007 et

1999 4041 2299 4097 senioribus
2318 4041 2573 4111 prostrati
2597 4039 2777 4106 humo,
2801 4039 3032 4095 cilicium
3060 4040 3251 4105 induti,
3280 4056 3499 4113 asperso
3521 4042 3573 4095 in

2000 4130 2265 4200 capitibus
2294 4144 2481 4185 eorum
2502 4128 2684 4184 cinere
2704 4169 2719 4196 ,
2744 4129 3165 4198 omnipotentem
3193 4130 3358 4185 Deum
3388 4132 3577 4200 depre-

2001 4225 2281 4278 cabantur.
2314 4220 2567 4276 Seniores
2594 4236 2722 4276 vero
2756 4221 2928 4276 saccis
2949 4231 3075 4277 sunt
3102 4222 3360 4292 cooperti,
3389 4222 3571 4277 inculti

2000 4311 2285 4383 capitibus,
2311 4319 2362 4366 et
2388 4311 2659 4381 squallidi,
2694 4310 3009 4382 lacrymosis
3054 4312 3244 4378 oculis,
3292 4312 3346 4366 in
3376 4312 3569 4368 coelum

325 4392 622 4459 exarchum
646 4406 714 4458 ad
748 4404 885 4459 hanc
923 4404 1195 4474 propriam
1232 4406 1500 4459 revocavit
1529 4406 1730 4460 sedem.
1769 4405 1897 4461 Post
1925 4418 1974 4478 ι)
1999 4403 2323 4458 clamabant.
2349 4401 2610 4456 Similiter
2628 4411 2683 4457 et
2709 4418 2899 4457 omnes
2915 4403 3006 4472 qui
3031 4403 3170 4458 infra
3190 4405 3376 4459 urbem
3400 4402 3570 4459 relicti

326 4502 507 4547 autem
536 4494 588 4547 in
612 4494 904 4563 pontiﬁcali
933 4494 1067 4548 solio
1092 4494 1373 4549 restitutus
1393 4498 1626 4565 quadam
1647 4495 1735 4550 die
1756 4512 1897 4566 pne-

323 4587 500 4640 dictus
545 4585 877 4656 Epiphanius
922 4586 1236 4640 scriuiarius
1268 4586 1344 4640 ait
1384 4586 1450 4640 ad
1473 4601 1596 4640 eum
1632 4604 1644 4639 :
1674 4586 1898 4642 Domine

322 4675 509 4737 Pater,
534 4690 638 4729 non
667 4683 718 4730 te
761 4676 937 4747 pigeat
987 4675 1038 4729 in
1068 4676 1324 4749 palatium
1356 4676 1423 4731 ad
1456 4678 1750 4732 cxarchum
1795 4677 1894 4742 ire,

321 4776 379 4819 et
404 4764 601 4820 oil'erre
648 4765 720 4819 illi
765 4780 833 4821 ex
879 4767 1095 4836 argyrio
1122 4765 1376 4835 palvitam
1427 4764 1744 4839 [palarcam]
1786 4784 1899 4822 ma-

321 4873 507 4929 gnam,
539 4865 593 4912 et
614 4858 825 4927 postula
856 4858 925 4911 ab
959 4871 1023 4910 eo
1047 4865 1106 4911 ut
1132 4867 1370 4913 coarctet
1395 4859 1537 4914 viros
1562 4859 1681 4914 illos
1708 4861 1774 4915 ad
1807 4860 1896 4930 ju—

321 4950 546 5012 dicium,
582 4949 671 5018 qui
701 4957 754 5003 te
794 4950 847 5003 in
873 4949 1094 5002 exilium
1144 4950 1425 5014 miserunt,
1471 4959 1527 5005 et
1566 4951 1899 5006 vindicemus

321 5046 539 5093 nosmet
567 5038 631 5093 de
681 5038 806 5104 illis,
860 5046 915 5093 et
943 5038 1063 5103 hoc,
1093 5039 1234 5107 quod
1280 5041 1397 5105 das,
1432 5039 1711 5111 dccuplum
1731 5056 1796 5095 ex
1819 5042 1900 5097 eis

320 5130 626 5184 restituam.
655 5130 731 5184 Tu
771 5129 1106 5200 pontiﬁcales
1141 5136 1263 5184 tene
1308 5145 1504 5195 mores,
1542 5146 1643 5202 ego
1669 5146 1791 5186 cum
1814 5132 1896 5187 eis

321 5217 568 5288 litigabo,
598 5228 651 5272 et
674 5219 786 5274 scio
817 5219 1038 5289 juvaute
1071 5217 1297 5273 Domino
1333 5218 1398 5272 de
1427 5219 1671 5274 hostibus
1696 5219 1894 5287 depor—

322 5307 452 5360 tabo
476 5308 824 5376 triumphum.
851 5305 1185 5374 Factumque
1204 5315 1285 5360 est
1309 5308 1624 5376 utsuperius
1647 5307 1893 5372 audistis,

321 5404 377 5449 et
404 5402 463 5448 ut
506 5410 627 5450 mox
677 5395 881 5465 recepit
908 5393 1011 5467 [se]
1060 5394 1349 5464 praedictus
1375 5393 1607 5450 Joannes
1654 5397 1893 5465 pontifex

322 5483 465 5538 infra
494 5492 794 5539 maternum
834 5483 1087 5541 Ecclesiae
1128 5485 1346 5549 sinum;
1386 5484 1487 5538 alia
1512 5500 1640 5541 vero
1675 5486 1759 5541 die
1802 5502 1896 5541 au-

322 5583 441 5631 ctor
462 5574 669 5630 consilii
692 5573 831 5629 idem
856 5574 1184 5645 Epiphanius
1207 5572 1519 5628 scriniarius
1534 5588 1653 5628 cum
1676 5574 1897 5646 singulis

1996 4499 2121 4548 sunt
2156 4491 2397 4554 masculi,
2429 4500 2481 4546 et
2524 4488 2739 4547 femina:
2768 4490 3163 4562 Omnipotcntis
3188 4493 3445 4548 auxilium
3479 4508 3574 4549 ex-

1996 4582 2301 4653 pectabant.
2331 4580 2542 4650 Reliqui
2571 4597 2699 4636 vero
2727 4582 2955 4637 accincti
2983 4582 3149 4650 ferro,
3173 4582 3402 4655 sumptis
3417 4580 3573 4651 juve~

1997 4671 2195 4725 nilibus
2242 4672 2407 4724 armis
2467 4670 2747 4726 czudebant
2809 4672 2992 4728 hostes
3043 4673 3162 4729 sine
3216 4673 3572 4729 intermissio-

1999 4777 2087 4816 ne.
2154 4759 2336 4826 Tunc,
2386 4761 2539 4815 sicut
2599 4778 2629 4816 a
2678 4763 3028 4819 narrantibus
3083 4764 3418 4829 audivimus,
3471 4779 3569 4833 ap-

1999 4851 2175 4920 paruit
2205 4851 2347 4905 iuter
2385 4859 2644 4921 utrosque
2671 4852 2941 4907 exercitus
2965 4853 3115 4921 quasi
3148 4852 3348 4924 elIigies
3389 4851 3569 4923 magni

1998 4942 2158 5006 tauri,
2185 4952 2242 4996 et
2268 4942 2434 5011 ccepit
2466 4949 2653 4996 contra
2683 4940 2993 4996 Graecorum
3021 4944 3314 4997 exercitqu
3345 4942 3571 5012 pedibus

1996 5034 2267 5102 pulverem
2298 5048 2570 5101 spargere,
2611 5039 2665 5085 et
2696 5047 2797 5085 vox
2826 5047 2950 5086 mox
2979 5033 3217 5087 insonuit
3263 5031 3427 5103 (unde
3472 5047 3587 5085 ve-‘

1996 5124 2185 5187 uisset,
2207 5130 2301 5177 aut
2337 5121 2487 5189 cujus
2526 5120 2735 5187 fuisset,
2778 5121 2955 5176 nullus
3003 5121 3239 5193 agnovit)
3274 5123 3327 5175 in
3350 5121 3571 5175 auribus

1993 5213 2230 5269 omnium
2256 5212 2543 5280 increpuit,
2570 5211 2754 5268 dicens
2779 5228 2792 5265 :
2825 5210 2943 5277 Eia,
2972 5209 3331 5275 Ravenniani,
3358 5207 3571 5264 fortiter

1995 5313 2257 5374 pugnate;
2289 5304 2523 5359 victoria
2560 5311 2739 5358 vestra
2767 5304 2871 5359 erit
2896 5303 3075 5359 hodie.
3107 5303 3363 5359 Videntes
3387 5310 3568 5356 autem

1997 5394 2200 5464 Pelasgi
2248 5408 2414 5448 cornu
2445 5409 2600 5448 suum
2650 5409 2769 5449 esse
2796 5393 3128 5448 confractum
3179 5399 3459 5463 cmperunt
3485 5392 3570 5448 fu-

1995 5499 2140 5554 gere,
2196 5481 2335 5537 infra
2370 5484 2716 5539 dromonibus
2745 5491 2991 5554 putantes
3018 5498 3077 5540 se
3125 5483 3372 5539 liberare.
3416 5480 3566 5539 Tunc

1999 5575 2328 5642 Melisenses,
2359 5575 2413 5632 id
2433 5583 2518 5632 est
2557 5575 2890 5632 Ravenniaui
2912 5576 3077 5643 cives,
3099 5574 3568 5632 circumdederunt

394 5700 422 5729 ι
455 5686 579 5744 Not.
630 5703 800 5750 marg.
847 5686 956 5741 Ista
1004 5687 1202 5743 videtur
1231 5683 1391 5754 fuisse
1432 5684 1609 5739 civitas
1639 5682 1851 5739 Classis.
1894 5683 2089 5738 BHLCH.
