3936 6180
388 278 489 335 7'25

1098 276 1391 331 AGNELLI
1433 278 1722 333 ARRATIS
1765 280 1822 332 S.
1868 279 1958 331 5M

2069 277 2106 332 E
2143 278 2234 331 AD
2275 278 2757 346 BLACHERNA‘I,
2799 279 2951 333 ETC.

3567 278 3672 338 73$

385 410 480 452 eos
511 411 634 451 cum
678 393 917 464 cymbis,
950 401 1003 446 et
1028 391 1266 454 curabis,
1298 400 1353 446 ct
1383 391 1653 445 irruentes
1681 404 1843 460 super
1871 389 1972 461 By-
2003 397 2048 454 Α
2079 391 2402 460 Liutprandi
2436 390 2602 464 milite
2629 389 3015 464 ca_ptam,_licet
3052 387 3289 464 patuerit
3309 387 3518 464 _(_2_lassis
3555 394 3671 464 pri-

383 488 616 550 Zantios,
679 499 866 537 omnes
914 481 1327 545 interfecerunt,
1377 494 1432 537 et
1486 498 1717 552 corpora
1777 499 1970 538 eorum

383 582 438 635 in
470 579 761 634 Eridanum
793 575 1266 643 praecipitzwernnt
1295 591 1308 638 ;
1335 583 1388 626 et
1430 575 1509 627 sic
1535 573 1674 638 fuit,
1706 575 1850 628 sicut
1877 589 1974 644 per

384 687 555 727 annos
593 686 645 723 vt
685 684 749 721 ex
774 667 1096 722 Pathercmo
1126 663 1471 737 [Pathereuo]
1525 665 1702 718 nullus
1727 665 1850 718 inde
1877 681 1975 717 un-

384 778 546 834 quam
573 764 778 831 piscem
819 763 1147 816 comederct.
1205 759 1319 814 lloc
1361 769 1540 814 autem
1581 758 1778 814 factum
1804 770 1888 814 est
1919 759 1972 813 in

383 857 467 909 die
505 864 814 909 sanctorum
842 852 1066 907 Joannis
1092 860 1145 905 ct
1186 851 1358 914 Pauli,
1407 862 1462 906 et
1491 860 1775 920 coeperunt
1812 866 1975 922 agere

381 950 523 1000 diem
563 948 724 1025 istum
777 946 929 1015 quasi
980 945 1120 998 diem
1167 943 1363 998 festum
1422 943 1674 1006 Paschaz,
1717 952 1974 998 ornantes

381 1022 595 1111 plateas,
622 1040 862 1094 civitatis
891 1053 1012 1093 cum
1043 1037 1272 1092 diversis
1301 1037 1488 1106 palleis
1523 1022 1742 1108 [palliis]
1771 1077 1786 1100 ,
1815 1043 1869 1090 et
1899 1036 1975 1091 lc-

383 1132 543 1186 taniis
583 1131 648 1184 ad
679 1145 866 1184 eorum
898 1128 1184 1182 ecclesiam
1223 1127 1551 1198 gradientes,
1585 1125 1970 1179 benedicentes

382 1225 547 1279 Deum
582 1224 634 1277 in
659 1222 842 1276 secula
876 1220 1202 1274 seculorum.
1252 1219 1446 1271 Amen.
1490 1216 1755 1280 Mortuus,
1793 1224 1846 1270 et
1886 1231 1968 1270 se-

383 1315 561 1382 pultus
591 1322 677 1369 est
701 1314 752 1367 in
791 1312 1015 1367 basilica
1058 1311 1118 1363 Β.
1148 1310 1492 1380 Apollinaris.
1525 1309 1870 1378 Epitaphium
1895 1309 1972 1363 ins

379 1409 560 1461 venies
581 1421 742 1476 super
770 1419 893 1459 eum
922 1405 1205 1459 continens
1237 1404 1308 1456 ita
1333 1415 1355 1441 ε·
1392 1442 1404 1455 .
1428 1440 1440 1455 .
1464 1443 1474 1455 .
1499 1441 1512 1455 .
1532 1442 1545 1456 .
1567 1442 1579 1456 .
1601 1443 1614 1456 .
1634 1442 1646 1454 .
1668 1439 1680 1454 .
1717 1403 1855 1456 sedit
1877 1417 1966 1456 an.

375 1508 492 1561 \‘m,
525 1513 696 1552 mens.
825 1533 872 1549 ..
896 1532 943 1548 ..
972 1496 1210 1549 dies....
1237 1534 1248 1546 .

1093 1613 1234 1624 ——o—

889 1675 1459 1734 OBSERVATiONES

911 1788 978 1825 AD
1004 1785 1167 1824 \‘l'l'AM
1200 1783 1435 1822 JUANNIS.

373 1855 606 1932 Joannes
647 1859 730 1916 hic
758 1860 872 1932 ejus
912 1860 1136 1932 nominis
1167 1856 1503 1932 se.rtus_._Cur
1540 1857 1753 1932 quintus
1792 1853 1964 1932 dictus

442 1933 552 1987 sit?
577 1926 880 1986 Peculiaria
909 1930 972 1983 de
1016 1939 1168 1999 capta
1197 1945 1291 1996 per
1323 1926 1638 1999 Lintprandi
1669 1927 1965 1999 exercitum

447 2001 715 2070 Ravenna.
767 2001 965 2055 Classis
993 1997 1212 2070 dirutaL
1225 1999 1459 2070 Joannes
1489 1997 1692 2050 exsulat
1731 1997 1874 2070 haud
1904 1998 1968 2052 ob

443 2067 898 2126 Iconaclastarnm
919 2087 1156 2124 causam.
1175 2067 1587 2122 Scrirtiariorum
1607 2084 1814 2121 manus.
1835 2068 1967 2133 Qua:

445 2143 514 2194 ad
545 2141 907 2196 Ravennatnm
948 2141 1216 2194 victoriam
1247 2148 1535 2192 narrantur
1565 2138 1750 2190 incerti
1772 2149 1967 2206 tempo-

444 2213 537 2265 ris.
566 2209 792 2265 Flumen
819 2211 1138 2274 Pantheum,
1164 2210 1268 2262 sive
1299 2207 1652 2266 Pateremum,
1677 2208 1964 2277 quodnam.

438 2300 481 2354 1.
508 2299 734 2357 Joannis
781 2299 941 2369 hujus
981 2300 1840 2369 liberalitatemcommendantes
1869 2316 1969 2369 pu-

370 2368 539 2425 blicas
571 2371 780 2426 tabulas
801 2367 1057 2426 marmori
1091 2371 1288 2424 incisas
1313 2367 1468 2422 affert
1493 2368 1734 2430 Ruheus,
1763 2387 1828 2423 es
1853 2367 1970 2437 qui-

372 2444 473 2495 bas
500 2442 839 2511 dignoscitur
860 2442 1011 2511 plura
1037 2442 1104 2492 ab
1135 2439 1603 2511 eo_donata_circa
1639 2439 1960 2511 annum???”

372 2508 655 2565 nonacbis
697 2511 762 2564 ad
818 2508 875 2564 SI
925 2509 1254 2573 Apollinaris
1305 2509 1355 2560 in
1400 2508 1586 2563 Classe
1627 2509 1964 2573 degentibus.

373 2574 583 2634 Dicitur
611 2588 790 2634 autem
829 2580 873 2634 is
907 2601 924 2630 ‹
961 2574 1197 2633 Joannes
1225 2579 1398 2631 almus
1433 2577 1670 2646 pontifex
1696 2574 1881 2645 junior
1913 2580 1966 2632 in

374 2650 594 2704 nomine
619 2651 903 2715 quinctus;
941 2669 956 2702 ι
993 2650 1135 2703 unde
1158 2649 1261 2702 sibi
1291 2659 1498 2702 certum
1522 2656 1675 2715 putat
1719 2649 1967 2704 laudatus

368 2719 744 2774 Ravennatum
769 2736 949 2775 rerum
974 2721 1219 2786 scriptor,
1247 2719 1381 2772 duos
1409 2719 1524 2772 illos
1539 2718 1836 2772 Mariniano
1861 2719 1969 2773 suf-

370 2794 541 2845 fectos
593 2789 850 2849 Joannes.
889 2793 955 2844 de
984 2790 1178 2859 quibus
1208 2788 1462 2858 Agnellus
1488 2829 1502 2854 ,
1540 2805 1706 2842 unum
1757 2790 1966 2844 censeri

369 2862 584 2916 debere.
616 2878 634 2910 ‹
661 2860 798 2914 llinc
827 2860 955 2914 illud
983 2869 1087 2920 est,
1121 2859 1315 2927 inquit,
1355 2859 1496 2927 quod
1521 2859 1836 2914 dicebamus
1875 2861 1966 2914 Jo-

370 2947 543 2986 annes
565 2929 682 2984 illos
707 2933 840 2985 duos
868 2930 1324 2998 archiepiscogios,
1354 2929 1444 2997 qui
1473 2928 1574 2983 sibi
1608 2929 1754 2983 nullo
1789 2931 1967 2986 medio

369 3016 703 3062 successere,
736 3001 1008 3055 scribente
1037 2999 1280 3068 Agnello,
1305 3007 1360 3054 et
1381 3001 1470 3068 qui
1497 3014 1618 3055 eum
1647 3001 1816 3054 secuti
1843 3011 1967 3055 sunt

368 3070 976 3162 posterioribusuunum
1025 3069 1192 3162 fui‘sse
1225 3078 1478 3162 quartum
1531 3069 1637 3162 l'roc
1689 3072 1910 3126 nomine
1940 3089 1954 3138 ;
1987 3101 2030 3162 ρ

369 3141 513 3196 hunc
542 3155 670 3195 vero
721 3141 986 3208 quintum.
1019 3160 1036 3191 ι
1087 3141 1479 3210 Argumentum
1538 3140 1724 3195 Rubeo
1748 3156 1960 3209 perem-

367 3210 603 3280 ptorium
630 3211 826 3276 visum,
865 3211 1088 3265 minime
1121 3209 1299 3264 tamen
1336 3209 1444 3264 tale
1473 3216 1575 3264 est.
1610 3210 1808 3264 Eadem
1839 3227 1959 3279 qua:

367 3279 592 3351 Agnello
616 3297 714 3351 per
737 3297 801 3335 ea
844 3291 1084 3350 tempora
1128 3281 1324 3348 quibus
1374 3288 1781 3351 monumentum
1829 3280 1958 3335 illud

369 3350 733 3418 pesitum’est
778 3351 1152 3406 Ravennatum
1201 3350 1468 3404 sententia
1505 3357 1644 3412 erat,
1674 3365 1838 3404 unum
1880 3352 1962 3405 vi-

367 3420 564 3477 delicet
597 3420 839 3489 ejusdem
873 3421 1019 3476 sedis
1037 3419 1299 3492 Joannem
1322 3428 1377 3492 et
1400 3419 1728 3492 _Angel_optis
1761 3435 1960 3492 cogno-

368 3492 514 3546 mine
541 3492 876 3560 decoratum,
905 3500 960 3545 et
997 3492 1086 3560 qui
1114 3490 1292 3544 Attilae
1323 3489 1527 3544 italiam
1571 3489 1849 3546 invadenti
1874 3508 1956 3546 oc-

367 3563 558 3626 currit,
583 3577 644 3617 ac
672 3559 1029 3617 Theoderico
1053 3577 1232 3616 rerum
1269 3560 1442 3630 potito
1471 3560 1790 3616 convixerit.
1823 3561 1956 3630 Ipsis

366 3632 592 3703 proinde
621 3632 1091 3703 distinguebantur
1117 3631 1356 3686 Joannes
1387 3631 1477 3703 illi,
1511 3632 1616 3686 duo
1635 3671 1648 3695 ,
1674 3633 1765 3703 qui
1797 3631 1959 3686 Mari-

366 3701 530 3772 niano
561 3701 882 3772 successere
915 3719 929 3766 ;
961 3703 1094 3757 alias
1121 3703 1210 3756 hic
1252 3717 1358 3756 non
1389 3702 1634 3772 quintus,
1666 3702 1760 3756 sed
1796 3718 1957 3772 quar-

366 3779 457 3852 tus
483 3771 690 3852 fixisset.
847 3773 983 3837 haec,
1013 3781 1069 3852 et
1092 3773 1162 3852 ob
1205 3787 1270 3852 ea
1297 3787 1418 3852 quae
1446 3786 1544 3852 suo
1593 3771 1711 3852 loco
1736 3771 1958 3852 adnota-

365 3841 440 3905 vi,
471 3841 775 3913 ab'Agnelli
807 3844 1072 3898 sententia
1094 3844 1160 3897 de
1187 3843 1396 3897 duobus
1421 3841 1687 3910 episcopis
1715 3842 1954 3911 ejusdem

367 3912 866 3968 nominis’minime
910 3914 1267 3968 recedendum
1301 3912 1510 3974 censui,
1561 3927 1682 3966 cum
1724 3914 1957 3968 maxime

363 3981 608 4054 viderem
640 3985 807 4054 gratis
841 4000 870 4037 a
902 3983 1109 4043 Ruheo.
1152 3989 1206 4036 et
1230 3983 1348 4054 sine
1396 3983 1645 4054 testibus,
1693 3981 1954 4054 Joannem

365 4051 597 4108 alterum
645 4051 891 4109 additum
931 4063 1053 4124 post
1104 4053 1340 4109 Gratiosi
1376 4053 1614 4124 episcopi
1648 4052 1854 4124 sedem,
1903 4062 1959 4107 et

365 4124 669 4195 suspicaret
696 4125 748 4180 id
778 4123 980 4189 aetum,
1008 4125 1150 4195 quod
1179 4139 1242 4178 ex
1278 4123 1619 4195 sequentium
1642 4123 1958 4195 pontificum

368 4189 744 4249 Ravennatum
774 4196 934 4256 serie,
965 4189 1232 4250 et'eorum
1261 4189 1598 4264 qui—Joannis
1626 4189 1841 4247 nomine
1869 4210 1952 4250 vo-

366 4265 473 4317 cati
490 4273 633 4328 sunt,
649 4267 889 4321 numeris
913 4266 965 4319 in
982 4265 1211 4334 publicis
1224 4263 1560 4319 documentis
1579 4264 1795 4327 additis,
1811 4263 1960 4320 vide-

371 4335 442 4387 rit
489 4334 709 4390 Rubeus
746 4335 955 4390 Joanne
1003 4337 1170 4390 hocce
1196 4334 1375 4404 quinti
1419 4348 1644 4388 numero
1683 4335 1956 4400 distincto,

367 4421 534 4458 intum
568 4406 635 4460 ad
692 4407 888 4462 seriem
953 4405 1370 4460 continuandam
1442 4404 1806 4458 necessarium
1866 4406 1961 4459 de-

2078 459 2225 521 mum
2277 461 2562 532 occupari,
2618 459 2704 532 cui
2738 460 3027 532 plurimum
3081 459 3266 532 damni
3306 459 3514 532 illatum
3556 459 3670 518 isit.

2076 531 2300 605 Agucllo
2331 529 2555 602 proinde
2586 531 2856 584 scribente
2885 529 3206 605 Classemﬂiu
3240 530 3412 583 ruinis
3444 533 3560 605 fere
3588 533 3676 601 ja-

2078 601 2274 668 cuisse,
2331 601 2648 670 argumento
2693 610 2796 664 est,
2835 603 2976 670 quod
3015 601 3060 654 is
3111 601 3349 654 Classem
3381 603 3676 658 nominans

2078 677 2282 747 azljectu
2307 672 2505 724 (ludum
2531 686 2676 747 voce,
2697 672 3265 747 inuitatisnotempore
3289 673 3375 747 vin
3401 682 3671 726 cxstasse.

2077 742 2261 800 (llasse
2291 753 2470 796 tamen
2502 759 2530 794 a
2585 742 2847 796 Faroaldo
2887 742 3297 811 Spolctanorum
3346 743 3482 796 duce
3511 758 3676 796 occu-

2083 825 2284 886 patam,
2311 823 2657 886 ann-quanta
2692 813 3006 882 Liutprandi
3032 811 3198 886 milite
3229 811 3482 865 Ravenna
3517 830 3676 884 cape-

2078 882 2244 948 retur,
2279 883 2648 947 scribuntalii,
2679 899 2782 952 qua
2823 885 2887 936 de
2925 899 2982 936 re
3010 882 3080 952 nil
3114 883 3274 936 habet
3295 894 3500 938 noster.

2147 954 2248 1013 ill.'
2268 954 2525 1006 Ravenna
2557 964 2735 1024 capta,
2767 969 3004 1021 noceque
3025 951 3140 1019 ejus
3163 953 3253 1021 qui
3285 955 3517 1021 patriam
3546 971 3673 1024 pro-

2076 1029 2288 1082 diderat
2319 1025 2574 1088 narratis,
2601 1025 2666 1076 ad
2698 1022 2958 1079 Joannem
2986 1025 3296 1093 episcopum
3325 1026 3463 1092 apud
3500 1022 3672 1078 Vene-

2077 1108 2160 1153 tos
2199 1094 2556 1158 exsulantem,
2609 1095 2698 1161 qui
2733 1094 3016 1162 Epiphanii
3057 1093 3328 1147 scriniarii
3359 1109 3528 1162 opera
3581 1111 3671 1148 rc,-

2074 1170 2295 1223 stitutus
2325 1173 2424 1227 est,
2458 1165 2669 1218 transit.
2706 1163 2758 1217 ll
2787 1164 3059 1217 Ravenna:
3085 1180 3113 1216 a
3155 1163 3524 1231 Langobardis
3576 1181 3671 1218 oc—

2073 1251 2281 1307 cupauc
2306 1235 2588 1307 occasione
2623 1234 3096 1307 factumconjicio.
3123 1259 3147 1307 At
3173 1234 3355 1287 Exsilii
3383 1251 3662 1296 causam,»

2076 1305 2250 1377 inquit
2291 1306 2528 1377 Rubeus,
2566 1321 2674 1377 non
2696 1305 2953 1360 adhibent
2990 1321 3005 1368 ;
3049 1305 3390 1377 existimatur
3422 1314 3603 1377 tamen
3636 1322 3665 1358 a

2073 1374 2343 1450 plerisque
2368 1376 2590 1450 Paulum
2617 1376 2678 1450 id
2734 1377 3027 1450 cxarchum
3060 1374 3284 1439 fecisse,
3323 1391 3443 1430 cum
3476 1376 3671 1450 archi—

2071 1446 2354 1518 episcopus
2383 1447 2570 1518 haeresi
2615 1446 3066 1518 lconoclastarum
3124 1462 3230 1498 non
3285 1447 3600 1518 assentirct.
3640 1465 3659 1498 ι

2072 1516 2204 1573 Cum
2238 1516 2458 1588 Agnello
2486 1524 2704 1588 narrata
2752 1517 2895 1569 aliud
2927 1516 3121 1576 ferant,
3168 1531 3272 1588 non
3312 1518 3496 1588 credo.
3530 1516 3662 1585 Epi-

2071 1586 2325 1662 phanius,
2357 1600 2458 1662 ope
2485 1586 2705 1662 citarem
2738 1595 2990 1662 revocato
3033 1586 3306 1662 pontifice,
3340 1586 3432 1655 qui
3458 1587 3663 1662 civium

2070 1657 2195 1714 odio
2217 1669 2271 1713 et
2296 1657 2582 1713 calumniis
2611 1657 2660 1709 in
2687 1657 2944 1726 exsilium
2982 1657 3168 1726 pulsus
3215 1657 3413 1719 fuerat,
3450 1657 3661 1711 calum-

2076 1731 2286 1784 niarum
2331 1737 2581 1782 auctores
2608 1725 2766 1794 injus
2793 1725 3013 1798 vocatos
3040 1728 3106 1798 ad
3145 1742 3179 1798 p
3216 1727 3470 1779 liuodiam
3525 1729 3664 1781 bene

2076 1802 2336 1855 multatos
2366 1797 2662 1867 canendum
2714 1797 2912 1867 adegit,
2960 1797 3101 1866 quod
3132 1797 3247 1852 fieri
3289 1799 3584 1866 potuisset,
3617 1799 3661 1851 si

2069 1868 2306 1925 Joannes
2332 1869 2401 1923 ob
2431 1868 2482 1920 id
2512 1866 2675 1921 Paulo
2699 1866 2949 1933 ejiciente
2998 1868 3322 1930 exsulasset,
3365 1869 3512 1937 quod
3545 1869 3662 1922 ha:-

2070 1943 2232 2014 resim
2250 1938 2709 2014 iconioclastaruni
2728 1938 3109 2014 suo‘dissensu
3122 1938 3501 2014 inipi'ohasset.
3521 1937 3660 1992 Pro-

2067 2007 2301 2066 babilius
2346 2009 2477 2063 mihi
2503 2018 2605 2073 est,
2636 2007 2806 2063 Paulo
2838 2010 2951 2077 ipso
2972 2009 3112 2078 apud
3139 2007 3658 2079 Venetosdegente,

2069 2091 2358 2152 postquam
2388 2080 2644 2152 Ravenna
2685 2079 3110 2152 a_Langobardis
3138 2088 3293 2152 capta
3328 2079 3658 2152 aufugerat,

2070 2147 2406 2223 apud-novos
2428 2151 2680 2223 dominos
2708 2147 2970 2204 Joannem
2999 2147 3282 2223 calumniis
3325 2147 3656 2223 imperitum,

2070 2219 2124 2278 et
2149 2224 2201 2276 in
2240 2222 2601 2292 suspicionem
2630 2231 2901 2284 vocatum,
2932 2219 3064 2273 urbe
3094 2219 3304 2292 pulsum
3335 2236 3348 2281 ;
3379 2221 3662 2292 quirebus

2070 2290 2406 2363 compositis,
2457 2299 2779 2363 receptaque
2812 2292 3137 2363 Venetorum
3180 2299 3235 2363 et
3266 2290 3492 2363 Romani
3527 2305 3664 2360 pon—

2071 2359 2232 2418 titici's
2281 2377 2443 2433 opera
2484 2360 2780 2433 Ravenna,
2819 2361 2888 2414 ab
2917 2362 3153 2416 exarcho
3196 2359 3356 2415 facile
3402 2361 3457 2414 in
3501 2359 3664 2416 suam

2070 2433 2252 2488 sedem
2282 2432 2351 2487 sit
2380 2432 2686 2487 restitutus.

2139 2503 2226 2557 Ν.
2280 2503 2639 2572 Epiphanium
2699 2501 2934 2572 huncde
2971 2500 3179 2556 Joanne
3223 2501 3360 2556 bene
3401 2500 3660 2555 meritum

2069 2575 2157 2644 qui
2201 2571 2535 2644 eumdemin
2585 2587 2735 2625 suam
2781 2571 2983 2644 sedem,
3011 2573 3370 2644 revocandum
3399 2573 3659 2644 curavit,

2069 2641 2267 2713 quique
2294 2646 2345 2698 in
2368 2643 2573 2714 judicio
2601 2658 2720 2695 cum
2751 2643 2987 2711 episcopi
3036 2641 3522 2714 calumniatoribus
3550 2652 3663 2696 ste.

2071 2717 2134 2769 tit
2157 2715 2350 2768 laicum
2374 2713 2446 2769 ex
2476 2728 2540 2766 eo
2565 2728 2852 2781 cognosco,
2891 2716 3034 2781 quod
3085 2713 3301 2782 praesuli
3325 2715 3662 2781 suggesserit

2071 2786 2122 2839 iu
2159 2785 2550 2840 calumniarum
2580 2791 2897 2837 scactorcm
2937 2799 3104 2855 agere
3127 2783 3284 2846 vrlle,
3307 2783 3439 2855 dum
3479 2784 3660 2855 ponti-

2069 2855 2155 2912 fex
2190 2874 2207 2906 ‹
2229 2855 2497 2925 pontificis
2523 2869 2702 2907 mores
2731 2861 2958 2925 teneret,
2979 2852 3024 2905 ἰ
3059 2854 3126 2907 ab
3153 2852 3473 2925 accusandis
3505 2854 3657 2907 vide-

2069 2927 2194 2981 licet
2215 2923 2424 2980 civibus
2450 2925 2763 2986 abstineret,
2797 2924 3116 2978 scriniarius
3150 2924 3333 2992 itaque
3355 2923 3402 2976 is
3425 2925 3654 2977 exat-chi

2069 3006 2207 3062 erat,
2247 3013 2353 3050 non
2401 2995 2658 3064 episcopi,
2698 2993 2867 3048 multo
2913 2994 3092 3048 minus
3118 3003 3373 3063 quaestor,
3410 3002 3492 3064 fut
3536 2993 3660 3064 aliis

2068 3069 2244 3122 visum
2298 3075 2402 3122 est.
2436 3062 2672 3120 Scrinia
2710 3074 2888 3128 erant,
2946 3066 3035 3118 ubi
3084 3062 3295 3133 publica
3345 3062 3657 3133 reipublicae

2064 3139 2382 3192 documenta
2413 3145 2564 3191 certo
2605 3135 2792 3188 ordine
2823 3135 3056 3202 reposita
3099 3135 3454 3189 servabantur
3483 3150 3498 3197 ;
3529 3135 3652 3202 qui—

2061 3223 2166 3276 que
2225 3207 2562 3261 documentis
2610 3204 2714 3258 illis
2759 3205 3152 3276 dicscribendis,
3211 3204 3654 3276 reperiendisque

2060 3273 2280 3348 operam
2305 3277 2522 3348 dabant,
2551 3275 2819 3348 scriniarii
2844 3275 3266 3348 dicelmntur._ln
3297 3273 3532 3348 eccl_csia
3565 3286 3653 3348 ta-

2061 3344 2184 3402 nien
2214 3347 2512 3401 Ravennati
2545 3345 2890 3400 scriniarium
2923 3345 3110 3409 fuisse,
3153 3346 3292 3400 sicut
3315 3354 3368 3399 et
3397 3344 3647 3399 Ecclesia

2060 3417 2304 3472 Romana
2326 3417 2641 3470 scriniarios
2672 3416 2922 3478 habebat,
2951 3424 3163 3470 constat
3193 3431 3260 3469 ex
3283 3415 3577 3469 Anastasio
3602 3416 3650 3468 in

2063 3488 2339 3558 Stephano
2365 3486 2453 3558 iV,
2479 3487 2569 3558 qui
2599 3504 2616 3535 ‹
2637 3486 2976 3558 scriniarium
3005 3485 3258 3558 Ecclesia:
3279 3485 3645 3558 Ravennatis»

2061 3555 2263 3612 laudat.
2292 3555 2710 3612 Scrinia’riorum
2733 3557 3036 3625 lmjusmodi
3061 3555 3294 3610 cilicium
3320 3556 3491 3609 fuisse
3517 3557 3656 3610 inter

2062 3637 2256 3683 canora
2282 3628 2513 3691 litteras,
2545 3642 2682 3696 quas
2704 3626 2945 3696 pontifex
2973 3627 3652 3691 mittebat,.conscribere,

2063 3708 2177 3753 tum
2207 3714 2273 3752 ex
2299 3696 2612 3768 pontiﬁcum
2654 3698 3017 3768 monumentis
3046 3704 3280 3768 constat,
3306 3705 3426 3768 tum
3458 3713 3526 3750 ex
3557 3697 3650 3750 Ni-

2063 3770 2200 3824 colai
2240 3769 2258 3822 1
2300 3766 2533 3838 cpistola
2572 3767 2660 3831 27,
2701 3767 2754 3821 in
2791 3783 2893 3836 qua
2935 3767 3174 3836 pontifex
3212 3766 3364 3830 dicit,
3406 3782 3465 3838 se
3502 3783 3652 3820 more

2063 3841 2221 3894 solito
2257 3837 2465 3893 litteras
2513 3839 2750 3892 scribere
2800 3853 2905 3892 non
2937 3839 3151 3901 fecisse,
3181 3838 3304 3904 quia
3339 3855 3357 3884 ι
3402 3837 3474 3890 ob
3513 3838 3648 3890 festa

2064 3909 2367 3972 Paschalia,
2397 3909 2716 3963 scriniarios
2742 3923 2891 3973 suos,
2913 3923 2978 3962 co
2999 3909 3140 3976 quod
3164 3907 3357 3961 debitis
3384 3909 3653 3962 vacabant

2063 3979 2532 4049 occupationibus,
2561 3979 2778 4043 habere,
2803 3989 2864 4033 ut
2892 3979 3185 4049 debuisset,
3211 3993 3317 4031 non
3347 3978 3644 4049 valuerat.»

2063 4048 2263 4105 Eodem
2287 4065 2506 4103 munere
2536 4051 2750 4104 functos
2787 4049 3043 4104 Ecclesia:
3062 4048 3394 4103 Ravennatis
3419 4049 3650 4103 scrinia-

2064 4121 2176 4175 rios
2206 4119 2499 4174 verisimile
2525 4128 2609 4174 est

2136 4190 2198 4244 V.
2270 4191 2574 4244 Admodum
2618 4188 2831 4243 dillicile
2890 4198 2975 4243 est
3027 4190 3321 4243 decernere
3367 4203 3478 4256 quo
3517 4197 3651 4242 tem-

2061 4275 2195 4330 pore
2246 4260 2558 4314 Ravennam
2616 4261 2909 4313 tentaverit
2953 4260 3363 4330 ministrategus
3431 4261 3540 4321 ille,
3593 4271 3650 4311 ut

2061 4328 2286 4402 Agnello
2308 4339 2556 4402 vocatur.
2605 4346 2710 4399 quo
2754 4328 3360 4402 devicto“Ravennates
3403 4330 3647 4402 victoria:

2063 4399 2492 4455 anniversariam
2538 4410 2907 4455 recurrentem
2967 4399 3108 4454 diem
3158 4399 3366 4452 festivis
3428 4399 3651 4452 honori-

368 4476 554 4529 t'uisse.
608 4474 705 4531 llic
754 4476 936 4544 itaque
965 4474 1203 4530 Joannes
1241 4474 1357 4542 ejus
1390 4473 1623 4528 nominis
1646 4483 1828 4544 sextus
1853 4484 1958 4541 est,
1989 4476 2038 4536 D
2066 4473 2166 4544 bus
2193 4471 2605 4544 celebraverint.
2660 4471 2905 4525 Grazeum
2932 4469 3080 4544 illum
3107 4478 3180 4544 _ct
3224 4470 3520 4544 Byzantin
3548 4469 3650 4521 mi-

369 4545 496 4598 licet
531 4545 750 4612 quintus
808 4541 984 4599 dictus
1038 4545 1130 4608 sit,
1183 4541 1444 4612 septimus
1506 4544 1596 4612 qui
1648 4541 1959 4600 Gratiosnm

368 4611 668 4684 praecessit,
720 4623 966 4679 octavus,
998 4614 1087 4684 qui
1120 4611 1258 4673 nosti
1271 4611 1561 4668 Deusdedit
1585 4611 1803 4684 Georgii
1833 4631 1960 4670 suc-

369 4698 643 4738 cessorem
684 4685 842 4739 sedit.
1338 4747 1342 4750 ~

438 4753 500 4808 ll.
532 4753 756 4824 Qaptam
787 4770 818 4809 a
847 4754 1162 4823 Liutprandi
1189 4753 1434 4810 exercitu
1479 4751 1789 4808 Ravennam
1811 4756 1958 4824 prio-

369 4823 520 4879 ribus
554 4821 779 4881 Joannis
809 4821 986 4893 hujus
1011 4825 1249 4895 episcopi
1279 4824 1435 4895 annis
1465 4832 1670 4895 certum
1698 4821 1951 4890 estfrem

372 4903 550 4964 tamen
591 4897 925 4952 recentiores
973 4894 1246 4950 tradentes
1319 4894 1462 4947 inter
1513 4909 1571 4947 se
1617 4894 1946 4964 discrepant.

369 4962 562 5019 Noster
591 4965 644 5020 in
668 4967 940 5035 peculiare
968 4976 1151 5019 narrat
1183 4965 1316 5020 civis
1344 4965 1618 5034 cujusdam
1647 4962 1953 5034 proditione

369 5051 485 5090 rem
520 5045 720 5100 actam,
749 5038 839 5106 qui
868 5053 989 5093 cum
1026 5038 1223 5091 civium
1262 5037 1326 5089 ad
1359 5046 1569 5104 portam
1601 5036 1760 5090 Vicus
1791 5037 1949 5089 Salu-

369 5108 505 5160 taris
549 5120 847 5162 concursus
875 5118 1036 5166 esset,
1093 5107 1177 5161 cui
1232 5106 1506 5174 inprimis
1536 5122 1611 5174 ex
1653 5107 1954 5174 composito

370 5176 544 5230 hostis
571 5177 910 5238 imminebat,
936 5178 1159 5230 alterum
1185 5173 1395 5246 portam
1430 5175 1512 5246 ad,
1535 5173 1724 5228 Vicum
1753 5173 1954 5245 Lepre-

366 5261 488 5298 sum
516 5247 736 5300 tradidit
757 5248 1110 5311 indefensum,
1154 5245 1294 5300 unde
1318 5245 1654 5312 Langobardi
1688 5246 1952 5314 irrupere.

371 5315 649 5371 Dubitavit
688 5328 940 5372 notarum
973 5316 1348 5384 marginalium
1385 5323 1594 5377 auctor,
1637 5331 1705 5368 an
1729 5317 1843 5370 hzec
1876 5316 1956 5370 iu-

371 5384 538 5455 teiligi
567 5387 826 5442 deberent
863 5388 931 5442 de
957 5388 1176 5440 civitate
1197 5385 1420 5455 Classis,
1448 5401 1569 5454 qua:
1599 5401 1694 5455 per
1715 5402 1831 5439 eam
1864 5401 1954 5440 oc-

366 5454 644 5524 casiuncm
679 5460 936 5512 subversa
969 5458 1075 5521 sit;
1127 5457 1195 5510 ob
1225 5456 1275 5508 id
1316 5454 1583 5518 fortassis,
1603 5454 1754 5524 quod
1801 5465 1956 5523 porta

378 5523 537 5582 ‘t'icus
564 5525 784 5596 chrosi
815 5529 881 5581 ad
915 5527 1250 5581 Classeusem
1283 5527 1468 5579 urbem
1493 5523 1794 5594 ingressum
1820 5539 1956 5593 puc-

368 5596 568 5660 iicret;
631 5598 745 5666 ipse
800 5606 953 5653 certe
977 5599 1136 5652 video
1185 5596 1497 5649 Ravennam
1543 5615 1570 5648 a
1603 5596 1955 5664 Laugobardo

2065 4542 2157 4596 lite
2189 4542 2445 4610 stipatum
2498 4549 2685 4610 aperte
2739 4548 2926 4594 narrat
2953 4539 3231 4609 Agnellus,
3281 4541 3649 4608 eumdemqne

2063 4621 2246 4675 antea,
2275 4612 2375 4665 sub
2401 4610 2577 4664 Felice
2606 4626 2797 4678 nempe
2841 4628 2872 4664 e
2912 4611 3117 4678 iseopo,
3146 4610 3200 4662 in
3251 4610 3403 4662 urbis
3457 4625 3646 4663 necem

2063 4683 2291 4733 venisse.
2324 4681 2402 4733 cla
2415 4681 2583 4733 deaue
2609 4696 2704 4733 per
2727 4626 2944 4733 fratitﬁas
2974 4681 3140 4733 illata.
3174 4680 3432 4733 evasisse.
3460 4679 3531 4732 At
3555 4681 3645 4733 nui

2061 4683 2291 4746 venisse,
2324 4681 2402 4734 cla
2415 4681 2583 4748 deque
2608 4696 2704 4750 per
2727 4679 2944 4734 fraudes
2974 4681 3140 4744 illata,
3174 4680 3432 4734 evasisse.
3460 4679 3645 4750 Aliqui

2060 4753 2176 4806 fieri
2228 4751 2400 4820 potuit
2440 4760 2520 4814 ut,
2561 4749 2799 4804 eiarcbo
2847 4751 3191 4820 imperatoris
3255 4751 3472 4803 nomine
3535 4749 3646 4804 Ra-

2057 4818 2244 4877 vcunai
2278 4823 2503 4890 (legente
2531 4862 2543 4882 ,
2587 4820 2928 4874 Ravennates
2976 4824 3028 4874 in
3075 4818 3278 4874 Classis
3314 4821 3505 4873 ducem
3547 4837 3644 4874 ex-

2054 4901 2356 4962 surgerent,
2385 4891 2540 4960 eique
2580 4891 2815 4945 venienti
2854 4891 3046 4962 armati
3083 4900 3454 4962 occurrerent,
3484 4900 3558 4955 et,
3581 4905 3647 4962 co

2060 4961 2309 5026 devicto,
2370 4962 2608 5016 victorize
2659 4961 2973 5015 memoriam
3046 4961 3332 5030 quotannis
3378 4961 3646 5030 agerent?

2061 5035 2230 5098 Novi,
2262 5033 2467 5087 Joanne
2497 5036 2662 5087 hocce
2715 5033 2956 5094 sedente,
3015 5031 3389 5085 Ravennatum
3433 5033 3644 5084 animos

2062 5105 2115 5159 in
2151 5104 2362 5157 diversa
2416 5103 2590 5156 studia
2643 5102 2863 5166 scisses,
2916 5103 3022 5155 imo
3063 5100 3283 5155 Paulum
3346 5103 3642 5154 exarchum

2061 5173 2286 5244 ejusque
2308 5173 2446 5228 filios
2491 5174 2606 5228 neci
2629 5189 2726 5241 per
2755 5173 3056 5244 tumultum
3078 5173 3326 5244 traditos,
3350 5188 3473 5225 cum
3499 5173 3642 5226 Con.

2059 5242 2575 5314 stantinopolitanus
2599 5245 2894 5314 imperator
2923 5242 2991 5314 ob
3039 5243 3497 5314 lconoclastarum
3528 5243 3637 5296 ha»

2057 5315 2222 5369 resim
2255 5311 2319 5367 in’
2338 5314 2646 5382 pontilicem
2676 5311 2738 5366 et
2765 5314 2817 5366 in
2865 5313 3168 5368 Catholicos
3195 5311 3418 5366 fureret.
3454 5311 3529 5365 Ea
3553 5328 3644 5365 oc-

2057 5385 2279 5439 casioue
2302 5385 2437 5437 mitti
2460 5399 2582 5437 cum
2605 5382 2788 5437 Classe
2817 5384 2989 5452 potuit
3012 5382 3097 5437 ille
3118 5383 3284 5445 idem,
3316 5383 3404 5449 qui
3433 5382 3645 5435 Raven-

2059 5471 2140 5508 nre
2167 5455 2268 5508 sub
2313 5454 2490 5508 Felice
2542 5454 2794 5523 episcopo
2835 5453 3104 5508 excidium
3159 5468 3298 5522 pene
3359 5453 3640 5516 intulerat,

2058 5540 2218 5594 quem
2241 5523 2990 5593 oppresserintRavennates.
3039 5523 3219 5576 Rebus
3269 5531 3448 5594 tamen
3477 5523 3644 5594 dissi-

2059 5596 2269 5664 diisque
2299 5596 2631 5664 compositis,
2679 5594 2940 5666 Eutychio
2979 5594 3250 5648 Ravenna:
3289 5593 3542 5664 degente,
3565 5593 3644 5648 vi-

449 5743 470 5769 ιι
503 5730 600 5784 llic
628 5730 777 5786 deest
801 5729 1154 5800 epitaphium,
1195 5728 1333 5797 qml
1365 5745 1468 5783 non
1501 5727 1678 5781 inveni
1708 5728 1759 5780 in
1791 5726 2058 5796 originali.
2087 5726 2284 5782 Bacon.
