3936 6180
238 388 348 447 ⁸195

238 501 433 558 curia:
461 497 579 567 ejus
605 491 834 567 singulis
860 489 1018 567 annis
1045 484 1362 567 memoriam
1389 494 1600 567 summa
1629 488 1827 567 pompa
1862 481 1905 535 Α

238 548 1040 638 ἆῖέὗῖδῖτῖμῷωὲςίζηαῇὶρεᾳρςξ
1065 555 1304 638 ejusdem
1325 550 1551 638 ἐξεποὴί
1584 548 1826 638 indigna:

242 618 526 705 ῐῶὖὲζῖγίὲ
552 618 645 690 Esi
664 618 1219 705 rcredibileJﬁ'luvius,
1248 624 1339 705 qui
1371 623 1459 676 hic
1487 635 1593 705 non
1618 618 1772 705 longe
1795 630 1826 669 a

243 686 415 769 ’
619 686 845 759 illusisse
868 701 1153 760 indicatur,
1185 686 1420 769 primum
1441 689 1661 769 quidem
1678 686 1824 740 Pan-

245 758 412 837 tiieon
443 758 719 846 corrupte,
743 773 982 846 secundo
1008 758 1325 846 Paterémus
1360 758 1576 846 dicitur.
1603 758 1826 812 Fossam

435 832 630 906 censeo
653 832 720 900 ei
743 844 922 918 vicino
942 840 1165 918 Padusa}
1204 846 1390 918 stagno
1415 832 1690 918 ﬂuentem,
1710 840 1833 918 qua:

243 896 897 993 iiié'ciéivﬁiiéiiaauiius
943 911 1021 966 uti
1051 908 1262 963 Padusa
1288 896 1442 976 ipsa,
1486 903 1552 955 de
1579 914 1686 971 qua
1710 896 1832 952 Vir-

251 994 436 1066 gilius.

1298 368 1496 425 LIBER
1534 357 2023 421 PONTIFICAI.‘.S.
2064 386 2133 395 —
2169 349 2346 405 PARS
2386 346 2445 402 ll.

3414 306 3525 388 ππ

2279 465 2535 513 Piscosore
2555 471 2698 509 amne
2722 457 2943 506 Padusae.

2004 589 2300 647 Ecclesiam
2326 583 2634 639 Petrianam
2656 586 2780 649 post
2806 573 3075 632 celebrata
3103 571 3515 649 missarurnuso—

1933 641 2251 718 ten—inia‘die
2277 654 2558 711 Dominico
2585 641 2891 718 terrmmotu
2926 652 3169 718 [repente
3186 641 3529 718 formidine

1939 709 2534 788 tradi-turvaiitectetera
2558 721 2714 791 hujus
2743 709 3146 791 JoannisVitze.
3177 709 3522 791 gonjecturaa

1938 782 2157 859 ξδ’ἶόρᾇ
2172 782 2245 853 sit
2276 795 2547 868 prioribus
2571 782 2731 868 hujus
2754 787 2992 860 episcopi
3016 785 3175 841 annis
3192 782 3519 838 Ravennati.

1935 874 2037 929 bus
2058 863 2441 927 cladem'tianc
2464 863 2729 919 evenisse.

254 1102 3524 1188 κῆρ-ΝΜ

1494 1290 1742 1373 VITA
1806 1279 2140 1362 SERGII
2197 1282 2257 1351 ³.

1620 1451 2133 1476 -υ--ι-

773 1573 1001 1635 CAPUT
1029 1570 1321 1629 PRIMUM.

247 1703 550 1774 Sergiusea:
563 1697 696 1774 laico
718 1704 764 1749 et
786 1700 1009 1774 uiorato
1021 1689 1313 1774 episcopus.
1328 1683 1375 1738 Ε
1369 1684 1463 1766 jus
1479 1698 1615 1764 uxor
1635 1677 1847 1774 ξαρΙιε-

322 1730 325 1751 ἴ
563 1730 695 1750 (ﬂatu
718 1730 763 1749 ει
788 1730 1041 1746 ιιιινυιιοιυι
1065 1730 1189 1742 ισυνν
1232 1730 1369 1740 ..ν-..-
1404 1730 1461 1738 ν.-
1481 1730 1600 1737 π..--
1635 1730 1741 1734 __-.,
1802 1730 1805 1731 ,

322 1730 749 1829 ἶὲἱΐῖἐξὲσοηῑεεα
780 1764 962 1832 effecta
984 1730 1077 1813 θεῖ’.
1108 1730 1291 1813 σιεῗυε
1319 1730 1562 1832 episeopo
1584 1730 1842 1832 inferisus.
1876 1772 1923 1831 Β
1949 1753 1981 1793 a
2010 1736 2377 1791 Romanorum
2409 1730 2627 1795 ﬁnibus,

323 1843 620 1912 Episcopus
646 1817 1134 1912 novos'sucerdotes.
1152 1834 1293 1909 creat
1314 1817 1362 1908 et
1391 1817 1663 1912 diqéqnos.
1688 1817 1846 1912 Corn-

320 1887 705 1985 rrte-tius,
721 1887 788 1959 viti
817 1904 1022 1957 diverso
1044 1899 1227 1953 habitu
1252 1906 1301 1951 et
1321 1896 1377 1950 in
1397 1893 1637 1953 inferiori
1664 1887 1848 1945 ordine

326 1982 653 2037 ministrant.

327 2097 554 2166 Sergius
577 2092 686 2147 XL.
714 2090 935 2147 Juvenis
969 2095 1145 2150 aetate,
1176 2080 1360 2140 brevis
1385 2093 1633 2150 corpore,
1668 2075 1850 2131 ridens

256 2190 417 2252 facie,
449 2188 679 2241 decorus
702 2181 895 2245 forma,
943 2177 1147 2250 glaucis
1168 2172 1359 2239 oculis,
1392 2167 1741 2227 nobilissimis
1767 2181 1853 2221 or-

256 2295 347 2340 tus
369 2279 661 2337 natalibus.
702 2277 808 2332 Iste
869 2276 1038 2330 laicus
1088 2272 1209 2337 fuit,
1250 2281 1305 2326 et
1342 2282 1594 2339 sponsam
1640 2264 1850 2328 habuit,

255 2390 452 2447 quam,
483 2380 768 2443 postquam
831 2366 1070 2437 regimen
1115 2362 1373 2419 Ecclesim
1427 2357 1691 2427 suscepit,
1732 2368 1853 2410 eam

258 2466 606 2537 Eupbimiam
634 2475 889 2533 sponsam
912 2474 1087 2522 suam,
1124 2454 1483 2511 diaconissam
1510 2447 1853 2507 consecravit

256 2566 315 2613 et
342 2558 395 2611 in
418 2555 607 2611 eodem
636 2552 820 2608 habitu
848 2547 1161 2620 permansit.
1191 2544 1329 2612 Quin
1352 2549 1405 2597 in
1428 2551 1668 2611 tempore
1696 2538 1855 2594 istius

260 2647 442 2703 zelum
495 2641 869 2700 sacerdotibus
896 2682 911 2706 ,
946 2649 1003 2695 et
1048 2653 1238 2693 verum
1282 2650 1387 2690 non
1415 2627 1736 2706 [virginum]
1761 2629 1856 2684 ba-

258 2737 543 2801 bentibus,
578 2751 683 2789 non
719 2733 884 2787 unitis
920 2730 1100 2785 animo
1135 2727 1302 2783 scissa
1341 2732 1427 2780 est
1464 2722 1773 2785 multitudo,
1798 2726 1858 2774 et

262 2838 552 2901 postquam
596 2826 782 2880 Roma:
852 2828 1199 2878 consecratus
1247 2825 1351 2882 est,
1394 2820 1708 2885 Sprevcrunt
1735 2825 1857 2866 cum

261 2900 606 2981 sacerdotes,
694 2916 1080 2981 separaverunt
1163 2922 1223 2961 se
1307 2904 1375 2959 ab
1447 2916 1513 2958 eo
1582 2900 1856 2963 ministri,

262 3019 324 3065 et
377 3007 559 3062 nullus
613 3011 730 3059 erat
785 3002 873 3071 qui
924 3015 1046 3055 eum
1100 3013 1165 3052 eo
1220 2995 1285 3050 ad
1343 3002 1584 3048 sanetam
1643 2989 1863 3045 accede-

266 3111 357 3158 ret
409 3114 584 3154 aram.
648 3095 770 3150 Haec
836 3102 1014 3147 autem
1071 3089 1265 3144 civitas
1300 3085 1603 3141 vexabatur
1646 3097 1675 3136 a
1717 3080 1860 3134 Lan-

265 3189 528 3265 go‘iardis
578 3195 633 3242 et
690 3181 982 3239 Veneticis.
1039 3178 1155 3233 Non
1208 3189 1498 3248 possumus
1550 3185 1649 3242 per
1707 3176 1859 3227 tanta

266 3284 604 3342 discurrere,
634 3275 757 3346 quia
795 3269 984 3328 olescit
1012 3287 1027 3335 ;
1063 3278 1241 3324 tamen
1293 3263 1600 3334 compendii
1635 3259 1866 3332 proferi-

270 3387 398 3427 mus
428 3382 590 3425 causa
614 3364 975 3439 [proferamus
998 3357 1262 3430 causam].
1287 3355 1536 3411 Pontifex
1566 3366 1693 3407 vero
1717 3349 1869 3405 misit

269 3463 341 3518 ad
376 3462 655 3521 diaconos,
678 3468 733 3511 et
757 3454 822 3508 ad
845 3452 1081 3522 reliquos
1113 3448 1391 3503 ministros
1420 3442 1695 3506 Ecclesiae,
1727 3449 1787 3495 ut
1809 3453 1869 3495 se

273 3566 470 3607 omnes
500 3549 551 3602 in
582 3546 844 3618 gremium
876 3539 1262 3612 conglobarent
1293 3534 1584 3600 Ecclesiie;
1616 3540 1672 3587 at
1702 3531 1778 3585 illi
1812 3531 1866 3584 in

276 3646 399 3716 ipso
427 3641 779 3712 perdurantes
801 3632 1001 3689 doloris
1018 3628 1234 3685 stimulo
1254 3632 1572 3681 renueruut.
1599 3621 1751 3676 Tunc
1775 3636 1871 3674 ex-

275 3711 520 3806 cogitato
567 3726 814 3789 consilio,
844 3720 1183 3780 consecravit
1208 3716 1585 3788 presbyteros,
1609 3719 1663 3768 et
1690 3711 1872 3765 diaco-

279 3839 405 3881 nos.
436 3821 516 3876 llli
537 3834 668 3874 vero
694 3816 813 3871 duri
842 3814 1004 3870 corde
1040 3811 1157 3866 haec
1191 3807 1471 3863 audientes
1499 3808 1781 3867 venerunt,
1817 3807 1873 3855 et

281 3917 373 3973 die
394 3912 681 3970 Dominieo
703 3923 825 3963 cum
844 3920 910 3961 eo
937 3905 1003 3959 ad
1028 3900 1290 3958 solemnia
1321 3898 1610 3952 missarum
1650 3906 1873 3964 proces-

282 4011 516 4063 serunt:
545 3998 768 4057 novellae
791 4012 921 4052 vero
948 4009 1099 4058 oves,
1124 4007 1244 4063 quae
1269 4005 1327 4045 se
1352 3992 1678 4058 putaverant
1703 3982 1874 4038 subli-

285 4097 451 4153 miter
472 4104 639 4156 stare,
666 4106 698 4144 a
725 4088 1000 4143 veteribus
1029 4082 1400 4139 sacerdotibus
1420 4075 1623 4147 repulsi
1647 4080 1796 4140 sunt,
1823 4080 1879 4128 et

289 4183 641 4243 verccundati
665 4179 1039 4251 oppilaverunt
1060 4190 1175 4229 ora.
1206 4171 1359 4227 Tunc
1391 4167 1633 4241 pontifex
1686 4164 1880 4219 blande

287 4288 344 4334 et
374 4276 571 4332 leniter
597 4273 806 4345 priores
843 4268 1094 4324 refovens
1137 4263 1469 4323 sacerdotes,
1502 4256 1699 4313 blanda
1730 4257 1878 4311 circa

290 4384 388 4425 eos
410 4365 621 4435 eloquia
652 4362 901 4426 fundens,
935 4370 1217 4429 quousque
1239 4354 1306 4407 ab
1334 4353 1416 4405 ira
1446 4365 1541 4405 eos
1565 4350 1618 4403 in
1632 4361 1884 4403 mansue-

296 4457 542 4513 tudinem
573 4451 866 4507 revocavit.
924 4447 1076 4502 Tunc
1124 4445 1264 4499 inter
1303 4457 1360 4497 se
1398 4438 1566 4496 multa
1608 4437 1886 4492 volventes

295 4554 423 4621 post
442 4544 617 4599 fmdus
634 4542 777 4613 pacis
798 4544 1106 4596 statuerunt
1131 4536 1197 4591 de
1222 4532 1429 4588 novella
1450 4528 1882 4592 consecratione,

298 4649 360 4694 ut
404 4638 662 4693 diacones
706 4632 996 4688 dalmatica
1054 4625 1499 4699 superhumerale
1548 4623 1892 4693 imponerent

301 4747 459 4786 more
496 4729 830 4790 Grazcorum,
862 4733 916 4779 et
944 4722 1088 4778 circa
1134 4720 1307 4775 altare
1348 4718 1667 4773 assisterent
1698 4729 1713 4780 ;
1744 4718 1799 4767 et
1825 4725 1891 4764 ex

302 4822 398 4877 illo
424 4820 512 4876 die
540 4824 820 4889 eruperunt
854 4814 1028 4893 levita:
1075 4811 1451 4882 multiplicare,
1480 4821 1607 4861 nam
1661 4815 1896 4860 canones

306 4911 600 4985 prohibent
619 4905 914 4980 apostolica
948 4903 1269 4958 auctoritate
1296 4898 1591 4954 muniente.

935 5011 1162 5070 CAPUT
1200 5011 1263 5066 ll.

313 5113 595 5171 Zaclmrim
623 5110 906 5182 pontiﬁcis,
936 5103 1497 5182 quinl’ipinumfegem
1528 5106 1773 5182 unxera‘t,
1801 5094 1901 5182 ρςι-

387 5194 568 5239 ventus
616 5166 1198 5235 R’tt'eurtaiu.'Missam
1246 5166 1501 5236 celebrat,
1545 5180 1592 5221 et
1636 5166 1901 5239 endolhin}

389 5235 573 5309 deum.
620 5250 925 5319 Aistutphus
969 5256 1014 5319 et
1056 5244 1232 5319 Romae
1269 5249 1316 5294 et
1354 5239 1790 5319 Rauenm‘vhdon‘a
1824 5235 1905 5305 of-

394 5308 515 5395 fert.
561 5308 865 5376 Petriam'zm
899 5316 1170 5372 ecclesiam
1225 5320 1504 5368 restaurat.
1555 5308 1675 5362 Alia
1728 5308 1792 5361 de
1819 5323 1904 5360 eo-

393 5397 534 5448 dem.

395 5485 476 5539 Eo
523 5496 757 5550 namque
807 5487 1047 5548 tempore
1107 5471 1399 5528 Zacharias
1449 5484 1583 5540 papa
1632 5466 1910 5521 Romanus

395 5606 423 5635 ι
454 5591 785 5649 Rumoribus
831 5587 1298 5645 schismaticorum
1349 5588 1908 5650 conspurca'amnsm

322 5648 608 5737 quentem_
638 5661 815 5737 Sergii
869 5658 1041 5737 Vitam
1102 5669 1353 5737 agnosce,
1390 5648 1577 5706 lector.
1604 5648 1908 5737 .Ag'nellurn

323 5719 494 5812 etiam
521 5734 708 5795 babes,
728 5719 839 5812 qui,
866 5729 1115 5784 vindictae
1137 5719 1376 5812 stimulis
1405 5732 1576 5812 actus:
1602 5720 1820 5812 indigna
1845 5719 1913 5799 de

334 5788 582 5862 Romano
618 5788 869 5873 pontifice
918 5808 1121 5854 narrat.
1161 5796 1346 5851 Fidem
1377 5792 1599 5866 proinde
1627 5788 1825 5845 nullam
1858 5788 1910 5841 in

1948 1568 2199 1626 egressus
2219 1552 2284 1607 de
2314 1549 2504 1615 Roma,
2528 1562 2655 1602 oras
2677 1545 2853 1618 attigit
2880 1542 3122 1599 Franeite
3147 1541 3429 1612 postulans
3453 1549 3534 1596 tu-

1948 1645 2172 1709 tamina,
2201 1653 2363 1712 atque
2393 1638 2641 1710 praesidia
2678 1637 2744 1691 ad
2774 1634 3119 1706 expellendos
3148 1633 3535 1704 Langobardos

2675 1729 2799 1800 quia
2845 1725 3287 1797 Aistulpbusrex
3325 1722 3536 1778 Italiam

1949 1827 2157 1885 duriter
2190 1823 2546 1896 opprimebat.
2580 1820 2684 1876 Sed
2705 1861 2719 1886 ,
2760 1818 2932 1889 rjccto
2970 1833 3002 1871 a
3042 1816 3177 1872 solio
3204 1814 3538 1870 Francorum

1947 1920 2117 1976 altero
2144 1932 2294 1989 rege,
2323 1915 2548 1987 Pipinus
2580 1920 2851 1982 sceptrum
2880 1909 3030 1981 regni
3061 1908 3288 1978 accepit,
3311 1916 3365 1962 et
3388 1921 3539 1977 papa)

1948 2013 2201 2069 manibus
2251 2008 2568 2065 benedictus
2615 2012 2697 2062 est
2752 2002 2981 2078 [atque]
3034 2003 3330 2059 chrismate
3385 2017 3539 2057 sacro

1950 2112 2244 2176 perunctus
2262 2107 2366 2166 est,
2390 2097 2730 2167 Romamque
2757 2110 3008 2151 reversus
3030 2101 3131 2148 est.
3163 2093 3227 2147 Et
3251 2100 3538 2162 antequam

1952 2200 2317 2251 reverteretur
2358 2189 2611 2253 Romam,
2661 2188 2715 2242 in
2751 2185 2983 2242 ecclesia
3026 2184 3171 2239 beati
3207 2182 3545 2254 Apollenaris

1952 2284 2175 2339 missam
2216 2278 2544 2344 celebravit,
2581 2285 2636 2333 et
2675 2275 2954 2332 eudotliim
2994 2290 3058 2330 ex
3098 2274 3266 2329 blatta
3306 2271 3544 2329 alilliena

1953 2391 2078 2432 cum
2118 2371 2429 2444 margaritis
2459 2369 2688 2426 miriﬁce
2725 2376 2973 2423 ornatam
3018 2365 3243 2432 obfulit,
3287 2374 3342 2421 et
3388 2380 3544 2419 suum

1956 2480 2151 2520 nomen
2181 2464 2381 2520 ibidem
2422 2469 2701 2517 exaratum
2733 2468 2837 2516 est.
2864 2459 2937 2514 At
2963 2466 3023 2513 ut
3059 2456 3192 2512 vidit
3230 2455 3547 2526 Aistulpbus

1957 2573 2086 2624 rex,
2121 2555 2246 2626 quia
2282 2554 2520 2623 undique
2546 2568 2709 2623 super
2747 2567 2805 2607 se
2840 2551 3117 2622 ingravata
3154 2557 3336 2604 essent
3382 2545 3546 2611 mala,

1958 2650 2178 2706 dextera
2209 2645 2357 2701 Italis
2378 2644 2533 2716 petit,
2571 2643 2697 2714 quia
2727 2651 2939 2713 tempus
2960 2655 3083 2696 eum
3107 2655 3214 2694 non
3238 2636 3545 2708 adjuvatat,

1958 2748 2015 2795 et
2038 2738 2135 2794 ivit
2161 2738 2228 2793 ad
2249 2736 2433 2790 limina
2460 2733 2521 2788 B.
2548 2733 2693 2789 Petri
2731 2732 2991 2805 principis
3011 2770 3027 2797 ,
3059 2739 3115 2786 et
3149 2728 3345 2786 obtulit
3387 2729 3548 2793 dona,

1960 2836 2017 2884 et
2039 2826 2230 2883 exenia
2259 2823 2460 2890 multa;
2486 2822 2679 2877 deinde
2703 2820 3015 2875 Ravennam
3044 2832 3296 2874 reversus
3318 2816 3540 2873 eblami-

1962 2920 2084 2975 dem
2106 2933 2174 2973 ex
2191 2932 2324 2972 auro
2345 2916 2569 2985 pictam,
2591 2929 2695 2983 qua
2715 2922 2833 2967 erat
2854 2912 3094 2976 indutus,
3113 2925 3278 2980 super
3299 2919 3548 2964 sanctum

1966 3010 2217 3066 altarium
2248 3008 2493 3065 Ursiana:
2515 3006 2757 3062 ecclesiae
2782 3005 2981 3075 posuit.
3014 3003 3313 3059 Ecclesiam
3341 3002 3550 3057 Petria-

1891 3134 1935 3196 Ο
1966 3118 2091 3158 nam
2118 3143 2133 3165 .
2183 3116 2303 3172 quae
2354 3099 2593 3155 funditus
2642 3113 2832 3153 eversa
2876 3105 2962 3152 est
3007 3110 3107 3166 per
3152 3102 3552 3159 termmotum,

1967 3202 2161 3266 sponte
2200 3192 2472 3249 aedificare
2516 3190 2724 3256 voluit,
2779 3197 2835 3245 et
2875 3186 3186 3261 pyramides
3224 3199 3323 3256 per
3361 3200 3552 3257 gyrum

1964 3286 2173 3351 erexit,
2220 3284 2500 3339 columnas
2534 3281 2744 3345 statuit,
2780 3294 2901 3351 quae
2939 3285 3155 3333 manent
3190 3289 3364 3348 usque
3392 3289 3555 3342 nunc,

1966 3379 2061 3435 sed
2106 3394 2214 3432 non
2255 3374 2669 3433 consummavit.
2712 3371 2786 3429 De
2816 3371 3075 3443 praedicto
3104 3384 3229 3441 rege
3260 3364 3428 3442 [qui],
3456 3379 3554 3421 no—

1969 3470 2113 3524 mine
2148 3466 2463 3537 Aistulpbus
2491 3462 2636 3537 [rex]
2669 3471 2891 3519 vocatus
2922 3468 3024 3515 est.
3060 3458 3327 3528 Eloquar,
3374 3472 3441 3511 an
3475 3454 3554 3510 εἴη

1968 3559 2152 3616 leam?
2178 3558 2382 3612 Tamen
2412 3555 2665 3610 narrabo.
2696 3552 2944 3622 Quinque
2978 3550 3031 3604 in
3058 3564 3164 3603 una
3191 3550 3349 3614 hora,
3373 3548 3428 3601 in
3453 3562 3558 3601 uno

1969 3658 2163 3721 partu,
2203 3664 2271 3703 ex
2307 3662 2415 3702 uno
2445 3654 2635 3701 ventre
2674 3641 2927 3714 parvulos
2972 3654 3071 3696 sua
3111 3639 3325 3709 peperit
3367 3646 3562 3690 mater.

1972 3746 2126 3814 Quod
2151 3760 2273 3799 cum
2308 3740 2620 3797 nunciatum
2651 3737 2763 3809 regi
2798 3735 3011 3801 fuisset,
3038 3742 3094 3789 et
3124 3731 3445 3787 innotuisset
3465 3730 3562 3782 ad-

1974 3835 2220 3893 miranda
2251 3848 2357 3900 res,
2387 3847 2526 3887 novo
2557 3830 2692 3885 inito
2724 3826 2969 3891 consilio,
3008 3822 3175 3892 jussit
3210 3836 3305 3877 eos
3342 3830 3466 3875 ante
3505 3834 3565 3875 se

1975 3926 2175 3983 deferri
2211 3926 2264 3980 in
2298 3938 2465 3980 unum
2495 3921 2791 3977 maximum
2815 3919 3118 3984 calathum;
3151 3925 3206 3973 et
3231 3914 3421 3970 videns
3446 3928 3564 3976 eos,

1978 4020 2147 4077 noluit
2173 4034 2267 4074 eos
2293 4015 2559 4088 projicere
2597 4014 2652 4069 in
2692 4012 3111 4083 Sterquilinium.
3141 4008 3409 4064 Horrebat
3446 4018 3567 4062 esse

1977 4121 2151 4184 pater,
2182 4109 2273 4180 qui
2303 4108 2486 4163 fuerat
2513 4106 2740 4178 genitor.
2786 4102 3048 4172 Praecepit
3096 4097 3293 4157 deferri
3333 4096 3566 4167 regalem

1980 4211 2199 4260 contum
2220 4241 2236 4265 ,
2280 4200 2464 4255 dicens
2507 4197 2619 4252 suis
2645 4215 2656 4250 :
2687 4194 3023 4263 Quicumque
3048 4207 3113 4246 ex
3139 4189 3220 4245 eis
3243 4202 3406 4242 manu
3431 4200 3563 4239 cou-

1983 4302 2094 4348 tum
2126 4289 2495 4354 adstrinxerit,
2520 4288 2610 4343 hic
2632 4287 2799 4340 vivat.
2827 4284 3021 4338 Statim
3049 4290 3106 4337 ut
3137 4282 3190 4334 in
3224 4278 3402 4334 medio
3432 4290 3564 4330 con-

1986 4392 2072 4438 tus
2110 4381 2318 4452 positus
2356 4388 2473 4444 est,
2522 4377 2665 4432 inter
2705 4384 2929 4430 caeteros
2967 4372 3165 4428 fratres
3206 4370 3309 4425 iste
3353 4375 3573 4423 contum

1991 4474 2161 4530 tenuit
2204 4479 2422 4526 extento
2474 4469 2718 4524 brachio.
2782 4466 2933 4521 Tunc
2982 4464 3197 4521 vocavit
3250 4476 3373 4517 eum
3420 4466 3575 4532 pater

1991 4564 2325 4636 Aistulpbus.
2356 4562 2714 4618 Revertantur
2742 4559 2808 4614 azl
2840 4558 3119 4629 superiora
3146 4554 3380 4624 eloquia.

2607 4669 2833 4728 CAPUT
2871 4669 2957 4725 lli.

1995 4768 2211 4838 Sergius
2239 4784 2271 4821 a
2298 4764 2534 4838 Romano
2559 4763 2823 4838 pontiﬁce,
2853 4763 2928 4817 uti
2950 4771 3135 4838 contra
3170 4776 3399 4838 canones
3429 4757 3581 4812 οτιιὶο

2067 4827 2242 4903 uirtus,
2265 4837 2471 4907 judicio
2494 4827 2716 4907 {sistiter
2732 4831 2923 4907 _1_V_'nv_us
2944 4832 3181 4907 pontifex
3208 4827 3449 4907 sergium
3468 4842 3581 4882 sua:

2070 4909 2179 4963 sedi
2212 4901 2453 4962 reatiluit.
2489 4905 2590 4958 llic
2618 4904 2686 4956 D.
2718 4901 2940 4956 Nicolao
2961 4904 3158 4972 gratias
3187 4901 3314 4970 agit.

2069 5007 2166 5063 Vir
2198 5016 2376 5063 autem
2408 5006 2509 5061 iste
2540 5002 2761 5073 Sergius
2793 5000 3020 5070 praesul,
3051 5016 3173 5054 cum
3208 4998 3407 5052 Paulus
3432 4995 3575 5068 [Ste-

2001 5101 2233 5176 phanus]
2268 5116 2404 5172 papa
2425 5098 2703 5152 Romanus
2756 5095 2859 5149 iter
2881 5109 2977 5164 per
3002 5092 3287 5147 Franciam
3317 5089 3584 5163 [Franciae

2004 5199 2109 5253 iter
2135 5213 2233 5267 per
2261 5190 2536 5264 Tusciam]
2567 5197 2851 5261 pergeret,
2894 5203 3000 5242 non
3035 5186 3083 5239 ei
3124 5184 3315 5239 obvius
3354 5181 3488 5245 fuit,
3533 5190 3588 5236 et

2007 5289 2312 5357 indignatus
2336 5299 2470 5355 papa
2491 5324 2507 5349 ,
2547 5283 2611 5337 de
2650 5279 2786 5334 valle
2820 5294 2940 5349 qua:
2970 5276 3166 5331 dicitur
3189 5273 3335 5328 Galle
3360 5270 3585 5337 Collata,

2005 5392 2125 5447 qua:
2160 5375 2362 5430 rustico
2394 5388 2543 5429 more
2581 5369 2811 5428 Galliata
2855 5367 3081 5431 dicitur,
3127 5380 3248 5418 cum
3275 5363 3353 5417 ira
3395 5376 3589 5432 magna

2006 5485 2130 5523 eum
2164 5467 2313 5523 exuit
2350 5464 2540 5537 [exivit
2573 5463 2677 5518 del.
2721 5460 2888 5534 eum].
2926 5459 3176 5515 Lustrale
3212 5454 3595 5528 Langobardo-

2010 5579 2097 5634 bis
2132 5585 2372 5632 meretur
2399 5584 2611 5639 auctor,
2640 5573 2728 5643 qui
2754 5583 2809 5643 et
2836 5571 2888 5625 in
2917 5565 3420 5643 histor-ige‘v-eritate
3452 5558 3593 5643 fonte

2010 5649 2229 5710 labitur,
2254 5655 2314 5700 ut
2344 5647 2456 5702 suis
2495 5634 2627 5701 locis
2653 5634 2893 5699 notatum
2934 5647 3035 5695 est.
3086 5634 3217 5691 Vide
3240 5637 3376 5691 intra
3410 5634 3460 5686 in
3489 5634 3570 5688 υἱ»

2014 5717 2430 5774 scrvatiouibus.
