3936 6180
404 278 506 341 ’1ὰῖ

1102 283 1397 341 AGNELLI
1433 281 1724 339 ABBATIS
1762 281 1820 339 Β.
1863 282 2099 363 MARIAS
2136 282 2227 336 AD
2268 281 2740 349 BLACHERNAS,
2782 282 2935 339 ETC.

3552 283 3651 345 7%

401 410 518 456 ram
551 410 736 471 regno,
760 393 962 457 calcata
991 400 1313 470 pneexeelsa
1340 399 1543 464 munia,
1594 397 1740 455 lovis
1780 400 1979 454 montis
2007 418 2050 470 Α
2082 399 2197 470 ejus
2225 388 2513 456 obsculans
2540 413 2696 466 cum,
2743 409 2797 455 et
2835 402 2996 472 jussit
3048 401 3243 457 deferri
3293 403 3476 457 sedem
3517 402 3657 462 iiiius

399 493 711 562 pertransiit
734 492 953 561 jugum;
996 488 1189 543 deinde
1216 481 1459 543 Francize
1489 487 1719 557 arripuit
1761 488 1893 553 iter,
1921 496 1976 542 et
2067 488 2221 558 juxta
2246 492 2429 547 sedem
2458 506 2631 556 suam,
2655 500 2710 547 et
2738 492 2900 547 locuti
2929 500 3055 547 sunt
3080 493 3223 547 inter
3248 508 3308 547 se
3331 495 3584 563 pacifica,
3607 507 3660 552 et

400 582 659 651 quidqui!
707 583 773 635 ad
824 579 1068 649 Pipinum
1116 579 1404 648 postulavit
1451 590 1661 647 regem,
1701 578 1971 632 obtinuit:

399 673 593 727 deinde
642 687 920 735 reversus,
970 670 1215 740 Sergium
1263 669 1729 739 archiepiscopum
1777 682 1977 722 vexare

400 765 582 834 erepit.
622 763 713 819 ille
751 773 930 818 autem
962 761 1210 816 fiduciam
1250 760 1453 815 habens
1481 760 1533 813 in
1565 776 1712 830 rege,
1744 769 1804 812 ut
1833 755 1974 831 [rex]

400 853 780 909 adminiculum
817 853 866 908 ei
897 853 1192 923 prmberet,
1221 859 1276 906 et
1305 848 1489 905 fefellit
1519 850 1697 914 illum;
1736 858 1792 905 et
1813 850 1977 904 dedu—

396 954 517 998 ctus
531 954 614 999 est
628 942 852 997 Romam
876 957 906 996 a
925 941 1037 996 suis
1057 941 1264 996 civibus
1277 980 1292 1003 ,
1319 950 1481 1010 atque
1495 938 1683 993 fraude
1699 939 1973 1008 deceptus.

399 1028 462 1088 Et
493 1034 827 1105 congregatis
851 1030 1348 1103 episcopisjubente
1372 1047 1528 1101 papa,
1552 1030 1975 1085 voluerunteum

399 1115 602 1178 honore
639 1126 885 1194 privare,
930 1130 985 1178 et
1030 1116 1095 1178 de
1135 1123 1301 1193 gradu
1350 1120 1643 1192 pontificali
1689 1120 1974 1192 prolicere.

396 1218 737 1286 Apostolicus
759 1216 920 1271 talem
943 1225 1128 1271 contra
1151 1232 1273 1271 eum
1295 1214 1974 1284 proferehatsententiam:

397 1306 691 1377 Neophitus
713 1322 805 1372 es;
847 1322 950 1361 non
976 1323 1041 1362 ex
1078 1304 1204 1361 ovili
1233 1306 1377 1361 fuisti
1396 1347 1411 1367 .
1441 1321 1542 1360 nec
1566 1306 1860 1361 secundum
1887 1322 1979 1361 ca-

396 1414 566 1454 nones
602 1399 654 1452 in
690 1398 1029 1453 Ravennensi
1082 1397 1319 1453 Ecclesia
1357 1398 1630 1462 militasti,
1674 1397 1765 1454 sed
1799 1399 1978 1453 subito

396 1490 641 1544 iuvasisti
674 1490 1006 1553 cathedram,
1034 1489 1189 1558 quasi
1220 1488 1375 1553 latro,
1406 1497 1462 1544 et
1494 1489 1802 1542 sacerdotes
1835 1496 1975 1551 tuos,

397 1572 489 1652 qui
512 1573 658 1652 digni
685 1583 750 1635 de
770 1574 854 1635 his
878 1574 1131 1636 Ecclesia:
1153 1577 1380 1652 perfrui,
1407 1578 1670 1651 repulisti,
1699 1590 1753 1636 et
1779 1592 1876 1652 per
1895 1599 1981 1638 se~

396 1663 660 1727 culariunt
690 1668 948 1738 favorem,
973 1681 1221 1742 potenter
1251 1681 1451 1738 tamen,
1475 1672 1655 1733 sedem
1680 1674 1975 1729 ohtinuisti.

394 1763 475 1818 Ad
500 1763 610 1819 haec
638 1763 908 1819 Ravenna:
934 1763 1170 1835 pontifex
1200 1764 1380 1819 aiebat
1406 1782 1419 1818 :
1450 1758 1518 1820 Et
1553 1778 1659 1821 non
1693 1781 1813 1821 mea
1839 1784 1978 1839 pne-
2005 1761 2052 1820 B

395 1855 738 1925 sutnptione,
783 1856 874 1910 sed
919 1856 1196 1927 elegerunt
1225 1872 1308 1910 me
1331 1853 1536 1922 clerus,
1581 1868 1634 1913 et
1671 1857 1820 1929 plebs
1856 1858 1974 1914 uni-

394 1952 569 2001 versa.
595 1945 941 2017 interrogasti
963 1961 1059 2017 per
1080 1947 1322 2001 ordinem
1348 1946 1609 2003 canonico
1634 1963 1802 2014 more,
1831 1959 1885 2004 et
1907 1950 1974 2005 de

395 2053 480 2093 tne
514 2038 695 2094 omnia
720 2038 874 2094 vobis
896 2038 1166 2110 patefacta
1191 2044 1346 2105 sunt,
1376 2043 1647 2111 quomodo
1674 2041 1846 2099 laicus
1875 2042 1972 2108 fui,

388 2130 449 2195 et
469 2141 720 2200 sponsam
744 2126 930 2194 habui,
954 2137 1009 2184 et
1030 2131 1097 2186 ad
1121 2129 1434 2186 clericatum
1460 2134 1702 2202 perveni,
1726 2140 1781 2188 et
1798 2136 1977 2205 cogni—

398 2228 511 2274 tum
536 2217 690 2275 vobis
715 2211 913 2275 factum
939 2229 1041 2286 est,
1074 2229 1128 2277 et
1154 2218 1384 2288 dixistis,
1409 2221 1612 2277 nullum
1630 2223 1973 2279 obstaculum

394 2302 523 2364 tuihi
553 2323 673 2366 esse
695 2318 893 2380 potest.
922 2304 1215 2381 Postquam
1243 2313 1365 2367 talia
1389 2313 1456 2369 de
1492 2330 1579 2369 me
1607 2312 1848 2382 sensisti,
1877 2328 1977 2371 cur

397 2410 482 2452 me
513 2399 887 2454 consecrasti?
912 2397 1163 2456 Diversas
1194 2411 1374 2456 autem
1406 2404 1705 2459 sententias
1739 2404 1881 2458 inter
1917 2415 1976 2459 se

392 2486 628 2559 episcopi
651 2485 928 2556 ferebant,
964 2500 1020 2545 et
1054 2487 1192 2546 infra
1225 2492 1645 2563 unumquodque
1668 2493 1971 2548 cubiculum

394 2574 575 2632 cordis
611 2593 806 2650 magna
831 2580 1175 2650 quatiebatur
1203 2587 1515 2652 tempestas.
1546 2578 1809 2637 Dicebant
1827 2582 1972 2637 enim

392 2667 923 2736 utnnes:Quomodo
963 2686 1279 2741 possumus,
1326 2686 1450 2726 cum
1494 2673 1664 2727 simus
1701 2670 1972 2744 discipuli,

394 2758 710 2828 magistrum
744 2760 1028 2832 judicare?
1062 2761 1187 2817 Rrec
1230 2763 1457 2818 audiens
1495 2778 1654 2833 papa,
1691 2763 1746 2819 in
1790 2762 1975 2819 furore

394 2856 583 2906 versus
610 2852 843 2908 asseruit
869 2868 928 2909 se
948 2854 1034 2908 die
1061 2854 1299 2909 crastino
1322 2855 1570 2910 manibus
1596 2855 1708 2910 suis
1733 2856 1973 2910 orarium

388 2950 417 2990 ιι
446 2940 584 2996 collo
616 2941 733 3013 ejus
763 2943 1035 3000 evelleret.
1064 2943 1215 3001 Tunc
1244 2943 1464 3016 Sergius
1504 2945 1731 3000 antistes
1762 2944 1975 3000 Raven-

392 3030 577 3088 uensis
605 3045 761 3089 nocte
782 3036 968 3089 eadem
999 3052 1118 3090 cum
1152 3035 1405 3106 lacrymis
1436 3036 1663 3107 projecit
1693 3050 1751 3092 se
1790 3036 1857 3092 ad
1895 3036 1974 3091 al-

2076 581 2254 636 dulcia
2276 580 2460 646 verba,
2484 589 2538 636 et
2568 582 2816 652 permisit
2842 598 2964 637 eum
2994 583 3171 637 redire
3196 581 3264 636 ad
3292 584 3477 637 sedem
3502 600 3657 640 suam

2076 690 2198 727 cum
2219 674 2414 744 gaudio
2436 688 2632 744 magno
2654 681 2709 727 et
2733 672 3033 728 alacritate.
3069 671 3196 728 Post
3218 674 3435 727 tertium
3459 690 3659 730 annum

2076 765 2392 821 Ravennam
2429 766 2703 837 ingressus
2732 773 2845 830 est,
2883 780 3044 834 quem
3081 765 3502 835 suscipientibus
3538 782 3661 821 cum

2078 852 2245 927 [eum]
2271 856 2383 909 suis
2411 853 2622 910 modica
2653 854 2940 925 gratulatio
2978 852 3106 917 fuit,
3151 861 3206 907 et
3238 854 3450 907 modica
3482 856 3660 922 quies.

2076 945 2175 999 lvit
2218 944 2438 1012 Sergius
2489 943 2732 1014 pontifex
2782 944 2849 997 ad
2897 942 3283 998 monasterium
3328 942 3390 996 Β.
3436 942 3666 1014 virginis

2077 1035 2289 1100 Mariae,
2331 1051 2452 1104 qua:
2482 1044 2706 1089 vocatur
2745 1033 3069 1089 Cosmedim.
3100 1032 3231 1087 Post
3263 1033 3488 1087 missam
3517 1034 3665 1089 cele-

2075 1126 2596 1196 bratatnprostravit
2617 1140 2675 1182 se
2697 1133 2825 1180 ante
2856 1124 3110 1178 altarium
3142 1123 3202 1176 Β.
3237 1122 3467 1189 Nicolai,
3500 1140 3667 1180 orans

2078 1217 2399 1282 diutissime,
2422 1224 2477 1272 ct
2496 1216 2760 1288 lacrymas
2785 1214 3037 1281 fundens,
3062 1230 3182 1285 qua:
3209 1225 3468 1285 apparent
3493 1232 3667 1288 usque

2078 1305 2130 1361 iu
2162 1315 2482 1377 praesentem
2510 1307 2675 1362 diem.

2697 1412 2926 1470 CAPUT
2960 1411 3047 1468 ιν.

2080 1506 2328 1577 Pontifex
2357 1506 2656 1577 Ravennam
2682 1508 2839 1577 venit.
2865 1505 3049 1561 Clerus
3079 1507 3132 1561 in
3157 1523 3274 1561 eum
3301 1507 3526 1576 infanda
3553 1524 3669 1561 ma-

2148 1572 2409 1632 chinatur.
2448 1576 2697 1632 Uviliaris
2722 1572 2931 1630 diaconi
2957 1578 3137 1631 sanius
3160 1572 3458 1630 consilium.
3498 1578 3666 1632 Plura

2147 1649 2662 1719 pontifexgasportat.
2704 1646 2915 1719 Sergius
2932 1649 3024 1719 μή
3046 1646 3301 1719 exure/tus
3334 1648 3536 1719 regioni
3570 1651 3667 1719 im:

2149 1714 2326 1787 minet.
2367 1717 2435 1772 In
2469 1714 2886 1787 'ponti/icemfrci
2923 1714 3144 1770 Romam
3185 1714 3416 1787 abducti.
3444 1717 3571 1769 Alia
3597 1718 3666 1771 ad

2149 1785 2392 1910 Sergium
2419 1784 2724 1859 spectantia.
2755 1786 2944 1857 Aliqua
2969 1787 3176 1841 desunt.
3200 1784 3393 1840 Omnia
3414 1797 3574 1841 caute
3593 1787 3667 1841 lc-

2149 1875 2178 1910 a
2199 1875 2241 1910 ἠ
2283 1875 2335 1910 a.

2146 1875 2178 1928 g
2199 1875 2335 1911 'naa.

2148 1949 2225 2002 Eo
2270 1962 2502 2017 namque
2548 1955 2787 2017 tempore
2842 1947 3032 2002 exiens
3084 1945 3390 2015 Stephanus
3435 1944 3666 2018 [Paulus

2074 2038 2270 2093 Bacch.
2298 2038 2380 2093 hic
2407 2048 2453 2093 et
2485 2035 2652 2110 infra]
2689 2053 2827 2107 papa
2861 2036 3141 2091 Romanus
3169 2037 3338 2090 Roma
3358 2076 3373 2100 ,
3414 2036 3665 2093 Francia:

2076 2129 2301 2198 arripuit
2326 2128 2461 2193 iter,
2502 2141 2797 2197 properans
2825 2126 2953 2180 hinc
2980 2124 3313 2188 Ravennam,
3357 2122 3502 2178 infra
3553 2123 3666 2195 epi-

2076 2221 2317 2290 scopium
2340 2217 2456 2290 ejus
2482 2217 2770 2289 applicitus
2791 2225 2896 2272 est.
2924 2214 3169 2271 Scientes
3190 2224 3368 2269 autem
3391 2224 3449 2271 et
3472 2217 3665 2271 viden-

2077 2320 2159 2367 tes
2201 2308 2513 2367 sacerdotes
2558 2309 2701 2379 quod
2747 2308 2863 2380 ipse
2891 2315 3229 2363 scrutaretur
3256 2320 3451 2378 gazas,
3499 2317 3667 2377 atque

2074 2419 2264 2458 omnes
2292 2418 2424 2473 opes
2450 2401 2694 2457 ecclesiae
2732 2399 2998 2471 deglutire
3037 2398 3289 2461 deberet,
3331 2406 3492 2453 erant
3526 2399 3668 2452 inter

2074 2510 2169 2551 eos
2223 2493 2562 2549 incommoda
2611 2492 2793 2546 verba.
2839 2489 2944 2545 Alii
2988 2486 3273 2552 dicebant,
3320 2485 3666 2544 Suﬂocemus

2075 2602 2229 2651 eum;
2260 2582 2372 2652 alii,
2410 2583 2551 2649 Non,
2597 2586 2883 2637 serventur
2919 2578 3163 2635 ecclesuc
3208 2577 3459 2633 fortunae.
3490 2576 3667 2632 Erant

2075 2677 2318 2746 dispares
2337 2690 2497 2730 voces
2516 2674 2568 2728 in
2593 2670 2771 2743 vulgo.
2799 2671 2950 2725 Tunc
2972 2665 3082 2724 Leo
3104 2670 3382 2733 diaconus,
3411 2676 3462 2724 et
3490 2668 3662 2738 ipsius

2075 2768 2278 2824 domini
2306 2767 2674 2823 vicedominus
2695 2762 3066 2820 sacerdotibus
3094 2762 3228 2817 dixit
3258 2779 3270 2815 :
3303 2759 3439 2817 Cum
3470 2775 3661 2831 cmpe-

2076 2861 2149 2914 rit
2187 2858 2511 2930 depopulare
2543 2856 2725 2912 omnia
2760 2853 3043 2927 [vocemus
3073 2866 3195 2907 eum
3225 2849 3463 2924 occulte]
3504 2850 3661 2921 quasi

2075 2951 2277 3022 aliquid
2300 2950 2369 3006 ad
2396 2948 2787 3005 ostendendum
2816 2946 2889 3011 ei,
2917 2953 2974 3001 et
2998 2944 3393 3015 prareipitemus
3422 2958 3574 3009 eum,
3603 2949 3663 2996 ut

2075 3041 2355 3096 demersus
2384 3040 2440 3095 in
2474 3036 2801 3111 profundum
2835 3050 2987 3105 aqua:
3012 3049 3287 3104 nunquam
3325 3040 3660 3103 compareat.

393 3122 590 3176 tarium
629 3122 689 3176 Β.
729 3122 930 3177 Nicolai
950 3164 964 3189 ,
1002 3133 1058 3179 et
1084 3139 1143 3179 se
1181 3133 1353 3179 totum
1391 3125 1444 3179 in
1476 3126 1686 3196 magnis
1720 3126 1971 3183 lamentis
1997 3108 2042 3171 Ο
2074 3132 2190 3187 Hoc
2220 3138 2338 3186 erat
2360 3108 2501 3184 inter
2527 3143 2621 3183 eos
2652 3125 2970 3190 consilium,
2998 3132 3052 3178 et
3080 3124 3246 3178 verba
3288 3120 3662 3188 incommoda,

391 3210 555 3268 dedit.
594 3212 876 3270 Prostrato
899 3230 1126 3284 corpore
1155 3215 1338 3270 tandiu
1360 3216 1627 3287 lacrymas
1649 3217 1806 3284 fudit,
1827 3221 1970 3288 quod

390 3303 570 3359 lucttm
592 3303 682 3359 ubi
703 3304 969 3359 mmrebat
993 3303 1144 3360 valde
1166 3305 1389 3371 roravit,
1406 3317 1462 3360 et
1480 3306 1680 3362 rivulos
1696 3310 1965 3377 produxit.

388 3386 601 3450 iudicio
627 3388 726 3451 Dei
755 3403 915 3451 nocte
953 3395 1040 3450 illa
1080 3405 1326 3453 mortuus
1360 3406 1446 3453 est
1479 3396 1678 3455 Paulus
1718 3399 1971 3472 [Stepha-

376 3475 514 3559 nus]
538 3498 675 3557 papa
703 3494 924 3557 repente
952 3495 1140 3557 raptus
1172 3490 1461 3545 estsubito
1480 3530 1495 3556 ,
1536 3490 1769 3559 quievit,
1800 3500 1855 3547 et
1885 3501 1968 3549 te-

390 3584 626 3635 nuerunt
658 3595 780 3635 eum
827 3581 907 3636 sui
952 3580 1164 3638 occulte
1211 3598 1381 3653 usque
1426 3599 1603 3639 mane.
1655 3584 1970 3658 lnsurgente

389 3676 520 3724 Vero
548 3684 743 3725 aurora
771 3670 898 3734 diei,
927 3679 1217 3742 antequam
1241 3687 1306 3726 ex
1329 3687 1395 3728 eo
1421 3674 1605 3731 radius
1633 3676 1761 3731 solis
1783 3678 1967 3749 Splen-

391 3761 653 3825 desccrct,
691 3765 745 3814 et
770 3771 972 3816 terram
1004 3761 1241 3817 thbco
1271 3763 1623 3833 perlustraret
1660 3768 1844 3833 radio,
1875 3784 1969 3823 ve-

389 3852 469 3905 nit
496 3852 562 3906 ad
587 3867 711 3906 eum
736 3850 1042 3923 Stephanus
1069 3851 1288 3925 [Paulus
1321 3853 1542 3929 Bacch.]
1590 3859 1740 3913 urbis
1785 3859 1970 3915 Roma:

389 3943 670 4009 diaconus,
702 3956 991 4016 germanus
1019 3946 1259 4015 przedicti
1285 3962 1458 4018 papzc,
1497 3949 1551 4003 in
1584 3949 1697 4020 ipsa
1720 3952 1967 4006 custodia

390 4030 477 4087 ubi
507 4033 732 4104 Sergius
771 4033 1014 4104 pontifex
1052 4044 1187 4090 erat.
1229 4036 1319 4090 Ait
1355 4037 1419 4092 ad
1469 4053 1591 4094 eum
1621 4057 1632 4090 :
1658 4039 1797 4106 Quid
1839 4041 1967 4095 mihi

389 4115 614 4178 daturus
644 4136 725 4190 es,
756 4124 800 4178 si
827 4138 1079 4181 reversus
1109 4125 1276 4181 fueris
1312 4144 1435 4182 eum
1477 4144 1611 4199 pace
1647 4131 1714 4185 ad
1749 4131 1967 4185 domum

389 4221 570 4278 tuam,
615 4223 669 4268 et
699 4214 846 4268 omni
877 4214 1083 4271 honore
1120 4225 1175 4271 et
1218 4217 1479 4289 dignitate
1517 4220 1846 4291 ampliatus?
1878 4221 1970 4279 llis

387 4303 586 4357 auditis
615 4303 829 4373 praesul,
858 4305 1009 4374 quasi
1031 4305 1097 4361 de
1126 4306 1315 4376 laqueo
1337 4317 1585 4378 ereptus,
1612 4318 1667 4365 et
1694 4325 1967 4381 egressus,

384 4397 463 4449 ait
493 4413 506 4449 :
538 4393 654 4450 Non
688 4409 855 4466 parva
886 4397 982 4452 tibi
1018 4405 1196 4454 statuo
1227 4399 1355 4456 dare
1385 4415 1638 4467 munera,
1678 4402 1783 4458 nisi
1826 4405 1969 4475 quod

388 4486 561 4548 audis,
600 4483 762 4539 facio.
797 4498 824 4526 ι
854 4486 984 4541 Veni
1015 4496 1070 4540 tu
1102 4487 1215 4556 ipse
1244 4487 1580 4556 Ravennam,
1605 4466 1660 4545 et
1688 4466 1968 4563 ingredere
1995 4466 2046 4525 Β

385 4573 526 4628 infra
565 4575 896 4644 episcopium
928 4575 981 4629 in
1007 4590 1070 4631 ea
1096 4576 1344 4644 ecclesia,
1377 4587 1432 4633 et
1468 4590 1715 4636 scrutare
1741 4583 1968 4655 diligen-

387 4677 469 4719 ter
509 4680 699 4721 omnes
736 4681 901 4737 gazas
940 4667 1109 4737 ipsius
1140 4669 1363 4736 domus,
1398 4686 1623 4740 aurum,
1660 4683 1964 4746 argentum,

385 4757 622 4823 \ascula,
649 4774 930 4827 nummos;
955 4761 1136 4815 omnia
1163 4762 1272 4817 sint
1307 4763 1406 4818 tibi
1441 4764 1587 4830 data,
1627 4774 1683 4821 et
1706 4777 1967 4836 quantum

387 4850 469 4903 vis
495 4862 595 4919 pro
626 4850 1002 4907 benedictione
1036 4852 1342 4920 dimittere,
1379 4851 1604 4910 dimitte.
1647 4856 1823 4928 Super
1852 4860 1968 4915 hare

387 4941 570 5007 verba,
585 4940 905 5012 iuraverunt
928 4944 1028 4998 sibi
1056 4952 1260 4999 mutuo.
1283 4944 1341 4999 In
1365 4946 1477 5017 ipsa
1500 4961 1632 5003 vero
1658 4947 1746 5003 die
1764 4949 1968 5005 electus

384 5042 468 5089 est
496 5035 784 5104 praedictus
814 5033 1117 5090 Germanus
1151 5036 1388 5092 defuncti
1414 5053 1565 5107 papa:
1595 5038 1648 5092 in
1679 5038 1814 5095 solio
1838 5055 1969 5110 apo-

382 5124 631 5189 stolatus,
656 5132 711 5179 et
733 5125 917 5180 statim
947 5123 1107 5180 solvit
1134 5140 1322 5180 omnes
1344 5128 1607 5195 captivos,
1633 5135 1686 5183 et
1717 5130 1969 5184 omnibus

384 5216 563 5270 noxiis
587 5216 799 5270 veniam
822 5215 1115 5271 concessit.
1146 5213 1298 5269 Tunc
1317 5214 1482 5284 jussit
1511 5218 1694 5274 venire
1718 5218 1967 5290 Sergium

384 5296 796 5365 Raveunensem
825 5307 1136 5379 pontificem
1164 5319 1286 5363 cum
1312 5310 1460 5363 omni
1493 5309 1729 5375 honore,
1761 5319 1817 5365 et
1860 5311 1970 5382 glo-

385 5398 501 5464 ria,
528 5408 587 5454 et
610 5414 733 5454 cum
767 5399 992 5454 vidisset
1022 5412 1168 5462 eum,
1199 5396 1499 5453 sublevavit
1532 5413 1592 5453 se
1614 5400 1679 5455 de
1713 5399 1842 5455 selta
1871 5400 1963 5455 ubi

381 5489 629 5554 sedebat,
654 5499 709 5545 et
728 5503 851 5545 eum
873 5496 1203 5560 prostratum
1223 5486 1407 5552 humo,
1430 5498 1486 5543 et
1507 5489 1653 5545 vultu
1675 5491 1965 5557 submisso,

383 5583 543 5638 etatis
584 5583 833 5640 manibus
872 5581 1205 5645 sublevavit,
1256 5589 1312 5635 et
1354 5582 1514 5637 irruit
1560 5598 1724 5653 super
1768 5583 1964 5639 collum

460 5709 482 5737 ι
514 5696 685 5755 Caute
714 5699 848 5767 lege,
879 5707 932 5754 et
959 5705 1117 5753 notas
1145 5696 1384 5753 consule.
1424 5697 1619 5754 Bsccu.

2071 3233 2129 3277 ut
2161 3220 2258 3294 [et]
2292 3220 2569 3276 commoda
2618 3216 2949 3289 agebantur,
2991 3224 3050 3272 ut
3080 3212 3183 3288 [et]
3224 3213 3526 3280 conclusa;
3575 3212 3664 3269 alii

2071 3328 2192 3367 eum
2221 3311 2375 3381 quasi
2403 3308 2546 3366 facta
2569 3308 2816 3374 fuissent,
2841 3307 3194 3362 remotionem
3224 3305 3471 3360 criminis
3496 3305 3668 3361 medi-

2073 3404 2346 3457 tabantur.
2374 3400 2617 3455 Audiens
2646 3399 2751 3454 hoc
2784 3396 3036 3453 Uviliaris
3060 3393 3478 3451 archidiaconus
3504 3394 3664 3451 istius

2071 3493 2215 3549 sedis
2238 3492 2510 3547 Ravenna:
2547 3491 2614 3546 de
2653 3488 2983 3545 monasterio
3024 3486 3082 3542 S.
3110 3486 3527 3552 Bartholomzei,
3570 3485 3662 3555 qui

2071 3583 2164 3640 illo
2194 3592 2435 3653 tempore
2463 3582 2663 3638 ibidem
2686 3581 2911 3636 sistebat
2941 3578 3102 3642 abba,
3131 3578 3244 3643 ubi,
3279 3579 3389 3633 Deo
3413 3577 3657 3645 favente,

2070 3685 2192 3746 post
2229 3676 2402 3746 ipsum
2448 3683 2673 3745 quartus
2716 3687 2816 3744 ego
2855 3686 2974 3727 sum
3004 3668 3195 3735 modo,
3227 3669 3295 3724 ad
3324 3668 3662 3739 episcopium

2070 3766 2315 3822 ecclesia:
2336 3780 2460 3822 cum
2490 3779 2700 3820 summa
2722 3762 3007 3818 velocitate
3034 3760 3291 3825 occurrit,
3315 3767 3371 3815 et
3393 3760 3533 3815 vidit
3553 3775 3667 3815 om-

2072 3872 2168 3911 nes
2198 3853 2507 3912 sacerdotes
2541 3854 2593 3908 in
2627 3852 2825 3908 talibus
2849 3850 3302 3906 machinamentis
3328 3851 3665 3904 sermocina.

2072 3946 2278 4000 tionum
2303 3945 2526 4009 sistere,
2558 3952 2615 3998 et
2638 3943 2851 3998 diversa
2891 3943 3035 3997 inter
3058 3957 3117 3996 se
3152 3938 3374 3995 consilia
3414 3940 3658 4002 volvere,

2071 4053 2368 4110 agnoscens
2396 4052 2552 4091 suum
2578 4037 2631 4090 in
2661 4036 2931 4091 contraria
2952 4042 3207 4105 ereptum,
3230 4032 3528 4103 complosis
3555 4049 3666 4087 ma-

2071 4130 2230 4183 nibus
2255 4135 2442 4183 contra
2466 4143 2560 4182 eos
2584 4141 2767 4181 vocem
2794 4125 2941 4179 misit
2965 4142 2978 4178 :
3002 4123 3046 4179 Ο
3069 4131 3269 4193 quanta
3293 4123 3532 4187 insania,
3563 4123 3667 4176 fra-

2072 4230 2200 4285 tres,
2226 4221 2271 4275 si
2294 4221 2394 4275 ista
2418 4219 2661 4275 meditati
2689 4220 2849 4273 estis!
2880 4218 3135 4272 dirimere
3165 4215 3469 4286 pontiﬁcem
3493 4214 3524 4267 Ἰ
3548 4214 3662 4268 Non

2070 4327 2224 4381 requa
2253 4310 2479 4366 consilia
2503 4310 2555 4364 in
2584 4309 2894 4381 pectoribus
2923 4308 3116 4362 vestris
3144 4306 3387 4378 gestatis.
3416 4304 3665 4377 Adquie-

2072 4402 2205 4456 scite
2225 4401 2376 4465 mihi,
2401 4410 2460 4454 ut
2480 4415 2617 4471 papa
2644 4398 2938 4454 honorifice
2969 4398 3095 4452 hinc
3124 4396 3409 4459 abscedat,
3431 4410 3665 4450 manus-

2070 4508 2176 4563 que
2201 4501 2412 4547 vestras
2450 4499 2664 4547 servate
2697 4490 2976 4555 innoxias,
3019 4497 3073 4544 et
3096 4496 3493 4544 sacramentum
3529 4504 3667 4558 pra:-

2072 4582 2204 4637 sulis
2229 4582 2402 4637 nostri
2438 4596 2716 4636 servemus
2744 4581 2990 4637 illaesum.
3029 4580 3162 4637 Cum
3204 4580 3522 4635 incumbere
3551 4594 3667 4634 etc-

2071 4673 2213 4742 perit
2236 4680 2352 4726 atra
2380 4687 2505 4738 nox,
2538 4680 2593 4727 et
2620 4671 2989 4727 Romanorum
3026 4687 3151 4728 cum
3191 4670 3392 4726 fuerint
3424 4682 3664 4739 corpora

2070 4779 2135 4819 ex
2169 4764 2411 4834 dapibus,
2441 4772 2496 4819 et
2520 4762 2853 4819 lucidissime
2882 4762 3017 4835 lyaeo
3046 4765 3200 4835 plena
3220 4802 3235 4828 ,
3272 4762 3439 4832 prima
3471 4761 3663 4831 quies,

2071 4858 2226 4929 quasi
2252 4857 2444 4928 sepulti
2463 4859 2680 4929 iacent,
2712 4868 2906 4914 cuncta
2935 4860 3061 4914 atrii
3087 4856 3302 4930 lychnia
3328 4856 3651 4928 extinguan.

2075 4960 2181 5015 tur,
2228 4965 2296 5004 ne
2328 4950 2433 5004 illis
2469 4949 2701 5006 flamma:
2728 4951 3075 5006 candeiarum
3106 4959 3263 5005 nocte
3289 4947 3471 5004 solatia
3518 4962 3662 5017 pra:-

2071 5046 2236 5105 stent,
2263 5046 2318 5093 et
2342 5038 2483 5109 quod
2504 5050 2792 5108 possumus
2814 5039 3024 5095 occulte
3048 5040 3324 5104 abdicare,
3346 5037 3528 5092 omnia
3557 5039 3660 5091 im-

2070 5130 2427 5200 pustellentur
2473 5129 2551 5203 [in
2596 5133 2799 5203 cryptis
2830 5130 3131 5205 celentur],
3171 5133 3450 5202 ignorante
3477 5130 3664 5200 ponti-

2071 5223 2174 5277 ﬁce
2207 5232 2409 5278 nostro.
2444 5221 2663 5293 Apertis
2689 5222 2823 5278 locis
2848 5223 3193 5289 divitiarum,
3223 5237 3357 5293 quas
3384 5235 3520 5291 papa
3552 5218 3661 5274 Ro-

2072 5329 2267 5368 manus
2288 5314 2575 5378 invenerit,
2602 5313 2771 5368 tollat.
2800 5312 3116 5383 Placuitque
3134 5313 3383 5368 omnibus
3404 5312 3505 5366 hoc
3526 5325 3670 5365 oon-

2072 5403 2250 5457 silium
2268 5443 2284 5468 ,
2319 5413 2373 5458 et
2407 5404 2763 5460 decreverunt
2782 5404 2908 5474 quia
2934 5404 3050 5459 haec
3074 5402 3325 5458 Uviiiaris
3348 5402 3540 5456 melior
3573 5406 3666 5453 est

2072 5512 2237 5565 quam
2287 5506 2609 5551 cancrorum
2658 5497 2925 5551 sententia
2972 5494 3181 5565 prolata
3214 5503 3392 5549 mente
3425 5488 3523 5565 [et]
3574 5490 3662 5544 in-

2075 5588 2245 5660 gressi
2269 5590 2578 5644 sacerdotes
2598 5588 2738 5643 infra
2761 5588 2971 5659 singula
2992 5587 3109 5643 loca
3128 5601 3408 5656 gazarum,
3431 5583 3664 5638 abscon-
