3906 6182
369 369 474 427 755

1076 359 1370 419 AGNELLI
1405 358 1696 417 ABBATIS
1737 361 1793 417 s.
1836 348 2074 418 male:
2114 363 2206 418 AD
2243 358 2718 427 BLACHERNAS,
2755 358 2907 416 ETC.

3511 360 3608 417 7'56

364 484 576 547 lariam,
606 495 710 535 non
739 477 897 548 longe
920 492 950 531 a
977 462 1304 531 monasterio
1328 474 1388 530 S.
1416 474 1614 539 Mariae,
1640 491 1762 544 qum
1784 490 1945 530 voca-
1970 480 2017 538 Α
2045 478 2291 531 examine
2310 490 2507 545 corpus
2521 486 2577 531 et
2596 475 2828 530 lembum
2852 471 3098 547 [loibum]
3117 488 3147 528 a
3167 472 3336 530 barba
3356 489 3528 545 usque
3546 478 3611 533 ad

364 588 455 631 tur
482 575 551 628 ad
578 570 927 634 Blachernas,
954 567 1045 620 ubi
1072 567 1182 621 Deo
1205 566 1419 620 volente
1453 581 1553 635 ego
1579 565 1715 618 abba
1740 565 1937 629 existo,

359 662 613 733 protinus
658 658 712 711 in
754 665 954 711 terram
1003 654 1216 718 cecidit,
1243 662 1299 710 et
1328 653 1503 708 factus
1525 653 1577 707 in
1607 654 1800 708 ecstasi
1832 662 1934 718 est,

362 761 419 806 et
448 757 698 821 aspectus
722 748 838 817 ejus
869 760 1155 811 evanuere,
1183 752 1238 799 et
1264 759 1513 799 reversus
1550 743 1617 798 ad
1664 743 1935 813 proprium

360 855 600 904 sensum,
629 839 989 907 interrogatus
1038 850 1069 889 a
1116 834 1593 890 circumstantibus
1621 848 1741 903 quae
1774 848 1937 888 causa

358 929 697 1000 contigisset,
741 927 831 981 ille
858 934 1074 980 erectus
1112 925 1248 979 dixit
1275 925 1386 979 eis:
1423 923 1479 977 Si
1529 923 1718 978 dixero
1757 923 1935 988 vobis,

362 1037 509 1077 mors
537 1034 623 1075 me
665 1026 968 1074 consumet.
996 1014 1147 1071 Tunc
1174 1015 1351 1085 palam
1379 1014 1629 1068 omnibus
1655 1028 1777 1066 eum
1804 1029 1937 1082 pon-

362 1113 497 1167 tifex
524 1110 896 1180 interrogavit,
921 1107 1039 1176 ejus
1062 1123 1181 1176 qua:
1206 1122 1367 1161 causa
1393 1105 1589 1160 accidit
1609 1103 1724 1158 tibi.
1753 1101 1821 1158 Et
1847 1103 1937 1158 ille

361 1200 699 1273 respondens
743 1200 916 1255 dixit:
947 1198 1187 1254 Mortuus
1227 1204 1311 1250 est
1351 1194 1621 1264 Leopatus
1647 1193 1848 1254 statim,
1881 1201 1936 1247 et

364 1295 473 1349 vidi
497 1294 734 1347 animam
760 1291 876 1361 ejus
920 1290 974 1344 in
1015 1288 1181 1343 linteo
1206 1285 1537 1340 lucidissimo
1566 1284 1635 1338 ab
1665 1281 1853 1353 angelo
1880 1282 1932 1336 in

358 1384 558 1441 caelum
593 1379 790 1437 deferri
831 1379 995 1435 alacri
1030 1378 1196 1433 vultu.
1230 1374 1529 1447 Stupefacti
1567 1388 1753 1428 omnes
1796 1387 1936 1442 pra:-

359 1483 544 1531 sentes
573 1473 851 1527 adstantes
874 1468 1238 1532 mirabantur;
1262 1473 1318 1519 et
1353 1473 1413 1519 ut
1447 1463 1651 1518 veritas
1678 1460 1937 1531 probare-

361 1576 468 1632 tur,
497 1567 678 1621 statim
725 1565 874 1620 misit
894 1579 1060 1619 unum
1104 1578 1168 1617 ex
1198 1559 1545 1615 cubiculariis
1582 1556 1847 1628 pontifex,
1873 1563 1935 1612 ut

356 1658 563 1714 veritas
586 1656 930 1726 probaretur,
962 1660 1017 1709 et
1053 1652 1258 1707 invenit
1296 1665 1420 1706 eum
1457 1650 1576 1720 ipsa
1615 1648 1749 1704 hora
1783 1663 1933 1704 mor-

358 1759 533 1805 tuum.
558 1746 712 1803 Abba
737 1761 864 1803 vero
887 1745 975 1801 ille
1002 1753 1127 1815 post
1147 1750 1269 1798 octo
1300 1742 1436 1798 obiit
1460 1741 1593 1797 dies.

980 1855 1205 1912 CAPUT
1243 1855 1304 1910 11.

354 1949 581 2021 lnjuslte
615 1947 992 2021 maledictiopis
1021 1948 1084 2021 in
1119 1946 1375 2021 insontem
1396 1945 1561 2021 facta:
1585 1942 1779 2013 funesti
1802 1942 1930 2014 επε-

727 2030 859 2072 ctus.
889 2015 1088 2087 Infelix
1107 2015 1332 2070 Joannis
1355 2015 1545 2068 obitus.

430 2111 507 2166 De
535 2117 709 2165 morte
740 2123 869 2164 vero
903 2106 1174 2177 pontiﬁcis
1213 2104 1366 2159 vobis
1400 2102 1673 2159 insinuare
1710 2101 1928 2159 festino.

358 2201 529 2267 State,
557 2209 614 2256 et
639 2200 816 2255 videte
852 2198 1052 2263 divina,
1077 2204 1132 2252 et
1162 2194 1307 2265 justa
1337 2192 1540 2264 judicia
1574 2193 1690 2248 Dei.
1715 2193 1845 2248 Erat
1875 2193 1931 2247 in

359 2293 460 2346 hac
482 2291 702 2347 civitate
734 2287 1057 2343 nobilissimi
1105 2286 1248 2341 ﬁlius
1282 2285 1410 2349 viri,
1438 2282 1529 2354 qui
1553 2291 1677 2354 post
1702 2291 1931 2338 mortem

351 2381 527 2451 patris
570 2380 787 2435 tenebat
828 2377 1224 2449 possessionem
1254 2374 1565 2430 monasterii
1599 2372 1658 2429 S.
1693 2373 1928 2438 Martini,

352 2471 451 2540 qui
480 2469 644 2542 [qum]
674 2477 899 2525 vocatur
920 2469 974 2522 in
997 2468 1150 2537 Aqua
1179 2466 1384 2537 Longa,
1416 2465 1713 2520 avunculus
1741 2465 1932 2521 matris

361 2575 519 2616 meae.
542 2559 793 2626 Quotidie
837 2557 1079 2628 pontifex
1116 2555 1469 2611 insidiabatur
1509 2562 1570 2609 ut
1612 2553 1931 2624 praedictum

361 2649 751 2705 monasterium
784 2648 1037 2703 invadere
1057 2656 1260 2718 posset,
1290 2653 1345 2702 et
1369 2645 1496 2716 quia
1523 2645 1631 2698 vim
1655 2645 1704 2700 ei
1731 2644 1932 2699 inferre

352 2755 467 2796 non
496 2748 712 2811 poterat
748 2748 967 2811 propter
996 2738 1330 2795 nobilitatem
1371 2746 1677 2808 parentum,
1702 2738 1930 2793 maledi-

350 2832 536 2888 ctione
584 2841 641 2886 et
685 2830 1044 2901 blasphemia,
1079 2829 1274 2901 linguae
1324 2844 1446 2884 eum
1503 2829 1680 2901 gladio
1713 2828 1927 2884 occidit.

359 2922 455 2976 Die
510 2937 637 2978 vero
668 2921 884 2976 natalis
929 2919 988 2976 S.
1036 2920 1405 2991 Apollenaris,
1451 2919 1642 2975 obtulit
1695 2920 1744 2975 ei
1792 2920 1928 2990 ipse,

354 3029 518 3081 quem
563 3012 938 3077 maledicebat,
979 3026 1135 3081 puer,
1165 3011 1491 3066 oblationem
1551 3025 1713 3079 quam
1753 3010 1933 3065 renuit

357 3105 648 3173 pucdictus
677 3102 940 3173 pontifex,
970 3106 1064 3159 sed
1084 3104 1362 3158 maledixit
1385 3119 1529 3169 eum,
1559 3105 1776 3159 dicens:
1804 3105 1930 3159 Post

2039 578 2200 637 caput
2227 568 2511 624 innodatus
2535 574 2655 622 erat
2675 567 2817 638 quod
2846 567 2919 622 illi
2943 581 3039 621 sua
3061 581 3126 622 ex
3156 582 3290 621 auro
3310 567 3495 624 Basilii
3520 571 3613 626 mi-

2038 668 2180 713 serat
2205 666 2396 711 mater.
2412 657 2832 712 Tuncexeuntes
2843 670 3031 711 omnes
3050 656 3116 711 de
3130 656 3348 712 civitate
3363 674 3396 712 a
3412 675 3612 731 magno

2036 761 2207 815 usque
2220 748 2286 802 ad
2302 763 2548 817 parvum,
2563 746 2770 802 nobiles
2784 754 2839 801 et
2854 747 3137 818 ignobiles,
3155 762 3295 803 anus
3307 758 3362 802 et
3374 749 3617 822 innupta

2035 837 2245 909 puella},
2265 848 2320 892 et
2340 845 2458 892 erat
2488 838 2753 893 maximus
2774 838 3041 908 planctus,
3057 847 3112 893 et
3144 838 3323 894 luctus
3357 842 3613 911 undique,

2037 933 2092 980 et
2117 940 2224 980 non
2257 926 2429 980 solum
2469 923 2726 997 lugebant
2748 925 3069 981 tumulatum
3091 942 3309 997 corpus,
3333 929 3427 984 sed
3450 931 3615 986 orba-

2036 1021 2146 1068 tam
2185 1014 2255 1069 de
2294 1013 2404 1069 lilio
2442 1023 2693 1070 matrem.
2740 1015 2889 1070 'l‘unc
2927 1016 3066 1071 collo
3105 1017 3312 1073 levatus
3348 1019 3612 1087 virorum,

2035 1103 2328 1172 perductus
2369 1106 2423 1158 in
2464 1104 2792 1159 monasterio
2833 1103 2892 1158 S.
2933 1105 3283 1176 Euphemina:
3321 1116 3377 1162 et
3414 1107 3473 1163 S.
3510 1109 3614 1164 Ca-

2035 1196 2233 1262 linico,
2279 1197 2353 1251 ibi
2397 1197 2725 1267 sepelierunt
2760 1212 2903 1253 eum.
2962 1199 3115 1255 Tunc
3149 1199 3486 1270 ingressa'in
3528 1204 3613 1259 ci-

2035 1289 2258 1343 vitatem
2299 1288 2456 1343 turba
2494 1289 2739 1359 plorante
2766 1289 3026 1344 dederunt
3063 1290 3326 1360 optabiles
3357 1307 3517 1347 voces
3558 1293 3614 1348 in

2035 1393 2195 1434 aures
2235 1380 2525 1449 pontificis.
2589 1380 2655 1434 Et
2701 1380 3052 1451 interrogavit
3096 1382 3231 1450 quid
3279 1382 3383 1438 hoc
3424 1393 3613 1450 esset;

2035 1479 2091 1527 et
2134 1471 2271 1527 dixit
2320 1473 2370 1527 ei
2425 1474 2654 1527 nuncius
2696 1472 2788 1543 qui
2832 1473 3084 1528 viderat:
3131 1473 3425 1531 Deusdedit
3469 1476 3616 1532 ﬁlius

2033 1561 2180 1618 Petri
2208 1562 2433 1618 Tribuni
2464 1571 2710 1619 mortuus
2734 1574 2836 1618 est.
2885 1561 3085 1618 lterum
3111 1564 3260 1619 misit
3284 1564 3451 1619 alium
3476 1582 3609 1621 nun-

2035 1654 2177 1710 cium
2222 1662 2284 1709 ut
2323 1655 2523 1710 certius
2560 1655 2757 1721 sciret,
2799 1648 3070 1721 et'venit,
3114 1655 3302 1711 dicens
3339 1656 3612 1724 similiter,

2035 1752 2091 1800 et
2128 1744 2253 1800 dum
2292 1745 2505 1800 sederet
2543 1745 2610 1799 ad
2651 1759 2895 1800 mensam
2936 1752 3057 1816 post
3098 1745 3334 1801 tribunal
3368 1746 3615 1803 ecclesiae

1958 1825 2007 1885 B
2035 1847 2197 1902 super
2217 1831 2502 1899 vivarium,
2524 1833 2751 1888 elevatis
2785 1848 3000 1889 sursum
3036 1833 3285 1889 manibus
3315 1836 3613 1905 respiciens

2033 1922 2102 1976 ad
2140 1921 2347 1976 vultum
2384 1920 2681 1977 Salvatoris
2721 1921 2893 1976 dixit:
2935 1920 3152 1978 Gratias
3192 1922 3288 1977 tibi
3328 1938 3461 1990 ago,
3502 1924 3609 1979 Do—

2032 2015 2178 2071 mine
2217 2013 2344 2070 Jesu
2381 2014 2635 2079 Christe,
2689 2024 2746 2069 et
2802 2014 2900 2069 tibi
2948 2012 3010 2067 Β.
3054 2013 3429 2084 Apellenaris,
3484 2015 3610 2085 quia

2032 2106 2319 2165 exauditus
2355 2122 2459 2162 me.
2522 2104 2680 2162 Hunc
2717 2106 2859 2161 diem
2902 2122 3117 2177 semper
3156 2107 3480 2162 desideravi.
3548 2107 3612 2161 Et

2032 2199 2170 2254 dixit
2209 2199 2480 2269 pincernzc
2524 2214 2661 2253 suo:
2716 2198 2922 2264 Misce,
2979 2200 3145 2268 quia,
3200 2197 3311 2254 Deo
3365 2200 3607 2271 gratias,

2031 2288 2297 2345 exaudisti
2337 2303 2477 2344 sum.
2525 2288 2677 2343 Tunc
2717 2284 2977 2359 pinccrna
3013 2289 3283 2360 accipiens
3313 2304 3381 2344 ex
3414 2288 3613 2346 calice-

2031 2378 2197 2433 dimia
2219 2376 2367 2450 [Leg.
2392 2376 2743 2451 calicotheca]
2769 2378 2988 2450 impleta
3022 2395 3175 2435 mero
3209 2381 3448 2451 porrexit
3480 2397 3613 2451 pon-

2034 2466 2188 2522 tiﬁci.
2233 2466 2400 2533 Quem
2443 2466 2533 2522 ille
2577 2467 2880 2538 accipiens,
2924 2467 3093 2524 ebibit
3132 2486 3303 2541 usque
3345 2474 3414 2528 ad
3456 2473 3616 2529 dimi-

2032 2554 2178 2609 dium
2216 2554 2492 2624 poculum,
2532 2563 2590 2611 et
2625 2555 2802 2612 subito
2844 2556 2898 2611 in
2941 2556 3111 2614 latere
3149 2560 3372 2617 sinistro
3410 2570 3613 2633 puncta

2030 2662 2322 2717 percussus
2364 2648 2615 2703 celeriter
2639 2648 2861 2704 calicem
2896 2651 3143 2705 ministro
3176 2652 3345 2717 dedit,
3373 2662 3429 2708 et
3450 2654 3615 2722 jussit

2031 2751 2309 2792 removere
2349 2754 2627 2803 mensam,
2670 2747 2725 2794 et
2762 2740 2952 2811 gaudia
2999 2741 3212 2811 dapium
3246 2743 3298 2797 in
3332 2746 3612 2800 tristitiam

2029 2842 2187 2882 versa
2222 2836 2369 2893 sunt,
2405 2837 2460 2882 et
2491 2829 2638 2882 dedit
2672 2844 2731 2883 se
2767 2829 2819 2882 in
2852 2829 3080 2895 lectum;
3122 2832 3351 2900 septimo
3376 2833 3468 2886 die
3495 2844 3613 2903 post

2030 2931 2315 2972 excessum
2364 2915 2577 2985 juvenis
2632 2925 2877 2972 mortuus
2925 2928 3031 2972 est.
3094 2918 3161 2973 Et
3209 2917 3616 2988 jucundabatnr

2031 3018 2205 3065 mater
2238 3008 2428 3065 orbata
2463 3008 2654 3075 libero,
2692 3010 2833 3065 sicut
2865 3017 2919 3064 et
2953 3009 3044 3065 ille
3073 3012 3290 3082 gavisus
3327 3012 3395 3066 de
3440 3024 3614 3069 morte

2034 3100 2391 3156 adolescentis
2414 3099 2608 3156 fuerat.
2654 3099 2793 3156 Ecce
2825 3101 3062 3157 vindicta
3089 3103 3305 3157 divina!
3357 3103 3615 3173 Sepultus

358 3169 786 3247 maledictiouem
819 3192 1028 3246 videam
1062 3200 1289 3246 mortem
1321 3201 1489 3259 tuam,
1520 3201 1573 3248 et
1598 3194 1782 3248 statim
1810 3209 1929 3249 mo-
1958 3169 2002 3232 Ο
2034 3199 2118 3246 est
2160 3191 2214 3245 in
2258 3191 2482 3247 basilica
2528 3188 2591 3244 B.
2635 3191 2974 3261 Apollenaris
3014 3192 3361 3249 confessoris.
3425 3169 3615 3265 Epita-

362 3281 495 3335 riar.
520 3281 636 3335 Ibat
659 3280 749 3336 ille
776 3280 1043 3351 repulsus,
1068 3290 1125 3336 et
1165 3282 1558 3337 scandalizatus
1583 3283 1818 3352 plorans.
1843 3283 1933 3338 Ille

359 3385 489 3426 vero
514 3379 637 3441 post
667 3370 881 3442 expleta
928 3371 1217 3427 missarum
1242 3372 1500 3427 solemnia
1528 3374 1624 3428 ivit
1655 3375 1720 3428 ad
1749 3375 1937 3429 vidua-

362 3468 471 3515 tam
497 3460 694 3515 marito
725 3470 973 3527 matrem,
1003 3470 1057 3517 et
1091 3462 1276 3517 retulit
1320 3464 1371 3519 ei
1415 3465 1595 3519 omnia
1621 3466 1858 3535 plorans,
1882 3475 1937 3521 et

360 3549 434 3604 ita
472 3550 853 3607 denunciavit:
890 3551 1043 3618 Quod
1084 3554 1247 3609 etiam
1295 3569 1492 3625 corpus
1539 3556 1749 3611 Domini
1802 3557 1936 3613 mihi

362 3642 577 3697 tradere
603 3643 795 3699 noluit.
827 3643 1050 3699 Factum
1084 3654 1169 3700 est
1218 3654 1399 3701 autem
1445 3655 1568 3717 post
1610 3648 1726 3703 haec
1756 3648 1937 3703 divina

356 3731 596 3801 iussione
620 3742 676 3786 ut
697 3733 839 3788 Deus
867 3735 1014 3789 dedit
1043 3734 1354 3791 infirmitate
1397 3739 1660 3794 stomachi
1687 3739 1935 3807 detritus,

364 3836 610 3881 mortuus
637 3836 721 3882 est
747 3827 798 3881 in
830 3828 952 3882 villa
976 3844 1096 3899 quae
1121 3830 1317 3885 dicitur
1334 3829 1670 3895 Aureliacus,
1692 3832 1848 3904 longe
1869 3835 1938 3890 ab

361 3919 496 3973 urbe
516 3918 766 3973 milliario
785 3935 882 3984 xtt,
894 3919 1050 3989 juxta
1073 3922 1419 3992 aquaeductus
1440 3938 1606 3992 prope
1630 3922 1934 3984 Herculem.

364 4009 600 4064 Turbata
632 4018 742 4065 tota
779 4008 896 4079 ejus
939 4011 1150 4078 domus,
1192 4021 1249 4067 et
1295 4021 1579 4083 postquam
1627 4013 1942 4070 lavaverunt

362 4116 563 4172 corpus
612 4101 747 4170 ejus,
780 4112 1075 4172 posuerunt
1094 4119 1255 4174 super
1292 4104 1612 4174 plaustrum,
1643 4106 1824 4176 ibique
1852 4115 1938 4160 tu-

366 4184 840 4259 mulatusjacebat
879 4194 1147 4248 examine.
1178 4193 1357 4250 Multis
1386 4195 1584 4269 [multi]
1626 4198 1804 4252 orbati
1841 4197 1943 4252 im-

361 4280 490 4350 pleti
519 4292 646 4336 sunt
686 4283 1160 4367 lacrymis._Humo
1188 4284 1479 4358 [prostrata
1523 4289 1708 4362 humo]
1750 4290 1942 4346 diurna

363 4375 792 4444 materjacebat,
827 4377 918 4432 alii
954 4379 1251 4433 tundebant
1295 4389 1516 4449 pectora
1537 4422 1551 4448 ,
1585 4382 1673 4437 alii
1704 4398 1800 4438 ora
1844 4398 1945 4437 un-

362 4462 562 4534 guibus
614 4464 909 4531 fmdabant,
953 4467 1044 4521 alii
1093 4468 1317 4523 salicum
1374 4470 1576 4527 vimine
1631 4472 2021 4571 intexebantD

365 4560 570 4616 crates,
586 4553 674 4608 alii
702 4557 991 4610 tondebant
1018 4558 1242 4613 salicum
1266 4575 1468 4625 ramos,
1502 4564 1594 4633 qui
1624 4565 1942 4633 aperiebant

366 4643 805 4712 glosochomum;
835 4645 924 4700 alii
960 4646 1261 4703 lustrabant
1301 4649 1532 4719 desuper
1556 4653 1792 4709 virentes
1819 4656 1944 4709 her-

367 4732 488 4798 bas,
512 4733 601 4788 alii
630 4735 934 4792 evellebant
959 4739 1146 4794 cbulos
1180 4739 1423 4811 fagineos
1450 4741 1727 4817 [faginos],
1758 4747 1941 4802 adita:-

372 4829 565 4882 rebant
620 4844 801 4893 saxos,
847 4831 1105 4897 velocius,
1136 4841 1196 4887 ut
1242 4833 1610 4890 discurrerent
1656 4844 1823 4901 rotas,
1854 4838 1943 4893 alii

370 4918 612 4989 undique
659 4921 1035 4990 prwcedebant
1085 4923 1316 4980 diversis
1360 4924 1585 4980 salicum
1630 4927 1818 4998 virgis,
1853 4930 1944 4984 alii

367 5010 592 5066 stimulo
621 5010 784 5067 boves
813 5014 1176 5085 exagitabant,
1208 5016 1449 5071 nonnulli
1475 5032 1604 5074 vero
1641 5020 1947 5089 gramineos

370 5105 790 5161 substernebant
811 5109 1019 5178 corpori
1050 5109 1229 5175 ﬂores,
1253 5110 1610 5169 Herculenses
1657 5115 1947 5170 antecede—

370 5194 500 5248 bant
532 5212 757 5252 onerosa
791 5199 1072 5264 animalia;
1109 5202 1392 5269 camarini,
1422 5203 1512 5272 qui
1561 5214 1615 5258 et
1662 5204 1946 5272 lecticarii,

369 5285 536 5356 virgis
566 5298 746 5345 costas
774 5290 1052 5360 agitabant
1081 5299 1376 5357 taurorum,
1402 5301 1457 5348 et
1482 5294 1632 5348 ibant
1653 5311 1776 5350 cum
1810 5296 1951 5349 nari-

376 5371 479 5428 bus
506 5377 705 5443 patulis
733 5394 832 5448 per
852 5378 995 5433 viam
1032 5377 1394 5449 Aquzeductus
1421 5381 1722 5454 [lacteaque
1746 5399 1948 5440 cornua

371 5466 696 5539 aquaeducti]
739 5469 976 5539 juvenci,
1014 5476 1069 5523 ct
1106 5480 1469 5539 pervenerunt
1505 5488 1675 5543 usque
1722 5474 1789 5528 ad
1818 5490 1951 5544 pon-

373 5556 483 5605 tem
514 5552 755 5612 Odionis.
789 5555 941 5614 Tunc
974 5558 1219 5614 Andreas
1238 5570 1499 5628 cognatus
1520 5561 1688 5631 ipsius
1708 5559 1947 5616 defuncti

373 5640 477 5695 viri
509 5652 653 5700 stare
674 5647 962 5717 imperavit
983 5665 1197 5721 corpus,
1225 5658 1281 5705 et
1317 5652 1548 5721 puberes
1580 5668 1677 5721 per
1724 5651 1779 5706 in
1814 5667 1946 5722 gyro

373 5733 537 5802 figere
568 5739 768 5806 gradus
804 5740 990 5809 jubet;
1032 5754 1469 5826 ornaveruntque
1513 5744 1741 5799 diversis
1773 5744 1948 5814 palliis

2033 3283 2219 3352 phium
2262 3298 2423 3354 super
2464 3283 2772 3353 sepulcrum
2817 3286 2935 3355 ejus
2978 3285 3264 3342 invenietis
3305 3295 3611 3342 exaratum.

2037 3372 2189 3429 Sedit
2217 3389 2343 3427 ann.
2372 3389 2467 3440 vn,
2501 3388 2671 3430 mens.
2700 3390 2741 3441 ι,
2772 3374 2888 3431 dies
2913 3389 2996 3431 tu.

2744 3494 2886 3506 —-———

2541 3574 3108 3635 OBSERVATIONES

2479 3685 2559 3724 AD
2612 3685 2819 3725 νιτΑιι
2872 3685 3168 3727 ιοΑιςιίιε.

2036 3756 2324 3831 Dimidium
2349 3758 2487 3831 inter
2504 3761 2799 3831 episcopum
2826 3770 2874 3815 et
2900 3761 3117 3817 clericos
3142 3762 3455 3820 indicatum.
3485 3765 3618 3831 Qme

2126 3828 2191 3881 de
2215 3826 2421 3883 Joanne
2446 3826 2622 3883 Ruben
2654 3826 2954 3886 narrentur.
2985 3831 3336 3888 Calicodimia
3359 3826 3540 3907 qur‘rf.9

2110 3935 2149 3990 1.
2190 3934 2377 3989 Priora
2428 3935 2590 4009 hujus
2629 3935 2767 4009 Viue
2812 3938 3096 4009 dissidinm
3149 3941 3420 4009 quoddam
3476 3941 3622 3997 inter

2038 4005 2239 4078 clerum
2282 4013 2337 4058 et
2378 4005 2689 4078 episcopum
2736 4007 2992 4071 indicant,
3021 4024 3129 4078 quo
3166 4005 3384 4078 quidam
3415 4027 3480 4065 ex
3510 4012 3622 4067 cle-

2040 4074 2171 4145 ricis
2212 4074 2425 4129 carceri
2462 4074 2690 4130 traditus
2732 4091 2826 4145 per
2862 4074 3301 4133 archidiaconnm
3346 4088 3403 4133 et
3446 4082 3619 4137 archi-

2040 4143 2413 4218 bresbyterum
2439 4185 2454 4207 ,
2502 4145 2571 4218 vi
2597 4143 2769 4218 portis
2809 4146 2996 4218 illata,
3040 4148 3297 4203 liberatus
3333 4158 3435 4205 est.
3490 4150 3620 4218 Quae

2042 4214 2133 4289 hic
2167 4225 2455 4269 narrantur
2479 4215 2682 4284 reliqua
2706 4216 2941 4289 _Rube_us
2982 4217 3073 4272 lib.
3098 4234 3152 4283 v,
3179 4234 3302 4289 pag.
3329 4218 3461 4284 229,
3494 4214 3620 4276 bre-

2043 4286 2183 4358 viter
2222 4292 2343 4358 et,_
2364 4293 2441 4358 ut_
2467 4286 2786 4358 consuevit.
2821 4287 3114 4358 eleganter
3153 4286 3468 4358 complexus
3514 4300 3615 4346 est.

2044 4352 2267 4408 Joannis
2312 4353 2369 4408 S.
2414 4355 2606 4409 Donati
2651 4356 2863 4411 abbatis
2907 4352 3192 4412 sanctitate
3243 4352 3501 4420 laudata,
3555 4362 3620 4415 de

2047 4423 2270 4490 Leopati
2315 4432 2491 4479 morte
2535 4424 2611 4479 nil
2658 4425 2832 4480 habet.
2886 4421 3265 4483 Monasterium
3305 4429 3394 4483 cui
3434 4428 3620 4484 Ponti-

2049 4493 2217 4571 fﬂicali-s
2268 4492 2445 4571 _hujus_
2476 4494 2597 4571 libri
2623 4505 2843 4571 _anctor
2897 4496 3063 4571 abbas
3111 4498 3361 4571 pragsedit
3388 4539 3405 4563 ,
3462 4508 3620 4553 vocat

2048 4562 2105 4617 S.
2151 4561 2445 4637 Marizend
2482 4563 2848 4637 Bias/torrus;
2866 4561 2961 4637 gat,
2992 4567 3048 4620 in
3092 4561 3276 4622 codice
3318 4561 3431 4637 quo
3470 4579 3617 4637 utor,

2046 4634 2482 4688 constantissime
2505 4635 2700 4703 ubique
2722 4634 2790 4688 ad
2810 4633 3131 4690 Blarhernas
3154 4633 3433 4691 scribitur.
3459 4636 3621 4692 Joan-

2046 4717 2168 4757 nem
2196 4704 2524 4772 episcopum
2570 4718 2638 4757 ex
2681 4719 2747 4757 eo
2791 4706 3166 4769 commendat,
3211 4707 3354 4772 quod
3403 4707 3619 4763 Ursiani

2044 4771 2227 4856 templi
2262 4771 2549 4856 maximam
2586 4774 2908 4856 testudinem
2930 4776 3198 4856 plumbeis
3231 4771 3476 4840 laminis,
3503 4778 3619 4856 qui-

2046 4842 2167 4912 bus_
2183 4843 2297 4912 ejus
2330 4842 2409 4897 rei
2443 4843 2699 4897 memoria
2728 4843 2917 4899 litteris
2935 4842 3108 4899 indita
3134 4847 3224 4907 sit,
3252 4842 3617 4911 contexuerit,

2047 4920 2102 4965 et
2145 4910 2562 4983 SIApollinaris
2603 4912 2656 4966 in
2693 4912 2878 4968 Classe
2919 4929 3069 4969 aram
3107 4917 3398 4969 maximam
3435 4932 3504 4970 ex
3536 4932 3619 4969 ar-

2048 4990 2241 5051 gento,
2283 4991 2653 5066 atque-auro,
2701 4998 2765 5038 ac
2802 4985 3072 5066 testudine
3110 4985 3409 5066 pyramidis
3451 4986 3621 5066 instar

2048 5053 2363 5122 ornaverit,
2423 5061 2479 5106 et
2526 5067 2757 5108 coronas
2800 5053 3393 5122 metallicas’ingentes
3443 5056 3615 5110 eidem

2048 5120 2286 5175 basilica:
2347 5123 2646 5177 donaverit.
2710 5123 2789 5176 Ex
2846 5123 3070 5177 Deodati
3127 5120 3376 5178 aﬂinibus
3435 5123 3617 5177 laudat

2049 5191 2305 5259 Agnellus
2327 5191 2578 5244 Basilinm
2611 5201 2818 5259 patrem
2850 5208 3025 5258 suum,
3058 5200 3112 5246 et
3134 5192 3405 5247 Andream
3434 5208 3616 5254 avum,

2051 5258 2145 5329 qui
2189 5258 2422 5315 defuncti
2466 5258 2724 5328 cognatus
2745 5261 2993 5332 ‘dicitur,
3049 5263 3203 5332 cujus
3249 5277 3387 5316 uxor
3431 5263 3616 5318 Basilii

2053 5338 2246 5392 mater,
2300 5338 2384 5395 et,
2441 5338 2497 5384 ut
2546 5346 2689 5395 reor,
2744 5329 2969 5386 Deodati
3013 5329 3196 5397 soror,
3254 5332 3482 5387 limbum
3527 5349 3617 5388 seu

2052 5397 2274 5454 fasciam
2320 5415 2540 5454 auream
2583 5400 2824 5464 miserat,
2872 5418 2976 5470 qua
3012 5401 3247 5458 defuncti
3280 5401 3453 5459 facies
3480 5403 3618 5456 obli—

2050 5478 2287 5540 garetur,
2312 5479 2641 5538 postremum
2675 5470 2873 5540 amoris
2905 5486 3029 5540 erga
3052 5471 3274 5526 fratrem
3302 5488 3621 5527 monumen—

2051 5536 2186 5609 tum.
2253 5536 2507 5609 Sepultus
2554 5540 2751 5593 dicitur
2792 5536 3063 5595 Deodatus
3110 5557 3213 5595 non
3258 5542 3313 5595 in
3358 5542 3615 5601 basilica,

2049 5608 2238 5690 sed‘in
2278 5608 2536 5690 oratorio.
2575 5610 2718 5690 quod
2754 5609 2820 5690 de
2857 5625 3006 5690 more
3043 5613 3431 5666 monasterium
3462 5619 3619 5690 vocat

2051 5686 2274 5750 noster;
2329 5679 2660 5750 cognteteriis
2706 5679 2853 5734 enim
2903 5680 3020 5742 haec
3072 5692 3443 5750 superstructa
3494 5679 3617 5735 alibi

2049 5746 2558 5804 demonstravimus.
2975 5784 2979 5793 ί
