3936 6180
290 257 390 316 737

1335 255 1537 312 LIBER
1573 253 2069 313 PONTIFICALIS.
2108 284 2178 296 —
2212 249 2395 309 PARS
2425 251 2489 306 ll.

3452 246 3555 303 738

357 368 421 424 ll.
462 366 614 423 inter
646 366 905 421 voeabula
948 366 1178 422 barbara
1220 365 1418 435 quibus
1456 366 1628 419 utitur
1660 375 1866 430 noster,
1897 370 1947 429 Α
1972 363 2192 435 plenum
2252 362 2494 435 pontiﬁci
2539 359 2801 435 porrexit.
2873 358 3148 429 Scriptum
3202 357 3368 435 fuisse
3427 369 3563 435 puto

282 439 522 495 occurrit
565 439 653 493 hic
689 436 1043 501 calicodimia,
1086 444 1141 490 et
1178 437 1312 491 satis
1350 435 1668 505 intelligitur
1692 435 1868 489 locum

285 508 458 565 fuisse
500 508 641 564 unde
679 507 967 578 pocillator
1005 507 1231 562 calicem
1260 507 1502 576 accepit,
1536 520 1697 575 quem
1741 506 1868 559 vino

1976 430 2313 487 calicotlteea.
2360 435 2431 488 At
2470 430 2584 487 huic
2625 431 2757 485 tanti
2799 447 2904 486 non
2950 440 3076 486 sunt
3120 439 3178 485 ut
3216 430 3418 484 diutius
3456 431 3563 485 im-

1974 519 2220 559 moremu
2228 520 2273 557 Γ.

296 656 3552 694 Μ-ῤ--η--ῄα

1509 814 1762 894 νιΤΑ
1815 808 2330 891 GBATIOSI.

802 1051 1030 1108 CAPUT
1067 1051 1357 1107 PRIMUM.

280 1152 509 1207 Carolus
531 1162 621 1201 rea:
640 1145 921 1200 Ravennae.
945 1142 1078 1197 Cum
1097 1144 1335 1213 episcopo
1357 1142 1620 1213 epulatur.
1640 1142 1873 1199 (ἕναιὶοεὶ

498 1217 830 1287 simplicitas,
853 1215 915 1267 ob
936 1231 1095 1285 quam
1115 1212 1368 1268 laudatur
1387 1230 1421 1267 a
1442 1212 1652 1268 Carolo.

364 1307 644 1366 Gratiosus
686 1304 849 1361 XLIII
876 1317 925 1358 ε.
972 1305 1075 1359 Iste
1116 1305 1336 1359 humilis
1360 1345 1375 1370 ,
1418 1312 1475 1359 et
1515 1313 1868 1372 mansuetus,

284 1401 512 1472 ptilcher
552 1406 814 1469 aspectu,
868 1397 1078 1451 modice
1130 1396 1473 1461 recalvatus,
1530 1404 1758 1452 extenso
1814 1398 1868 1453 in

282 1494 590 1565 quantitate
632 1500 872 1561 gutture,
913 1489 1099 1544 oculos
1140 1490 1404 1559 grandes,
1453 1489 1650 1544 decora
1694 1487 1869 1543 forma

281 1593 338 1637 et
360 1581 538 1636 dulcia
564 1579 798 1649 eloquia.
825 1579 903 1633 Ex
931 1578 1262 1633 monasterio
1291 1578 1351 1631 Β.
1376 1576 1712 1647 Apollenaris
1733 1578 1870 1633 abba

1975 1052 2227 1107 similiter
2251 1050 2302 1105 in
2333 1057 2520 1105 nostra
2555 1064 2613 1104 se
2640 1049 2915 1105 effundere
2948 1053 3131 1106 corda.
3174 1054 3292 1124 Ipse
3324 1055 3562 1127 Spiritus

1973 1151 2193 1199 sanctus
2228 1158 2325 1211 per
2348 1142 2503 1197 Johel
2536 1142 2733 1196 clamat
2758 1156 2773 1195 :
2808 1142 3097 1211 Effundam
3127 1145 3191 1199 de
3218 1145 3417 1216 Spiritu
3445 1166 3557 1202 meo

1972 1252 2130 1303 super
2155 1250 2359 1288 omnem
2394 1249 2638 1298 carnem;
2685 1241 2740 1287 et
2782 1234 2850 1289 ad
2891 1232 3220 1290 Hieremiam
3265 1237 3379 1291 ait:
3428 1238 3561 1292 Ecce

1973 1327 2094 1380 dedi
2121 1325 2274 1380 verba
2298 1341 2413 1379 mea
2439 1324 2493 1377 in
2520 1340 2607 1378 ore
2634 1335 2743 1378 tuo.
2772 1324 2839 1378 Et
2860 1323 3027 1380 Jacob
3053 1328 3362 1396 patriarcha
3389 1328 3556 1383 dicit:

1976 1414 2411 1486 Cougregamiui,
2467 1415 2565 1483 filii
2609 1414 2807 1479 Iacob,
2857 1416 3062 1480 audite,
3102 1416 3306 1483 Israel,
3347 1415 3560 1472 Patrem

1978 1516 2200 1562 vestrum
2221 1545 2235 1571 ,
2273 1505 2412 1558 unde
2440 1506 2720 1558 annunciet
2750 1504 2890 1559 vobis
2917 1521 3034 1575 qua:
3066 1515 3281 1559 uentura
3311 1517 3453 1560 sunt.
3495 1505 3564 1560 Et

1980 1598 2091 1667 ipse
2133 1595 2305 1651 Filius
2343 1595 2529 1649 aeterni
2576 1593 2753 1649 Patris
2792 1595 2907 1648 ait:
2952 1594 3065 1664 Ego
3095 1595 3229 1648 dabo
3257 1596 3396 1649 vobis
3427 1613 3483 1650 os
3512 1603 3563 1649 et

283 1676 406 1741 fuit,
448 1672 590 1744 quod
632 1679 716 1726 est
755 1669 1035 1726 fundatum
1076 1686 1184 1724 non
1221 1668 1378 1741 longe
1403 1668 1472 1723 ab
1496 1669 1725 1724 ecclesia
1751 1685 1868 1724 san-
1907 1677 1949 1736 Β
1977 1690 2306 1759 sapientiam.
2372 1687 2511 1755 Quid
2573 1687 2770 1741 mirum
2833 1686 2879 1740 si
2942 1694 3069 1740 ante
3128 1685 3561 1742 Incammionem

281 1777 389 1824 cta:
420 1765 801 1835 redemptricis
825 1763 1013 1820 Crucis
1049 1763 1115 1817 ad
1148 1762 1419 1818 Monetam
1443 1772 1703 1829 veterem,
1731 1763 1875 1819 unde

282 1858 664 1914 sanctissimus
720 1855 1024 1926 Reparatus
1082 1854 1185 1909 fuit
1211 1855 1260 1908 ι).
1328 1854 1491 1909 Istius
1541 1855 1876 1924 temporibus

283 1949 545 2020 apparuit
588 1948 802 2017 signum
847 1946 1093 2002 terribile
1135 1944 1434 2004 mortifera:
1477 1945 1678 2011 cladis,
1726 1954 1786 2001 ut
1821 1946 1876 2000 in

281 2039 444 2109 cujus
486 2039 783 2109 apparebat
816 2036 1178 2102 vestimentis,
1220 2044 1315 2090 aut
1352 2036 1407 2090 in
1447 2035 1687 2106 quolibet
1723 2033 1877 2090 indu-

283 2137 492 2193 mento,
515 2127 598 2181 vel
620 2125 1026 2188 cherumanica,
1051 2125 1168 2180 sive
1191 2124 1547 2180 calciameuto
1568 2134 1679 2179 tres
1699 2133 1878 2196 guttas

282 2228 513 2275 venetas
557 2215 746 2291 [Forte
773 2214 1107 2286 venenatas],
1149 2215 1204 2269 in
1250 2215 1409 2269 tertio
1444 2215 1532 2269 die
1569 2215 1880 2285 rapiebatur

284 2317 487 2372 morte,
530 2316 586 2363 et
620 2313 777 2359 erant
817 2313 987 2360 strata
1026 2320 1253 2375 corpora
1293 2306 1476 2370 humo,
1512 2322 1632 2376 qua:
1656 2307 1745 2360 vix
1771 2305 1878 2359 vivi

284 2401 507 2456 tradere
542 2398 831 2469 sepulturae
855 2396 1126 2453 valebant.
1169 2398 1238 2451 Et
1273 2398 1420 2452 venit
1456 2398 1511 2452 in
1550 2397 1655 2453 illis
1691 2396 1880 2453 diebus

282 2489 523 2545 Karolus
570 2504 660 2543 rex
706 2487 1043 2543 Francorum
1085 2488 1374 2553 Ravenme,
1417 2496 1473 2543 et
1513 2489 1788 2553 invitatus,
1822 2497 1880 2543 ut

283 2579 492 2635 ibidem
532 2578 776 2649 epularet
803 2619 818 2644 ,
873 2586 1157 2649 gratanter
1198 2579 1367 2633 venit.
1431 2579 1696 2633 Dixerunt
1734 2579 1878 2634 enim

282 2669 604 2723 sacerdotes
644 2683 744 2723 suo
784 2667 1068 2738 pontiﬁci:
1116 2668 1363 2733 Domine,
1411 2670 1586 2724 retine
1628 2669 1883 2739 simplici-

285 2768 458 2816 tatem
504 2768 672 2823 tuam,
714 2767 771 2812 et
812 2773 943 2813 cave
986 2773 1055 2813 ne
1094 2758 1273 2828 aliqua
1316 2758 1557 2827 loquaris
1595 2774 1715 2828 qua:
1756 2770 1880 2829 apta

284 2866 398 2905 non
448 2849 578 2903 sint.
626 2847 833 2917 Quibus
875 2848 966 2903 ille
1012 2849 1332 2918 respondit:
1382 2846 1533 2914 Non,
1576 2849 1706 2916 lilii,
1749 2866 1878 2915 non,

285 2948 384 3003 sed
431 2945 613 3017 oppilo
652 2962 733 3001 os.
798 2946 1042 3017 Cumque
1083 2948 1430 3003 comederent
1487 2957 1543 3002 et
1594 2949 1879 3015 biberent,

1977 1779 2215 1850 Spiritus
2263 1788 2487 1834 sanctus
2529 1778 2917 1847 prophetarum
2962 1778 3126 1831 corda
3167 1777 3449 1847 replebat,
3501 1787 3564 1835 ut

1975 1870 2410 1942 prmnunciarent
2458 1878 2709 1933 ventura,
2753 1878 2807 1921 et
2845 1882 2991 1922 nunc
3031 1876 3316 1937 postquam
3363 1878 3564 1925 nostra:

1976 1962 2157 2017 socius
2195 1968 2282 2015 est
2330 1959 2512 2014 carnis
2552 1958 2799 2023 elfectus,
2845 1967 3011 2013 totam
3055 1958 3220 2013 verbo
3267 1974 3364 2013 suo
3405 1960 3566 2033 largi-

1976 2065 2066 2110 tus
2106 2062 2189 2109 est
2229 2052 2415 2123 gratim
2458 2051 2884 2120 plenitudinem,
2930 2050 3144 2104 dicente
3189 2051 3559 2121 evangelista:

1980 2144 2093 2199 Nos
2127 2159 2304 2198 omnes
2331 2142 2396 2195 de
2424 2140 2749 2212 plenitudine
2786 2156 2902 2210 ejus
2939 2140 3281 2209 accepimus?
3334 2140 3390 2195 Si
3434 2155 3566 2212 ergo

1977 2236 2119 2292 idem
2169 2234 2404 2305 Spiritus
2446 2248 2544 2303 per
2587 2233 2829 2302 gentium
2871 2239 2926 2286 et
2968 2231 3267 2287 inﬁdelium
3302 2247 3386 2295 os,
3426 2232 3568 2285 sicut

1977 2345 2075 2400 per
2116 2338 2404 2398 tyrannum
2444 2326 2718 2381 crudelem
2758 2325 3253 2381 Nabuchodonosor
3281 2341 3484 2397 regem.
3515 2336 3570 2381 et

1980 2419 2231 2490 gentilem
2274 2427 2489 2487 poetam
2524 2416 2827 2486 Virgilium,
2871 2423 2926 2471 et
2965 2431 3062 2486 per
3096 2424 3274 2470 vatem
3318 2416 3566 2486 sibyllam

1982 2515 2211 2576 locutus,
2246 2518 2301 2565 et
2335 2509 2516 2564 futura
2557 2509 2838 2579 praedixit;
2884 2524 3053 2579 quare
3087 2524 3217 2579 ergo
3255 2509 3414 2562 modo
3455 2508 3569 2578 ipsa

1980 2604 2161 2659 divina
2207 2602 2464 2672 majestas
2502 2613 2600 2670 per
2642 2599 3015 2655 Christianum
3055 2598 3328 2652 hominem
3361 2605 3415 2651 et
3444 2612 3571 2651 san-

1980 2694 2142 2763 guine
2170 2691 2505 2760 redemptum
2549 2705 2655 2745 non
2701 2689 2999 2759 loquatur?
3041 2687 3096 2742 Si
3130 2688 3274 2743 enim
3307 2688 3359 2741 in
3391 2686 3570 2757 fragili

1981 2801 2135 2849 sexu,
2176 2784 2331 2837 Anna
2372 2781 2600 2846 scilicet,
2637 2788 2693 2835 et
2734 2779 2945 2850 sibylla,
2989 2779 3104 2849 ipse
3148 2778 3409 2833 habitavit
3450 2775 3572 2847 Spi-

1984 2876 2122 2929 ritus
2161 2891 2174 2926 :
2207 2886 2338 2942 ergo
2379 2886 2485 2925 non
2529 2869 2677 2924 dubii
2720 2868 2841 2922 sitis
2881 2867 3191 2937 evangelica
3236 2865 3439 2931 verba;
3490 2867 3572 2921 dio

1985 2964 2165 3019 centia
2186 2982 2199 3016 :
2222 2961 2451 3031 Spiritus
2479 2960 2566 3013 ubi
2600 2958 2730 3023 vult,
2757 2958 2941 3029 spirat.
2982 2956 3088 3012 Sed
3128 2972 3229 3027 ego
3252 2956 3401 3011 vobis
3425 2957 3570 3023 dico,

284 3041 459 3111 cmpit
504 3040 743 3111 pontifex
786 3057 979 3112 rogare
1022 3057 1203 3113 regem
1245 3041 1466 3097 dicens:
1509 3042 1721 3113 Pappa.
1769 3045 1876 3099 Βο-
1906 3031 1949 3091 C
1982 3050 2178 3106 fratres
2207 3050 2343 3115 mei,
2379 3047 2776 3103 commilitones
2813 3045 2954 3110 mci,
2982 3044 3365 3100 Raveunenses
3401 3045 3573 3114 cives,

288 3132 443 3185 mine
488 3130 559 3184 mi
605 3146 698 3185 rex
728 3172 743 3197 ,
799 3146 1017 3203 pappa;
1076 3141 1131 3186 et
1175 3131 1472 3187 admiratus
1515 3141 1599 3187 est
1640 3149 1734 3188 rex
1760 3174 1776 3197 ,
1829 3141 1884 3188 et

285 3220 651 3289 interrogavit
670 3218 856 3275 dicens
883 3239 896 3273 :
940 3219 1071 3288 Quis
1105 3228 1191 3274 est
1223 3219 1312 3275 hic
1341 3235 1523 3275 sermo
1546 3235 1706 3289 quem
1734 3228 1884 3277 vates

286 3309 559 3378 loquitur,
602 3307 809 3379 Pappa,
848 3309 1070 3379 pappa?
1109 3310 1262 3365 Tunc
1301 3310 1370 3365 de
1408 3310 1885 3368 circumstantibus

284 3400 672 3457 sacerdotibus
717 3400 974 3455 dixerunt
1020 3401 1116 3456 ei:
1167 3400 1286 3457 Non
1334 3401 1580 3456 attendat
1623 3400 1885 3457 Dominus

288 3502 488 3549 noster
533 3508 627 3548 rex
670 3494 814 3565 quod
859 3494 1043 3565 aliqua
1086 3494 1282 3564 injuria
1329 3502 1426 3548 aut
1473 3494 1737 3551 illusionis
1778 3498 1887 3551 sint

284 3591 486 3649 verba,
512 3586 607 3640 sed
637 3585 926 3641 suasionis.
957 3586 1052 3642 Vir
1076 3586 1179 3642 iste
1204 3601 1397 3642 servus
1420 3594 1476 3641 et
1496 3596 1682 3642 orator
1709 3598 1887 3643 vester

286 3691 513 3747 magna:
533 3677 893 3749 simplicitatis
912 3686 1025 3744 est;
1057 3679 1152 3733 sed
1175 3679 1316 3734 sicut
1339 3687 1516 3733 mater
1539 3693 1661 3749 qua:
1684 3678 1889 3734 blandit

288 3767 441 3825 ﬁlios
484 3782 631 3832 suos,
677 3776 733 3822 et
771 3783 881 3839 pne
927 3768 1095 3824 nimio
1133 3783 1319 3823 amore
1359 3768 1548 3823 suadet
1588 3776 1649 3822 ut
1684 3767 1888 3836 aliquid

287 3858 627 3922 comedunt,
668 3857 743 3912 ita
784 3867 841 3913 et
881 3859 983 3913 iste
1022 3873 1219 3929 magna
1260 3858 1544 3914 clementia
1587 3858 1889 3927 postulatus

288 3958 382 4007 est
421 3957 661 4004 vestram
699 3948 1041 4005 clementiam
1085 3957 1145 4003 ut
1187 3949 1484 4005 comedatis
1528 3959 1584 4004 et
1620 3946 1887 4017 jucunde-

292 4040 457 4099 mini.
508 4039 659 4095 Tunc
695 4056 791 4095 rex
833 4040 1010 4110 palam
1050 4041 1303 4096 omnibus
1338 4041 1570 4111 imperat
1592 4041 1887 4105 silentium,

1983 3144 2109 3213 quia
2152 3143 2331 3198 veniet
2373 3149 2583 3209 tempus
2611 3139 2665 3193 in
2691 3153 2780 3204 eo,
2809 3139 2967 3209 quale
2998 3137 3179 3193 nullus
3203 3137 3402 3192 ibidem
3429 3151 3574 3193 com-

1984 3234 2314 3290 morantium
2361 3247 2665 3287 memorare
2689 3230 2911 3301 poterit.
2936 3228 3003 3285 Et
3030 3230 3137 3284 erit
3166 3244 3235 3284 ex
3262 3228 3376 3284 suis
3401 3234 3575 3285 eruni-

1983 3327 2086 3381 bus
2129 3325 2399 3379 minorata
2430 3324 2603 3387 donis,
2638 3331 2694 3377 et
2720 3337 2750 3376 a
2780 3322 2894 3377 suis
2918 3321 3128 3376 civibus
3167 3322 3405 3376 maxime
3453 3336 3584 3375 cou-

1984 3417 2376 3482 summabitur;
2417 3425 2473 3471 et
2500 3425 2663 3470 erunt
2691 3415 2834 3470 inter
2876 3430 2936 3470 se
2979 3415 3118 3471 bella
3159 3421 3215 3468 et
3251 3414 3493 3469 diversas
3519 3413 3579 3469 li-

1984 3518 2069 3565 tes
2099 3511 2240 3565 inter
2283 3525 2341 3565 se
2389 3508 2713 3572 invidentes,
2746 3508 2978 3577 maligna
3026 3508 3345 3578 cogitantes,
3382 3522 3449 3562 ex
3478 3523 3575 3565 ore

1984 3601 2206 3673 paciﬁca
2232 3602 2396 3655 verba
2418 3600 2720 3669 loquentes,
2752 3599 2987 3669 gladium
3019 3599 3072 3652 in
3099 3599 3263 3653 corde
3288 3600 3573 3654 habentes.

1986 3694 2159 3764 Caput
2200 3692 2439 3748 omnium
2488 3700 2572 3747 est
2612 3692 2666 3746 in
2714 3690 3025 3758 obsidione,
3071 3700 3128 3746 et
3181 3692 3578 3747 conculcabunt

1985 3800 2106 3841 eam
2150 3783 2357 3838 inimici
2386 3784 2512 3848 sui;
2557 3782 2793 3851 undique
2830 3782 2935 3837 erit
2959 3782 3013 3836 in
3044 3797 3106 3837 ea
3134 3783 3384 3848 vastitas,
3420 3790 3477 3837 et
3501 3784 3578 3838 in-

1988 3885 2211 3948 surgent
2237 3884 2424 3930 contra
2450 3876 2634 3929 hostes
2663 3888 2822 3937 suos,
2867 3882 2922 3928 et
2952 3874 3128 3928 territi
3155 3883 3436 3929 vertentur
3483 3875 3578 3949 [et

1987 3967 2233 4021 videntes
2283 3980 2378 4019 eos
2435 3965 2609 4020 territi
2664 3971 3066 4019 reverterentur
3095 3963 3138 4037 ].
3187 3964 3255 4018 Et
3295 3966 3581 4019 adsument

1990 4058 2159 4130 Spolia
2184 4058 2487 4113 vicinarum
2528 4057 2829 4121 civitatum,
2861 4066 2915 4110 et
2942 4058 3337 4112 conculcabunt
3371 4067 3580 4112 sancto-

296 4146 500 4188 vocem
540 4130 749 4202 erupit,
792 4130 1021 4188 dicens:
1070 4131 1207 4186 Ecce
1250 4149 1363 4186 vere
1390 4131 1668 4196 Israelita,
1703 4132 1760 4185 in
1788 4148 1883 4202 qua

1991 4164 2112 4206 rum
2141 4148 2416 4211 ecclesias,
2468 4155 2523 4201 et
2572 4145 2939 4216 apostolorum
2991 4146 3461 4216 depmdabuntur.
3516 4148 3581 4202 Et

296 4220 461 4277 dolus
492 4237 597 4274 non
622 4228 715 4275 est.
756 4220 890 4275 Post
926 4221 1041 4275 haec
1082 4232 1263 4277 autem
1305 4222 1566 4293 quidquid
1607 4222 1883 4292 imperavit

1991 4239 2211 4295 venient
2237 4253 2304 4293 ex
2333 4238 2573 4293 occiduis
2596 4236 2845 4307 partibus
2874 4237 2979 4291 rasi
3029 4236 3230 4290 barbas
3271 4253 3368 4306 pro
3399 4237 3582 4292 defen-

300 4313 376 4367 ab
411 4326 479 4366 eo
512 4310 727 4380 praesul,
750 4310 1004 4366 obtinuit.
1051 4311 1229 4367 Alium
1264 4322 1441 4367 autem
1474 4328 1738 4383 exponam
1770 4314 1883 4368 hor-

1994 4330 2145 4385 sione
2173 4328 2310 4399 ejus,
2341 4329 2435 4383 sed
2460 4328 2560 4398 ipsi
2595 4328 2829 4383 maxime
2854 4329 3068 4383 laedent.
3101 4327 3325 4398 Eritque
3353 4328 3407 4382 in
3441 4336 3579 4383 tem-

302 4402 522 4458 ribilem
550 4402 693 4471 quod
717 4401 918 4458 factum
942 4412 1025 4458 est
1057 4405 1111 4459 in
1141 4406 1343 4460 tubere
1364 4405 1595 4477 signum.
1626 4404 1883 4475 Tempore

1995 4438 2126 4493 pore
2161 4423 2249 4477 illo
2298 4422 2531 4476 maxima
2581 4420 2770 4483 fames.
2816 4422 3048 4491 perditio
3082 4421 3268 4476 multa.
3305 4421 3584 4492 Eruntque

303 4492 404 4549 illo
443 4507 553 4563 quo
593 4492 820 4547 Karolus
856 4492 1282 4564 Langobardiam
1324 4497 1549 4566 accepit,
1593 4497 1767 4551 visum
1809 4505 1883 4551 est

1994 4492 2138 4565 circa
2185 4511 2394 4565 marina
2432 4510 2589 4564 litora
2620 4510 2940 4580 pestilentiae
2987 4527 3195 4583 graves,
3251 4510 3583 4582 pelagusque

305 4587 498 4644 multis
540 4588 853 4643 hominibus
893 4596 1015 4660 post
1057 4589 1185 4643 solis
1230 4591 1437 4645 obitum
1481 4590 1534 4644 in
1576 4590 1752 4654 cwlo,
1802 4591 1883 4659 qui

1996 4601 2230 4655 tumidas
2274 4600 2448 4656 undas
2476 4599 2688 4656 fortiter
2716 4617 2844 4657 suos
2868 4602 3085 4657 vorabit
3114 4602 3264 4666 litus,
3298 4610 3353 4657 et
3372 4600 3587 4669 juvabit

304 4676 487 4750 [equi]
529 4693 652 4733 cum
689 4679 1071 4734 ascensoribus
1114 4681 1225 4735 SUiS
1266 4681 1410 4736 inlel‘
1443 4696 1501 4737 SB
1538 4680 1767 4736 ἱιινίεεῐιι
1802 4680 1895 4735 de-
1996 4706 2146 4746 mare
2171 4698 2361 4746 contra
2385 4699 2693 4747 creaturam
2739 4706 2932 4757 suam;
2978 4707 3116 4761 quos
3151 4701 3279 4745 tunc
3306 4701 3584 4763 gratanter

304 4781 612 4838 certantes,
652 4781 707 4828 et
744 4781 861 4828 erat
901 4783 1080 4830 mutus
1120 4775 1338 4844 ubique.

943 4886 1167 4946 CAPUT
1204 4889 1267 4943 Il.

311 4973 604 5046 Propltetia
636 4979 898 5043 auctoris,
938 4995 1055 5053 quae
1093 4977 1336 5053 Gratiaso
1364 4979 1630 5035 tribuitur.
1666 4976 1897 5036 Gratiosi

831 5048 971 5102 mors
999 5057 1045 5102 et
1076 5048 1389 5118 sepulcrum.

390 5147 415 5174 ε
444 5134 612 5205 Igitur
651 5136 979 5203 cbarissimi,
1024 5152 1130 5192 non
1176 5138 1296 5193 sitis
1338 5154 1549 5211 segnes,
1594 5142 1690 5197 sed
1732 5150 1897 5208 state,

313 5234 373 5281 et
423 5227 605 5282 audite
649 5229 778 5297 quid
822 5229 1084 5285 Dominus
1129 5243 1228 5299 per
1270 5245 1355 5284 me
1396 5232 1501 5286 erit
1544 5231 1795 5299 locutus,
1842 5243 1902 5289 ut

316 5320 509 5375 sciatis
544 5335 665 5390 qum
697 5333 926 5378 ventura
966 5331 1111 5377 sunt.
1160 5324 1273 5397 Ego
1306 5325 1566 5394 propheta
1605 5341 1714 5381 non
1749 5344 1899 5395 sum;

318 5412 421 5469 sed
441 5412 556 5483 ipse
579 5412 815 5485 Spiritus
838 5416 929 5487 qui
954 5416 1168 5472 locutus
1196 5424 1280 5471 est
1316 5417 1369 5470 in
1405 5418 1699 5487 prophetis,
1726 5429 1905 5491 potest

395 5556 423 5586 ι
453 5541 578 5600 Not.
603 5561 799 5629 marg,
829 5545 980 5629 fuit“
1001 5548 1140 5601 circa
1181 5564 1306 5601 anu.
1350 5547 1476 5614 810,
1499 5550 1590 5621 qui
1636 5549 1691 5605 in
1726 5552 1906 5607 eodem

322 5625 553 5687 tempore
571 5617 909 5687 praplietauit.
941 5617 1134 5687 Bsgcu.

403 5686 429 5726 δ
451 5684 580 5741 Not.
617 5702 816 5757 marg.,
857 5684 982 5742 Vere
1006 5684 1300 5756 Cratiosus,
1327 5689 1448 5760 quia
1475 5691 1645 5762 gratia
1667 5691 1765 5747 Dei
1790 5710 1906 5763 per-

1996 4783 2137 4837 invei
2162 4782 2269 4837 erit
2305 4782 2359 4837 in
2403 4797 2621 4851 aequora
2652 4796 2777 4836 suos
2809 4780 3037 4852 proiciet
3071 4781 3270 4851 pisces.
3303 4779 3474 4837 Omne
3500 4795 3585 4850 ge-

1998 4889 2100 4928 nus
2140 4880 2453 4943 corrumpet
2497 4887 2680 4927 semen
2728 4887 2905 4926 suum.
2956 4872 3131 4926 Etiam
3162 4872 3340 4943 ipsum
3387 4871 3584 4926 ctelum

1999 4965 2347 5020 serenitatem
2401 4962 2731 5026 obscurabit,
2786 4970 2842 5016 et
2872 4961 3296 5031 opportunitatis
3342 4969 3586 5029 tempore

1999 5070 2179 5111 rorem
2212 5052 2490 5119 retinebit,
2540 5060 2595 5106 ct
2622 5052 2793 5105 nubes
2839 5065 2934 5105 sua
2962 5051 3316 5125 temperantia
3348 5049 3585 5119 pluviam

2002 5149 2325 5218 stringent,'
2368 5144 2465 5200 sed
2522 5143 2804 5199 recollecta
2848 5143 2998 5198 radia
3052 5141 3393 5198 tenebrosam
3442 5141 3585 5196 diem

2001 5241 2307 5295 ostendent.
2361 5238 2551 5294 Veniet
2583 5236 2862 5308 prophetia
2909 5235 3019 5302 illa,
3063 5251 3181 5305 quae
3227 5234 3428 5304 scripta
3456 5246 3581 5289 est:

2007 5330 2213 5384 Occidit
2257 5328 2365 5383 illis
2415 5327 2494 5383 sol
2529 5329 2585 5382 in
2625 5327 2873 5392 meridie;
2918 5326 3074 5397 quasi
3114 5340 3180 5380 ex
3223 5324 3337 5381 sole
3362 5322 3589 5391 justitia:

2007 5422 2236 5478 dixisset
2273 5421 2540 5485 Christus,
2591 5419 2682 5491 qui
2736 5416 2915 5475 medio
2963 5417 3049 5478 die
3078 5431 3292 5473 crucem
3319 5415 3583 5476 ascendit,

2009 5556 2163 5622 {usus
2193 5555 2345 5609 istius
2372 5554 2519 5609 sedes
2548 5555 2954 5623 archidiaconus
2993 5553 3114 5623 fuit.

2084 5637 2105 5664 ο
2138 5624 2259 5678 Not.
2304 5640 2500 5694 marg.,
2552 5623 2810 5697 Vaticiuat
2862 5622 3135 5697 Graties_us
3176 5622 3591 5697 archiepiscoqu

2014 5693 2298 5760 Πανοπῆα»,
2330 5693 2443 5748 ηοή
2462 5705 2647 5749 auctor
2673 5695 2823 5749 istius
2846 5697 3035 5767 operis.
3060 5694 3254 5751 Bacon.
