3936 6180
386 279 490 334 739

1092 268 1391 326 AGNELLI
1428 267 1719 325 ADDATIS
1753 266 1812 324 S.
1856 269 1962 324 MM

2068 268 2096 323 Ε
2132 268 2224 325 ΑΙ)
2263 267 2741 330 BLACHERNAS,
2783 268 2933 325 ETC.

3550 275 3647 333 τις)

383 393 612 452 Tamen,
638 395 694 444 et
719 382 1093 455 spiritualiter,
1138 388 1194 436 et
1219 380 1512 435 carnaliter
1538 379 1870 450 intelligitur.
1898 378 1963 433 Et
1994 385 2044 443 A
2069 389 2122 436 et
2151 380 2367 436 fructus
2389 397 2494 437 non
2520 381 2627 436 erit
2646 381 2700 436 in
2732 397 2818 448 ea,
2849 390 2905 436 et
2953 384 3280 454 quicumque
3320 401 3513 456 pacem
3566 402 3657 446 aut

385 481 510 535 luna
550 481 812 534 minuetur
858 474 1070 535 lumine,
1115 473 1168 527 id
1209 480 1295 526 est
1316 470 1559 526 doctrina
1608 481 1796 526 sancta
1849 484 1967 527 mea

386 574 642 630 Ecclesiae
666 586 764 640 per
798 567 967 623 malos
994 575 1047 620 et
1079 565 1278 619 inscios
1317 564 1625 618 sacerdotes
1674 564 1965 617 minuetur.

384 667 520 733 Quia
553 663 734 717 veniet
762 668 972 729 tempus
1009 656 1400 726 ncquissimum
1455 654 1510 708 in
1548 653 1651 708 hac
1680 653 1966 718 Ecclesia;

385 753 706 809 antecedent
720 750 947 819 juvenes
969 762 1150 811 senes,
1183 755 1239 800 et
1262 745 1564 801 doctrinam
1595 745 1890 808 seniorum,
1917 752 1971 798 et

384 856 627 901 sanctam
655 842 903 897 derident
948 838 1265 894 Ecclesium.
1299 838 1549 892 Dicentes
1602 852 1660 891 se
1701 836 1971 905 sapientes

382 954 525 1001 esse,
558 935 706 990 stulti
753 940 932 994 erunt,
987 939 1043 984 et
1057 928 1211 997 juxta
1263 928 1504 999 Apostoli
1538 930 1719 991 verba,
1771 943 1973 996 semper

383 1033 661 1095 discentes,
700 1041 967 1098 nunquam
998 1024 1067 1079 ad
1097 1023 1371 1077 scientiam
1419 1022 1650 1075 veritatis
1678 1021 1975 1091 pervenien-

382 1134 479 1177 tes.
511 1121 577 1176 lli
607 1129 731 1175 sunt
768 1119 966 1182 idiotze,
988 1124 1044 1170 et
1067 1115 1303 1169 maxime
1330 1114 1515 1185 pravi,
1545 1120 1599 1167 et
1626 1112 1745 1169 duri
1785 1112 1967 1175 corde,

382 1216 474 1284 qui
531 1214 657 1268 talia
688 1219 875 1283 agunt.
901 1209 1009 1264 Lac
1035 1206 1465 1263 ecclesiasticum
1496 1205 1646 1259 nullo
1666 1205 1825 1258 modo
1847 1219 1908 1258 su
1947 1231 1971 1242 ν

382 1321 510 1376 gere
534 1304 734 1358 valent.
787 1300 852 1356 Hi
883 1316 988 1355 non
1032 1299 1237 1370 proprii
1276 1305 1406 1352 sunt
1447 1295 1563 1362 ﬁlii,
1594 1295 1689 1350 sed
1715 1292 1967 1363 privigni.

380 1397 639 1450 Ravenna
664 1393 922 1465 paulatim
946 1392 1313 1462 paulatimque
1332 1388 1717 1444 contrarietur.
1744 1385 1859 1440 Non
1892 1386 1973 1438 in-

382 1488 672 1543 venientur
703 1486 757 1540 in
794 1500 856 1539 ea
884 1484 988 1538 viri
1035 1490 1272 1553 quatuor
1315 1495 1475 1535 unam
1513 1478 1842 1533 voluntatem
1879 1476 1970 1530 ha-

380 1580 595 1642 bentes,
621 1584 678 1631 et
705 1584 815 1630 tres
843 1575 898 1629 in
942 1589 1049 1628 una
1092 1573 1135 1629 si
1176 1572 1379 1628 inventi
1421 1570 1624 1627 fuerint
1661 1570 1843 1633 domo,
1883 1569 1968 1625 in-

380 1672 556 1726 vicem
604 1684 665 1725 se
703 1667 940 1723 zelantes
972 1667 1322 1730 mordebunt;
1370 1674 1427 1718 et
1445 1664 1548 1719 erit
1577 1665 1630 1718 in
1660 1663 1970 1718 hominibus

2074 471 2450 526 auctoritatem
2502 472 2771 538 dilexerit,
2829 472 3210 529 abominabilis
3262 479 3389 531 erit.
3440 478 3656 537 Jzistizia

2074 571 2255 613 autem
2282 575 2388 613 non
2417 561 2823 626 memorabitur,
2854 570 2909 615 et
2937 574 3098 617 erunt
3140 579 3394 635 perversa
3427 566 3661 638 judicia,

2072 657 2126 704 et
2155 665 2380 704 munera
2412 652 2763 706 excaecabunt
2784 652 2968 707 oculos
2996 669 3208 721 eorum,
3235 666 3288 711 et
3320 658 3663 718 suffocabunt

2072 757 2368 813 pauperum
2396 758 2609 809 causas,
2640 752 2696 798 et
2738 759 2904 813 super
2953 746 3144 800 viduas
3190 746 3658 818 jucundabuntur.

2074 828 2140 885 Et
2168 840 2329 886 erunt
2358 833 2690 887 monasteria
2739 835 3005 905 disrupta,
3045 844 3101 890 et
3135 839 3378 894 ecclesia:
3402 844 3664 897 extermi.

2070 924 2370 990 nabuntur,
2407 934 2463 979 et
2492 925 2546 979 in
2576 932 2782 979 tantum
2812 928 3109 997 exagitabit
3153 929 3400 986 diabolus
3428 935 3482 987 in
3536 951 3664 989 san-

2073 1023 2189 1067 ctas
2217 1012 2494 1079 ecclesias,
2529 1028 2663 1082 quas
2688 1030 2717 1067 a
2744 1014 2989 1070 ﬁdelibus
3016 1016 3337 1074 Christianis
3366 1021 3668 1077 demolienv

2072 1111 2179 1168 tur,
2201 1112 2257 1159 et
2282 1106 2388 1158 erit
2411 1105 2692 1159 tenebrosa
2715 1106 2906 1161 domus
2928 1107 3046 1172 Dei,
3071 1116 3127 1162 et
3150 1111 3382 1165 ministri
3412 1112 3668 1173 auferent

2074 1196 2231 1250 thura
2258 1212 2287 1250 a
2315 1202 2503 1252 sancto
2532 1196 2746 1261 altario,
2779 1206 2834 1252 et
2854 1213 2960 1253 non
2990 1200 3397 1269 ministrabnnt,
3421 1214 3478 1260 et
3505 1223 3666 1264 vexa-

2070 1288 2273 1343 buntur
2316 1288 2583 1344 sacritleia
2617 1290 2806 1356 multa,
2843 1293 2969 1361 quia
3011 1296 3322 1352 sacerdotes
3355 1315 3463 1355 non
3492 1301 3667 1357 hono-

2070 1383 2334 1435 rabuntur
2372 1383 2440 1437 ab
2499 1382 2828 1449 hominibus,
2864 1385 2957 1439 sed
3006 1402 3129 1440 cum
3171 1388 3405 1459 aliquem
3436 1394 3665 1462 cupient

2070 1472 2384 1534 admonere,
2412 1471 2728 1525 deridentur
2749 1474 2816 1527 ab
2840 1474 2938 1527 eis.
2975 1473 3315 1533 Sacriﬁcium
3343 1490 3526 1536 autem
3557 1499 3665 1539 non

2070 1563 2180 1619 Deo
2205 1562 2467 1632 placabile
2505 1564 2630 1628 erit,
2662 1563 2707 1618 si
2743 1563 2981 1633 perfecte
3010 1567 3169 1637 hujus
3198 1571 3363 1625 seculi
3394 1574 3671 1644 cupiditas

2074 1653 2281 1726 [Fui-te,
2312 1670 2340 1707 a
2383 1655 2778 1728 sacerdotibus]
2810 1672 2916 1710 non
2950 1659 3267 1729 abjiciatur;
3298 1663 3343 1716 si
3376 1673 3559 1719 autem
3586 1666 3667 1720 ira

378 1772 435 1820 et
460 1763 515 1816 in
543 1762 811 1817 creaturis
834 1774 1036 1816 saevum
1063 1766 1121 1813 et
1148 1758 1446 1827 pessimum
1469 1755 1684 1809 vulnus.
1718 1754 1783 1810 Et
1812 1762 1961 1807 terra

2068 1747 2135 1798 ab
2162 1745 2346 1799 animo
2376 1761 2479 1799 non
2511 1748 2849 1811 ammoverit,
2884 1764 3079 1805 munus
3121 1751 3525 1811 immaculatum
3555 1774 3666 1812 non

382 1868 487 1908 non
520 1853 669 1906 dabit
698 1851 933 1905 fructum
964 1865 1141 1913 suum,
1163 1856 1219 1903 et
1243 1849 1356 1918 ipsa
1385 1855 1557 1901 mater
1581 1847 1821 1901 omnium
1860 1861 1970 1900 ma-

384 1953 584 1998 tertera
618 1942 900 1999 elﬁcietur.
929 1943 998 1997 Et
1023 1940 1404 1996 desiderabilia
1432 1938 1685 1994 deﬁcient
1705 1954 1883 2010 poma,
1915 1948 1970 1994 et

381 2036 563 2089 omnia
588 2035 780 2104 gaudia
827 2034 882 2087 in
934 2047 1169 2088 mmrore
1212 2039 1514 2087 vertentur.
1546 2030 1615 2088 Et
1654 2031 1798 2101 quod
1828 2045 1971 2085 nunc

379 2133 463 2179 est
492 2124 861 2179 Romanorum
890 2122 1178 2192 imperium
1200 2121 1563 2186 desolabitur,
1593 2130 1649 2176 et
1668 2135 1832 2192 super
1859 2122 1972 2175 Au-

381 2214 592 2285 gustale
621 2213 814 2269 solium
860 2228 1017 2283 reges
1047 2212 1330 2268 sedebant.
1372 2212 1441 2267 Et
1481 2220 1643 2267 erunt
1674 2212 1969 2269 Christiani

387 2303 670 2360 censuales
691 2303 811 2359 aliis
856 2303 1203 2367 Christianis,
1248 2310 1304 2357 et
1349 2303 1721 2372 unusquisque
1765 2304 1973 2358 miseri-

384 2394 627 2448 cordiam
674 2402 865 2447 contra
897 2392 1203 2462 proximum
1233 2405 1392 2447 suum
1418 2407 1526 2445 non
1569 2391 1807 2446 habebit.
1858 2391 1971 2447 Hoc

383 2483 490 2536 erit
530 2482 742 2534 initium
776 2483 1079 2549 signorum,
1129 2496 1252 2534 cum
1281 2481 1593 2535 sacerdotes
1640 2480 1768 2534 elati
1804 2486 1858 2534 et
1883 2496 1972 2534 cu-

380 2571 490 2640 pidi
520 2586 639 2625 esse
669 2570 932 2640 emperth
955 2610 970 2636 ,
1023 2579 1078 2625 et
1101 2571 1363 2625 honorem
1410 2570 1615 2623 nullum
1646 2570 1968 2626 anteceden-

383 2664 526 2718 tibus
553 2662 1036 2732 reprtesentabunt.
1069 2662 1175 2717 Per
1196 2662 1368 2717 malos
1411 2661 1697 2731 pontifices
1724 2662 1966 2717 Ecclesia

382 2755 714 2811 Ravennatis
738 2755 1046 2819 dehiscens,
1078 2769 1178 2825 pro
1200 2770 1298 2809 suo
1329 2755 1535 2810 honore
1561 2756 1846 2811 thesauros
1867 2756 1968 2812 Ec-

383 2846 564 2902 clesiae
594 2845 857 2910 tribuent,
905 2853 959 2900 et
1004 2861 1229 2901 munera
1273 2854 1567 2918 spargent,
1600 2855 1654 2901 et
1680 2855 1965 2917 postquam

380 2940 561 2994 omnia
609 2938 1049 3009 consumpserint
1092 2947 1408 2993 ornamenta
1446 2938 1719 3004 Ecclesiae,
1764 2940 1965 3008 praedia

390 3031 648 3085 tribuent.
690 3031 759 3084 Et
792 3029 974 3084 veniet
1006 3039 1221 3100 tempus
1251 3040 1315 3084 ut
1348 3030 1414 3085 ad
1445 3030 1687 3085 ecclesiae
1723 3046 1962 3086 mensam

2069 1838 2191 1891 erit.
2237 1837 2303 1891 Et
2357 1838 2462 1891 erit
2511 1838 2565 1891 in
2615 1838 2804 1893 diebus
2838 1842 3240 1911 suprascriptis,
3281 1846 3489 1901 nubent
3517 1851 3666 1905 servi

2069 1943 2193 1983 cum
2224 1927 2436 1983 ﬁliabus
2467 1929 2668 1987 domini
2704 1930 2803 1994 sui,
2837 1939 2892 1985 et
2920 1933 3182 2003 ignobiles
3211 1951 3332 1990 cum
3365 1939 3660 2005 nobilibus,

2070 2030 2124 2078 et
2153 2022 2512 2091 procreabant
2571 2023 2709 2077 ﬁlios
2756 2030 2809 2078 et
2852 2023 2990 2081 ﬁlias
3018 2040 3084 2080 ex
3125 2037 3342 2098 stupro,
3396 2039 3449 2085 et
3499 2044 3666 2088 erunt

2070 2113 2417 2169 nascentibus
2442 2113 2677 2184 indices,
2708 2122 2762 2169 et
2790 2115 2974 2180 duces,
3007 2126 3062 2172 et
3085 2120 3401 2177 subvertent
3432 2130 3658 2181 terram.

2070 2204 2139 2261 Et
2158 2204 2310 2258 multi
2346 2218 2451 2258 non
2482 2204 2717 2259 ferentes
2738 2207 3087 2275 opprobrium
3125 2211 3350 2266 exibunt
3374 2214 3443 2268 de
3471 2215 3667 2269 civita-

2071 2293 2218 2347 tibus
2262 2293 2395 2359 suis,
2424 2294 2579 2348 etde
2624 2294 2757 2349 locis
2790 2297 2924 2361 suis,
2972 2305 3026 2351 et
3071 2303 3553 2358 conuuorabnutnr
3608 2306 3661 2359 in

2072 2391 2215 2437 terra
2241 2385 2439 2449 aliena,
2462 2393 2518 2440 et
2567 2396 2726 2441 erunt
2754 2386 3009 2445 Ecclesia:
3061 2400 3239 2447 castra
3292 2396 3579 2461 subversa,
3609 2408 3665 2453 et

2069 2472 2378 2528 sacerdotes
2397 2474 2627 2547 dispersi
2653 2476 2837 2543 etiam,
2852 2486 2907 2532 et
2928 2481 3367 2540 sanctimoniales
3388 2503 3666 2558 oppressa:

2070 2578 2099 2618 a
2127 2565 2353 2634 singulis
2378 2567 2687 2624 hominibus
2717 2570 2865 2635 vitaz,
2890 2579 2944 2625 et
2971 2572 3170 2640 invitm,
3203 2574 3503 2648 alienteque
3528 2596 3662 2651 par-

2071 2666 2158 2711 tus
2186 2673 2313 2712 suos
2338 2667 2613 2722 uocantes,
2646 2676 2714 2715 ne
2740 2664 2945 2718 ventris
2976 2663 3180 2721 fructus
3204 2676 3257 2722 et
3281 2670 3437 2725 testis
3454 2680 3511 2725 et
3534 2690 3663 2743 pro-

2069 2747 2213 2801 ditor
2238 2746 2346 2801 ﬁat.
2378 2747 2524 2816 Haec,
2555 2748 2776 2817 fratres,
2807 2753 2873 2806 de
2900 2754 3179 2823 profundis
3217 2774 3387 2828 pauca
3420 2762 3657 2830 hauriri,

2068 2837 2192 2903 quia
2225 2851 2254 2889 a
2290 2836 2473 2892 dolore
2521 2840 2714 2908 capitis
2758 2856 3075 2911 consumor;
3126 2847 3219 2902 sed
3277 2857 3456 2905 tamen
3501 2851 3661 2922 juxta

2071 2927 2215 2982 beati
2255 2926 2355 2984 Job
2384 2930 2618 3001 eloquia,
2649 2943 2950 3006 conceptum
2995 2956 3284 2996 sermonem
3322 2953 3496 3001 tenere
3537 2950 3659 3019 quis

2074 3021 2284 3088 possit?
2316 3021 2468 3076 State
2493 3024 2917 3093 prudentissimi,
2948 3037 3003 3085 et
3034 3031 3287 3088 dimicate
3313 3051 3435 3091 cum
3474 3042 3662 3108 perni-

381 3135 506 3175 cum
526 3119 762 3174 vasculis
779 3117 972 3189 ligneis
1002 3120 1334 3184 ministrent,
1357 3127 1411 3174 et
1433 3108 1756 3174 iriterﬁcient
1778 3131 1965 3190 pasto-
1995 3103 2038 3164 Ο
2071 3109 2373 3164 είοεῖεείηῖθ
2404 3111 2579 3177 hoste:
2613 3130 2679 3169 ηε
2704 3125 2867 3185 Cal)"t
2894 3119 3092 3185 dum“.
3122 3138 3189 3176 ne
3224 3126 3362 3179 00"“
3394 3103 3657 3200 03680“.

380 3225 470 3266 res
491 3224 622 3265 oves
648 3225 794 3273 snas,
821 3226 925 3265 non
956 3209 1272 3265 adtondent.
1304 3209 1434 3276 Quae
1462 3210 1558 3265 Dei
1584 3218 1731 3275 sunt,
1759 3212 1854 3265 sed
1880 3225 1967 3266 se-

378 3299 558 3353 culum
604 3297 830 3367 diligent
872 3297 1013 3367 plus.
1052 3298 1118 3352 Et
1160 3298 1378 3353 venient
1420 3299 1564 3354 circa
1607 3299 1766 3354 litora
1797 3301 1966 3356 maris

378 3394 566 3456 gentes
619 3386 835 3456 ignota),
881 3386 1009 3440 dum
1045 3393 1102 3440 et
1137 3385 1460 3440 interﬁciant
1508 3386 1865 3454 Christianos,
1909 3396 1966 3444 et

377 3474 764 3546 pnedabuntur
788 3474 1034 3544 regiones
1060 3488 1269 3541 eorum,
1309 3482 1364 3531 et
1393 3475 1485 3544 qui
1514 3475 1711 3530 residui
1737 3474 1961 3546 fuerint,

376 3578 537 3623 erunt
579 3568 659 3624 eis
692 3569 985 3625 tributarii.
1033 3570 1101 3625 Et
1146 3570 1425 3641 insurgent
1451 3569 1744 3629 Christiani
1774 3579 1962 3626 contra

376 3661 733 3727 Christianos,
764 3670 820 3717 et
861 3663 1095 3732 pessime
1124 3663 1431 3733 oppriment
1476 3678 1592 3727 eos,
1620 3672 1676 3719 et
1714 3679 1803 3719 res
1846 3663 1962 3719 illo-

380 3767 498 3806 rum
535 3751 808 3821 diripient,
859 3760 913 3806 ct
954 3767 1181 3824 corpora
1211 3753 1427 3809 illorum
1468 3750 1726 3823 alnigent,
1765 3761 1822 3808 et
1864 3768 1967 3823 pro

376 3839 544 3893 nimia
584 3840 862 3897 debilitate
905 3841 1359 3911 blasphemabunt
1386 3841 1440 3896 in
1470 3841 1686 3897 caelum.
1735 3842 1964 3899 Univer-

376 3943 471 3994 sus
516 3936 701 3982 contra
730 3943 791 3984 se
825 3931 1096 3986 exeitatur
1126 3931 1355 3986 invicem
1387 3931 1637 3986 mundus.
1670 3931 1736 3984 Et
1762 3932 1962 4003 Agare-

377 4037 569 4084 norum
599 4036 730 4091 gens
756 4023 825 4077 ab
849 4023 1060 4078 oriente
1101 4024 1362 4095 insurget,
1394 4032 1449 4078 et
1476 4023 1791 4096 praedabunt
1829 4024 1962 4078 civi-

380 4119 518 4174 tates
544 4111 596 4164 in
621 4113 1295 4180 marinislittoribussitas,
1318 4123 1373 4170 et
1404 4130 1509 4168 non
1534 4114 1636 4169 erit
1658 4115 1748 4185 qui
1780 4123 1954 4169 cruat.

378 4200 512 4267 Nam
544 4203 599 4255 in
630 4204 839 4258 cunctis
862 4205 1173 4274 regionibus
1204 4214 1361 4261 terra!
1386 4216 1545 4261 erunt
1571 4206 1758 4276 inopes
1782 4220 1956 4277 reges,

376 4299 431 4345 et
451 4289 735 4360 diligentes
762 4308 1010 4357 munera,
1039 4302 1095 4349 et
1121 4296 1425 4364 oppriment
1453 4297 1678 4366 populos
1705 4298 1805 4352 sibi
1839 4299 1961 4352 sub-

371 4379 568 4466 jectos,
600 4390 655 4435 et
699 4382 898 4450 peribit
930 4382 1234 4437 Romanum
1281 4383 1613 4439 Francorum
1652 4387 1958 4457 imperium,
1990 4393 2039 4453 ι)

375 4482 430 4539 et
455 4473 718 4527 sedebunt
745 4486 900 4540 reges
920 4487 1081 4541 super
1099 4472 1392 4543 Augustale
1412 4473 1607 4528 solium
1634 4485 1690 4529 et
1718 4478 1959 4532 minuen-

378 4570 466 4612 tur
494 4560 693 4625 omnia,
745 4570 800 4615 et
832 4561 1142 4631 prmcellent
1184 4563 1325 4617 servi
1368 4563 1642 4621 dominum
1681 4581 1858 4631 suum,
1900 4577 1957 4623 et

376 4648 462 4715 his
487 4649 689 4719 mugiet
724 4657 889 4715 terra,
923 4660 976 4704 ct
1005 4649 1269 4706 elementa
1299 4652 1596 4716 dehiscent,
1637 4663 1694 4708 et
1718 4657 1955 4712 conﬁdet

375 4742 746 4811 unusquisque
785 4742 839 4797 in
884 4742 1061 4814 gladio
1097 4758 1227 4809 suo,
1278 4752 1332 4798 et
1368 4746 1546 4798 omnia
1592 4754 1751 4801 terrae
1787 4750 1950 4803 corda

376 4832 703 4897 fremebant,
743 4840 798 4887 et
824 4833 1079 4889 deﬁcient
1124 4835 1365 4889 seniores
1412 4843 1467 4888 et
1486 4834 1712 4905 juvenes
1740 4838 1945 4893 exalta-

377 4926 593 4988 bnntur,
622 4930 678 4978 et
709 4925 1266 4985 nonwecordabuntur
1287 4925 1505 4996 antiqua
1531 4940 1821 4998 praecepta,
1856 4930 1949 4985 sed

374 5015 744 5086 unusquisque
789 5018 842 5071 iu
895 5032 994 5071 sua
1046 5017 1332 5086 pravitatis
1379 5017 1671 5072 ambulabit
1726 5020 1843 5083 via,
1895 5027 1952 5073 et

371 5107 854 5162 eonunovebuntur
882 5122 950 5162 ex
980 5108 1120 5162 eaalo
1155 5117 1324 5174 astra,
1357 5119 1412 5164 et
1447 5110 1729 5179 percussio
1762 5111 1862 5164 erit
1896 5110 1949 5165 in

372 5207 642 5262 creatura,
689 5206 745 5252 et
789 5198 842 5252 in
879 5199 1184 5267 pecoribus,
1234 5208 1291 5252 et
1334 5199 1388 5253 in
1430 5196 1713 5267 jumentis,
1763 5208 1818 5255 et
1861 5216 1952 5273 ge-

371 5287 594 5342 mebant
620 5286 770 5341 multi
798 5286 1020 5341 nimiam
1055 5288 1336 5357 penuriam
1375 5290 1723 5353 sustinentes,
1749 5290 1947 5344 multo-

371 5390 601 5447 rumque
653 5377 903 5433 deﬁcient
945 5392 1173 5446 corpora
1200 5386 1421 5448 propter
1448 5379 1726 5448 penuriam
1764 5378 1943 5445 famis,

346 5475 426 5522 'et
448 5469 645 5522 vadent
692 5470 901 5524 nobiles
952 5468 1180 5522 Romani
1234 5470 1290 5523 in
1330 5469 1504 5525 aliena
1536 5479 1676 5524 terra
1722 5472 1939 5541 captivi.

370 5553 598 5623 Propter
625 5573 751 5612 suas
772 5558 990 5612 divitias
1025 5559 1436 5629 depopulabitur
1465 5575 1495 5613 a
1529 5562 1641 5615 suis
1668 5560 1859 5624 Roma,
1891 5571 1949 5616 et

371 5661 710 5704 concremata
736 5651 789 5707 in
817 5651 1064 5705 inccndio
1091 5653 1210 5706 erit.
1232 5652 1306 5706 Et
1330 5654 1507 5710 omnis
1542 5664 1685 5712 terra
1715 5656 1941 5723 sterilis,

2069 3216 2138 3257 ne
2167 3216 2327 3255 aures
2364 3204 2703 3270 surdescant,
2747 3222 2816 3261 ne
2843 3223 2905 3261 os
2935 3217 3131 3275 taceat,
3166 3229 3235 3267 ne
3264 3213 3443 3285 lingua
3472 3218 3656 3287 sileat.

2069 3307 2138 3346 ne
2167 3294 2380 3349 animus
2411 3310 2440 3348 a
2465 3296 2619 3366 signo
2644 3301 2822 3354 crucis
2850 3301 3117 3370 quiescat.
3152 3322 3220 3361 ne
3256 3307 3482 3364 brachia
3527 3329 3655 3369 are-

2067 3392 2241 3447 scant,
2280 3401 2347 3439 ne
2367 3401 2463 3440 cor
2492 3396 2782 3454 tumescat,
2816 3407 2881 3446 ne
2906 3392 3322 3467 ‘ﬁbra‘zpectoris
3349 3401 3534 3458 animo
3558 3421 3657 3460 cx-

2069 3473 2373 3540 tendantur,
2408 3490 2476 3531 ne
2504 3485 2696 3533 venter
2731 3495 2759 3534 a
2805 3482 2927 3536 cibo
2964 3488 3306 3556 extendatur,
3360 3507 3429 3547 ne
3476 3509 3653 3565 genua

2066 3566 2354 3635 rigescant,
2387 3584 2492 3623 non
2548 3571 2826 3627 incurvata
2869 3576 3048 3643 dorsa,
3102 3596 3206 3635 non
3259 3581 3528 3640 iudeﬁexo
3555 3605 3658 3660 po-

2064 3654 2214 3748 plite,
2242 3660 2523 3729 necjpigro
2548 3664 2704 3731 pede,
2749 3666 2843 3720 sed
2886 3674 3054 3721 totum
3085 3670 3275 3727 stabile
3316 3674 3388 3728 sit
3428 3654 3651 3748 corpus.

2064 3746 2268 3813 Estote,
2301 3751 2411 3807 Deo
2438 3754 2670 3822 volente,
2718 3758 2966 3827 perfecti,
3003 3761 3144 3817 sicut
3175 3764 3262 3820 hic
3301 3746 3655 3828 beatissimus

2063 3841 2347 3898 Gratiosus
2396 3843 2497 3899 fuit
2544 3849 2798 3905 omnibus
2821 3851 3011 3906 diebus
3039 3854 3163 3909 vita:
3196 3872 3325 3912 suae.
3359 3858 3507 3917 Obiit
3553 3879 3654 3918 an-

2065 3938 2170 3982 tem
2201 3931 2288 3986 die
2318 3946 2449 3987 xxm
2502 3936 2705 3990 mensis
2756 3936 3060 4004 Februarii,
3103 3950 3159 3996 et
3184 3946 3426 4015 sepultus
3465 3957 3551 4004 est
3592 3952 3647 4007 in

2062 4018 2287 4073 ecclesia
2304 4019 2363 4074 Β.
2389 4020 2765 4090 Appollenaris
2795 4029 3092 4085 sacerdotis
3123 4040 3181 4086 et
3208 4037 3464 4108 martyris
3490 4039 3647 4096 Chri-

2062 4112 2155 4176 sti,
2192 4113 2243 4166 iu
2268 4113 2485 4170 civitate
2515 4116 2738 4172 Classis.
2788 4119 2934 4175 Sedit
2990 4132 3170 4180 autem
3206 4141 3335 4182 ann.
3378 4145 3437 4185 ιιι
3468 4148 3642 4194 mens.

2063 4203 2270 4277 [SuppL
2302 4223 2338 4262 ι
2366 4207 2609 4282 llaec/1.],
2642 4211 2756 4267 dies
2788 4229 2861 4267 tu.

2569 4411 3139 4475 OBSERVATIONES

2474 4521 2549 4559 AD
2608 4521 2816 4564 νιτΑΜ
2872 4525 3221 4570 CRATIOSI.

2057 4589 2437 4679 Monasterium
2485 4595 2541 4649 S.
2604 4597 2921 4679 Apollinaris
2949 4604 3011 4679 in
3063 4603 3237 4679 Yeclo.
3269 4606 3524 4679 Prodigia
3552 4615 3638 4667 hic

2125 4661 2357 4747 iridicqta
2412 4661 2785 4747 Ilion-spectant
2825 4670 3172 4747 ad-{iratiosi
3227 4661 3635 4747 (ﬂamini—bii;

2122 4729 2372 4854 giggielluls
2413 4729 2643 4789 (ἶναιίὀεὶ
2679 4737 2809 4792 Vim:
2834 4740 3066 4811 subjicit,
3094 4729 3636 4816 perperam

2146 4816 2187 4852 ri
2227 4818 2330 4854 tum
2359 4818 2439 4854 ur.

2146 4816 2439 4855 nouantur.

2121 4890 2255 4975 Qnie
2302 4892 2368 4972 a.d
2408 4892 2584 4975 \nlitam
2629 4894 2880 4975 [separati
2926 4903 3163 4975 episcopi
3220 4918 3521 4964 narrantur
3565 4912 3632 4966 de

2051 4961 2476 5049 monasteries.
2520 4961 2872 5049 ᾼρριιίἑιερνίε3
2925 4961 3278 5049 hinclnmen
3326 4961 3626 5049 accipiunt,

2050 5031 2482 5105 quandoquidem
2508 5043 2560 5087 et
2578 5031 2957 5105 ‘hicrejusdem
2986 5042 3087 5098 loci
3120 5046 3288 5101 abbas
3318 5031 3629 5105 fuithFici:

2053 5111 2140 5178 t_ur
2165 5108 2349 5178 autem
2371 5102 2531 5178 situm
2550 5119 2665 5178 _non
2694 5102 2852 5178 longe
2889 5112 2955 5164 ab
2982 5113 3208 5169 ecclesia
3242 5114 3300 5170 S.
3328 5102 3544 5176 Crucisi
3561 5102 3625 5176 VS—i

2054 5170 2139 5261 .83“
2151 5168 2690 5261 CrucisJecclesiaea
2721 5168 3029 5261 fu§rit_qy:e
3050 5200 3081 5261 ξ
3116 5168 3624 5261 Placidia

2050 5242 2574 5331 erectae-bdedicagta
2598 5257 2713 5331 est,
2733 5260 2796 5301 ea
2828 5249 2895 5303 ad
2918 5242 3081 5331 Fabri
3107 5266 3342 5331 mentem
3365 5242 3627 5331 ostri]an

2052 5311 2210 5390 modo
2237 5312 2560 5378 parochialis
2592 5316 2659 5390 ad
2694 5316 2783 5390 jus
2811 5330 3117 5377 nostrorum
3151 5324 3207 5378 S.
3238 5311 3445 5383 Vitatis
3459 5311 3625 5386 bis".

2050 5385 2297 5461 neusium
2328 5390 2556 5461 spectat.
2595 5385 2671 5440 De
2703 5385 2808 5442 hoc
2838 5390 2896 5444 S.
2942 5392 3268 5461 Apollinaris
3291 5385 3620 5456 monasterio

2049 5450 2160 5532 agit
2191 5450 3106 5532 idemfaber,testaturqueeodem
3130 5466 3346 5522 nomine
3367 5450 3617 5525 vocatum

2050 5519 2103 5600 i‘n
2132 5519 2615 5600 bullisOAlesandri
2671 5526 2734 5580 ill
2770 5519 2834 5600 ei
2873 5529 3077 5587 Urbani
3129 5533 3217 5598 IV,
3266 5519 3615 5595 similive—tab

2048 5587 2349 5673 sig-uellonin
2376 5593 2781 5673 Yitnniicpamti
2821 5609 3060 5673 vocatur,
3104 5587 3614 5673 monasterii-tuis;

2049 5658 2244 5717 delicat
2270 5658 2333 5717 S.
2372 5658 2714 5735 Apollinaris,
2748 5672 2889 5737 quod
2917 5658 3078 5727 situm
3127 5683 3210 5729 est
3239 5658 3609 5748 propertius—
