3936 6180
227 284 327 351 τιεῖ

240 400 1861 427 W

1268 288 1474 347 LIBER
1510 285 2107 373 munrrcausa—
2146 290 2323 346 rans
2359 292 2423 346 ιι.

1874 401 3479 429 mw

1343 472 1615 552 VITIE
1691 472 2308 551 PETRONACII

1253 602 1574 667 Nonnulla
1632 623 1670 663 a
1721 604 2118 682 Descriptore
2168 603 2454 666 collecta.

280 744 642 801 Petronaclus
689 744 874 811 XLVI,
928 747 1019 817 qui
1042 748 1249 817 juravit
1293 749 1552 804 honorem
1598 750 1792 806 Carolo
1820 758 1871 817 Α
1895 706 2178 822 Agnellum
2207 748 2581 822 presbyterum
2604 748 2946 822 cardinalem
2964 757 3242 822 nuncupat
3267 764 3368 820 pro
3384 756 3471 822 sui

212 837 545 908 imperatori.
576 834 747 904 Hujus
763 845 1006 907 tempore
1035 838 1299 904 Andreas,
1327 841 1419 911 qui
1440 850 1496 896 et
1514 842 1790 912 Agnellus,

208 926 345 981 abba
377 925 439 981 S.
476 925 662 981 Maria:
710 926 779 981 ad
818 926 1148 984 Blachernas
1193 938 1250 984 et
1287 929 1345 984 8.
1391 931 1792 997 Bartbolomzei,

211 1017 352 1072 hunc
382 1016 627 1071 codicem
651 1016 1023 1072 Pontiﬁcalem
1053 1021 1375 1090 composuit,
1425 1030 1482 1074 ut
1529 1030 1677 1091 patet
1706 1038 1797 1075 su-

208 1122 303 1179 pra
344 1107 401 1161 in
450 1106 716 1176 principio
756 1106 915 1175 hujus
944 1107 1068 1163 libri
1094 1108 1144 1162 in
1189 1125 1347 1163 versu
1371 1110 1514 1178 quod
1557 1110 1789 1180 incipit:

207 1195 276 1250 In
297 1195 479 1250 Patris
505 1205 551 1249 et
580 1195 731 1250 Nati.
782 1195 915 1250 Item
962 1205 1019 1252 et
1064 1199 1221 1253 istius
1253 1208 1492 1267 tempore
1520 1210 1795 1271 repertum

206 1294 290 1340 est
316 1300 519 1354 corpus
556 1285 859 1341 beatissimi
912 1287 1223 1343 Maximiani
1262 1290 1655 1362 archiepiscOpi
1686 1291 1796 1347 Ra-

209 1377 480 1441 vennatis,
507 1386 567 1431 ut
594 1378 682 1432 hic
722 1376 936 1451 [habes]
965 1394 1126 1448 supra
1160 1380 1213 1434 in
1245 1381 1482 1450 capitulo
1514 1381 1797 1436 Maximia-

206 1486 325 1535 ιιι,
367 1479 427 1524 et
455 1470 559 1525 iste
608 1470 868 1543 Agnellus
907 1470 1150 1528 Andreas
1180 1472 1513 1529 Ravennatis
1536 1474 1795 1531 Ecclesia:

203 1559 307 1616 fuit
329 1564 624 1633 presbyter
649 1562 966 1618 cardinalis.

701 1761 1272 1820 OBSERVATIONES

560 1869 630 1909 Δί)
669 1868 962 1909 ευνειιιοιιΑ
1003 1870 1070 1909 DE
1105 1871 1462 1911 PETRONACIO.

200 1962 327 2021 Non
366 1966 539 2039 potuit
562 1967 617 2039 is
660 1966 911 2039 honorem
937 1964 1127 2021 Carolo
1145 1969 1356 2039 jurare.
1403 1968 1654 2039 Agnellus
1688 1968 1795 2025 Pe-

264 2037 508 2123 tronacio
529 2036 948 2123 sedente/iiuna:
973 2053 1038 2123 εξ
1062 2036 1212 2107 parte
1235 2036 1467 2123 scripsit:
1491 2038 1791 2123 Garainalis

265 2105 555 2180 presbyteri
579 2104 858 2180 appeltatio
908 2107 962 2160 in
990 2104 1285 2180 Ravennati
1307 2104 1549 2163 Ecclesia
1575 2109 1791 2180 Aguello

265 2174 546 2229 recentior.
577 2174 989 2246 Paralipomena
1015 2178 1281 2248 quaedam.

263 2283 307 2339 I.
348 2283 472 2339 1am
494 2300 657 2358 supra
682 2284 737 2339 in
762 2284 1004 2358 Excursu
1031 2286 1418 2358 chronologieo
1437 2290 1784 2344 observatum

195 2364 437 2429 es‘t‘non
492 2354 733 2429 potuisse
779 2355 1160 2429 Petronacium
1216 2354 1410 2413 Carolo
1442 2358 1784 2429 imperatori

196 2425 535 2498 ﬁdelitatem,
561 2425 676 2498 sive
712 2425 976 2498 honorem
997 2425 1205 2498 jurare,
1246 2443 1372 2483 eum
1404 2425 1651 2498 pluribus
1676 2446 1779 2484 an-

193 2497 277 2568 nis
297 2503 431 2568 post
453 2496 635 2550 Caroli
662 2503 891 2568 mortem
922 2495 969 2550 is
990 2496 1210 2568 sederit.
1249 2498 1347 2553 Vel
1381 2495 1565 2568 itaque
1598 2500 1650 2554 id
1668 2515 1784 2554 om-

193 2564 323 2621 nino
359 2564 557 2621 falsom
611 2573 715 2631 est,
754 2566 839 2620 vel
868 2580 967 2635 pro
1023 2565 1215 2622 Carolo
1265 2564 1568 2623 Ludovicus
1613 2568 1777 2624 scribi

195 2635 558 2708 debebat._At_
583 2645 781 2708 caetera
805 2636 940 2708 satis
954 2636 1653 2708 ostenduntdescriptorenl
1690 2639 1779 2693 ad-

194 2706 417 2790 modpm
452 2706 514 2790 in
546 2705 776 2790 historia
801 2706 1065 2775 ineptum,
1092 2708 1322 2790 “cuique
1361 2705 1592 2790 proinde
1615 2708 1780 2790 ﬁdere

190 2773 582 2848 baud__mt_u_m.
640 2775 717 2831 De
763 2773 1004 2848 tempore
1053 2773 1461 2847 etiam-scripti
1503 2778 1665 2848 hujus
1712 2778 1782 2833 ab

190 2843 420 2916 Agnello
460 2845 584 2916 libri
621 2861 741 2916 qua:
770 2843 1078 2911 traduntur,
1114 2861 1182 2902 ex
1208 2843 1625 2916 parte'tantuin
1650 2861 1783 2916 vera

188 2915 338 2981 sunt,
364 2916 446 2970 uti
465 2915 875 2972 observavimus
893 2916 960 2970 ad
980 2931 1171 2971 versus
1190 2915 1328 2986 quos
1350 2917 1438 2973 hic
1466 2916 1617 2972 citat.
1635 2915 1786 2971 Idem

1896 816 2076 889 potius
2104 816 2265 889 quam
2293 816 2700 889 Ag’nellimore,
2748 834 2873 889 nam
2921 816 3334 888 Aguelli'aata'te
3380 821 3489 876 Ra-
3561 858 3567 865 -

1896 886 2084 944 veuuae
2113 886 2187 943 ita
2233 886 2409 959 notari
2446 886 2633 959 solitos
2671 886 3021 958 presbyteros
3074 890 3191 959 ejus
3222 889 3479 946 Ecclesia:

1895 959 2189 1029 principes,
2219 974 2313 1013 seu
2339 958 2394 1029 in
2420 957 2675 1029 cardine,
2710 966 2771 1011 ut
2802 957 3115 1029 vacabant,
3143 959 3372 1029 positos,
3407 977 3475 1015 ex

1895 1026 2122 1100 λειωΠο
2153 1029 2270 1100 ipso
2300 1028 2522 1100 minime
2553 1034 2785 1100 constat.
2816 1026 2932 1096 Ipse
2964 1044 3041 1091 se,
3066 1026 3190 1083 cum
3220 1028 3478 1083 Petrona-

1896 1094 2014 1153 eius
2044 1094 2352 1153 Maximiani
2379 1112 2576 1169 corpus
2608 1094 2904 1169 transferre
2928 1113 3214 1169 aggressus
3243 1110 3349 1164 est,
3392 1100 3478 1153 in-

1898 1178 1982 1223 ter
2014 1169 2359 1240 presbyteros
2405 1166 2614 1240 decimo
2641 1166 2759 1221 loco
2806 1166 2982 1240 fuisse
3000 1166 3114 1233 ait;
3156 1182 3236 1233 se,
3257 1169 3480 1240 quoties

1892 1236 2383 1307 per'oceasionem
2431 1236 2575 1302 licet,
2618 1245 2673 1289 et
2703 1237 3104 1307 presbyterum,
3143 1245 3198 1291 et
3223 1236 3479 1293 abbatem

1895 1306 2149 1379 appellat,
2181 1322 2453 1379 nunquam
2484 1321 2613 1379 vero
2632 1306 2983 1379 cardinalem.
3016 1307 3076 1362 In
3107 1307 3350 1379 Ecclesia
3379 1308 3481 1361 ita-

1894 1376 2000 1449 que
2029 1378 2325 1449 Ravennati
2352 1377 2403 1430 id
2425 1376 2651 1449 Agnello
2674 1378 3235 1449 recentiusexistimo.
3261 1377 3481 1449 Rubeus

1894 1446 2171 1504 contendit
2198 1463 2228 1502 a
2253 1447 2447 1517 Magno
2474 1446 2734 1517 Gregorio
2760 1447 2813 1499 in
2850 1447 3145 1517 diplomate
3167 1446 3309 1516 quod
3329 1447 3478 1501 exhi-

1891 1519 1986 1588 bet
2006 1519 2097 1573 lib.
2142 1535 2216 1584 IV,
2245 1533 2367 1587 pag.
2396 1516 2515 1588 I89,
2548 1516 2847 1571 Mariniano
2880 1516 3026 1582 dato,
3056 1517 3477 1588 appelIatiouem

1892 1587 2197 1657 huiusmodi
2228 1586 2554 1657 adhibitam;
2594 1595 2650 1639 at
2704 1595 3065 1656 praeterquam
3109 1586 3252 1656 quod
3292 1587 3481 1641 nullibi

1894 1656 2040 1715 ineo
2081 1658 2439 1714 eardinalium
2469 1656 2845 1710 Ravennatum
2868 1657 3071 1712 mentio
3096 1672 3349 1725 expressa
3380 1657 3479 1710 Ita-

1893 1730 2072 1795 betur,
2101 1729 2334 1799 diploma
2372 1726 2455 1799 vel
2484 1725 2747 1799 Spurium,
2775 1725 2857 1799 vel
2886 1735 3034 1781 certe
3064 1726 3138 1779 nil
3175 1727 3247 1779 ad
3269 1725 3481 1799 Grego-

1893 1800 2033 1853 rium
2070 1795 2340 1869 Ma’gnum,
2374 1797 2458 1850 vel
2511 1797 2579 1849 ad
2607 1795 3273 1869 M‘arinianum‘spectaus,
3321 1796 3480 1869 facile

1891 1884 1958 1923 ex
1990 1865 2238 1939 plurimis
2298 1865 2685 1939 demonstrari
2718 1874 2923 1939 posset,
2984 1865 3130 1920 inter
3188 1866 3479 1939 qu;e__illud

1930 1935 2136 1993 almare
2182 1935 2345 2008 quod
2377 1951 2408 1990 a
2458 1935 2723 2008 Gregorio
2767 1936 3162 2008 conﬁrmentur
3196 1935 3481 2008 privilegia

1943 2006 2214 2063 avennati'
2240 2007 2499 2062 Ecclesiae
2527 2021 2556 2059 a
2580 2006 3056 2074 Langobardorum
3094 2007 3312 2076 regibus
3342 2021 3479 2076 con-

1822 2114 1866 2173 B
1895 2078 2221 2173 cessa.‘.I:er
2247 2092 2317 2159 ea.
2338 2079 2747 2173 enimnte‘njpar‘a
2760 2074 3479 2173 .Langob‘anrdps're‘gesnlia-

1894 2149 2216 2204 veunatibus
2234 2147 2505 2218 episcopis
2528 2146 2811 2217 privilegia
2826 2146 3160 2203 concessisse
3182 2146 3330 2201 omni
3356 2159 3468 2213 pro-

1885 2218 2173 2274 babilitate
2192 2226 2366 2273 caret.

1957 2288 2018 2343 II.
2060 2288 2191 2356 Qua:
2241 2288 2308 2342 ad
2372 2285 2756 2341 Petronacium
2822 2293 3092 2356 spectant,
3148 2284 3473 2356 descriptori

1883 2353 2227 2428 ineptissimo
2256 2357 2463 2428 omissa
2496 2365 2644 2421 sunt,
2680 2372 2830 2428 anno
2851 2353 2962 2428 8I9
2997 2371 3027 2408 a
3061 2353 3483 2428 Pa_sc_haIi__Sum-

1882 2424 2255 2499 mo'pontjtice
2302 2426 2624 2499 conﬁrmata
2674 2426 3093 2499 archiepiscopo
3123 2425 3251 2499 huic
3292 2424 3481 2479 Eccle-

1881 2493 2083 2567 siaeque
2111 2496 2419 2563 Ravennati
2442 2495 2747 2567 privilegia,
2774 2511 2811 2567 a
2840 2493 3331 2567 prmdecessoribus
3354 2509 3482 2550 con-

1879 2564 2052 2638 cessa,
2065 2582 2164 2638 per
2187 2567 2422 2638 diploma
2441 2564 2508 2621 ex
2528 2564 2754 2621 archivo
2769 2564 2998 2638 prsiano
3023 2565 3210 2638 Ruben
3225 2564 3478 2638 relatum,

1881 2637 1978 2709 lib.
2018 2632 2402 2709 v,:pag.'j256,
2443 2645 2499 2691 et
2522 2637 2744 2709 quodex
2769 2635 2956 2709 [iubeo
2981 2632 3485 2709 exscripsitUghcl—

1882 2707 1969 2788 Ius
1993 2724 2007 2774 ;
2066 2704 2309 2788 Eugenio
2331 2715 2515 2788 autem
2540 2704 2930 2788 ‘ejus'nominis
2953 2706 3203 2788 secunda
3230 2708 3479 2788 sedepte,

1883 2772 2270 2858 Petronacium
2298 2778 2478 2858 primo
2514 2772 2668 2858 post“
2681 2774 2983 2858 Romanum
3017 2772 3329 2858 pontiﬁcem
3361 2774 3482 2858 loco

1888 2847 2282 2916 subscripsisse
2298 2843 2352 2900 in
2374 2843 2606 2916 concilio
2629 2843 2876 2900 Romano
2888 2843 3177 2914 sexaginta
3194 2843 3359 2896 trium
3375 2843 3483 2912 epi-

1890 2914 2186 2986 scoporum
2206 2915 2334 2971 anni
2369 2914 2498 2969 826.

1437 3134 1691 3212 VITA
1768 3131 2227 3213 GEORGII.

712 3307 946 3368 CAPUT
985 3311 1273 3369 PRIMUM.

184 3399 483 3473 Gregorius
522 3399 606 3473 [γ
649 3398 935 3473 Georgium
975 3411 1268 3473 consecrat.
1301 3400 1476 3458 ϐαίτας
1495 3402 1724 3473 ecclesiae
1744 3402 1790 3457 is

250 3418 483 3482 rogaras
522 3418 546 3454 ι
569 3418 596 3454 γ
649 3418 935 3524 georgiam
973 3418 1268 3483 consecrat.
1301 3418 1476 3458 bacas
1495 3418 1787 3458 ecclesiae“

250 3469 489 3551 expetat.
527 3468 712 3594 Ριῗοω
776 3542 788 3554 ⁸
812 3472 1005 3553 other“
1055 3471 1447 3554 ﬁliamesacro
1470 3470 1787 3554 (anteferat.

256 3540 545 3594 Produna.
634 3540 839 3594 udoth
873 3539 962 3594 Pu
991 3558 1152 3594 mors.
1193 3541 1343 3594 Bella
1380 3552 1517 3594 inter
1556 3542 1787 3594 eiusdem

253 3539 545 3679 {Ii’lrodigim
587 3539 839 3595 Ludovici
873 3539 962 3594 Pii
991 3539 1152 3596 mors.
1193 3541 1343 3596 Bella
1380 3539 1517 3597 inter
1556 3542 1790 3613 ejusdem

315 3627 429 3665 tos.

256 3700 537 3771 Georgius
560 3699 765 3757 XLVII.
807 3701 916 3757 Iste
959 3702 1176 3773 juvenis
1205 3712 1387 3767 actate,
1417 3700 1613 3771 capillo
1641 3715 1782 3755 cris-

197 3808 270 3862 po
295 3790 521 3862 capitis,
554 3792 786 3862 grandes
820 3793 1026 3848 oculos.
1067 3792 1150 3848 Ab
1178 3792 1442 3865 Gregorio
1482 3791 1550 3847 IV
1604 3791 1791 3846 Romae

196 3880 367 3953 [papa
400 3877 670 3950 Romano]
695 3889 1053 3937 consecratus
1076 3879 1210 3945 fuit;
1263 3882 1358 3936 sed
1388 3886 1677 3951 postquam
1699 3893 1791 3935 sa-

186 3975 538 4025 cramentum
580 3983 613 4023 a
641 3984 871 4038 corpore
901 3970 1044 4026 beati
1074 3969 1222 4025 Petri
1248 3970 1500 4040 praebuit,
1535 3985 1790 4041 egressus

189 4059 398 4123 Roma,
438 4059 620 4113 statim
654 4059 963 4115 contrarius
979 4059 1283 4116 ordinatori
1314 4076 1413 4115 suo
1442 4061 1673 4116 exstitit.
1690 4060 1791 4116 Hic

187 4161 494 4222 postquam
549 4149 761 4220 accepit
791 4150 1054 4220 regimen,
1105 4166 1297 4206 omnes
1331 4166 1495 4221 gazas
1544 4150 1790 4207 ecclesiae

189 4239 486 4310 confregit,
539 4245 595 4294 et
642 4249 861 4310 cryptas
890 4240 1146 4311 disrupit,
1194 4249 1251 4297 et
1275 4241 1561 4298 thesauros
1588 4242 1790 4311 prcede-

184 4345 480 4387 cessorum
506 4330 824 4402 pontiﬁcum
855 4333 1114 4397 extraxit,
1143 4343 1201 4389 et
1243 4342 1305 4388 ut
1348 4332 1518 4388 ﬁliam
1540 4332 1787 4390 Lotharii

185 4426 257 4482 de
288 4423 448 4480 fonte
476 4422 705 4487 levaret,
760 4439 983 4496 magnas
1020 4438 1153 4493 opes
1183 4419 1382 4479 exinde
1405 4424 1683 4494 expendit.
1711 4424 1789 4479 Eo

189 4528 341 4570 anno
396 4513 497 4568 ivit
541 4513 791 4584 Papiam,
832 4522 890 4569 et
915 4522 1040 4583 post
1067 4514 1251 4569 omnia
1282 4512 1476 4569 exenia
1505 4512 1787 4584 Augustali

198 4605 429 4667 tributa,
463 4604 597 4658 emit
619 4619 687 4658 ex
712 4603 923 4674 palatio
962 4603 1203 4673 ejusdem
1228 4603 1580 4673 imperatoris
1614 4603 1783 4658 vesti-

198 4703 384 4751 menta
410 4693 1084 4766 baptismaliaquingentos
1097 4709 1313 4760 aureos,
1343 4709 1412 4749 ex
1442 4710 1577 4749 auro
1600 4702 1792 4749 ornata

197 4785 425 4857 byssina
469 4786 612 4854 alba,
664 4795 720 4842 et
755 4787 999 4856 suscepit
1039 4786 1204 4841 ﬁliam
1235 4787 1479 4857 praedicti
1533 4786 1787 4857 Augusti,

196 4877 429 4930 nomine
459 4873 780 4938 Rotrudam.
813 4891 972 4940 quam
996 4876 1128 4931 mihi
1154 4875 1420 4947 porrexit,
1448 4884 1505 4929 et
1537 4875 1789 4929 manibus

194 4968 339 5023 meis
386 4966 599 5029 vestivi,
617 4976 672 5024 et
688 4965 1054 5023 caleeamenta
1078 4967 1132 5021 in
1159 4967 1387 5037 pedibus
1417 4965 1669 5021 decoravi
1693 4979 1789 5020 au-

194 5068 260 5109 ro
287 5062 351 5109 et
394 5053 688 5124 hyacintho
734 5063 950 5118 ornata,
985 5062 1042 5110 et
1081 5055 1427 5123 postmodum
1486 5055 1687 5129 missas
1717 5056 1786 5111 ad

192 5150 513 5221 Angustum
559 5146 876 5202 celebravit.
928 5145 1141 5200 Pariter
1192 5146 1562 5216 Ermeugarda
1608 5146 1789 5217 Augu-

194 5245 283 5293 sta
303 5238 511 5306 stipata
529 5236 742 5307 puellis,
770 5236 955 5292 induta
987 5234 1134 5290 clara
1155 5244 1328 5301 veste,
1356 5250 1522 5290 aureo
1550 5237 1785 5292 circum-

194 5330 328 5383 data
359 5325 552 5391 limbo,
580 5326 831 5398 colligata
858 5327 1038 5382 crines
1052 5325 1204 5380 vittis
1232 5326 1622 5397 hyacintltinis,
1644 5341 1790 5397 gem-

194 5418 308 5472 mis
325 5431 561 5487 prose...
590 5414 879 5488 [prosobsi]
901 5415 1074 5471 velata
1096 5414 1281 5480 facies,
1306 5414 1519 5479 stolata,
1551 5416 1790 5471 sarduis-

192 5522 310 5578 que
359 5505 681 5577 smaragdus
718 5519 993 5571 auro.....,
1021 5513 1076 5560 et
1102 5513 1230 5561 ante
1279 5504 1559 5559 introitum
1598 5503 1789 5559 missa-

198 5608 329 5649 rum
373 5592 575 5648 fatebat
624 5608 685 5648 se
730 5594 1087 5650 exardescere
1135 5594 1247 5659 siti,
1278 5601 1335 5648 et
1386 5592 1520 5648 bibit
1577 5593 1788 5649 occulte

201 5684 432 5756 plenam
451 5684 689 5755 phialam
709 5685 818 5740 vini
843 5686 1137 5756 peregrini,
1159 5697 1217 5743 et
1238 5693 1362 5758 post
1383 5686 1497 5743 haec
1510 5685 1788 5744 cmlestem

615 5776 896 5840 Parant.
934 5776 1091 5840 CVI.

1811 3318 1857 3380 C
1890 3310 2157 3386 [cmlesti]
2189 3308 2539 3382 participavit
2568 3321 2815 3365 mensam
2856 3304 3104 3379 [mensae]
3158 3305 3297 3361 infra
3338 3305 3491 3377 pata-

1896 3405 2029 3459 tium
2063 3401 2306 3473 ejusdem
2334 3399 2571 3456 civitatis
2628 3414 2684 3454 in
2712 3397 3046 3453 monasterio
3085 3395 3145 3450 S.
3176 3396 3477 3452 Michaelis.

1890 3492 2060 3564 Igitur
2082 3500 2322 3561 tempore
2341 3489 2434 3545 illo
2460 3489 2546 3544 die
2566 3503 2640 3542 vn
2672 3487 2876 3542 mensis
2902 3486 3063 3540 Madii
3087 3486 3361 3542 dedicatio
3390 3488 3487 3543 ba-

1891 3584 2057 3640 silicae
2091 3581 2150 3637 S.
2192 3580 2487 3646 Michaelis,
2517 3580 2609 3635 hic
2653 3578 2927 3632 Ravenna:
2954 3578 3099 3647 pluit
3132 3579 3478 3649 sanguinem.

1892 3676 2186 3731 indictione
2213 3690 2273 3740 ιι,
2324 3689 2423 3728 vui
2462 3672 2705 3744 ejusdem
2731 3671 2936 3725 mensis
2972 3671 3025 3725 in
3078 3668 3263 3742 vigilia
3299 3673 3480 3728 noctis

1891 3766 2145 3837 apparuit
2190 3766 2246 3821 in
2280 3763 2421 3821 caelo
2479 3765 2695 3834 signum
2749 3761 2998 3817 mirabile
3056 3761 3480 3827 discurrentium

1890 3858 2034 3913 inter
2066 3872 2126 3915 se
2150 3857 2337 3913 stellas
2368 3857 2437 3913 ab
2460 3856 2675 3911 oriente
2706 3854 2760 3908 in
2785 3854 3153 3909 occidentem:
3184 3863 3241 3910 et
3272 3855 3476 3912 iterum

1890 3950 1992 4005 alia
2016 3950 2084 4005 ab
2109 3950 2319 4005 oriente
2343 3949 2399 4004 in
2419 3948 2758 4004 occidentem
2771 3945 3170 4002 velocissimum
3192 3963 3317 4003 cum
3344 3949 3473 4004 luna

1889 4054 1982 4093 xx.
2008 4038 2139 4094 Item
2161 4039 2247 4095 die
2268 4039 2456 4109 quinta
2469 4036 2672 4093 mensis
2686 4035 2867 4100 Madii,
2890 4034 3078 4091 indict.
3098 4051 3183 4102 ut,
3198 4035 3373 4093 factus
3393 4048 3480 4094 est

1888 4127 2114 4182 meridie
2167 4126 2248 4182 sol
2299 4124 2617 4181 tenebrosus
2639 4123 2802 4179 nimis
2828 4138 2927 4193 per
2951 4124 3266 4180 universum
3311 4143 3471 4183 mun-

1888 4216 2015 4271 dum
2038 4230 2208 4287 usque
2236 4214 2305 4270 ad
2332 4215 2526 4269 horam
2568 4227 2788 4269 nonam.
2838 4212 2909 4267 Et
2937 4213 3189 4283 apparuit
3240 4214 3295 4268 iu
3334 4216 3475 4270 coelo

1888 4306 2045 4363 stella
2083 4307 2282 4363 ardens
2313 4315 2571 4376 tanquam
2609 4302 2786 4359 facula
2806 4317 3074 4372 superans
3106 4304 3364 4359 virtutem
3390 4319 3481 4361 so-

1888 4398 1973 4464 lis,
2020 4406 2078 4453 et
2104 4396 2286 4467 aliqua
2311 4397 2525 4452 modica
2555 4397 2658 4451 sub
2684 4394 2872 4465 ipsius,
2902 4394 3059 4463 quasi
3088 4408 3284 4465 passus
3313 4395 3473 4457 duos,

1888 4488 2040 4544 ibant
2073 4487 2143 4543 ab
2184 4487 2398 4542 oriente
2454 4486 2510 4540 in
2544 4484 2906 4549 occidentem,
2945 4490 3002 4539 et
3044 4492 3170 4553 post
3213 4484 3474 4541 virtutem

1886 4577 2023 4632 radii
2043 4577 2172 4633 solis
2201 4577 2398 4632 iterum
2422 4575 2630 4655 candor
2649 4589 2847 4631 earum
2881 4575 2935 4630 in
2960 4575 3094 4645 ipsis
3123 4583 3244 4631 erat
3273 4577 3467 4634 stellis.

1815 4653 1870 4713 D
1895 4662 2244 4732 Mortuusque
2262 4669 2349 4717 est
2384 4653 2689 4716 Ludovicus
2723 4661 3042 4732 imperator,
3093 4670 3154 4717 ut
3181 4662 3335 4718 aiunt
3353 4666 3477 4735 qui‘

1893 4754 2041 4820 dam,
2072 4754 2189 4825 ipsa
2216 4753 2324 4809 die.
2351 4753 2419 4807 Et
2440 4753 2704 4809 successit
2722 4752 3014 4808 Lotharius
3042 4753 3186 4810 ﬁlius
3213 4754 3331 4824 ejus
3352 4765 3477 4825 post

1892 4861 2037 4902 eum.
2084 4845 2153 4900 Et
2188 4853 2476 4915 antequam
2511 4845 2601 4899 hic
2636 4852 2947 4899 moreretur
2971 4844 3267 4916 Augustus,
3290 4846 3476 4901 divisit

1894 4935 2181 5006 imperium
2230 4950 2387 4990 suum
2423 4936 2567 4989 inter
2596 4947 2753 5002 reges
2798 4931 2938 4988 ﬁlios
2982 4949 3130 4989 suos.
3179 4934 3475 4990 Lotharius

1891 5024 2164 5097 Augustus
2179 5025 2413 5078 maxima
2434 5037 2591 5092 pars;
2614 5020 2871 5090 Pippinus
2887 5021 3193 5091 Aquitaniae
3209 5037 3432 5092 regnum
3453 5063 3471 5089 ,

1893 5117 2198 5172 Ludovicus
2228 5114 2511 5186 Bajoariaa.
2544 5111 2610 5166 Hi
2636 5112 3019 5183 Ermengardaa
3045 5112 3163 5166 ﬁlii.
3187 5112 3270 5166 Ad
3303 5114 3471 5169 Caro-

1893 5210 2002 5264 Ium
2026 5224 2154 5264 vero
2175 5208 2297 5279 plus
2330 5206 2562 5262 fertilem
2584 5212 2639 5261 et
2659 5206 2895 5278 opimam
2919 5206 3133 5277 Iargivit
3154 5215 3384 5277 partem,
3417 5219 3476 5265 et

1891 5300 2132 5357 Giselam
2176 5299 2341 5354 ﬁliam
2391 5314 2545 5354 suam
2594 5298 2820 5353 tradidit
2864 5300 3064 5354 marito
3099 5299 3315 5355 Curado
3369 5316 3472 5357 no-

1894 5391 2059 5445 mine.
2112 5388 2397 5444 Piissimus
2447 5389 2630 5443 homo.
2664 5387 2818 5443 Hunc
2868 5395 2925 5443 et
2970 5390 3111 5444 hanc
3141 5389 3326 5445 Judith
3362 5390 3474 5445 Au-

1894 5489 2050 5550 gusta
2104 5477 2354 5549 parturit.
2421 5475 2631 5532 Mortuo
2693 5484 2877 5533 autem
2927 5476 3201 5533 Ludovico
3254 5491 3471 5549 semper

1893 5569 2090 5626 bellum
2153 5569 2296 5625 inter
2332 5582 2620 5639 germanos
2654 5566 2774 5634 fuit,
2819 5576 3046 5638 eratque
3085 5582 3215 5639 pax,
3261 5566 3359 5625 sed
3385 5567 3466 5622 in-

1893 5659 2124 5717 stabilis.

3004 5773 3082 5835 21s
