3906 6182
485 304 593 362 ἽᾹἿ
650 348 651 351 η

1101 399 1328 459 CAPUT
1377 397 1442 453 ll.

481 554 744 624 Georgius
772 548 963 624 οιοφιςε
987 559 1043 624 ες
1067 555 1184 595 cum
1216 536 1401 624 ιεραεξε
1416 523 2076 624 gessissemus."

560 602 948 681 Calida—mitti.
982 611 1185 681 Pompa
1225 602 1654 727 et'prodicqalitas
1695 613 1798 669 qua
1825 602 2073 675 perrexit.

568 691 813 727 omnum
851 682 1124 727 antnm's.
1182 676 1403 727 Capitur
1496 685 1723 727 eoraws.
1774 677 1822 721 et
1872 664 2073 727 probm

565 664 1140 761 saturatos;
1182 664 1403 761 capitur
1446 664 1737 761 sese.
1774 664 2078 761 sese:

849 736 977 807 Pro
1012 736 1070 805 ἕο
1099 736 1757 833 Caroli'gwo‘r'intercedit.
1801 736 2077 790 Revertens

450 838 491 859 “'
556 811 940 893 inse—cerdo!“
965 838 1087 876 suos
1121 815 1368 872 crudelis.
1401 811 1650 866 Moritur.

560 957 659 1019 llis
702 962 888 1028 itaque
936 952 1105 1026 gestis
1133 948 1304 1005 sensit
1348 944 1615 1013 Georgius
1643 937 2080 1007 archiepiscopus

490 1055 635 1125 quod
655 1027 816 1121 legati
842 1045 986 1101 sedis
1013 1038 1319 1113 apostolicae
1368 1032 1655 1088 Franciam
1694 1030 1773 1084 ire
1796 1027 2078 1089 deberent,

490 1119 557 1202 ad
591 1119 984 1215 impetrandam
1012 1136 1154 1190 inter
1184 1130 1382 1185 fratres
1438 1140 1663 1198 pacem;
1698 1122 1845 1177 misit
1885 1119 2081 1215 missos

492 1251 619 1292 suos
648 1209 716 1288 ad
742 1228 1060 1286 Lotharium
1089 1223 1413 1292 Augustum,
1467 1225 1527 1269 ut
1550 1221 1760 1285 peteret
1774 1211 1851 1277 ,ad
1875 1209 2083 1280 Grego-

491 1326 637 1380 rium
686 1334 881 1395 papam
935 1322 1203 1387 quatenus
1246 1311 1364 1380 ipse
1409 1323 1531 1363 cum
1581 1305 1772 1377 legatis
1825 1298 2083 1355 Romanis

492 1390 775 1472 Franciam
805 1414 1068 1480 pergeret.
1099 1402 1433 1469 Factumque
1459 1404 1543 1452 est
1569 1396 1644 1449 ita
1673 1410 1688 1459 ;
1739 1400 1796 1447 et
1824 1390 1922 1445 ivit
1958 1403 2082 1443 cum

495 1503 871 1563 maledictione
898 1494 1212 1567 apostolica.
1246 1491 1313 1546 Et
1340 1497 1537 1560 putans
1579 1501 1638 1541 se
1669 1484 1781 1554 ipse
1820 1481 2085 1551 Georgius

493 1601 666 1654 vicem
696 1590 1046 1665 apostolicam
1098 1595 1306 1648 tenere,
1345 1581 1440 1636 ivit
1485 1593 1608 1634 cum
1644 1575 1801 1646 equis
1846 1589 1961 1637 ccc,
1992 1570 2084 1642 qui

494 1688 704 1744 diversa
736 1679 1023 1753 portabant
1050 1687 1245 1738 onera,
1304 1678 1360 1724 et
1406 1666 1635 1735 sumpsit
1681 1676 1861 1719 secum
1892 1673 2083 1714 aurum

1197 285 1491 347 AGNELLI
1528 278 1818 340 ABBATIS
1853 279 1915 336 S.
1951 273 2194 333 MANE.
2234 273 2324 328 AD
2362 266 2837 331 BLACHERNAS,
2876 265 3027 323 ΕΠΖ.

3637 258 3740 320 748

2097 388 2146 446 Α
2172 399 2238 439 ex
2263 383 2561 453 pecudibus
2588 397 2601 446 ;
2632 391 2826 435 etcum
2851 394 2961 434 non
2991 373 3202 432 valebat
3232 388 3420 446 gressu
3448 375 3645 445 pedum
3664 378 3748 432 ln-

2173 476 2384 537 ccdere,
2406 473 2781 545 percutiebant
2809 486 2931 526 eum
2957 464 3163 533 lancea,
3216 468 3392 522 basta.
3445 466 3601 521 Tunc
3622 481 3759 524 unus

2173 581 2241 621 ex
2267 564 2372 619 illis
2397 562 2579 643 posuit
2600 577 2725 617 eum
2752 576 2848 631 per
2878 556 3352 615 subsannationem
3380 555 3433 610 in
3454 552 3756 624 iumentum

2175 655 2337 710 dorso
2364 654 2668 721 disruptum
2695 691 2710 715 ,
2758 650 2876 705 sine
2917 654 3237 709 stramento,
3296 660 3458 699 aures
3511 653 3567 699 et
3595 646 3760 700 cauda

2176 742 2437 807 abscissa,
2477 740 2739 810 valdeque
2787 736 3067 801 deformis,
3120 744 3175 789 et
3217 735 3331 790 ibat
3359 749 3624 790 mcerens.
3659 734 3761 789 lte-

2176 848 2404 903 rumque
2430 832 2568 887 alius
2594 831 2761 895 venit,
2799 829 3048 900 deposuit
3093 841 3213 881 eum
3246 827 3462 891 exinde,
3494 835 3550 882 et
3579 828 3765 882 sed-ere

2177 921 2305 978 fecit
2337 921 2486 978 illum
2529 935 2693 990 super
2734 919 2897 973 alium
2945 915 3248 986 iumentum
3278 925 3447 970 strata
3484 917 3635 981 vita;
3676 915 3764 970 lla.

2178 1029 2391 1078 scenes,
2450 1021 2504 1067 et
2535 1012 2784 1066 sitacium
2816 1007 3142 1082 [sitarcium]
3197 1008 3264 1062 ad
3295 1008 3480 1062 sellam
3518 1008 3760 1079 ligatum,

2178 1113 2234 1160 et
2268 1104 2641 1174 perduxerunt
2669 1117 2791 1157 eum
2841 1100 2907 1154 ad
2947 1099 3198 1155 Carolum
3246 1114 3426 1168 regem
3452 1139 3468 1162 ,
3517 1108 3576 1153 et
3608 1098 3767 1168 jussit

2178 1211 2303 1252 eum
2351 1194 2612 1249 excubias
2670 1192 2913 1247 detinere
2964 1206 3063 1260 per
3110 1198 3222 1244 tres
3252 1186 3388 1243 dies.
3447 1187 3768 1244 Sacerdotes

2179 1301 2310 1341 vero
2333 1283 2448 1353 ejus
2482 1298 2672 1339 omnes
2702 1281 2937 1353 dispersi
2974 1288 3125 1345 sunt,
3159 1287 3217 1334 et
3245 1294 3376 1349 opes
3413 1279 3657 1335 ecclesia:
3684 1281 3767 1335 di—

2181 1383 2396 1430 stracta:
2433 1381 2559 1428 sunt
2610 1387 2710 1443 per
2738 1387 2931 1426 manus
2978 1369 3355 1440 praedantium.
3404 1369 3589 1441 Legati
3638 1385 3769 1426 vero

2182 1466 2412 1523 Romani
2454 1464 2713 1536 episcopi,
2764 1464 2855 1533 qui
2904 1460 3123 1516 fuerunt
3157 1467 3307 1526 tres,
3359 1458 3480 1530 fuga
3525 1469 3769 1532 arrepta,

2183 1559 2397 1614 iverunt
2442 1557 2494 1612 in
2529 1556 2805 1611 civitatem
2833 1551 3307 1623 Antissiodorum.[
3333 1550 3484 1627 'l‘unc
3516 1550 3769 1617 Carolus,

2183 1648 2555 1703 misericordia
2586 1656 2788 1711 motus,
2834 1643 2997 1713 jussit
3018 1653 3078 1700 ut
3106 1645 3196 1699 ubi
3235 1644 3437 1699 inventi
3463 1643 3667 1699 fuerint
3688 1660 3765 1700 sa

737 1732 821 1828 ret
843 1775 1149 1841 argentum,
1189 1732 1510 1832 depopulata
1527 1732 1691 1828 _gaza
1716 1750 1979 1814 ecclesias,
2025 1755 2083 1802 et
2111 1732 2156 1790 Β
2183 1741 2427 1841 cerdotes
2450 1738 2705 1841 Ecclesue
2733 1737 3106 1841 liavennensis
3131 1736 3213 1792 vel
3248 1736 3641 1841 clerici,.il‘l‘aesi
3673 1736 3771 1809 [et]

496 1878 726 1923 coronas
749 1839 968 1923 aureas,
998 1869 1133 1927 quas
1159 1852 1349 1907 beatus
1377 1847 1570 1903 Petrus
1592 1843 1818 1898 antistes
1844 1839 1989 1902 fecit,
2030 1843 2086 1891 et

496 1955 714 2019 calices,
745 1958 800 2006 et
830 1956 1057 2020 patenas
1094 1954 1309 2005 aureas,
1334 1946 1388 1993 et
1410 1937 1624 1991 diversa
1654 1930 1873 1987 vascula
1895 1942 2088 1999 argen-

500 2057 587 2104 tea
614 2053 669 2101 et
700 2057 884 2107 aurea,
918 2046 973 2094 et
1000 2040 1243 2109 gemmas
1290 2024 1355 2087 de
1383 2042 1563 2092 cruce,
1608 2033 1663 2081 et
1688 2021 1927 2083 coronis,
1954 2031 2088 2088 quas

498 2134 794 2198 demolivit,
844 2144 1027 2187 secum
1075 2124 1287 2188 detulit,
1337 2129 1399 2175 ut
1428 2119 1496 2174 ad
1538 2130 1728 2173 omnes
1749 2113 1899 2184 larga
1925 2124 2089 2166 manu

498 2228 809 2300 largiretur.
856 2221 1219 2292 Cogitansque
1265 2213 1408 2285 quod
1454 2225 1552 2282 per
1585 2223 1709 2300 eam
1746 2212 1932 2300 posset
1957 2204 2088 2260 sub-

498 2294 714 2374 vertere
750 2309 1095 2384 imperatoris
1142 2304 1305 2362 corda
1357 2310 1419 2358 ut
1456 2301 1631 2355 exiret
1677 2296 1745 2353 de
1779 2294 1881 2351 sub
1936 2301 2093 2364 pote-

501 2415 642 2464 state
670 2402 901 2460 Romani
944 2396 1234 2471 pontiﬁcis,
1264 2403 1320 2450 et
1339 2390 1618 2464 privilegia
1645 2404 1765 2458 qua:
1788 2385 2009 2441 Maurus
2036 2392 2092 2439 et

502 2496 686 2554 caeteri
713 2492 997 2565 pontiﬁces
1016 2485 1353 2543 Ravenniani
1381 2488 1698 2538 meruerunt
1714 2494 1745 2533 a
1761 2476 1932 2551 sacris
1950 2475 2094 2546 prin-

502 2585 714 2656 cipibus
739 2581 923 2637 omnia
975 2577 1317 2647 deportabat.
1357 2573 1425 2627 Et
1467 2569 1717 2643 pervenit
1753 2582 1876 2624 cum
1904 2566 2094 2638 legatis

503 2672 764 2731 Romanis
809 2684 981 2740 usque
1003 2667 1069 2722 ad
1098 2666 1505 2737 imperatorem,
1538 2670 1595 2716 et
1615 2661 1941 2716 invenerunt
1967 2672 2093 2713 eum

505 2763 561 2819 in
587 2774 781 2831 campo
812 2756 981 2828 praelii
1006 2755 1062 2810 iu
1088 2754 1208 2809 loco
1232 2752 1323 2822 qui
1353 2751 1551 2808 dicitur
1571 2748 1902 2804 Fontaneam
1936 2744 2097 2819 [Fon-

506 2851 747 2926 tancum]
774 2894 789 2919 ,
838 2858 1031 2907 contra
1084 2846 1337 2902 Carolum
1383 2841 1753 2899 dimicantem.
1815 2839 2096 2908 Tantaque

507 2945 780 3020 plenitudo
813 2942 1091 3000 exercitus
1114 2937 1357 2995 Lotharii
1397 2942 1534 3000 erat,
1567 2943 1629 2989 ut
1656 2933 1828 2999 aiunt,
1858 2939 1920 2986 ut
1946 2929 2094 2985 nulla

508 3034 875 3109 quadrupedia
913 3040 1006 3086 aut
1032 3030 1241 3085 minuta
1271 3025 1510 3083 volatilia
1547 3025 1781 3080 evadere
1806 3022 1893 3079 vel
1919 3030 2095 3077 trans-

2183 1831 2482 1887 incolumes
2504 1870 2520 1895 ,
2576 1828 2977 1898 honoriﬁceque
3009 1836 3134 1882 ante
3176 1842 3302 1884 eum
3326 1825 3475 1882 allati
3523 1824 3771 1882 fuissent.

2182 1921 2366 1979 Judith
2393 1936 2523 1976 vero
2548 1920 2726 1976 Caroli
2756 1926 2930 1973 mater
2960 1918 3107 1973 dedit
3143 1916 3346 1973 eisdem
3400 1916 3775 1971 sacerdotibus

2184 2015 2445 2072 tribilium
2474 2010 2760 2086 [tribilion]
2804 2020 3120 2083 argenteum
3170 2009 3443 2071 modicum
3468 2024 3659 2073 unum,
3692 2024 3783 2064 as—

2186 2120 2373 2161 serens
2406 2118 2465 2160 se
2490 2117 2595 2158 non
2624 2102 2744 2172 plus
2770 2103 2992 2167 habere,
3021 2101 3244 2156 dicens:
3281 2098 3476 2154 Tollite
3502 2098 3651 2153 hunc
3675 2096 3783 2152 fer-

2188 2194 2388 2260 culum,
2442 2194 2741 2250 refocillate
2770 2192 3053 2262 penuriam
3087 2198 3344 2246 vestram.
3396 2189 3628 2247 Carolus
3650 2205 3784 2245 vero

2188 2292 2245 2340 et
2270 2283 2572 2339 Ludovicus
2598 2283 2839 2354 germani
2898 2298 2965 2337 ex
2992 2296 3100 2336 uno
3128 2288 3282 2351 patre
3310 2280 3419 2335 nati
3439 2321 3455 2346 ,
3498 2281 3783 2335 audientes

2191 2374 2256 2430 de
2281 2374 2616 2445 malignitate
2662 2372 2900 2444 Georgii,
2949 2388 3014 2427 eo
3045 2372 3188 2442 quod
3228 2387 3402 2427 saevus
3428 2380 3485 2426 et
3511 2373 3782 2442 pessimus

2190 2470 2352 2529 esset,
2405 2463 2692 2519 voluerunt
2728 2478 2851 2518 eum
2883 2464 2936 2519 in
2972 2462 3326 2517 irrevocabile
3371 2462 3623 2517 exsilium
3654 2462 3784 2519 mil—

2192 2563 2346 2622 tere;
2387 2555 2483 2611 sed
2511 2556 2623 2621 diu,
2655 2556 2904 2627 quamvis
2931 2555 3102 2610 malus
3133 2555 3340 2619 fuisset,
3373 2569 3474 2625 pro
3499 2568 3567 2610 eo
3594 2555 3680 2609 sui
3702 2570 3788 2610 sa-

2193 2647 2442 2703 cerdotes
2465 2648 2817 2717 deprecantes
2847 2661 2969 2701 eum
3012 2646 3142 2702 vidit
3175 2645 3420 2717 Augusta
3445 2643 3629 2701 Caroli
3666 2661 3786 2699 ma-

2195 2746 2281 2791 ter
2306 2737 2372 2792 ad
2417 2736 2841 2791 misericordiam
2890 2735 3255 2791 adcomodans
3281 2734 3526 2799 nimium,
3554 2733 3667 2789 cito
3687 2749 3787 2804 po-

2195 2828 2418 2885 stulavit
2472 2827 2664 2893 ﬁlium,
2724 2835 2781 2881 et
2828 2827 3133 2897 privignum
3170 2841 3351 2890 suum,
3410 2832 3471 2880 ut
3512 2824 3587 2879 ad
3631 2838 3786 2879 suam

2195 2919 2491 2992 Georgium
2538 2919 2878 2975 remitterent
2911 2920 3115 2974 sedem.
3163 2918 3314 2973 Tunc
3343 2916 3509 2988 jussit
3533 2932 3661 2974 eum
3688 2917 3795 2975 Ca-

2197 3010 2344 3067 rolus
2373 3023 2499 3066 ante
2543 3025 2602 3066 se
2639 3010 2848 3075 venire,
2891 3017 3200 3080 prostratus
3226 3009 3391 3063 humo
3414 3007 3531 3077 ejus
3558 3009 3790 3080 pedibus

509 3086 1033 3192 vlulare—potuissent.
1060 3117 1228 3187 Igitur
1254 3117 1390 3170 inito
1435 3114 1735 3169 certamine
1762 3113 1848 3169 die
1871 3111 2097 3169 sabbato
2121 3086 2169 3152 (ἶ
2199 3117 2259 3158 se
2291 3101 2596 3156 advolvens.
2650 3100 2817 3156 Stans
2857 3108 3038 3154 autem
3070 3114 3166 3154 rex
3211 3098 3429 3154 indutus
3456 3099 3795 3171 juvenilibus

512 3222 633 3284 post
665 3219 892 3266 externo
911 3209 997 3262 die
1022 3206 1081 3261 S.
1114 3205 1340 3260 Joannis
1361 3205 1614 3274 Baptistae
1635 3205 1847 3258 diversa
1875 3203 2016 3257 inter
2041 3216 2101 3258 se

513 3301 815 3359 miscebant
856 3297 1034 3353 lucida
1064 3295 1191 3351 tela.
1243 3294 1450 3349 Sonant
1476 3309 1654 3359 arma,
1702 3293 1946 3348 humeris
1973 3307 2101 3348 ven-

515 3391 739 3449 tilantur
763 3385 1041 3459 splendida
1062 3392 1237 3449 scuta,
1272 3383 1574 3439 tremebant
1599 3380 1797 3435 milites
1822 3380 2023 3447 animo,
2048 3387 2104 3435 et

519 3493 673 3552 terga
700 3480 928 3543 dabant,
955 3476 1148 3548 pavida
1187 3474 1375 3539 corda,
1426 3480 1482 3530 et
1528 3472 1762 3544 gemitus
1791 3471 2099 3538 immensos,

504 3573 784 3631 cadebant
810 3584 1038 3639 corpora
1068 3566 1234 3623 ferro.
1267 3564 1554 3645 Lotharius
1585 3571 1826 3619 armatus
1845 3575 1964 3617 sese
1991 3576 2104 3617 me-

520 3664 639 3721 dios
666 3662 852 3718 mersit
883 3660 936 3713 in
966 3659 1171 3724 hostes,
1226 3656 1417 3712 videns
1443 3654 1618 3710 victos
1668 3668 1796 3708 suos
1840 3650 2108 3723 fugientes

524 3753 724 3826 passim
750 3749 1010 3819 undique,
1063 3762 1164 3804 nec
1207 3752 1327 3804 erat
1372 3745 1546 3814 quies.
1603 3742 1868 3799 Seeantur
1915 3741 2107 3812 gladiis

525 3843 789 3902 membra.
839 3840 898 3895 ln
944 3839 1121 3896 medio
1159 3837 1524 3901 inimicorum,
1563 3843 1624 3890 ut
1649 3834 1783 3899 dixi,
1823 3849 1973 3888 arma
2009 3833 2106 3888 de-

527 3942 744 3999 veutus,
772 3946 881 3988 non
903 3931 1020 4002 ejus
1048 3928 1239 3994 latere,
1287 3926 1380 3996 qui
1405 3931 1631 3996 possent
1671 3922 1930 3978 auxilium
1954 3932 2111 3977 erant

527 4022 770 4094 praebere
809 4018 988 4093 [lateri
1016 4027 1155 4083 erat,
1202 4015 1295 4086 qui
1321 4022 1503 4085 posset
1537 4012 1796 4068 auxilium
1826 4009 2107 4083 praebere],

529 4113 626 4170 sed
655 4111 802 4168 solus
823 4124 949 4166 acer
977 4107 1146 4163 multa
1167 4105 1444 4164 demolivit
1463 4103 1750 4160 cadavera.
1778 4102 1945 4157 Hasta
1972 4101 2110 4157 bella

530 4203 676 4259 solus
704 4201 854 4264 vicit,
879 4198 977 4256 sed
1015 4197 1099 4254 sui
1127 4192 1363 4269 [omnes]
1408 4201 1561 4265 terga
1588 4192 1872 4248 dederunt.
1904 4190 2111 4247 Crinito

508 4290 730 4346 .sedens
782 4287 1040 4358 sonipede
1085 4285 1258 4357 pictas
1308 4292 1533 4339 ornatus
1580 4281 1828 4353 phaleras
1849 4321 1866 4349 ,
1911 4288 2112 4348 rostro,

535 4381 684 4437 calce
706 4395 907 4449 equum
940 4376 1214 4448 percutit,
1270 4374 1522 4430 inimicos
1566 4374 1833 4430 morsibus
1873 4383 2112 4430 vastans.

2199 3192 2405 3256 armis,
2470 3190 2692 3246 indutus
2758 3204 3028 3261 purpurea
3055 3230 3071 3255 ,
3141 3190 3559 3261 succinctusque
3622 3205 3790 3245 aurea

2199 3281 2385 3347 ﬁbula,
2416 3289 2603 3346 veste;
2656 3296 2722 3334 ex
2761 3280 2981 3335 sinistro
3007 3279 3172 3334 latere
3196 3280 3468 3335 obriziaca
3498 3280 3792 3351 pendentia

2199 3370 2344 3426 bulla
2383 3383 2624 3425 connexa
2677 3369 3031 3438 smaragdos,
3086 3377 3143 3423 et
3182 3368 3554 3439 hyacinthinis
3581 3366 3799 3440 fulgens

2201 3462 2450 3533 gemmis,
2486 3460 2671 3532 clypeo
2703 3469 2878 3514 tectus
2917 3460 3163 3525 humero,
3195 3459 3362 3515 lorica
3411 3459 3656 3526 indutus,
3700 3460 3795 3513 ha-

2203 3563 2343 3610 stam
2387 3564 2573 3609 tenens
2600 3552 2870 3617 manibus,
2901 3561 2956 3607 et
2976 3552 3161 3620 juncta
3202 3552 3392 3607 lancea
3418 3552 3567 3607 ferro
3593 3569 3609 3620 ;
3639 3563 3797 3608 stans

2205 3660 2331 3699 acer
2356 3645 2410 3699 in
2439 3645 2625 3710 armis,
2656 3644 2938 3698 cristatum
2966 3641 3267 3714 [cristatus]
3294 3643 3346 3696 in
3372 3642 3592 3714 agmine
3610 3652 3796 3714 caput,

2207 3735 2457 3786 emissam
2479 3731 2655 3801 palam
2673 3730 2924 3786 omnibus
2942 3745 3231 3801 erumpens
3248 3730 3313 3784 de
3328 3741 3547 3800 pectore
3570 3746 3797 3787 vocem:

2207 3818 2289 3875 Oh
2323 3827 2379 3873 tu
2408 3827 2613 3889 pastor,
2641 3819 2684 3874 si
2712 3817 2857 3887 juste
2889 3817 2966 3891 [in
2992 3818 3065 3891 te]
3101 3818 3237 3873 istud
3263 3827 3547 3888 permanet
3575 3836 3799 3885 nomen,

2208 3926 2305 3966 cur
2329 3909 2597 3979 reliquisti
2630 3908 2932 3964 Ecclesiam
2980 3909 3075 3964 tibi
3103 3908 3474 3975 commissam,
3502 3918 3559 3963 et
3582 3909 3801 3979 plebem

2210 4011 2357 4057 tuam
2383 4000 2592 4074 [quam]
2631 3998 2890 4066 aﬁlixisti,
2930 4016 3034 4055 non
3061 4000 3391 4070 recuperasti
3413 4000 3438 4053 ‘3
3464 3999 3521 4054 Si
3555 4016 3656 4069 pro
3678 4000 3802 4056 lon-

2210 4092 2409 4164 ginquo
2448 4089 2661 4155 itinere,
2714 4097 2773 4142 ut
2823 4089 3032 4144 videres
3079 4089 3347 4159 prmlium,
3396 4088 3616 4151 venisti,
3668 4089 3805 4160 quid

2213 4180 2358 4256 [tibi]
2407 4194 2629 4236 necesse
2676 4177 2776 4234 fuit
2821 4187 2968 4235 tuam
3010 4179 3333 4250 depopulare
3377 4179 3705 4247 Ecclesiam,
3741 4195 3803 4240 et

2213 4273 2357 4346 quod
2388 4271 2764 4327 aChristianis
2804 4270 3140 4341 principibus
3186 4270 3270 4325 vel
3293 4271 3808 4342 imperstoribusil—

2216 4364 2383 4419 latum
2426 4347 2560 4429 fuit,
2599 4370 2653 4417 et
2698 4361 2866 4419 atuis
2911 4360 3398 4432 prmdecessoribus
3445 4361 3805 4432 adquisitum,

538 4468 724 4537 Qualis
742 4425 807 4522 in
835 4425 991 4522 hoste
1030 4464 1176 4521 solus
1216 4464 1405 4519 decem
1449 4463 1591 4518 sicut
1625 4461 1715 4518 ille
1743 4461 1989 4528 fuissent,
2015 4461 2116 4517 im-
2143 4425 2190 4483 θ
2214 4470 2321 4509 una
2343 4452 2572 4508 omisisti
2598 4451 2768 4506 hora?
2793 4451 2968 4505 Etiam
2990 4451 3036 4506 si
3053 4460 3271 4506 centum
3296 4451 3446 4507 vivas
3466 4425 3663 4520 annos,

538 4557 752 4629 perium
782 4554 1013 4609 divisum
1041 4568 1150 4609 non
1175 4560 1348 4617 esset,
1400 4565 1505 4606 nec
1530 4557 1708 4607 tantos
1732 4551 1786 4605 in
1820 4551 2009 4607 sedilia
2033 4566 2118 4607 re-

542 4661 658 4719 ges.
684 4644 897 4700 lnterea
921 4657 1080 4698 versa
1116 4649 1199 4697 est
1224 4640 1448 4696 victoria
1473 4639 1531 4695 in
1562 4655 1756 4696 manus
1779 4640 1976 4697 Caroli.
2008 4640 2120 4695 Ad-

540 4735 763 4806 iuvabat
788 4748 914 4790 eum
933 4731 1239 4788 Ludovicus
1258 4729 1431 4785 frater
1450 4744 1581 4785 suus
1606 4728 1975 4797 Bajoariorum
2000 4745 2119 4785 rex.

546 4827 655 4883 Sed
684 4833 968 4897 postquam
1005 4822 1154 4879 venit
1189 4820 1445 4893 Pippinus
1473 4818 1615 4875 ﬁlius
1640 4819 1847 4888 Pippini
1880 4819 2122 4875 Lotharii

545 4932 715 4988 nepos
742 4930 837 4971 rex
864 4913 1186 4986 Aquitaniae,
1216 4912 1552 4970 confortatus
1571 4910 1841 4965 exercitus
1858 4909 2120 4976 Lotbarii,

547 5020 745 5066 lterum
790 5005 1137 5063 commissum
1183 5013 1268 5061 est
1316 5003 1562 5074 prmlium
1602 4999 1868 5074 [bellum],
1916 5007 1974 5055 et
2022 5001 2122 5055 ali-

550 5098 738 5173 quanti
775 5111 842 5151 ex
876 5104 1031 5166 parte
1063 5094 1242 5151 Caroli
1271 5094 1602 5157 ceciderunt,
1650 5092 1777 5161 quia
1802 5099 1959 5145 erant
2003 5088 2123 5160 vagi

549 5206 649 5262 per
667 5190 824 5254 loca;
855 5187 945 5256 qui
974 5184 1283 5254 colligentes
1301 5199 1361 5239 se
1389 5183 1521 5238 inito
1542 5181 1856 5245 certamine,
1888 5195 1955 5236 ex
1972 5187 2126 5251 parte

552 5282 796 5339 Lotharii
823 5279 1098 5350 etPippini
1127 5278 1438 5333 ceciderunt
1466 5274 1694 5345 amplius
1722 5288 1883 5343 quam
1909 5289 1976 5327 xx.
2008 5271 2128 5326 mll-

556 5371 628 5428 lia
654 5373 950 5428 hominum.
998 5370 1200 5439 Captus
1230 5375 1315 5423 est
1354 5366 1425 5422 ibi
1462 5365 1724 5435 Georgius
1766 5363 2127 5431 archiepisco-

558 5478 678 5533 pus,
711 5463 1178 5531 deposueruntque
1199 5471 1321 5512 eum
1353 5458 1419 5511 de
1443 5468 1582 5523 equo
1610 5455 1796 5519 invite,
1816 5461 1871 5507 et
1895 5452 2131 5507 abstule-

562 5562 690 5607 runt
737 5550 967 5620 pluviale
1014 5564 1122 5619 quo
1148 5554 1265 5602 erat
1287 5553 1590 5615 coepertus,
1637 5551 1692 5596 et
1742 5540 2134 5611 compellebant

559 5656 688 5696 eum
719 5640 796 5693 ire
819 5640 1000 5693 hostes
1042 5636 1125 5692 sui
1153 5644 1280 5690 ante
1307 5648 1504 5704 equum
1545 5647 1723 5697 suum,
1765 5631 1920 5699 quasi
1964 5645 2131 5686 unum

2216 4548 2583 4621 recuperabis.
2626 4546 2779 4602 Tunc
2802 4545 3065 4618 Georgius
3090 4555 3526 4617 vates.gemens,
3576 4550 3812 4606 audiens

2215 4637 2501 4708 imperium
2532 4633 2666 4702 tale,
2698 4635 2915 4690 devexit
2942 4634 3205 4708 [deﬂexit]
3237 4644 3547 4692 transversa
3595 4635 3813 4695 lumina

2219 4730 2273 4785 in
2304 4740 2525 4793 terram,
2552 4736 2607 4783 et
2635 4727 2820 4783 statim
2841 4727 3110 4782 obmutuit
3142 4743 3347 4795 amens,
3393 4738 3451 4784 et
3476 4727 3659 4785 stabat
3685 4746 3824 4803 apo-

2221 4820 2391 4874 riatus
2418 4834 2528 4888 prae
2555 4816 2893 4880 confusione,
2940 4833 3043 4874 nec
3069 4817 3282 4873 valebat
3317 4820 3649 4888 respondere
3678 4837 3819 4891 pur-

2226 4918 2420 4979 purato
2446 4910 2583 4979 regi,
2610 4909 2983 4978 submissoque
3016 4908 3071 4963 in
3102 4914 3245 4963 terra
3276 4906 3445 4972 vultu,
3478 4906 3660 4963 aiebat
3685 4926 3821 4965 cum

2226 4998 2545 5069 largissimis
2573 4996 2784 5051 fletibus
2812 5014 2826 5050 :
2858 4995 2968 5052 Nos
3007 5012 3192 5067 pacem
3236 4996 3504 5067 postulare
3530 4998 3825 5066 venimus,

2228 5103 2335 5141 non
2360 5096 2547 5141 contra
2591 5102 2688 5145 vos
2734 5102 2884 5141 arma
2932 5101 3145 5157 parare.
3205 5086 3284 5139 Ad
3315 5086 3430 5140 haec
3467 5086 3830 5157 superjunxit

2230 5175 2456 5231 Carolus
2489 5176 2718 5230 dicens:
2770 5175 2840 5231 Ut
2868 5176 3024 5231 video
3073 5176 3383 5231 inreverens
3411 5185 3466 5232 et
3513 5176 3832 5236 infrunitus

2230 5282 2309 5322 es.
2361 5267 2457 5321 Dic
2506 5267 2663 5321 modo
2704 5265 2882 5321 fronte
2934 5266 3133 5332 duelli;
3191 5279 3366 5321 nonne
3412 5276 3643 5321 externa
3693 5286 3833 5327 cum

2230 5371 2381 5411 esses
2409 5356 2514 5420 die,
2564 5356 2615 5409 in
2644 5363 2731 5409 tua
2776 5355 2995 5410 dicebas
3021 5354 3276 5420 tentoria,
3326 5355 3453 5425 quia
3479 5372 3607 5411 cum
3634 5359 3837 5415 victus

2199 5527 2203 5531 ν
2230 5445 2393 5502 fuerit
2421 5445 2643 5501 Carolus
2673 5453 2728 5500 et
2758 5445 3044 5499 innodatus
3072 5443 3202 5499 loris
3234 5445 3480 5510 brachia,
3528 5455 3661 5515 post
3682 5464 3843 5503 exn-

2234 5547 2314 5594 tas
2340 5538 2564 5608 palmas,
2582 5552 2679 5608 ego
2704 5552 2828 5592 eum
2845 5535 3132 5601 clericabo,
3149 5546 3203 5589 et
3226 5534 3295 5588 ad
3318 5550 3495 5589 meam
3517 5536 3847 5606 deportabo

2233 5630 2616 5702 parrochiam}
2658 5629 2836 5696 Quare
2880 5629 3098 5699 propria
3153 5625 3295 5681 dicta
3344 5625 3617 5699 negabis?
3685 5629 3844 5685 Ecce
