3936 6180
456 329 555 383 Τςι

1413 329 1502 382 AD
1541 325 1835 382 AGNELLI
1874 323 2322 386 PONTIFICALE
2359 329 2718 387 APPENDI‘X.

3594 329 3700 386 152

455 443 840 515 memorantur.
880 444 1011 498 Illud
1043 443 1309 515 peculiare
1333 442 1533 515 pluisse
1555 444 1873 515 sanguinem
1905 442 2016 496 Ra—
2045 448 2094 506 Α
2120 444 2328 500 oblatas
2354 444 2594 507 easdem,
2647 443 2771 497 licet
2817 456 2883 515 ett
2926 441 3130 512 azymis
3157 440 3458 515 confectas,
3489 443 3557 515 ad
3582 446 3705 514 pla-

456 530 644 568 venum
683 514 866 584 indict.
917 530 988 576 ll,
1033 529 1175 567 anno
1208 513 1455 584 videlcct
1498 516 1624 578 839,
1666 513 1815 570 circa
1857 527 2017 584 quem

454 583 667 637 videtur
687 582 934 636 collocari
963 584 1222 651 baptisma
1250 581 1519 637 Rotrudie.

525 652 609 705 III.
651 652 806 706 Aliud
850 653 1036 722 ingens
1097 661 1149 705 et
1186 651 1454 722 Ravenna:
1499 653 1672 705 visum
1712 651 2016 722 prodigium

453 729 641 776 narrat
664 731 872 784 noster,
915 720 1062 789 quod
1097 736 1226 775 sane
1247 720 1522 774 observari
1551 720 1815 784 meretur;
1844 720 2017 789 Panes

449 789 700 846 videlicet
728 791 779 843 in
828 788 998 844 furnis
1047 792 1099 844 in
1131 791 1298 843 lutum
1324 805 1530 854 versos,
1559 798 1613 842 et
1645 789 1861 843 Oblatas
1891 788 2014 842 fuli-

450 858 576 931 gine
609 857 828 931 tinctas,
873 869 926 913 et
966 860 1018 914 id
1049 859 1314 931 przecipue
1348 859 1620 931 inul'urnis
1645 859 1888 931 episcopi
1929 873 2016 931 ac-

450 926 666 983 cidisse.
713 926 1020 982 Oblatarum
1049 926 1290 982 Inomine
1344 927 1518 980 nullus
1575 926 1901 981 inliciabitur
1949 929 2017 982 ab

446 998 671 1068 Agnello
703 998 924 1068 intelligi
972 999 1200 1061 hostias,
1244 1011 1380 1068 quas
1409 1011 1681 1068 vocamus,
1713 1012 1810 1065 pro
1838 997 2017 1068 missas

447 1067 716 1122 sacriﬁcio
740 1078 990 1136 paratas;
1024 1069 1238 1121 easdem
1270 1067 1411 1136 enim
1434 1067 1761 1119 oblationum
1800 1067 2015 1136 nomine

445 1143 624 1207 vocat,
654 1135 850 1206 easque
876 1153 1010 1207 quas
1030 1138 1334 1205 discerpere,
1357 1135 1416 1207 id
1443 1145 1524 1207 est
1547 1137 1598 1207 in
1624 1151 1775 1207 sacra
1797 1135 2011 1204 liturgia

446 1206 698 1276 frangere
743 1203 843 1261 sibi
891 1203 945 1260 et
981 1207 1175 1275 populo
1198 1203 1457 1274 pontifex
1488 1205 1732 1267 debebat,
1771 1223 1790 1254 ι
1819 1203 2009 1259 contra

483 1275 803 1346 ontiticemi
854 1277 1027 1346 ipsum
1074 1293 1092 1326 ι
1114 1276 1389 1346 clamasse,
1413 1282 1485 1346 _et
1531 1291 1560 1327 a
1593 1290 1659 1346 se
1675 1289 1830 1328 suum
1857 1289 2015 1343 repu-

468 1345 572 1398 isse
613 1342 1091 1399 sacrificatoremi.
1126 1345 1182 1398 In
1225 1343 1384 1397 furno
1411 1343 1588 1411 itaque
1627 1342 1895 1398 Ravennae
1921 1342 2014 1398 co-

443 1415 750 1482 quebantur
793 1416 1004 1468 oblaue.
1076 1413 1190 1469 Duo
1227 1414 1352 1466 hinc
1385 1413 1558 1466 cviuci
1586 1428 1742 1482 posse
1769 1413 2012 1467 credide-

443 1484 568 1552 rim.
613 1484 846 1552 Primum
897 1483 1104 1538 oblatas
1140 1499 1238 1552 pro
1272 1482 1538 1552 sacriﬁcio
1571 1483 1746 1537 missa:
1784 1484 2011 1552 diversae

441 1550 630 1622 forma;
657 1551 820 1607 fuisse
843 1562 898 1608 et
920 1549 1214 1608 dilferenlis
1240 1549 1455 1606 artiﬁcii
1481 1568 1510 1604 a
1536 1551 1808 1622 communi
1838 1568 2006 1622 pane;

439 1620 694 1692 Agnellus
735 1623 879 1677 enim
922 1623 1061 1677 inter
1101 1632 1388 1689 utrumque
1426 1621 1719 1691 distinguit.
1761 1620 2009 1679 Secundo

2124 522 2404 586 centarum
2441 515 2655 586 modum
2681 512 2994 586 Acrassiores
3036 512 3309 586 exstitisse
3343 513 3551 567 nostris
3573 512 3702 586 azy-

2123 583 2249 645 mis,
2283 597 2402 650 quae
2448 579 2619 635 ferrea
2673 580 2842 635 forma
2882 597 2986 634 non
3024 581 3192 650 furno
3232 594 3565 649 coquuntur.
3607 579 3694 640 A'd

2123 653 2264 705 hanc
2290 649 2399 704 rem
2424 659 2669 720 spectant
2695 666 2812 719 qua:
2833 651 2996 704 habet
3019 649 3342 705 llincmarus
3370 650 3702 708 Rhemensis

2123 721 2176 775 in
2202 721 2459 790 Capitulis
2480 720 2544 772 ad
2568 721 2910 790 presbyteros
2943 735 3054 773 sua:
3091 721 3350 790 Dimcesis
3370 760 3386 783 ,
3428 735 3575 774 anno
3593 722 3707 778 852

2123 787 2295 852 datis,
2330 791 2419 843 ubi
2461 787 2582 842 art.‘
2606 790 2636 841 7
2684 787 2891 851 statuit,
2941 807 2959 838 ι
2995 797 3054 842 ιιι
3089 790 3154 843 de
3185 787 3381 843 oblatis
3411 805 3532 858 qua:
3559 791 3698 847 olfe-

2122 867 2317 911 runtur
2340 873 2368 910 a
2395 858 2588 927 populo
2611 866 2671 927 et
2715 858 3108 927 consecratioui
3140 867 3460 927 supersunt,
3510 861 3592 913 vel
3623 863 3700 916 de

2119 929 2345 996 panibus
2367 926 2503 996 Quos
2529 926 2778 980 deferunt
2801 926 2983 980 ﬁdeles
3011 928 3079 980 ad
3103 926 3410 991 ecclesiam,
3439 930 3522 981 vel
3544 940 3701 985 certe

2118 998 2184 1075 de
2207 997 2350 1075 suis,
2381 997 2660 1075 presbyter
2701 997 3308 1075 convenienterpartes
3350 998 3550 1075 incisas
3598 1001 3702 1053 ba-

2116 1067 2240 1120 beat
2264 1068 2316 1118 in
2344 1064 2474 1120 vase
2502 1064 2670 1118 nitido
2697 1073 2755 1117 et
2777 1065 3141 1127 convenienti,
3168 1074 3224 1119 ut
3249 1075 3368 1133 post
3395 1068 3693 1123 missarum

2116 1135 2405 1204 solemnia,
2439 1133 2543 1204 qui
2569 1134 2968 1204 communicare
3000 1150 3118 1204 non,
3139 1134 3339 1204 fuerint
3364 1138 3558 1204 parati,
3588 1154 3696 1191 eu-

2115 1203 2284 1274 logias
2312 1203 2458 1257 omni
2496 1203 2582 1274 die
2609 1203 2897 1274 Dominico
2916 1213 2983 1274 et
3008 1203 3061 1256 in
3089 1203 3276 1274 diebus
3311 1203 3465 1258 festis
3498 1209 3699 1261 exinde

2117 1271 2400 1342 accipiant.
2427 1293 2443 1324 ι
2501 1271 2593 1326 Sic
2619 1283 2674 1342 et
2707 1271 2859 1342 quod
2887 1272 3084 1342 legitur
3125 1273 3178 1324 in
3218 1272 3340 1326 Ritu
3373 1279 3694 1329 monasterii

2113 1341 2527 1405 Athanaccnsis,
2558 1341 2726 1397 relato
2760 1357 2789 1394 a
2817 1341 3057 1395 Martene
3087 1351 3270 1395 nostro
3309 1343 3362 1396 in
3405 1344 3587 1398 Tract.
3616 1346 3700 1400 de

2112 1413 2295 1482 Antiq.
2326 1413 2466 1467 Eccl.
2495 1413 2717 1482 Di_scip.,
2742 1421 2873 1472 etc.,
2927 1429 2952 1482 (γ
2983 1411 3131 1464 [inita
3159 1411 3208 1463 vi
3232 1411 3406 1465 lelicet
3435 1414 3595 1467 missa
3625 1415 3693 1468 in

2113 1480 2274 1537 caena
2296 1481 2503 1536 Domini
2531 1480 2692 1534 dandi
2736 1481 3061 1550 pauperibus
3111 1481 3312 1550 hostias
3358 1497 3466 1534 non
3495 1499 3696 1536 conse-

2113 1563 2315 1616 cratas,
2348 1553 2441 1605 sed
2471 1549 2780 1604 benedictas
2801 1550 2852 1602 in
2878 1549 2995 1603 loco
3020 1549 3171 1617 panis
3200 1551 3486 1605 benedicti.
3511 1572 3530 1604 ι
3562 1552 3697 1607 Hart:

2111 1621 2164 1675 in
2190 1622 2442 1692 prmsenti
2465 1635 2522 1675 re
2545 1621 2815 1675 doctiores
2835 1618 3185 1688 perpendam.

1703 1909 2419 2025 APPENDIX

2013 2107 2107 2162 AD

1001 2256 1806 2374 AGNELLI
1876 2251 3153 2374 PONTIFIGALE.

1449 2496 1940 2625 LECTORI
2037 2547 2654 2626 MONITUM.

501 2803 560 2847 tn
590 2792 781 2848 eodem
805 2788 1051 2861 Estensis
1075 2787 1420 2861 bibliotheca
1459 2787 1680 2856 Codice,
1707 2802 1773 2861 es
1815 2803 1921 2858 quo
1966 2787 2173 2858 Agnelli
2197 2787 2414 2861 librum
2463 2787 2828 2844 Pontiﬁcalem
2870 2790 3150 2861 descripsi,
3195 2790 3476 2861 legebatur
3502 2796 3684 2853 addita

425 2861 773 2929 lnfrascripta
803 2860 983 2915 brevis
1011 2858 1251 2914 omnium
1278 2859 1649 2913 Ra'vennatum
1679 2859 2055 2982 egiscoporum
2102 2859 2271 2913 series
2311 2874 2410 2928 per
2437 2873 2764 2928 anonymum
2793 2874 2961 2928 usque
2989 2875 3018 2913 a

425 2931 556 2982 lium
580 2929 826 2982 deducta.
856 2938 911 2982 et
935 2929 1060 2982 inde
1083 2929 1354 2982 couiosius
1398 2945 1428 2982 a
1474 2927 1643 2982 Paulo
1731 2927 1953 2982 cordilla
2004 2925 2334 2982 Ravennatis
2382 2927 2634 2982 Ecclesia:
2681 2930 2968 2982 Drzenosito
3012 2946 3018 2982 ι

1731 2925 1953 3004 cordilla
2004 2925 2334 3004 Ravennatis
2382 2925 2648 3004 Ecclesia;
2681 2925 2968 3004 praeposito
3012 2925 3178 3004 usque
3214 2931 3289 3004 ad
3310 2949 3405 2987 sua
3436 2942 3681 3004 tempora

423 2931 556 2987 lium
580 2927 826 2994 deducta,
856 2938 911 2984 et
935 2929 1060 2985 inde
1083 2929 1354 2998 copiosius
1398 2945 1428 2982 a
1474 2927 1643 2982 Paulo

3097 2860 3392 2930 OpizOnem
3422 2863 3682 2920 Sanvita-v

427 3002 759 3072 continuata.
786 2995 1167 3072 Eam_Agn_ell§
1191 2999 1425 3072 adjicere
1451 2999 1625 3053 visum
1650 3008 1770 3072 est,
1802 2997 1940 3072 licet
1985 3012 2050 3051 ex
2076 3007 2230 3066 parte
2254 2999 2547 3072 admodum
2575 2995 2971 3072 jeju’nafquod
2989 3007 3044 3072 et
3072 2995 3157 3053 illa
3189 2995 3683 3072 scriptoribus'Ra-

422 3071 747 3125 vennatibus
774 3070 893 3123 usui
923 3066 1290 3140 fuerit,7Pauli
1315 3077 1495 3140 autem
1521 3068 1852 3122 continuatio
1880 3066 2032 3140 plura
2059 3083 2162 3140 non
2191 3068 2594 3140 contemnenda
2613 3066 3065 3140 contineat._Suis
3089 3066 3345 3140 praeterea
3383 3073 3518 3128 locis
3546 3089 3686 3128 non‘

427 3140 573 3195 nulla
609 3155 677 3208 ex
707 3137 1087 3206 manuscriptis
1117 3137 1423 3208 interjicere
1449 3138 1622 3191 visum
1657 3145 1762 3202 est,
1790 3136 1910 3206 quae
1936 3136 2163 3208 pleniori
2195 3153 2374 3192 rerum
2418 3146 2474 3192 et
2514 3137 2886 3208 episcoporum
2916 3136 3289 3196 Ravennatum
3321 3142 3568 3199 historia:
3594 3144 3684 3198 lu-

420 3223 544 3265 men
571 3207 816 3264 silerent.
849 3208 1048 3262 Eorum
1077 3207 1257 3276 itaque
1283 3207 1522 3262 omnium
1552 3215 1705 3261 tenor
1733 3214 1838 3272 est,
1860 3209 1952 3276 qui
1984 3206 2246 3275 sequitur.

709 3449 1100 3580 INCIPIT
1187 3445 1708 3579 CIIIIONICA.

419 3635 755 3701 παθητιάὶ
807 3634 1048 3706 Patres,
1093 3640 1148 3694 et
1191 3631 1489 3711 praesules
1546 3631 2002 3711 archiepiscopi

491 3714 794 3779 '«Ecclest'w
846 3713 1221 3772 Ravennatis
1273 3711 1614 3786 [seriatim]
1661 3711 1775 3771 sub
1829 3729 2004 3770 com-

420 3785 723 3874 ξφρεηάὶο
784 3791 980 3852 missi.
1050 3785 1388 3874 Usque’ad
1449 3785 1782 3874 1286'quit
1842 3807 2000 3867 opus

389 3853 712 3952 ςίνῖιῇἰαε,
749 3879 801 3932 et
838 3887 1029 3948 usque
1080 3853 1161 3928 ἐπ’
1198 3875 1559 3946 praesentem
1605 3853 1763 3928 diem
1810 3853 1999 3945 opera

501 3950 690 4010 alius.

897 4023 1126 4075 INCIPIT
1161 4021 1508 4075 FELICITER.

486 4130 577 4186 Isti
610 4138 734 4187 sunt
781 4129 1062 4186 revereudi
1105 4128 1294 4184 Patres
1336 4127 1538 4182 domini
1574 4125 1986 4196 archipraesules

415 4220 756 4276 Ravennates
797 4221 888 4290 qui
924 4219 1141 4274 fuerunt
1186 4235 1216 4272 a
1260 4227 1500 4288 tempore
1529 4216 1897 4288 apostolorum
1928 4214 1970 4268 Β

413 4313 557 4367 Petri
586 4313 842 4382 principis
865 4320 918 4366 et
948 4310 1270 4381 Apollinaris
1305 4307 1421 4376 ejus
1461 4307 1738 4377 discipuli,
1765 4307 1856 4376 qui
1885 4305 1992 4360 fuit

413 4404 621 4471 primus
645 4404 803 4469 hujus
823 4401 967 4456 sedis
991 4401 1452 4470 archiepiscopus,
1478 4416 1646 4469 usque
1675 4401 1728 4454 in
1752 4415 1990 4469 prirsen-

414 4500 524 4544 tem
566 4491 708 4544 diem
737 4533 751 4557 ,
792 4506 898 4560 quo
943 4499 1138 4559 praeest
1189 4491 1518 4545 venerabilis
1554 4489 1714 4545 Pater
1743 4492 1992 4546 dominus

415 4579 585 4650 Opizo
615 4581 680 4634 de
710 4590 898 4636 sancto
928 4581 1090 4636 Vitali
1121 4582 1186 4636 de
1214 4580 1408 4635 Parma
1427 4621 1442 4645 ,
1480 4581 1575 4636 Dei
1612 4591 1666 4636 et
1695 4583 1990 4651 apostolica

416 4671 593 4741 gratia
626 4680 825 4726 sanctae
862 4671 1134 4741 praedicta:
1178 4672 1322 4726 sedis
1364 4672 1835 4742 archiepiscopus,
1882 4689 1988 4744 quo

413 4772 655 4831 tempore
719 4765 1012 4818 currebant
1059 4763 1186 4817 anni
1249 4764 1459 4819 Domini
1510 4764 2061 4850 quinquagesimusc

409 4850 651 4921 primus,
688 4867 830 4906 nunc
877 4860 1059 4906 autem
1104 4851 1261 4916 1286,
1309 4852 1605 4907 indictione
1634 4869 1772 4907 nona
1794 4895 1808 4920 ,
1845 4855 1981 4909 inter

408 4953 548 5012 quos
566 4943 852 5011 praedictos
873 4958 950 4997 xu
974 4941 1132 5011 hujus
1159 4943 1418 4998 Ecclesiae
1443 4943 1782 5012 praefuerunt
1810 4946 1988 5000 instar

403 5047 488 5088 xu
529 5033 896 5104 apostolorum
941 5049 1038 5104 per
1073 5035 1222 5088 varia
1269 5044 1533 5104 tempora,
1586 5051 1694 5090 non
1747 5037 1982 5091 humana

408 5121 566 5176 electi
593 5121 889 5188 industria,
933 5123 1026 5178 sed
1053 5123 1232 5192 potius
1270 5139 1500 5192 superna
1530 5124 1721 5180 adsciti
1751 5125 1986 5180 clemen-

409 5213 505 5279 tia,
549 5229 710 5284 super
755 5229 986 5284 quorum
1018 5215 1194 5284 capita
1231 5216 1445 5270 coalitus
1485 5216 1682 5271 emissa
1721 5217 1984 5286 requievit

405 5304 675 5361 columba.
1025 5322 1062 5373 λ

761 5393 847 5448 DE
887 5392 1156 5449 SANCTO
1193 5393 1626 5458 APOLLINARI,
1697 5447 1702 5450 .

882 5483 1282 5554 Archiepiscopo
1307 5487 1496 5556 primo.

474 5572 797 5643 Apollinaris
822 5575 1031 5646 primus
1064 5577 1237 5646 patria
1282 5575 1570 5648 [natione]
1606 5577 1976 5633 Antiochenus

406 5662 610 5723 σταθείς
636 5676 701 5738 et
725 5667 932 5724 Latinis
955 5671 1151 5727 litteris
1193 5673 1467 5738 eruditus,
1493 5673 1717 5742 apostoli
1750 5672 1895 5730 Petri
1921 5684 1976 5729 et

2027 3435 2075 3496 Β
2103 3429 2275 3500 ipsius
2304 3429 2516 3485 Domini
2546 3430 2859 3502 discipulus.
2895 3431 2978 3488 Ab
3009 3431 3207 3506 [Atque
3233 3432 3326 3507 ab]
3354 3435 3473 3506 ipso
3498 3439 3682 3507 ponti-

2105 3521 2196 3577 fex
2219 3523 2518 3588 ordinatus,
2552 3531 2608 3578 et
2633 3522 2892 3594 Spiritum
2917 3534 3162 3581 sanctum
3177 3527 3465 3598 recipiens,
3489 3532 3683 3587 osculo

2102 3613 2172 3668 ab
2199 3627 2264 3668 eo
2287 3623 2504 3685 recepto
2529 3615 2729 3671 missus
2757 3623 2841 3670 est
2869 3615 3199 3679 Ravennam.
3233 3628 3288 3674 et
3312 3618 3382 3674 ab
3409 3620 3546 3677 urbe
3569 3621 3682 3676 Ro-

2101 3722 2190 3761 ma
2234 3706 2388 3776 quasi
2433 3707 2674 3762 terdenis
2722 3707 2991 3763 milliariis
3039 3711 3401 3766 communiter
3442 3728 3568 3768 cum
3609 3730 3679 3768 eo

2101 3796 2218 3867 ipso
2250 3797 2418 3862 venit,
2443 3797 2624 3866 ibique
2657 3797 2948 3868 praedictus
2977 3806 3222 3870 sanctam
3255 3799 3552 3857 Ecclesiam
3572 3803 3678 3857 Ra-

2098 3901 2309 3952 vennae,
2337 3896 2390 3942 et
2430 3889 2603 3957 ipsam
2652 3889 2841 3944 urbem
2889 3891 3152 3962 martyrio
3182 3891 3472 3948 dedicavit.
3529 3893 3679 3950 Vixit

2097 3986 2277 4033 autem
2315 3980 2368 4034 iu
2421 3979 2728 4050 pontiﬁcale
2772 3980 2910 4036 solio
2954 3998 3124 4040 annos
3168 4000 3372 4054 xxviii,
3413 4001 3587 4044 mens.
3630 4004 3676 4056 ι,

2096 4070 2210 4125 dies
2244 4086 2315 4124 tv.

2510 4183 2597 4238 DE
2633 4184 2712 4239 SA
2721 4180 2900 4241 ΝΟΤο
2936 4183 3250 4252 ADERITO,

2636 4296 3034 4367 Archiepiscopo
3059 4296 3122 4352 Il.

2162 4405 2420 4462 Aderitus
2470 4408 2779 4474 secundus,
2835 4409 2918 4462 vir
2961 4418 3181 4464 sanctus
3228 4417 3283 4464 et
3323 4411 3610 4468 timoratus
3638 4428 3673 4468 a

2095 4493 2405 4549 beatissimo
2429 4495 2763 4564 Apollinare
2804 4505 2888 4552 est
2929 4499 3214 4569 presbyter
3262 4500 3550 4556 ordinatus
3575 4543 3590 4566 ,
3617 4512 3676 4557 et

2093 4581 2355 4638 electione
2399 4584 2672 4640 Columba:
2701 4586 2754 4639 in
2801 4587 3264 4658 archiepiscopum
3293 4601 3668 4646 consecratus.

2093 4671 2386 4726 Defunctus
2441 4683 2620 4728 autem
2661 4683 2716 4730 et
2747 4677 2989 4747 sepultus
3027 4686 3114 4734 est
3155 4679 3211 4734 in
3260 4681 3484 4737 civitate
3521 4682 3674 4739 Clas-

2093 4761 2168 4815 sis
2202 4777 2229 4814 v
2260 4761 2377 4816 Kal.
2419 4761 2686 4820 Octobris.

2447 4906 2536 4961 DE
2572 4906 2840 4966 SANCTO
2879 4910 3291 4980 ELEUCADIO,

2581 5025 2624 5078 Α
2633 5027 2978 5100 rcltiepiscopo
3007 5028 3088 5082 III.

2157 5133 2480 5190 Eleucadius
2503 5137 2696 5193 tertius
2723 5153 2753 5192 a
2792 5137 3108 5195 beatissimo
3136 5139 3454 5210 Apollinare
3479 5141 3669 5198 diaco-

2089 5243 2191 5281 nus
2204 5236 2574 5290 oonsecratus,
2595 5237 2650 5283 et
2681 5229 2794 5298 ipse
2816 5238 3067 5300 tanquam
3094 5230 3447 5301 philosophus
3461 5231 3670 5288 Grecis

2087 5327 2143 5370 et
2171 5317 2377 5372 Latinis
2407 5317 2600 5390 litteris
2626 5319 2897 5386 eruditus,
2945 5320 3112 5374 multa
3141 5321 3415 5376 volumina
3443 5324 3665 5378 esti-uit.

2086 5403 2382 5460 Defunctus
2421 5415 2478 5462 et
2519 5408 2757 5476 sepultus
2804 5425 2892 5464 xvt
2929 5409 3046 5464 Kal.
3077 5409 3253 5465 Martii
3281 5421 3440 5466 extra
3479 5425 3670 5468 mm

2085 5493 2302 5557 Classis,
2334 5497 2488 5567 cujus
2531 5497 2771 5552 doctrina
2797 5497 2950 5554 ﬂoret
3000 5498 3175 5556 ollicio
3222 5508 3409 5556 sancta
3446 5499 3667 5556 Raven-

2082 5590 2266 5643 nensis
2290 5599 2462 5644 mater
2488 5590 2749 5647 Ecclesia.
2779 5593 2983 5663 Corpus
3011 5593 3166 5649 istius
3186 5593 3346 5649 hodie
3370 5589 3670 5662 requiescit

2079 5677 2134 5732 in
2163 5679 2381 5734 civitate
2410 5680 2673 5744 Papiensi.
