3936 6180
252 316 358 377 753

652 432 742 489 DE
767 431 1035 495 SANC'I‘O
1059 430 1437 498 IIAII'I‘IANO,

784 526 1180 597 Archiepiscopo
1216 526 1305 581 IV.

310 619 614 676 Martianus
641 627 869 688 quartus
893 632 926 671 a
966 617 1279 673 beatissimo
1307 617 1616 689 Apollinare
1645 617 1827 670 diaco-

245 704 352 769 nus
377 712 683 774 ordinatus,
705 718 763 765 et
784 708 958 764 simul-
971 723 1094 763 cum
1121 708 1379 778 praedicto
1405 705 1643 779 [sancto]
1678 706 1831 761 Eleu-

248 803 405 858 cadio
428 791 668 872 sepultus
687 799 741 853 in
761 798 1000 868 praedicti
1023 797 1166 853 beati
1193 796 1467 852 Eleueadii
1510 796 1758 852 ecclesia.

634 886 722 943 DE
757 883 1026 942 SANC'I‘O
1057 883 1440 950 CALOCERO,

800 976 1198 1046 Archiepiscopo
1228 975 1293 1029 V.

313 1070 608 1126 Calocerus
633 1068 698 1124 V.
730 1067 836 1123 Per
857 1081 987 1122 eum
1035 1066 1294 1121 Dominus
1320 1081 1510 1136 magna
1558 1064 1826 1120 mirabilia

246 1162 396 1225 fecit,
436 1158 658 1229 ejusque
702 1156 1016 1228 prtedicatio
1043 1155 1190 1211 utilis
1241 1164 1296 1210 et
1340 1171 1531 1226 magna
1559 1155 1678 1210 fuit.
1719 1157 1826 1211 De-

244 1252 461 1307 functus
509 1260 592 1306 est
620 1257 676 1304 et
698 1247 938 1319 sepultus
979 1247 1034 1302 in
1071 1246 1293 1302 basilica
1322 1247 1382 1300 Β.
1418 1246 1577 1302 Probi
1615 1245 1827 1302 confes-

241 1343 404 1409 seris,
436 1358 499 1397 ιιι
524 1342 647 1397 ldus
674 1338 971 1394 Februarii.

646 1429 734 1483 DE
768 1424 1038 1482 SANCTO
1061 1424 1405 1489 PROCULO,

770 1517 1166 1587 Archiepiscopo
1201 1514 1288 1569 Vl.

309 1609 572 1665 Proculus
594 1608 683 1674 VI,
703 1607 795 1677 qui
817 1621 929 1661 sum
950 1605 1350 1676 prmdicationis
1372 1602 1656 1660 dulcedine
1677 1604 1824 1660 velut

236 1706 416 1761 mellis
441 1720 593 1760 esum
613 1700 824 1773 populis
850 1700 1139 1755 tribuebat.
1168 1698 1410 1754 Mortuus
1455 1708 1539 1753 est
1563 1707 1740 1753 autem
1766 1707 1822 1753 et

1134 316 1496 374 ANALECTA
1534 316 1625 374 DE
1662 316 2008 374 EPISCOI’IS
2046 310 2597 374 BAVENNATIBBS.

3393 312 3506 372 73$

1855 438 1903 496 Α
1931 434 2075 491 dreze
2101 432 2247 488 illius
2265 431 2417 487 urbis
2465 430 2978 487 sanctimonialibus.
3006 428 3214 486 Folium
3262 428 3316 485 in
3342 437 3501 487 auto-

1930 503 2134 573 grapbo
2158 502 2364 573 deerat.
2387 499 2554 573 facile
2582 510 2764 573 tamen
2807 500 3068 573 historica
3092 500 3274 559 omnia
3299 515 3502 557 eruim-

1930 570 2107 653 tur'e_x.
2128 570 2432 653 allegoricis
2482 579 2537 653 et
2562 570 2853 626 moralibus
2878 582 2999 639 quae
3020 570 3144 626 vitae
3173 579 3364 626 auctor
3405 585 3503 641 pro

1928 639 2108 698 seculi
2139 639 2300 712 genio
2326 639 2541 710 adjecit.

2602 766 2835 810 INCIPIT

2154 908 2394 986 VITA
2457 904 2821 984 SANCTI
2903 905 3256 1017 SEVERI

2289 1060 2760 1105 ARCHIEPISCOPI
2804 1056 3140 1102 RAVENNB.

1995 1165 2451 1235 QuotiesCumque
2472 1164 2711 1219 virorum
2739 1170 2891 1233 gesta
2920 1160 3165 1228 fortium,
3206 1176 3504 1232 eorumque

1927 1255 2226 1311 laudabiles
2260 1262 2551 1324 provectus
2577 1254 2630 1307 in
2661 1251 2909 1307 ecclesiis
2946 1252 3266 1315 recitantur,
3293 1251 3385 1320 qui
3409 1252 3503 1306 de-

1924 1346 2124 1402 siderio
2154 1344 2454 1400 caelestium
2504 1340 2794 1412 ﬂagrantes
2845 1338 3188 1410 praemiorum
3234 1338 3502 1393 inﬁrmio-

1924 1437 2072 1490 ribus
2103 1433 2363 1505 proximis
2385 1431 2685 1502 planiorem
2712 1431 2855 1485 viam
2884 1429 3007 1485 ﬁdei
3047 1430 3401 1499 reliquerunt,
3432 1431 3505 1485 ob

1924 1526 1975 1579 id
2002 1523 2189 1595 procul
2209 1522 2370 1578 dubio
2395 1521 2606 1576 actitari
2634 1521 2888 1584 creditur,
2914 1527 3181 1589 quatenus
3209 1519 3298 1573 ille
3336 1518 3503 1573 divini

1923 1614 2125 1669 amoris
2173 1613 2334 1668 ardor
2362 1653 2376 1677 ,
2430 1612 2521 1680 qui
2571 1610 2811 1680 quotidie
2867 1608 3173 1663 abundante
3221 1606 3505 1677 iniquitate

1923 1707 2086 1761 etiam
2114 1707 2167 1760 in
2203 1703 2404 1760 sanctis
2446 1701 2578 1755 viris
2613 1698 2743 1754 ﬂatu
2773 1698 3004 1767 quodam
3041 1696 3265 1751 sinistro
3308 1703 3507 1765 agente

237 1794 484 1864 sepultus
531 1793 584 1846 in
616 1770 854 1846 basilica
896 1788 956 1843 Β.
1009 1786 1190 1854 Probi,
1246 1787 1331 1842 vel
1358 1786 1484 1842 dicti
1523 1785 1819 1854 Eleucadii,
1848 1770 1896 1829 Β
1925 1806 2229 1867 torpescere
2279 1794 2436 1859 solet,
2488 1794 2681 1847 iterum
2731 1790 2886 1861 quasi
2937 1786 3258 1859 gravissimo
3308 1786 3509 1841 hausto

235 1886 413 1956 prima
445 1883 533 1939 die
558 1880 891 1937 Decembris.

685 1971 774 2027 DE
821 1968 1090 2027 SANC'I‘O
1128 1969 1379 2036 PROBO,

755 2063 1151 2135 Archiepiscopo
1193 2061 1303 2117 VII.

303 2158 515 2213 Probus
555 2155 667 2222 VII,
703 2170 736 2210 a
778 2169 885 2224 quo
928 2153 1234 2224 quicunque
1278 2146 1567 2222 languidus
1599 2149 1668 2204 ad
1697 2164 1822 2204 eum

232 2249 424 2303 venire
445 2246 729 2317 potuisset,
750 2245 864 2300 suis
884 2243 1220 2300 orationibus
1240 2257 1406 2299 mnus
1426 2241 1818 2297 revertebatur.

234 2337 492 2407 Sepultus
521 2336 577 2391 in
596 2334 824 2391 ecclesia
842 2349 942 2404 per
969 2348 1092 2390 eum
1123 2332 1340 2388 condita
1377 2328 1518 2387 infra
1546 2329 1821 2385 civitatem

230 2429 598 2494 Classensem,
623 2443 683 2483 ιιι
708 2426 830 2480 Idus
868 2424 1208 2481 Novembris.

696 2518 785 2573 DE
827 2515 1098 2573 SANCTO
1126 2515 1380 2582 DATIIO,

749 2608 1146 2679 Archippiscopo
1178 2607 1308 2662 VIII.

302 2706 516 2760 Datbus
535 2701 669 2767 VIII,
692 2699 996 2770 pnecipuus
1013 2698 1313 2752 animarum
1338 2694 1653 2766 adquisitor,
1678 2708 1823 2748 mor-

237 2809 363 2853 tuus
392 2803 575 2849 autem
605 2802 662 2848 et
701 2790 964 2862 sepultus,
991 2797 1050 2844 ut
1074 2789 1258 2844 dicunt
1287 2788 1527 2859 quidam,
1560 2785 1616 2840 in
1648 2784 1822 2840 eccle-

230 2889 311 2941 sia
342 2886 406 2941 B.
429 2883 612 2939 Probi.

682 2973 770 3028 DE
797 2969 1065 3027 SANCTO
1093 2967 1384 3035 LIBERIO,

769 3062 1168 3132 Archiepiscopo
1199 3058 1288 3114 IX.

299 3158 558 3215 Liberius
584 3152 678 3222 IX,
705 3154 972 3211 charitate
1016 3151 1230 3222 plenus,
1254 3148 1377 3204 fons
1421 3145 1675 3216 irriguus,
1701 3158 1819 3199 om-

232 3255 431 3322 nisque
457 3247 810 3320 philosophiae
854 3244 1026 3299 tenuit
1068 3235 1460 3312 principatum,
1476 3235 1736 3307 sepultus,
1763 3239 1827 3287 ut

228 3346 460 3417 quidam
493 3342 698 3404 dicunt,
737 3354 858 3394 cum
898 3336 1293 3409 prtedecessore
1313 3343 1430 3384 suo.

658 3428 748 3484 DE
779 3422 1049 3483 SANCTO
1072 3417 1390 3483 AGAPITO,

784 3515 1180 3585 Arckiepiscapo
1212 3509 1276 3564 Χ.

301 3610 576 3683 Agapitus
590 3607 661 3673 Χ,
683 3603 999 3662 munuscula
1020 3601 1268 3673 praebens
1286 3595 1630 3668 pauperibus,
1642 3593 1826 3683 divino

234 3681 656 3772 superveniente
680 3694 959 3757 mandato,
988 3698 1174 3747 sancta
1201 3687 1378 3742 anima
1404 3700 1436 3740 a
1461 3696 1626 3739 carne
1651 3681 1825 3737 soluta

233 3801 342 3857 est,
367 3786 614 3859 sepultus
637 3800 761 3841 cum
787 3782 1034 3852 superius
1060 3775 1369 3834 nominatis.

602 3877 689 3932 DE
719 3873 987 3931 SANCTO
1022 3864 1486 3931 MARCELLINO,

775 3964 1172 4034 Archiepiscopo
1206 3960 1298 4014 XI.

307 4060 661 4119 Harcellinus
700 4056 791 4122 XI,
827 4055 1006 4126 justus
1038 4059 1094 4107 et
1146 4051 1452 4111 timoratus,
1478 4041 1635 4113 cujus
1679 4050 1829 4096 tanta

236 4154 495 4224 corporis
538 4151 915 4206 ordinamcnta
962 4144 1282 4214 ﬁagrarunt,
1319 4147 1379 4193 ut
1424 4134 1839 4208 pretiosissima

239 4223 483 4318 myrrhae
508 4244 785 4298 incensum
812 4235 1183 4309 sepelientium
1212 4246 1376 4287 nares
1418 4227 1701 4285 sentirent.
1734 4223 1833 4280 Se-

237 4335 428 4408 pultus
451 4339 535 4387 est
561 4331 614 4385 in
640 4328 863 4385 basilica
891 4325 1063 4381 sancti
1083 4321 1266 4377 Probi.

682 4420 771 4476 DE
807 4414 1075 4474 SANCTO
1113 4410 1401 4476 SEVERO,

749 4508 1141 4576 Archiepiscopo
1168 4503 1282 4559 XII.

314 4605 554 4661 Severus
574 4599 690 4668 XII,
714 4600 799 4655 vir
825 4600 979 4654 mira:
1015 4595 1393 4668 simplicitatis.
1426 4590 1723 4648 Defunctus
1747 4594 1834 4645 est

240 4698 345 4754 sub
372 4696 464 4751 die
493 4693 611 4749 Kal.
657 4690 963 4753 Februarii,
991 4697 1049 4744 et
1092 4687 1331 4759 sepultus
1375 4693 1461 4742 est
1503 4684 1558 4739 in
1603 4680 1832 4737 ecclesia

241 4804 370 4859 qua:
396 4787 501 4842 sita
529 4783 692 4841 estin
733 4781 956 4838 civitate
1000 4779 1198 4836 dudum
1223 4777 1444 4843 Classis,
1474 4790 1581 4830 non
1617 4773 1775 4859 longe
1801 4784 1833 4825 a

246 4850 471 4949 regione
494 4890 615 4946 quas
642 4872 840 4928 dicitur
863 4869 1144 4926 Salutaris.
1175 4868 1375 4923 Omnes
1400 4864 1643 4936 prmdicti
1670 4850 1833 4931 supra

245 4985 344 5040 per
376 4965 641 5037 Spiritum
665 4969 915 5018 sanctum
942 4958 1101 5014 electi
1131 4957 1350 5014 fuerunt
1381 4953 1719 5010 mirabiliter.

843 5158 911 5197 AD
933 5153 1242 5202 SEQUENTE]!
1504 5192 1508 5196 ,

663 5229 906 5287 SANCTI
950 5226 1196 5282 SEVERI
1233 5223 1448 5280 VITAM

748 5310 1340 5372 MONITIUNCULA.

324 5411 509 5467 Vitam
533 5409 765 5479 adjicere
788 5408 877 5463 hic
900 5422 1079 5479 opera:
1100 5405 1330 5479 pretium
1351 5403 1523 5458 visum
1544 5409 1654 5479 est._
1669 5414 1700 5453 a
1722 5414 1837 5455 mo-

251 5482 435 5537 nacho
461 5470 616 5535 circa
649 5478 709 5533 Β.
738 5478 884 5535 Petri
912 5470 1158 5531 [διπηιὶεὶιί
1194 5481 1412 5530 aetatem
1447 5470 1829 5540 conscriptam,

252 5566 323 5608 ex
352 5550 693 5605 Lectionario
718 5549 939 5618 antiquo
965 5545 1282 5618 Ravennati.
1306 5539 1711 5618 Commodatum
1733 5539 1835 5618 hoc

255 5619 426 5674 habui
455 5634 620 5675 onera
660 5608 1008 5674 illustrissimi
1055 5632 1119 5672 ac
1170 5611 1601 5671 reverendissimi
1629 5608 1832 5664 domini

257 5635 426 5674 IIIIDIII
455 5636 488 5675 0
560 5635 620 5674 ra
660 5635 1008 5674 IIIIISII'ISSIIIII
1055 5635 1119 5672 ac
1170 5635 1601 5671 revemtluissuui
1629 5635 1832 5664 υυιυιιιι

257 5690 468 5749 Cavaﬂi
490 5635 823 5749 Iamnam
846 5686 1103 5747 Ecclesia:
1129 5683 1512 5747 archidiaconi.
1543 5680 1690 5738 abs.
1723 5679 1833 5763 An-
1866 5748 1872 5753 ,

1922 1887 2138 1943 ﬂamine
2166 1886 2572 1942 reaccendatur.
2618 1878 2773 1938 Unde
2820 1878 3059 1934 Ecclesia
3107 1876 3165 1930 in
3210 1873 3501 1930 Canticis:

1924 1978 2112 2048 Surge,
2152 1975 2347 2046 inquit,
2372 1971 2582 2045 Aquilo,
2621 1981 2668 2025 et
2693 1969 2829 2035 ueni,
2852 1967 3057 2021 Auster.
3091 1964 3229 2020 Hinc
3250 1971 3335 2019 est
3356 1960 3505 2034 quod

1921 2086 2019 2126 nos
2039 2085 2177 2140 pene
2206 2069 2385 2124 idiotas
2406 2076 2567 2136 atque
2595 2065 2798 2119 inertes
2820 2056 3194 2130 pretiosissimi
3223 2056 3318 2110 lilii
3339 2052 3504 2111 Chri-

1921 2162 1991 2217 sti
2028 2159 2171 2216 beati
2198 2158 2387 2214 Severi
2416 2151 2815 2224 archipraasulis
2843 2150 3031 2214 vitam,
3080 2145 3503 2213 ordinationem,

1921 2269 2021 2310 nec
2044 2269 2151 2308 non
2187 2260 2243 2307 et
2268 2250 2478 2307 obitum
2506 2244 2934 2303 sacratissimum
2975 2238 3336 2310 qualicunque
3360 2232 3506 2306 stylo

1920 2346 2194 2417 paliticare
2220 2343 2527 2414 gestientes,
2553 2335 2870 2406 simpliciter
2887 2347 2951 2388 ea
2972 2345 3093 2402 quae
3117 2330 3184 2385 de
3210 2334 3360 2382 tanto
3385 2325 3506 2382 viro

1922 2435 1988 2491 ad
2019 2444 2220 2490 nostra:
2266 2430 2550 2502 parvitatis
2593 2426 2841 2482 notitiam
2884 2419 3169 2493 pervolare
3213 2418 3507 2487 potuerunt

1921 2525 2142 2580 auribus
2168 2523 2405 2579 ﬁdelium
2433 2520 2686 2575 intimare
2720 2512 3116 2586 proposuimus,
3144 2506 3264 2577 plus
3286 2502 3506 2577 prospi-

1920 2616 2127 2671 cientes
2152 2613 2366 2669 illorum
2394 2605 2733 2665 aadiﬁcationi
2758 2611 2814 2659 et
2859 2600 3042 2663 saluti,
3069 2611 3234 2669 quam
3262 2594 3509 2651 curioso-

1921 2722 2041 2762 rum
2066 2703 2380 2776 pompaticxe
2407 2695 2720 2755 urbanitati.
2750 2692 2852 2761 Qui
2890 2690 3037 2747 enim
3076 2685 3231 2756 juxta
3261 2683 3511 2741 Salomo-

1922 2812 2047 2852 nem
2066 2772 2373 2863 sopbistice
2398 2788 2658 2859 loquitur,
2698 2785 2809 2839 Deo
2845 2796 2944 2852 per
2966 2777 3148 2834 omnia
3176 2773 3393 2863 odibilis
3416 2772 3504 2863 iu-

1924 2859 2160 2949 venitur,
2204 2882 2332 2952 quia
2377 2886 2434 2933 et
2485 2873 2831 2943 semetipsum
2856 2864 3135 2937 iactantiae
3187 2859 3395 2932 spiculo
3418 2859 3509 2914 in—

1926 2974 2163 3037 terimit,
2213 2951 2268 3026 et
2317 2969 2537 3037 insuper
2584 2963 2889 3019 auditorum
2936 2954 3239 3013 inﬁrmitati
3285 2951 3521 3007 minime:

1925 3063 2175 3123 consulit.
2203 3060 2312 3117 Sed
2338 3058 2464 3129 quia
2488 3056 2569 3112 rei
2613 3061 2778 3126 gestae
2822 3049 2949 3105 ﬁdei
3000 3047 3293 3102 aneboram
3340 3055 3513 3097 anne-

1923 3164 2073 3214 ctere
2105 3167 2241 3224 Opus
2268 3157 2353 3207 est
2403 3161 2556 3202 more
2600 3136 3023 3212 historiographi
3072 3134 3252 3200 solito,
3298 3131 3405 3187 tria
3451 3130 3509 3184 in
3608 3177 3617 3184 .

1920 3245 2101 3301 fronte
2125 3221 2455 3297 narrationis
2492 3230 2840 3291 instrumenti
2885 3227 3056 3300 gratia
3092 3224 3362 3297 ponimus,
3390 3221 3513 3291 qui-

1920 3336 2022 3392 bus
2059 3333 2128 3388 ad
2157 3328 2553 3388 contexendum
2589 3321 2929 3396 propositum
2967 3333 3104 3390 opus
3146 3321 3513 3387 congruenter

1920 3424 2182 3483 utendum
2203 3431 2308 3488 est,
2333 3421 2389 3483 id
2409 3427 2494 3475 est
2519 3430 2831 3489 personam,
2865 3410 3121 3483 patriam,
3160 3420 3226 3462 ac
3248 3404 3515 3462 conditio-

1923 3531 2069 3574 nem.
2099 3516 2258 3582 Nam,
2287 3521 2349 3568 ut
2374 3512 2442 3568 de
2463 3523 2695 3582 persona
2724 3504 2840 3575 ejus
2869 3502 3057 3574 paucis
3084 3515 3211 3555 vera
3239 3495 3513 3570 perstrin-

1923 3621 2136 3679 gamus,
2166 3620 2272 3658 non
2324 3602 2444 3656 sine
2472 3599 2654 3654 divino
2701 3594 2933 3666 quodam
2981 3588 3224 3659 auspicio
3277 3586 3521 3641 Severus

1925 3673 2009 3752 est
2033 3712 2064 3750 a
2093 3692 2409 3765 parentibus
2435 3689 2720 3744 vocitatus.
2772 3682 2890 3738 Non
2919 3680 3065 3736 enim
3106 3677 3154 3733 si
3191 3673 3521 3747 propensius

1927 3764 2189 3858 inspicere
2215 3780 2591 3854 etymologiam
2619 3775 2867 3837 nitimur,
2903 3768 3272 3833 severitatem,
3296 3764 3382 3819 vel
3407 3779 3513 3820 sc—

1928 3854 2112 3930 vitiam
2151 3880 2328 3935 sonat,
2377 3867 2483 3924 sed'
2507 3864 2687 3936 potius
2730 3870 3012 3933 paternam
3062 3855 3401 3928 gravitatem,
3444 3854 3515 3909 de

1927 3977 2032 4032 qua
2063 3959 2387 4016 Psalmista:
2418 3954 2483 4009 I’n
2521 3950 2732 4023 populo,
2775 3947 2968 4021 inquit,
3000 3945 3146 4016 gravi
3173 3941 3402 4032 laudabo
3439 3950 3511 3997 te.

1928 4028 2040 4106 Nec
2065 4045 2355 4111 immerito,
2383 4041 2508 4112 quia
2533 4040 2753 4093 futurus
2772 4033 3013 4104 profecto
3040 4038 3160 4087 erat
3183 4036 3240 4085 et
3259 4028 3521 4083 vitiorum

1929 4140 2232 4209 extirpatnr
2260 4131 2617 4188 austerrimus
2642 4135 2697 4182 et
2725 4126 2988 4179 virtutum
3015 4134 3268 4177 corrasor
3308 4117 3524 4173 avidis-.

1930 4229 2119 4286 simus.
2147 4224 2339 4280 Patriae
2377 4236 2509 4276 vero
2557 4218 2673 4289 ejus
2722 4216 2856 4272 satis
2877 4213 3130 4270 omnibus
3174 4212 3231 4266 in
3261 4214 3525 4280 promptu

1931 4320 2180 4381 habetur,
2211 4315 2336 4386 quia
2365 4312 2499 4368 civis
2532 4310 2817 4364 Ravennas
2849 4304 3048 4370 extitit,
3093 4310 3150 4359 et
3191 4302 3333 4358 sicut
3360 4301 3427 4357 de
3446 4298 3516 4354 B2

1855 4446 1910 4508 Β
1931 4424 2069 4481 papa
2090 4405 2352 4476 Gregorio
2390 4402 2592 4508 dictum
2625 4407 2729 4465 est,
2755 4396 2915 4508 Hune
2958 4411 3118 4466 genus
3152 4393 3322 4459 duxit,
3368 4406 3520 4446 sum—

1931 4514 2076 4554 mum
2100 4494 2395 4551 conscendit
2441 4492 2709 4545 honorem.
2754 4485 2919 4558 Cujus
2960 4493 3143 4540 autem
3190 4482 3520 4541 conditionis

1929 4586 2114 4650 fuerit,
2138 4582 2491 4639 sanctissimae
2509 4577 2627 4648 ejus
2650 4577 2786 4634 Vitae
2804 4589 3014 4631 summa
3033 4571 3519 4644 comprobat,.quia

1933 4693 2059 4734 vere
2082 4676 2422 4732 Christianus
2453 4679 2594 4735 erat,
2638 4677 2695 4725 et
2720 4665 3078 4723 oolumbinam
3108 4665 3277 4719 vitam
3309 4662 3364 4719 in
3385 4662 3519 4718 sim-

1933 4770 2174 4842 plicitate
2220 4765 2399 4822 cordis
2455 4763 2668 4834 agebat.
2726 4758 3025 4829 Pauperem
3075 4756 3292 4825 quidem
3350 4754 3516 4816 vitam

1935 4877 2059 4918 eum
2085 4861 2252 4916 Tobia
2290 4856 2478 4930 gessit,
2505 4856 2644 4924 quia.
2668 4852 2907 4907 divinam
2939 4848 3280 4919 pmsentiam
3314 4844 3516 4912 timuit,

1932 4964 1989 5010 et
2014 4951 2554 5021 circumspectionem
2580 4941 2973 5014 Omnipotentis
3000 4953 3215 5010 semper
3239 4936 3517 5008 cogitavit,

1933 5046 2115 5101 omnia
2146 5045 2285 5099 bona
2310 5040 2565 5112 possedit,
2595 5036 2721 5108 quia
2744 5033 3089 5098 charitatem,
3111 5044 3232 5101 quae
3249 5029 3391 5084 Deus
3408 5035 3515 5093 est,

1934 5135 2241 5193 omnimode
2266 5132 2473 5188 habuit.
2526 5130 2796 5196 Quantum
2837 5124 2985 5181 enim
3026 5122 3094 5177 ad
3119 5118 3301 5176 saculi
3329 5118 3516 5174 luxum

1937 5222 2194 5293 pertinet,
2213 5230 2502 5289 pauperem
2522 5214 2689 5268 vitam
2710 5211 2886 5276 duxit,
2902 5208 3051 5280 quia,
3076 5214 3138 5261 ut
3152 5202 3520 5281 veracissimis

1938 5290 2113 5369 Iertur
2138 5306 2484 5372 relatoribus,
2511 5319 2618 5361 una
2643 5318 2768 5359 cum
2792 5300 3037 5371 conjuge,
3065 5309 3227 5367 quam
3251 5291 3355 5350 sibi
3377 5290 3518 5363 jame

1935 5404 2134 5460 dudum
2188 5401 2489 5458 castissime
2535 5396 2821 5468 copulabat
2863 5389 3206 5449 matrimonio
3227 5427 3243 5455 ,
3296 5385 3519 5442 nonnisi

1933 5494 2154 5549 laniﬁcii
2181 5506 2344 5562 opere
2388 5498 2634 5561 sumptus
2678 5484 3021 5557 quotidianus
3066 5478 3341 5549 carpebat,
3387 5489 3520 5531 nam

1934 5595 1995 5641 ut
2015 5594 2140 5655 pete
2170 5582 2453 5651 religiosus
2473 5588 2530 5636 et
2552 5578 2887 5634 orthodoxus
2905 5570 3215 5629 Catholicus
3233 5567 3302 5624 de
3330 5566 3518 5623 labore

1933 5690 2189 5734 manuum
2217 5687 2338 5730 cum
2383 5668 2639 5744 Apostolo
2667 5664 2902 5732 vivebat,
2946 5660 3190 5734 nullique
3234 5655 3524 5715 hominm
