3936 6180
383 293 486 349 755

1344 283 1436 338 AD
1473 281 1768 338 AGNELLI
1807 277 2262 334 PONTIFICALE
2289 279 2651 336 APPENDIX.

3537 278 3642 336 756

385 407 494 460 vim
531 404 612 457 vel
640 401 882 456 fraudem
921 398 1206 460 inferebat,
1243 411 1419 466 neque
1452 397 1596 450 enim
1642 396 1806 451 surda
1837 408 1968 448 aure
1995 397 2043 455 Α
2071 393 2345 458 volitaret,
2375 394 2569 448 iterum
2597 394 2899 464 iterumque
2925 395 3112 451 revisit
3138 395 3393 452 dilectum
3434 394 3533 449 sibi
3559 413 3658 450 ca-

384 495 646 566 prazteriit
674 491 1012 546 Psalmistam
1062 490 1431 543 intonantem:
1464 485 1690 540 Labores
1715 501 1966 538 manuum

385 596 595 638 tuarum
623 583 744 652 quia
771 578 1138 642 manducabis,
1168 578 1348 639 beatus
1372 593 1448 637 es,
1472 585 1519 629 et
1550 574 1675 628 bene
1715 575 1807 628 tibi
1845 575 1965 627 erit.

383 676 442 730 In
471 676 574 730 hoc
619 674 757 736 loco,
809 671 854 726 si
889 669 1010 738 quis
1037 665 1440 736 superciliosus,
1479 665 1758 733 eruginata
1789 670 1969 715 mente

385 775 439 822 et
462 765 663 820 insulsa
689 763 990 833 objectione
1013 761 1173 814 beato
1202 757 1318 811 viro
1355 755 1624 820 detrahat,
1655 743 1810 821 quod
1831 768 1968 806 uxo-

385 864 536 910 ratus
561 853 629 906 ad
681 849 1054 906 archisterium
1109 847 1376 900 Ravennze
1406 838 1736 907 accesserit,
1785 841 1968 894 audiat

384 943 700 1016 Apostolum
727 955 827 1009 pro
856 938 947 992 illo
983 935 1396 1006 respondentem
1433 933 1559 1002 quia
1600 932 1789 1002 omnia
1817 946 1968 984 mun—

386 1037 455 1089 da
483 1032 712 1089 mundis.
744 1029 898 1086 Sicut
924 1028 1068 1082 enim
1103 1025 1344 1080 ciborum
1372 1022 1552 1077 edulio
1576 1035 1684 1075 non
1712 1019 1970 1090 polluitur

386 1127 568 1190 homo,
600 1122 703 1178 nisi
735 1118 1038 1174 insidiatrix
1081 1113 1517 1184 concupiscentia
1561 1111 1853 1181 praecedat,
1891 1109 1970 1164 sic

387 1216 585 1285 quippe
620 1211 775 1282 legali
823 1197 1072 1279 conjugio
1113 1220 1219 1259 non
1263 1205 1576 1271 inquinatur
1605 1199 1968 1262 Christianus,

388 1305 479 1374 qui
511 1318 568 1359 se
615 1301 921 1358 nullatenus
969 1296 1055 1351 vel
1098 1293 1446 1364 virginitatis,
1498 1289 1579 1344 vel
1624 1287 1970 1343 continentia:

386 1402 512 1448 voto
539 1390 797 1460 alligavit,
850 1388 952 1443 nisi
1002 1386 1148 1440 illum
1199 1384 1347 1452 prius
1392 1387 1700 1449 corrumpat
1729 1378 1969 1433 obscozni

390 1486 591 1541 amoris
625 1483 890 1538 fermento
933 1479 1046 1548 ipsa
1097 1475 1372 1545 deceptrix
1408 1471 1592 1528 libido.
1625 1469 1893 1526 Caeterum
1924 1468 1970 1524 si

390 1577 512 1648 quis
536 1583 661 1629 voto
691 1569 1090 1640 constringitur,
1124 1565 1352 1621 reddere
1398 1562 1628 1632 cogitur,
1679 1558 1806 1628 quia
1834 1556 1971 1612 scri-

388 1677 541 1738 ptum
567 1673 651 1718 est
696 1681 708 1715 :
750 1660 934 1714 Vovete
961 1669 1008 1712 et
1037 1656 1256 1710 reddite.
1289 1652 1395 1708 Sed
1425 1652 1550 1722 quia
1581 1650 1843 1722 tantisper
1869 1662 1968 1738 pro

2067 491 2162 552 put
2181 482 2420 550 ejusdem
2444 485 2585 539 beati
2616 485 2741 550 viri,
2779 501 2843 540 ac
2884 487 2930 540 si
2959 485 3194 555 Spiritus
3220 495 3443 541 sanctus
3468 489 3663 556 specie

2067 581 2243 637 tenus,
2272 574 2416 644 quod
2437 574 2490 628 in
2510 590 2571 629 re
2596 584 2734 641 erat,
2765 577 3038 645 proderet,
3067 579 3280 633 dicens:
3309 577 3480 647 Super
3498 595 3664 648 quem

2067 664 2402 733 requiescam,
2437 663 2540 718 nisi
2564 680 2721 734 super
2771 665 3042 731 humilem,
3087 676 3135 720 et
3173 667 3428 736 quietum,
3473 678 3523 720 et
3549 677 3668 721 tre-

2067 761 2290 806 mentem
2324 753 2480 807 verba
2525 754 2687 807 mea?
2724 754 2792 807 Et
2837 755 3072 809 iterum:
3108 756 3221 826 Ego
3250 755 3522 824 diligentes
3571 772 3669 810 me

2066 841 2226 912 diligo
2301 842 2453 897 Unde
2485 853 2542 898 et
2587 844 2688 898 hoc
2735 845 3040 900 venerabile
3069 845 3413 916 proverbium
3437 848 3672 915 jamdu-

2073 931 2201 985 dum
2249 931 2526 1000 vulgatum
2570 941 2654 987 est
2699 947 2798 1001 per
2855 935 3094 989 universi
3140 935 3288 989 orbis
3338 934 3603 989 circulum
3644 948 3666 988 :

2067 1017 2256 1083 Beata,
2285 1019 2480 1088 inquit,
2511 1020 2692 1072 civitas
2717 1019 2832 1084 illa,
2861 1021 2956 1074 ubi
2995 1021 3051 1074 in
3093 1021 3342 1076 electione
3387 1023 3671 1091 pontiﬁcis

2069 1110 2300 1181 Spiritus
2336 1123 2551 1166 sanctus
2579 1111 2844 1166 descendit
2869 1113 2926 1165 in
2953 1111 3208 1167 columbis
3233 1113 3672 1168 similitudinem.

2067 1215 2114 1256 et
2137 1204 2414 1258 ordinatur
2440 1205 2550 1268 ille,
2601 1221 2758 1274 super
2791 1204 2943 1274 cujus
2995 1214 3149 1272 caput
3187 1204 3474 1274 requiescit.
3524 1204 3640 1259 Slu

2067 1291 2312 1362 pefactus
2341 1308 2504 1363 super
2539 1293 2643 1347 hoc
2690 1294 2866 1346 omnis
2913 1301 3223 1362 potentatus
3264 1301 3319 1348 et
3363 1292 3561 1358 clerus,
3600 1299 3680 1348 cl.

2067 1385 2245 1439 omnis
2271 1385 2362 1453 qui
2392 1385 2517 1439 huic
2548 1384 2730 1440 divino
2763 1384 3072 1454 spectaculo
3101 1387 3384 1450 intererat,
3410 1387 3675 1441 omnium

2067 1475 2332 1530 bonorum
2356 1489 2420 1530 ac
2442 1475 2767 1546 dignitatum
2786 1475 3027 1546 largitori
3058 1476 3166 1529 Deo
3188 1475 3388 1545 gratias
3403 1486 3671 1544 egerunt.

2070 1562 2188 1619 Tali
2236 1578 2470 1633 namque
2515 1565 2676 1620 modo
2721 1564 3004 1621 ordinatus
3049 1574 3132 1621 est
3190 1566 3379 1620 beatus
3421 1565 3676 1623 Severus

2070 1653 2400 1709 Ravennatis
2439 1652 2694 1710 Ecclesize
2725 1655 3030 1725 episcopus,
3079 1663 3379 1723 unctusque
3424 1665 3508 1710 est
3535 1657 3679 1713 oleo

389 1727 690 1814 assertione
719 1749 964 1805 veritatis
992 1747 1144 1817 quasi
1186 1760 1282 1815 per
1313 1756 1592 1799 excessum
1620 1741 1873 1804 diximus,
1905 1737 1974 1792 ad
2004 1727 2051 1786 Β
2081 1743 2431 1799 mutationis
2453 1784 2468 1809 ,
2525 1753 2582 1799 ει
2636 1753 2911 1816 unguento
2965 1746 3104 1800 sacri
3152 1747 3460 1801 chrismatis
3499 1747 3674 1817 juxta

387 1854 568 1916 empta
591 1844 891 1898 redeamus.
915 1839 1082 1910 lgitur
1102 1845 1384 1906 postquam
1407 1830 1974 1902 praeeminentissimus

385 1939 592 2000 athleta
613 1934 856 1990 veritatis
874 1928 1228 2000 Apollcnaris,
1253 1927 1410 1982 sicuti
1436 1933 1560 1980 ante
1581 1922 1774 1979 saecula
1794 1920 1976 1976 divina

384 2025 788 2100 przedestinavit
820 2019 1180 2082 Providentia,
1216 2018 1284 2072 ab
1314 2015 1681 2086 apostolorum
1721 2012 1974 2083 principe

389 2121 668 2178 ordinatus
693 2125 776 2171 est
802 2113 1045 2185 pontifex
1081 2111 1149 2166 ad
1180 2107 1582 2180 praedicandum
1627 2105 1827 2174 ubique
1855 2119 1974 2158 ver-

389 2212 516 2268 bum
551 2206 786 2271 Domini,
815 2214 871 2259 et
890 2203 1067 2258 claves
1099 2199 1249 2270 regni
1270 2197 1527 2254 caelorum
1556 2195 1779 2251 idoneus
1805 2202 1859 2248 et
1879 2208 1976 2264 per

390 2293 573 2355 omnia
601 2293 1016 2367 probatissimus
1047 2288 1284 2346 vicarius
1308 2286 1536 2356 accepit,
1560 2300 1685 2339 mox
1706 2279 1976 2338 nobilissi-

389 2404 535 2446 mam
559 2386 724 2442 ltaliaa
752 2384 1048 2448 civitatem,
1078 2389 1132 2436 et
1181 2379 1485 2434 multarum
1521 2375 1861 2446 metropolim
1886 2390 1975 2428 ur-

390 2477 554 2539 bium,
579 2490 644 2529 ac
669 2475 716 2528 si
750 2475 1040 2528 secundam
1069 2469 1316 2534 Romam,
1367 2467 1470 2522 sibi
1515 2467 1569 2520 in
1617 2462 1973 2534 apostolatum

392 2566 628 2630 ascivit;
674 2579 796 2618 nam
827 2562 906 2616 sic
929 2560 1144 2630 quidem
1197 2560 1386 2614 urbem
1433 2556 1640 2611 meritis
1688 2553 1973 2624 prmcipuis

390 2656 632 2728 ejusdem
653 2654 737 2709 sui
767 2649 1177 2721 triumphatoris
1217 2649 1350 2730 adeo
1381 2647 1620 2702 clemens
1653 2653 1708 2698 et
1733 2644 1854 2715 pius
1879 2658 1973 2698 rex

389 2762 502 2816 pra:
527 2744 737 2800 caneris
779 2742 1083 2798 decorando
1126 2739 1422 2810 insignivit,
1462 2745 1523 2792 ut
1568 2745 1852 2808 postquam
1887 2734 1976 2788 ille

391 2838 550 2894 miles
578 2836 706 2892 felix
761 2835 1036 2890 laureatus
1066 2846 1264 2888 corona
1310 2839 1612 2901 martyrum
1670 2827 1892 2882 intravit
1919 2827 1976 2880 in

392 2928 647 3000 gaudium
697 2924 910 2981 Domini
966 2925 1072 2990 sui,
1128 2923 1302 2978 instar
1328 2921 1561 2976 duodeni
1612 2918 1978 2988 apostolorum

393 3017 582 3085 apicis,
622 3015 903 3070 duodecim
931 3013 1006 3068 illi
1033 3026 1374 3068 successores
1398 3026 1496 3081 per
1525 3009 1674 3064 varia
1713 3024 1973 3064 annorum

299 3165 310 3174 ,
393 3109 664 3168 curricula
689 3107 986 3179 suppleret,
1027 3121 1136 3159 non
1170 3106 1408 3158 humana
1443 3103 1643 3158 electos
1684 3103 1968 3168 industria,

395 3198 489 3253 sed
512 3198 690 3266 potius
717 3196 895 3256 divina
945 3195 1168 3258 accitos,
1199 3193 1505 3258 clementia,
1555 3201 1610 3247 et
1653 3207 1816 3262 super
1843 3207 1976 3261 quo-

395 3304 516 3342 rum
546 3289 724 3356 capita
748 3285 960 3342 caelitus
978 3283 1175 3338 emissa
1206 3283 1471 3352 requievit
1489 3282 1757 3337 columba.
1791 3281 1976 3337 Aitate

395 3379 600 3448 quippe.
638 3377 785 3432 beati
828 3375 943 3444 jam
993 3375 1125 3430 dicti
1159 3387 1478 3443 semperque
1523 3373 1735 3428 dicendi
1764 3372 1974 3438 Severi,

395 3466 617 3538 contigit
643 3465 1010 3522 Ravennatem
1059 3462 1353 3518 Ecclesiam
1384 3462 1602 3532 proprio
1644 3470 1859 3531 pastore
1897 3461 1978 3515 vi-

396 3556 570 3617 duari,
597 3555 838 3625 Cumque
863 3553 1014 3608 multi
1039 3554 1410 3624 episcoporum
1451 3551 1820 3616 convenirent,
1858 3551 1979 3605 ﬁni-

396 3649 515 3710 timi
539 3647 810 3712 videlicet,
839 3654 1000 3716 atque
1034 3645 1376 3709 remotiores,
1413 3651 1679 3712 quatenus
1705 3649 1872 3706 tanta:
1898 3641 1976 3696 ci-

397 3739 553 3800 vitati
584 3740 890 3809 pontiﬁcem
937 3752 1089 3793 more
1144 3735 1301 3792 solito
1348 3734 1681 3798 ordinarent,
1718 3733 1978 3804 ﬁnitoque

397 3827 658 3891 oramine,
692 3841 878 3880 omnes
906 3826 960 3880 in
989 3839 1274 3880 commune
1326 3822 1555 3877 lmtabile
1600 3823 1980 3891 opperirentur

398 3918 785 3988 speetaculum,
815 3915 1048 3984 aliquem
1079 3915 1286 3968 scilicet
1313 3927 1410 3982 per
1441 3912 1744 3967 columbam
1765 3914 1979 3968 caelitus

399 4009 685 4080 assignari,
723 4009 862 4062 idem
911 4006 996 4060 vir
1024 4005 1119 4059 Dei
1163 4003 1224 4058 Β.
1266 4003 1498 4063 Severus
1537 4003 1676 4058 forte
1703 4003 1852 4074 Operi
1881 4019 1979 4059 suo

398 4102 544 4156 domi
591 4102 814 4166 instans,
847 4107 906 4153 ut
945 4107 1065 4153 erat
1089 4097 1316 4167 simplex
1361 4105 1419 4152 et
1453 4097 1716 4152 columbae
1749 4098 1976 4164 amicus,

401 4193 486 4247 bis
514 4191 699 4248 verbis.
721 4205 872 4246 suam
908 4188 1103 4242 atl‘atur
1130 4186 1432 4256 conjugem.
1475 4185 1700 4250 Vadam,
1725 4185 1772 4240 si
1801 4185 1980 4254 placet

399 4285 572 4349 ocius,
606 4293 662 4339 et
689 4283 880 4337 videbo
906 4281 1165 4342 visionem
1195 4277 1519 4342 mirabilem,
1549 4276 1817 4345 quomodo
1847 4276 1981 4331 divi-

2075 1850 2280 1890 morem
2309 1833 2598 1904 pontiﬁcis.
2635 1834 2787 1890 Tunc
2809 1835 3156 1904 adimpletum
3196 1845 3282 1890 est
3313 1837 3365 1891 in
3393 1837 3480 1891 illo
3511 1839 3675 1907 quod

2073 1925 2333 1980 Dominus
2353 1925 2486 1980 dixit
2502 1925 2556 1978 in
2577 1924 2898 1995 Evangelio:
2932 1925 3085 1997 Apud
3104 1927 3334 1980 homines
3357 1928 3452 1980 hoc
3471 1927 3674 1997 impos-

2073 2015 2223 2070 sibile
2244 2025 2340 2081 est,
2359 2015 2500 2086 apud
2520 2015 2804 2069 Dominum
2827 2025 3001 2070 autem
3015 2016 3190 2070 omnia
3209 2016 3474 2086 possibilia
3496 2028 3623 2071 sunt
3643 2035 3669 2082 ;

2073 2117 2129 2164 et
2151 2109 2306 2178 juxta
2330 2107 2483 2163 Pauli
2508 2122 2697 2163 vocem
2721 2122 2736 2161 :
2768 2106 2994 2177 Infirma
3022 2108 3204 2162 mundi
3233 2107 3383 2178 elegit
3409 2108 3573 2175 Deus,
3599 2121 3667 2164 ut

2075 2204 2362 2274 confundat
2409 2203 2592 2273 fortia.
2641 2204 2782 2258 Ecce
2809 2212 2896 2259 est
2937 2203 3079 2272 quod
3105 2203 3298 2258 Petrus
3340 2204 3618 2274 apostolus
3647 2224 3666 2259 :

2077 2294 2214 2360 Quia
2236 2310 2340 2349 non
2366 2304 2440 2349 est
2464 2309 2808 2364 personarum
2842 2303 3081 2363 acceptor
3106 2293 3271 2359 Deus,
3307 2294 3399 2348 sed
3422 2297 3479 2348 in
3515 2296 3668 2348 omni

2073 2393 2240 2454 gente,
2265 2384 2355 2453 qui
2383 2384 2530 2437 timet
2564 2382 2869 2448 Dominum,
2896 2391 2944 2436 et
2982 2392 3228 2452 operatur
3239 2383 3532 2452 justitiam,
3571 2400 3674 2436 ac-

2074 2482 2250 2542 ceptus
2273 2481 2346 2526 est
2378 2472 2477 2526 illi.
2509 2471 2616 2527 Sed
2644 2472 2716 2526 oh
2744 2471 2974 2527 mutatio
3002 2472 3280 2541 temporis,
3321 2480 3374 2525 et
3401 2471 3474 2525 oh
3508 2469 3668 2526 nefas

2074 2561 2488 2633 negotiationis!
2535 2561 2864 2631 Redemptor
2906 2561 3088 2630 itaque
3137 2570 3342 2624 noster,
3371 2569 3432 2614 ut
3471 2568 3660 2614 osten-

2075 2653 2226 2708 deret
2260 2653 2508 2708 ﬁdelibus
2535 2652 2650 2708 suis
2674 2666 2838 2722 quam
2875 2653 2947 2708 sit
2969 2652 3277 2706 damnabile
3301 2651 3545 2707 'oliicium
3570 2666 3668 2705 ne—

2077 2743 2427 2813 gociationis,
2457 2743 2734 2812 ingressus
2769 2743 2826 2797 in
2856 2742 3112 2812 templum
3139 2757 3328 2797 omnes
3367 2742 3670 2798 vendente:

2074 2842 2129 2887 et
2150 2841 2391 2888 ementes
2422 2833 2475 2886 in
2505 2833 2597 2887 illo
2625 2832 2916 2888 vehemens
2941 2830 3124 2900 ejecit,
3153 2842 3210 2886 et
3235 2831 3378 2887 facto
3408 2832 3476 2887 de
3503 2833 3668 2888 resti.

2075 2923 2213 2978 culis
2238 2921 2469 2994 flagello,
2496 2937 2588 2978 eos
2627 2922 3000 2993 potentissime
3027 2922 3117 2992 qui
3159 2922 3436 2978 columbas
3464 2923 3669 2978 vende-

2075 3019 2209 3073 bant
2231 3019 2299 3073 de
2328 3017 2526 3086 templo
2553 3016 2869 3070 eliminavit.
2910 3015 3176 3086 Antiquus
3218 3025 3397 3070 autem
3437 3015 3664 3071 humani

2076 3108 2290 3180 generis
2313 3108 2585 3171 inimicus,
2616 3107 2706 3176 qui
2741 3105 2855 3176 jam
2877 3105 3033 3175 juxta
3073 3107 3374 3178 apostolum
3400 3107 3457 3162 in
3486 3122 3662 3162 mem-

2075 3197 2192 3252 bris
2218 3196 2331 3252 suis
2357 3197 2674 3267 mysterium
2702 3205 2956 3266 operatur
2985 3197 3308 3266 iniquitatis,
3355 3197 3560 3267 quique
3584 3211 3642 3254 se

2077 3288 2168 3342 det
2197 3303 2322 3342 cum
2353 3287 2615 3344 divitibus
2637 3289 2690 3343 in
2716 3288 2965 3354 occultis,
2994 3297 3055 3343 ut
3096 3289 3386 3345 interﬁciat
3412 3291 3678 3347 innocen-

2078 3388 2205 3444 tem,
2238 3379 2436 3433 iterum
2485 3394 2610 3434 cum
2663 3378 2784 3434 felle
2829 3379 3205 3434 amaritudinis
3248 3394 3347 3449 per
3384 3379 3666 3436 Simonem

2077 3483 2234 3522 suum
2264 3468 2508 3523 venalem
2535 3468 2667 3523 facit
2688 3469 3017 3535 columbam,
3050 3485 3150 3525 nec
3176 3470 3372 3525 desinit
3398 3485 3498 3540 per
3535 3487 3667 3526 suos

2075 3557 2367 3628 trapezitas
2396 3557 2635 3613 emulare
2667 3573 2917 3614 nummos
2943 3559 3262 3628 iniquitatis,
3302 3574 3410 3629 quo
3446 3575 3544 3615 eos
3569 3576 3666 3614 va-

2077 3647 2187 3702 leat
2204 3647 2522 3716 profundius
2546 3664 2790 3720 mergere
2812 3649 2865 3706 in
2891 3659 3112 3720 puteum
3141 3650 3484 3719 perditionis.
3518 3650 3662 3706 Eme

2080 3754 2242 3793 nemo
2261 3739 2374 3810 jam
2403 3754 2548 3793 nunc
2567 3753 2796 3808 usquam
2823 3739 3108 3810 episcopus
3134 3740 3372 3810 eligitur,
3406 3741 3534 3810 quia
3563 3756 3665 3796 nec

2076 3831 2330 3887 Ecclesiis
2359 3832 2712 3902 permittitur,
2757 3830 2854 3886 sed
2881 3831 3025 3900 quod
3071 3831 3384 3886 horribilius
3423 3840 3507 3886 est
3539 3847 3663 3887 om-

2076 3921 2236 3975 nibus
2266 3921 2548 3986 monstris,
2579 3929 2632 3976 et
2661 3921 2952 3976 deterrima
2980 3921 3228 3977 adulterii
3271 3924 3498 3991 species,
3541 3937 3664 3994 quae

2076 4011 2312 4081 primum
2365 4009 2543 4066 locum
2568 4011 2797 4065 obtinet.
2827 4011 2883 4068 ln
2925 4012 3078 4081 pejus
3105 4011 3279 4066 adhuc
3321 4012 3538 4068 vivente
3565 4013 3671 4069 ali-

2077 4103 2229 4172 cujus
2250 4102 2484 4157 civitatis
2519 4089 2793 4172 episcopo,
2823 4103 2890 4157 ab
2912 4101 3091 4171 aliquo
3117 4101 3332 4157 indocto
3379 4112 3438 4157 et
3462 4103 3662 4173 depra-

2076 4201 2203 4247 vato
2228 4193 2402 4247 honor
2429 4192 2545 4262 ejus
2573 4192 2995 4261 concupiscitur,
3038 4192 3264 4262 petitur,
3292 4193 3658 4261 promittitur,

2078 4292 2417 4342 sacramento
2446 4301 2572 4355 spes
2601 4286 2878 4350 solidatur,
2921 4287 3151 4356 pecunia
3196 4286 3546 4356 impudenter
3565 4289 3670 4345 da-

400 4374 546 4428 nitus
576 4388 606 4428 e
632 4374 771 4427 coelo
817 4371 1062 4428 columba
1089 4371 1292 4434 veniat,
1338 4377 1393 4423 et
1439 4384 1601 4438 super
1629 4375 1791 4455 caput
1821 4367 1977 4422 electi
2002 4405 2056 4465 D
2081 4384 2189 4441 tur,
2210 4384 2271 4431 ut
2288 4377 2632 4446 postmodum
2658 4378 2898 4433 deterius
2925 4379 3212 4444 vendatur,
3257 4379 3402 4448 quod
3433 4388 3544 4434 tam
3573 4395 3666 4436 ne.

401 4465 705 4520 consedeat.
736 4463 817 4516 Ad
845 4478 1005 4532 quem
1050 4461 1140 4516 illa
1170 4479 1184 4515 :
1239 4461 1400 4526 Sede,
1444 4461 1642 4530 inquit,
1673 4461 1782 4526 hic,
1809 4468 1863 4516 et
1895 4461 1975 4516 la-

363 4550 365 4552 ’
406 4557 552 4619 hora,
585 4554 694 4608 noli
717 4554 828 4608 otio
853 4566 1064 4616 vacare,
1099 4552 1224 4620 quia
1262 4566 1368 4608 non
1398 4551 1614 4622 expedit
1658 4551 1833 4615 nobis,
1863 4551 1978 4608 sive

405 4643 544 4697 enim
574 4657 786 4711 pergas,
813 4641 927 4696 sive
977 4641 1032 4694 in
1085 4641 1203 4695 loco
1231 4640 1512 4706 subsistas,
1567 4649 1620 4695 te
1665 4641 1975 4710 pontiﬁcem

405 4735 629 4808 populus
655 4750 761 4790 non
781 4733 1071 4788 ordinabit.
1094 4732 1175 4787 Ad
1199 4733 1314 4787 hzec
1337 4731 1425 4786 ille
1448 4750 1461 4786 :
1493 4731 1623 4787 Sine
1647 4747 1754 4797 me,
1776 4733 1973 4802 inquit,

406 4837 459 4886 et
482 4828 712 4892 vadam;
752 4833 806 4881 et
845 4825 968 4880 illa:
999 4825 1166 4890 Vade,
1204 4825 1249 4879 si
1278 4824 1475 4894 placet,
1505 4825 1630 4893 quia
1660 4840 1977 4896 quacunque

406 4921 539 4977 liora
566 4919 874 4984 intraveris,
904 4918 1187 4994 episcopus
1230 4917 1606 4984 ordinaberis;
1660 4917 1786 4972 talia
1811 4933 1982 4974 uxore

406 5009 614 5064 ironico
655 5023 906 5064 sermone
934 5018 1314 5080 prosequente,
1357 5009 1502 5067 illico
1528 5009 1782 5074 surrexit,
1807 5009 1983 5065 eccle-m

405 5101 540 5159 siam
568 5102 813 5157 concitus
844 5101 996 5166 adiit,
1027 5103 1119 5157 ubi
1147 5111 1268 5158 erat
1309 5101 1536 5172 populus
1559 5115 1682 5156 cum
1728 5101 1986 5156 saeerdo-.

405 5192 549 5248 tibus
585 5201 960 5263 congregatus,
1005 5201 1060 5248 et
1102 5192 1172 5246 ob
1217 5191 1660 5246 vestimentorum
1693 5189 1985 5256 vilitatem,

407 5284 532 5352 quia
564 5284 829 5354 squallido
875 5283 1105 5338 amictus
1145 5291 1265 5338 erat
1310 5283 1644 5345 indumento,
1671 5281 1980 5338 occultabat

407 5385 468 5426 se
489 5369 824 5439 postjanuas
847 5371 1028 5441 templi
1057 5388 1072 5436 ;
1102 5379 1156 5426 et
1181 5369 1392 5439 expleta
1430 5370 1674 5425 oratione
1697 5368 1980 5425 confestim

409 5462 687 5519 descendit
717 5465 783 5518 de
827 5464 964 5520 ccelo
1007 5463 1252 5519 columba
1283 5463 1405 5517 nive
1437 5462 1735 5528 candidior,
1764 5470 1820 5517 et
1847 5462 1985 5519 sedit

411 5567 575 5623 super
593 5565 754 5626 caput
779 5557 918 5611 beati
969 5556 1152 5612 Severi
1182 5555 1396 5610 latitare
1436 5555 1721 5624 cupientis.
1771 5555 1864 5609 Ille
1888 5570 1982 5608 au-

418 5657 527 5702 tem
553 5647 680 5703 dum
709 5665 739 5702 a
774 5664 834 5705 se
865 5650 1164 5706 columbam
1205 5647 1508 5718 repelleret,
1538 5656 1594 5703 et
1613 5647 1702 5704 illa
1736 5648 1836 5704 hac
1861 5647 1984 5703 illac

2082 4465 2222 4520 fario
2251 4481 2384 4521 ausu
2413 4476 2778 4536 comparatur.
2811 4466 2918 4522 Sed
2957 4469 3084 4537 quia
3121 4484 3180 4524 se
3207 4468 3365 4539 hujus
3405 4471 3486 4524 rei
3519 4471 3664 4525 ratio

2081 4565 2476 4624 consequenter
2523 4571 2619 4625 per
2673 4556 2975 4612 columbam
3026 4558 3248 4628 ingessit
3301 4558 3662 4615 ecclesiastici

2079 4645 2280 4716 vigoris
2300 4646 2494 4714 gratia,
2544 4647 2850 4702 venditores
2874 4648 2993 4719 ejus
3033 4649 3172 4702 male
3199 4648 3424 4705 meritos
3451 4659 3510 4704 ut
3549 4664 3666 4705 cos--

2080 4737 2259 4806 pimus
2281 4751 2687 4806 persequamur.
2712 4736 2876 4795 Vides
2893 4755 2962 4794 ne
2983 4750 3042 4794 ut
3065 4740 3272 4796 Simoni
3298 4742 3477 4810 primo
3496 4744 3675 4798 haue-

2084 4827 2335 4892 siarchze,
2386 4826 2539 4896 cujus
2569 4827 2713 4882 inter
2755 4828 2870 4897 ipsa
2898 4829 3152 4884 laetantis
3175 4829 3452 4886 «Ecclesia:
3497 4845 3670 4885 cuna-

2083 4915 2206 4971 bula
2229 4915 2519 4986 apostolico
2548 4931 2808 4971 mucrone
2829 4917 2984 4974 triste
3013 4927 3174 4988 caput
3192 4928 3527 4987 amputatiun
3553 4927 3660 4984 est,

2084 5021 2149 5060 ac
2179 5004 2373 5061 deinde
2402 5012 2482 5059 tot
2507 5006 2731 5076 justitia:
2765 5006 3069 5063 faventibus
3111 5007 3362 5062 Patribus
3404 5007 3546 5078 apud
3572 5023 3662 5065 ec-

2083 5097 2384 5154 clesiastica
2421 5097 2646 5152 concilia
2688 5106 2946 5168 perpetuo
2978 5100 3322 5154 anathemate
3368 5099 3660 5168 sepultum,

2083 5195 2187 5249 alia
2218 5209 2452 5259 rursum,
2483 5195 2635 5264 quasi
2679 5195 2863 5265 hydra:
2899 5195 3076 5265 capita
3119 5195 3505 5250 succrescant?
3533 5193 3662 5249 Inde

2083 5301 2304 5342 necesse
2330 5293 2414 5341 est
2440 5295 2499 5339 ut
2542 5285 2714 5340 nostri
2760 5301 2903 5341 nunc
2937 5287 3194 5355 temporis
3232 5285 3472 5354 episcopi
3517 5285 3659 5353 apud

2082 5378 2507 5448 omnipotentem
2534 5377 2842 5440 Dominum,
2885 5385 2978 5432 aut
3017 5378 3127 5432 rari
3156 5378 3358 5442 adsint,
3385 5385 3482 5431 aut
3505 5375 3656 5430 nulli.

2084 5468 2220 5522 Hinc
2249 5467 2398 5520 enim
2425 5475 2481 5520 et
2521 5467 2783 5536 propheta
2823 5466 2990 5521 dicit:
3042 5463 3313 5534 Principes
3357 5465 3658 5526 extiterunt,

2082 5569 2129 5612 et
2167 5574 2267 5611 non
2311 5573 2402 5626 per
2449 5572 2568 5619 me;
2623 5555 2722 5612 insi
2777 5565 3135 5626 regnaverunt,
3183 5566 3233 5609 et
3284 5570 3388 5608 non
3424 5554 3652 5622 cognovi.

2085 5647 2221 5716 Quid
2271 5646 2338 5702 ad
2385 5646 2500 5703 lucc
2547 5646 2833 5702 mussitant
2879 5645 3070 5704 novelli
3115 5653 3181 5702 ct.
3205 5643 3409 5702 indocti
3440 5641 3656 5713 quidam
