3936 6180
272 284 379 339 757

1159 283 1517 340 ANALECTA
1544 280 1648 338 ‘DE
1684 281 2030 339 EPISCUPIS
2067 282 2614 345 RAVENNATIBUS.

3416 293 3527 352 τω

262 401 490 471 quidem
518 397 783 468 quomodo
813 397 1009 461 sciunt,
1056 397 1148 452 sed
1192 399 1416 453 minime
1445 396 1702 467 sapiunt?
1731 394 1843 448 Mo-
1868 395 1921 455 Α
1946 400 2054 449 lem
2089 396 2266 451 noctis
2292 397 2449 462 hora,
2476 399 2686 453 eunetis
2712 399 2871 454 inerti
2904 412 3098 457 somno
3121 403 3408 474 depressis,
3437 423 3525 463 so-

263 487 447 552 nachi,
478 486 747 555 inquiunt,
796 501 901 540 non
933 486 1135 540 habent
1174 484 1449 540 licentiam
1494 483 1839 555 pra-dicandi,

262 579 485 633 tametsi
519 578 631 632 sint
668 576 989 632 auctoritate
1018 576 1198 631 divina
1245 576 1566 645 p1enissimi,
1613 573 1708 630 sed
1735 588 1843 628 non

259 679 349 725 est
370 669 589 735 mirum,
614 668 739 738 quia
760 682 890 725 caro
910 667 1084 722 nescit
1106 667 1372 736 spiritum.
1403 666 1620 720 Veritas
1645 663 1845 734 quippe

261 775 455 814 amara
487 768 591 823 est,
640 766 697 812 et
742 758 833 828 qui
864 757 1008 811 illam
1040 756 1234 812 docere
1274 756 1538 819 nituntur,
1587 754 1846 809 amaritu—

263 849 391 904 dine
412 849 707 917 replentur.
730 847 869 902 Ecce
888 845 950 899 Β.
974 845 1207 900 Severus
1249 843 1630 914 propemodum
1657 842 1843 907 idiota,

264 949 323 994 et
350 939 557 1008 absque
583 938 752 995 literis
782 935 985 1008 Spiritu
1030 936 1275 991 veritatis
1319 943 1574 997 attactus,
1616 932 1847 988 edicitur

266 1028 461 1081 doctor
490 1026 815 1091 uberrimus,
842 1032 897 1078 et
920 1026 1239 1088 monachus,
1282 1025 1373 1093 qui
1415 1023 1484 1077 ab
1524 1021 1846 1077 incunabilis

264 1116 467 1171 divinis
496 1116 668 1171 literis
692 1115 917 1182 studuit,
943 1126 1122 1171 tacere
1147 1116 1326 1170 habet.
1354 1114 1554 1169 Paulus
1573 1112 1849 1183 apostolus

266 1206 368 1260 hoc
400 1205 712 1273 specialiter
733 1205 998 1276 privilegii
1022 1214 1214 1258 nactus
1233 1212 1336 1267 est,
1359 1212 1418 1257 ut
1443 1203 1567 1272 quia
1598 1202 1665 1256 ad
1684 1203 1848 1272 pedes

262 1294 530 1350 Gamaliel
577 1309 762 1349 sacras
812 1294 999 1349 literas
1054 1294 1261 1359 didicit,
1310 1294 1419 1348 Vas
1470 1291 1748 1346 electionis
1793 1299 1850 1345 et

262 1385 488 1454 apellari
530 1392 585 1439 et
630 1400 749 1440 esse
789 1384 1121 1453 promeruit;
1175 1383 1317 1439 unde
1343 1393 1398 1437 et
1442 1383 1640 1437 Doctor
1683 1380 1847 1436 totius

260 1474 416 1528 orbis
440 1473 686 1543 specialis
714 1473 1456 1528 dicitur................

675 1561 774 1616 Hic
799 1562 983 1632 folium
1008 1564 1266 1633 integrum
1292 1563 1452 1616 deest.

260 1667 444 1719 suum,
483 1667 646 1722 quem
686 1651 846 1722 longe
884 1659 1009 1707 ante
1053 1666 1153 1722 per
1191 1650 1574 1706 revelationem
1613 1650 1846 1721 Spiritus

260 1743 440 1798 sancti
478 1742 784 1812 presciv'it,
822 1741 1179 1796 saluberrima
1221 1747 1680 1796 sacramentorum
1717 1754 1843 1807 per-
1871 1735 1919 1794 Β

263 1835 517 1905 eeptione
545 1834 798 1900 muniret,
823 1840 1120 1889 convocato
1144 1833 1211 1887 ad
1237 1848 1296 1887 se
1319 1833 1482 1887 totius
1506 1832 1658 1887 urbis
1676 1831 1845 1896 clero,

258 1942 364 1981 nec
392 1942 501 1980 non
531 1927 809 1995 utriusque
840 1940 1002 1980 sexus
1036 1924 1232 1995 popqu
1254 1923 1407 1995 juxta
1440 1938 1642 1978 morem
1671 1922 1847 1978 eccle-

259 2016 547 2071 siasticum
579 2017 645 2071 de
674 2015 983 2085 integritate
1012 2014 1292 2069 catholicze
1326 2013 1482 2077 ﬁdei,
1511 2012 1683 2081 deque
1706 2026 1847 2066 uua-

258 2108 513 2161 nimitate
539 2115 701 2175 atque
727 2105 966 2159 fraterna
994 2105 1219 2159 caritate
1245 2103 1557 2166 obtinenda,
1584 2101 1848 2172 prolixius

260 2195 565 2250 secundum
592 2194 693 2249 sibi
717 2194 899 2248 datam
922 2192 1239 2263 sapientiam
1270 2206 1576 2246 sermonem
1601 2189 1843 2260 protulit.

258 2284 383 2352 Quo
413 2283 568 2338 ﬁnito
598 2283 811 2337 ﬁrmata
839 2298 971 2353 pace
998 2291 1161 2352 atque
1194 2282 1588 2342 benedictione,
1616 2279 1753 2334 stola
1787 2286 1848 2334 ut

259 2382 378 2428 erat
407 2372 702 2442 pontiﬁcali
734 2373 1032 2435 trabeatus,
1067 2370 1357 2441 populique
1383 2368 1692 2439 frequentia
1720 2368 1849 2424 hinc

261 2464 391 2518 inde
444 2463 699 2529 vallatus,
750 2463 1027 2533 proprium
1079 2464 1180 2518 sibi
1218 2462 1382 2531 jussit
1422 2461 1621 2532 aperiri
1671 2460 1847 2531 sepqu

260 2568 443 2619 crum,
473 2553 617 2623 quod
645 2553 892 2608 videlicet
920 2552 1076 2608 vivus
1099 2553 1374 2623 ingressus
1404 2553 1544 2606 inter
1562 2552 1844 2622 conjugem

259 2653 317 2699 et
375 2644 544 2698 ﬁliam
599 2644 733 2698 mira
791 2644 1113 2698 auctoritate
1159 2658 1218 2698 se
1269 2643 1505 2699 medium
1551 2642 1843 2708 collocatis,

260 2747 401 2785 voce
431 2746 650 2797 sonora,
673 2730 930 2801 vultuque
958 2732 1235 2802 vigorabili
1261 2730 1435 2796 valde,
1458 2731 1706 2786 ultimum
1729 2732 1848 2786 dor-

262 2819 504 2874 miturus
528 2820 581 2873 in
609 2818 837 2875 Domino
864 2835 923 2875 se
950 2820 1125 2885 dedit,
1158 2820 1502 2889 suaviterque
1533 2835 1593 2875 se
1630 2818 1845 2876 obcludi

262 2923 558 2964 marmore
563 2910 745 2981 jussit.
776 2909 855 2966 lbi
880 2911 1076 2981 quippe
1103 2910 1412 2979 aliquandiu
1437 2924 1623 2975 orans,
1648 2909 1850 2978 pretio-

1936 488 2031 544 .lns
2073 490 2162 544 ille
2207 505 2344 561 puer
2387 491 2636 547 inﬁrmus
2680 492 2735 547 in
2780 502 3055 562 stuporem
3103 510 3292 552 versus
3336 513 3522 555 vocem

1944 576 2175 632 flebilem
2203 579 2416 644 emisit,
2451 587 2507 635 et
2529 589 2751 637 cunctos
2777 584 3052 638 excitavit.
3083 585 3184 651 Qui
3209 586 3546 659 circumspi-.

1944 664 2180 730 cientes,
2230 667 2483 721 viderunt
2531 667 2836 737 lampades,
2890 686 3011 741 qua:
3063 686 3217 730 antea
3271 678 3528 732 extincta

1945 765 2131 822 erant,
2161 772 2401 829 congruo
2429 758 2653 830 fulgoris
2682 760 2882 817 lumine
2915 763 3277 833 resplendere.
3309 767 3377 822 Et
3401 782 3524 824 cum

1945 847 2322 919 cognovissent
2346 850 2665 905 miraculum
2689 852 2904 909 caelitus
2923 854 3108 910 emissi
3139 856 3374 924 luminis,
3398 875 3528 914 con-

1946 942 2172 996 stcrnati
2198 950 2398 1006 mente,
2429 943 2690 998 dederunt
2718 944 2944 1014 gloriam
2982 946 3092 1000 Deo
3119 956 3174 1002 et
3212 958 3401 1005 sancto
3431 950 3527 1004 Se-

1944 1043 2095 1083 vero.
2138 1027 2280 1084 Puer
2320 1037 2531 1094 autem,
2560 1046 2680 1085 cum
2721 1032 2776 1085 in
2817 1033 2994 1088 medio
3021 1033 3281 1089 deductus
3304 1034 3521 1100 fuisset,

1945 1119 2112 1188 cmpit
2136 1128 2312 1174 mater
2337 1118 2458 1189 ejus
2479 1120 2820 1192 interrogare
2847 1137 2995 1185 eum,
3024 1123 3229 1187 dicens,
3266 1123 3402 1191 Quid
3432 1126 3525 1179 tibi

1944 1208 2204 1279 contigit,
2241 1209 2354 1262 liii?
2391 1209 2462 1263 At
2487 1210 2579 1264 illo
2605 1225 2788 1265 coram
2817 1213 3068 1268 omnibus
3099 1213 3235 1268 dixit
3264 1233 3278 1268 :
3308 1214 3427 1270 Vidi
3458 1232 3525 1270 ex

1947 1300 2051 1355 hoc
2093 1300 2341 1370 sepulcro
2386 1300 2752 1372 egredientem
2793 1304 3058 1372 quendam
3099 1314 3378 1376 gerontam
3417 1307 3529 1375 cpi-

1946 1391 2145 1459 scopali
2184 1392 2399 1457 habitu,
2433 1392 2591 1446 niveo
2623 1392 2817 1462 capillo
2841 1393 3185 1459 decoratum,
3226 1395 3526 1465 angelicum

1946 1482 2234 1537 habentem
2259 1482 2467 1536 vultum
2485 1522 2501 1546 ,
2526 1483 2618 1553 qui
2650 1484 2826 1555 tetigit
2848 1500 2956 1550 me,
2984 1494 3040 1539 et
3060 1486 3273 1554 expavi.
3304 1486 3531 1543 inﬁrmi-

1946 1581 2030 1627 tas
2061 1586 2191 1627 vero
2218 1572 2309 1643 illa
2340 1572 2626 1629 confestim
2656 1576 2880 1630 recessit
2908 1591 2939 1629 a
2968 1591 3156 1644 puero,
3186 1586 3243 1632 et
3276 1578 3526 1632 ammodo

1948 1662 2179 1718 febrium
2224 1663 2389 1719 torris
2435 1664 2709 1719 extinctus
2754 1673 2840 1719 est
2883 1665 2937 1719 in
2982 1680 3066 1720 eo.
3116 1664 3223 1720 Sed
3268 1681 3531 1735 quorsum

1947 1752 2168 1807 isthzec?
2211 1751 2346 1818 Quia
2388 1753 2625 1808 dubitari
2670 1754 2857 1823 nequit
2902 1755 3029 1824 quia
3068 1755 3250 1811 omnia
3296 1771 3417 1824 quae
3456 1756 3532 1811 ab

1945 1840 2300 1909 omnipotenti
2325 1841 2435 1895 Deo
2459 1849 2645 1910 petere
2663 1841 2913 1907 voluerit,
2939 1844 3100 1899 dubio
3120 1843 3305 1912 procul
3325 1844 3532 1913 absque

1945 1945 2097 1985 mora
2142 1932 2512 2001 consequitur.
2559 1931 2685 1987 Haec
2726 1932 2949 1987 interim
2971 1934 3038 1988 de
3081 1942 3233 1990 tanto
3270 1935 3529 1993 Ecclesia

1943 2022 2177 2091 prmsule
2205 2022 2345 2077 dicta
2373 2022 2643 2078 sufficiant
2667 2024 2934 2095 cujus.....
2972 2026 3233 2091 historiae,
3272 2036 3331 2081 ut
3353 2027 3527 2082 credi-

1947 2126 2089 2177 mus,
2112 2112 2290 2167 nullus
2312 2112 2510 2169 sufﬁcit
2528 2114 2723 2185 stylus,
2743 2114 2955 2170 etiamsi
2982 2116 3202 2171 accedat
3224 2116 3525 2171 Tullianus.

1945 2198 2107 2265 Ecce,
2147 2201 2224 2255 uti
2259 2201 2626 2271 promisimus,
2658 2218 2920 2258 novorum
2955 2205 3241 2260 verborum
3277 2206 3531 2275 phaleras

1944 2290 2289 2355 evitavimus,
2317 2306 2645 2361 quamquam
2667 2299 2723 2346 et
2743 2291 2847 2346 alia
2869 2302 3135 2362 quatenus
3161 2303 3525 2375 suppeterent,

1945 2380 1993 2434 si
2015 2394 2122 2434 non
2145 2380 2319 2451 magis
2344 2381 2622 2436 intendere
2646 2381 2941 2451 placuisset
2961 2382 3347 2443 benevolentia:
3365 2402 3527 2456 quam

1939 2466 2234 2538 iactantiae.
2275 2469 2491 2524 Parvuli
2528 2469 2726 2540 quippe
2755 2471 2993 2541 parvulis
3027 2473 3362 2544 scripsimus,
3391 2476 3527 2547 legi-

1944 2574 2066 2615 mus
2093 2560 2239 2614 enim
2266 2560 2391 2630 quia
2422 2575 2648 2630 parvum
2685 2575 2849 2631 parva
2876 2562 3088 2618 decent.
3132 2564 3395 2619 Caeterum
3425 2566 3527 2621 do-

1944 2657 2034 2705 cet
2063 2663 2163 2705 nos
2200 2648 2490 2721 Apostolus
2532 2667 2640 2707 non
2685 2652 2793 2707 alta
2837 2668 3056 2723 sapere,
3103 2656 3195 2710 sed
3240 2655 3529 2715 humilibus

1945 2741 2254 2797 consentire
2282 2741 2508 2808 debere;
2537 2750 2593 2797 et
2619 2752 2769 2798 certe
2792 2742 2878 2797 lex
2904 2744 3156 2812 prohibet
3184 2761 3252 2800 ne
3279 2746 3401 2815 quis
3432 2761 3527 2801 co.

1943 2845 2061 2885 ram
2081 2844 2228 2887 caeco
2246 2829 2627 2886 oﬂ'endiculum
2648 2840 2834 2901 ponat.
2860 2831 2976 2888 Non
2998 2840 3083 2887 est
3099 2833 3283 2902 utique
3301 2848 3526 2904 regnum

1946 2918 2043 2974 Dei
2087 2919 2143 2972 in
2183 2932 2452 2983 sermone,
2482 2919 2583 2974 sed
2615 2919 2666 2973 in
2692 2919 2911 2974 virtute.
2946 2919 3050 2975 Sed
3076 2921 3201 2990 quia
3225 2918 3339 2988 jam
3364 2920 3527 2979 flante

263 3022 383 3064 sam
417 3008 529 3061 Deo
555 3008 790 3062 animam
817 3015 979 3077 atque
1019 3007 1072 3061 in
1108 3004 1361 3061 Ecclesia:
1398 3004 1524 3058 nido
1551 3006 1845 3074 perlectam
1888 3080 1915 3082 _
1947 3007 2188 3064 Favonio
2213 3008 2453 3063 historiae
2479 3017 2729 3079 stagnum
2756 3009 2921 3064 salvis
2946 3010 3214 3065 mercibus
3235 3020 3530 3082 utcumque

262 3095 425 3150 hctus
454 3096 707 3163 reddidit,
728 3097 913 3167 sicque
935 3097 1145 3151 sarcina
1170 3095 1352 3151 carnis
1376 3100 1588 3159 exutus,
1608 3092 1846 3148 celestis
1873 3080 1917 3141 (ἶ
1947 3097 2305 3162 enatavimus,
2336 3095 2469 3152 libet
2493 3097 2766 3167 paulisper
2807 3096 3005 3152 intueri
3044 3097 3090 3152 si
3116 3113 3224 3168 qua
3255 3098 3311 3154 in
3337 3080 3527 3154 eadem
3629 3173 3633 3177 ν

263 3185 426 3255 regni
472 3184 792 3256 Capitolium
832 3195 916 3241 est
953 3186 1221 3256 indeptus.
1263 3183 1379 3238 Tali
1418 3198 1649 3252 namque
1686 3184 1846 3240 modo

262 3275 316 3329 in
340 3289 481 3344 pace
508 3275 760 3331 Ecclesia:
781 3276 1064 3332 defunctus
1087 3284 1171 3331 est
1193 3274 1381 3344 plenus
1404 3274 1612 3329 dierum
1640 3273 1741 3330 sub
1760 3274 1848 3330 die

261 3368 638 3424 Kalendarum
660 3369 1101 3426 Februariarum.
1132 3370 1209 3424 Ex
1235 3384 1302 3425 eo
1331 3377 1572 3438 tempore
1599 3383 1769 3438 usque
1790 3369 1846 3424 in

259 3458 679 3526 praesentiarum
716 3459 839 3530 pius
872 3475 937 3515 ac
983 3461 1292 3516 misericors
1326 3460 1573 3516 Christus
1617 3460 1847 3515 Redem-

260 3559 393 3620 ptor
420 3562 606 3606 noster
627 3553 692 3606 ad
722 3554 1051 3609 ostendenda
1080 3552 1406 3608 confessoris
1443 3553 1525 3607 sui
1553 3551 1846 3621 singularia

262 3641 487 3707 merita,
525 3645 665 3712 apud
701 3645 961 3700 tumulum
997 3643 1114 3714 ejus
1150 3646 1429 3700 innumera
1461 3652 1624 3713 atque
1658 3645 1848 3699 huma-

265 3748 401 3787 num
426 3733 642 3790 modum
671 3736 982 3791 excedentia
1005 3745 1260 3807 operatur
1284 3736 1564 3802 miracula,
1586 3735 1676 3791 ubi
1703 3749 1847 3791 nunc

264 3824 504 3880 habetur
536 3826 589 3880 in
624 3827 741 3898 ejus
776 3828 1034 3885 honorem
1067 3829 1317 3892 basilica,
1359 3843 1665 3884 marmoreo
1690 3828 1846 3883 tabu-

262 3912 381 3968 latn
413 3915 664 3971 decenter
691 3927 881 3971 ornata
910 3919 964 3973 in
991 3918 1213 3973 civitate
1240 3933 1359 3987 qua:
1382 3917 1582 3973 dudum
1609 3918 1844 3972 vocaba-

263 4015 357 4061 tur
387 4005 606 4073 Classis,
632 4009 774 4063 haud
803 4009 957 4080 longe
985 4025 1015 4064 a
1040 4009 1277 4079 regione,
1314 4024 1436 4078 qua:
1462 4008 1660 4063 dicitur
1684 4007 1842 4063 Salu-

264 4097 428 4159 taris,
458 4113 629 4167 usque
656 4099 710 4153 in
737 4114 990 4169 praesens.
1022 4098 1098 4154 De
1136 4097 1433 4153 innumeris
1466 4105 1647 4153 autem
1676 4097 1842 4153 bene-

267 4186 519 4241 liciorum
555 4186 723 4259 signis
755 4205 875 4259 quae
913 4189 1055 4245 Deus
1081 4189 1421 4259 omnipotens
1456 4204 1557 4258 per
1590 4188 1844 4244 dilectum

265 4290 429 4335 suum
467 4280 686 4335 beatum
714 4280 973 4337 Severum
996 4297 1123 4354 erga
1167 4281 1413 4338 inﬁrmos
1450 4281 1731 4352 propalare
1759 4280 1844 4336 di-

1946 3188 2174 3244 historia
2219 3188 2376 3258 quasi
2420 3189 2475 3243 in
2521 3190 2728 3244 concha
2777 3187 2943 3245 lateat
2983 3189 3219 3259 pretiosa
3259 3189 3529 3261 allegoan

1945 3278 2263 3349 margarita.
2315 3277 2402 3333 An
2450 3278 2751 3348 putandum
2798 3286 2885 3333 est
2926 3278 3231 3334 columbam
3275 3277 3430 3335 facile
3471 3288 3531 3336 et.

1943 3371 2153 3440 absque
2176 3384 2372 3441 magna
2406 3371 2730 3426 auctoritate
2754 3370 2822 3426 de
2843 3385 3042 3441 supero
3066 3371 3287 3426 cardine
3314 3372 3382 3426 ad
3426 3380 3528 3427 ter-

1945 3476 2062 3516 ram
2088 3476 2260 3530 usque
2285 3460 2594 3530 delapsam?
2628 3460 2745 3516 Non
2775 3460 2978 3531 utique.
3016 3460 3292 3531 Nusquam
3331 3461 3529 3533 legitur

1943 3549 2205 3605 columbae
2230 3549 2512 3613 adventus,
2538 3548 2645 3603 nisi
2667 3549 2739 3603 ob
2766 3549 3201 3605 testiﬁcationem
3226 3551 3537 3621 praesentia,

1946 3639 2118 3694 sancti
2143 3637 2398 3707 Spiritus.
2444 3637 2633 3692 Nullus
2656 3637 2855 3708 quippe
2897 3638 3169 3693 haereticis
3206 3638 3528 3709 relinquitur

1944 3727 2095 3784 locus
2134 3726 2556 3798 objurgationis,
2589 3743 2711 3796 qua:
2737 3736 2984 3782 sanctum
3023 3727 3235 3782 Domini
3266 3727 3534 3789 Severum

1945 3820 2013 3875 ad
2039 3819 2294 3875 Ecclesia:
2331 3818 2565 3874 dedecus
2606 3826 2800 3888 putant
2836 3833 2957 3873 esse
2986 3817 3234 3888 conjugio
3275 3816 3527 3888 ligatum,

1943 3910 2143 3979 quique
2168 3923 2280 3964 suae
2307 3908 2635 3964 caenositatis
2663 3906 2885 3963 faecibus
2909 3906 3168 3973 obvoluti,
3192 3907 3525 3978 ignarLsunt

1942 3999 2267 4056 omnimodis
2293 3998 2481 4069 gratiae
2523 3998 2582 4053 S.
2615 3997 2869 4068 Spiritus.
2901 3996 2959 4053 Si
2987 3998 3108 4067 quis
3147 3998 3312 4069 igitur
3349 3996 3547 4062 mellis;

1944 4100 2159 4163 gustum
2202 4104 2477 4160 nunquam
2523 4089 2793 4161 probavit,
2833 4088 2984 4160 cujus
3030 4091 3240 4163 saporis
3289 4091 3379 4157 sit,
3412 4105 3532 4151 non.-

1942 4192 2029 4241 est
2057 4183 2253 4239 mirum
2308 4182 2354 4238 si
2380 4182 2590 4247 nescit;
2637 4189 2695 4237 at
2721 4188 2912 4237 contra
2960 4181 3053 4250 qui
3110 4181 3224 4238 solo
3251 4181 3525 4238 absinthio

1944 4277 2158 4333 caeteris
2194 4274 2457 4342 neglectis
2481 4273 2666 4329 herbis
2690 4273 2839 4328 omni
2875 4280 3116 4342 tempore
3152 4280 3396 4336 utuntur,
3434 4271 3521 4327 his

266 4374 467 4437 gnatus
501 4375 621 4433 est,
664 4383 865 4435 unum,
907 4370 1049 4439 quod
1095 4369 1297 4425 nostris
1345 4369 1549 4424 solibus
1591 4368 1841 4434 emicuit,
1870 4405 1922 4465 Β
1947 4364 2201 4419 nimirum
2228 4362 2385 4418 dulce
2434 4377 2679 4418 amarum
2704 4362 2940 4426 videtur,
2963 4368 3020 4416 et
3066 4370 3291 4417 cazteras
3324 4361 3525 4423 herbas

264 4456 414 4512 ﬁdeli
438 4459 688 4514 cautione
706 4460 1090 4530 depromimus,
1110 4466 1376 4529 quatenus
1399 4474 1498 4528 per
1522 4458 1626 4515 hoc
1649 4467 1844 4516 caetera
1870 4454 1916 4465 ”
1948 4454 2191 4524 ejusdem
2228 4462 2422 4524 putant
2466 4470 2585 4510 esse
2612 4454 3009 4519 amaritudinis,
3038 4463 3260 4526 propter
3296 4455 3519 4525 inexpe-

268 4548 731 4613 commendentur,
759 4564 879 4619 qua:
903 4556 1101 4605 nostrai
1128 4548 1407 4620 pusillitati
1436 4548 1616 4618 ignota
1644 4548 1844 4603 haben-

265 4645 381 4692 tur.
410 4636 598 4694 Mulier
615 4640 860 4708 quaedam
888 4638 1190 4702 Ravennas,
1219 4638 1374 4710 cujus
1396 4653 1495 4693 nos
1523 4637 1840 4695 vocabulum

268 4714 436 4795 fugit,
480 4727 760 4796 parvulum
800 4728 1005 4783 habens
1048 4727 1215 4783 ﬁlium
1257 4727 1570 4798 quotidiano
1612 4726 1842 4783 febrium

268 4821 399 4886 typo
436 4817 560 4887 plus
595 4832 750 4888 aequo
789 4817 1155 4883 laborantem,
1188 4834 1351 4889 quem
1386 4817 1624 4874 decrevit
1660 4820 1730 4874 ob
1760 4819 1843 4872 ni-

269 4909 551 4961 mietatem
570 4908 812 4963 continui
832 4908 1053 4973 doloris,
1075 4909 1234 4964 citius
1254 4908 1636 4978 recuperanda:
1655 4907 1845 4963 salutis

268 4997 444 5067 gratia
479 4997 592 5054 Deo
620 4998 952 5055 oﬂ‘erendum
979 4999 1117 5069 apud
1143 4999 1446 5069 sepulcrum
1480 4998 1621 5053 beati
1655 4998 1843 5054 Severi

268 5088 656 5160 archiepiscopi
680 5099 735 5145 et
758 5088 1102 5146 confessoris.
1133 5088 1250 5155 Quo
1275 5087 1403 5142 dum
1428 5088 1724 5143 amicorum
1749 5089 1844 5144 ad-

269 5178 531 5234 miniculo
567 5181 820 5235 comitata
856 5180 1193 5251 pervenisset
1220 5192 1343 5233 eum
1375 5178 1501 5240 lilio,
1536 5186 1844 5246 prostrave-

271 5278 356 5322 rat
378 5283 441 5323 se
469 5269 779 5339 suppliciter
806 5268 938 5333 Deo,
969 5275 1264 5336 sanctoque
1286 5281 1386 5322 suo
1420 5265 1640 5331 Severo,
1670 5274 1839 5322 atten-

271 5359 381 5411 tius
412 5372 513 5426 pro
551 5357 723 5413 salute
760 5358 968 5428 parvuli
1007 5364 1247 5412 orantes.
1289 5355 1530 5425 Cumque
1569 5369 1664 5425 spe
1697 5356 1840 5412 bona

275 5444 482 5501 incitati
511 5454 828 5517 pernoctare
864 5449 917 5503 in
952 5448 1179 5504 ecclesia
1212 5446 1604 5514 deliberarent,
1644 5449 1839 5520 partim

273 5536 583 5604 prolixitale
615 5538 811 5603 noctis,
846 5539 1042 5608 partim
1079 5538 1382 5593 constantia
1416 5538 1696 5604 orationis,
1725 5554 1840 5594 om-

276 5640 374 5684 nes
410 5627 725 5687 lassitudine
757 5630 884 5687 victi
920 5630 1343 5692 obdorniierunt.
1382 5629 1705 5701 intempesta
1746 5646 1840 5686 au-

1949 4546 2200 4601 rientiam
2229 4543 2467 4613 ejusdem
2492 4545 2720 4615 saporis.
2776 4546 2854 4601 De
2886 4530 3085 4601 talibus
3109 4560 3342 4616 namque
3384 4545 3521 4603 scri-

1947 4646 2096 4708 ptum
2120 4644 2240 4692 est:
2281 4634 2371 4691 Va:
2397 4637 2479 4690 his
2511 4637 2601 4707 qui
2637 4637 2818 4691 dirum
2856 4636 3048 4691 bouum
3083 4635 3281 4690 malum
3321 4646 3372 4691 et
3403 4653 3523 4692 me.

1944 4727 2055 4782 lum
2080 4729 2290 4784 bonum.
2319 4727 2378 4783 Si
2404 4728 2494 4783 cui
2514 4743 2644 4799 ergo
2679 4726 2877 4783 malum
2913 4727 3112 4797 aliquid
3138 4742 3258 4783 esse
3285 4728 3531 4795 videtur,

1949 4817 2062 4889 ipse
2083 4819 2185 4874 sibi
2211 4820 2366 4874 testis
2391 4827 2495 4884 est,
2517 4818 2644 4888 quia
2667 4817 2842 4873 malus
2864 4826 2970 4883 est,
3004 4825 3061 4872 et
3087 4820 3230 4887 quod
3256 4818 3372 4888 ipse
3389 4817 3532 4874 effe-.

1943 4916 2065 4962 ctus
2093 4917 2178 4964 est
2223 4924 2321 4980 per
2368 4909 2711 4977 privantiam,
2740 4922 2931 4962 omnes
2977 4906 3345 4961 indifferenter
3368 4913 3526 4977 putat

1945 4998 2147 5053 habere
2180 5012 2277 5070 per
2302 5006 2550 5052 naturam
2578 5012 2594 5060 ;
2626 4995 2718 5066 qui
2761 5004 2942 5051 autem
2973 4996 3155 5050 omnia
3201 4995 3522 5064 simpliciter

1942 5088 2200 5155 intuetur,
2223 5097 2280 5144 et
2304 5087 2628 5156 incorruptis
2667 5085 2839 5142 oculis
2863 5099 3074 5141 omnem
3097 5093 3398 5139 creaturam
3420 5083 3523 5141 Dei.

1941 5176 2136 5232 bonam
2163 5191 2284 5233 esse
2308 5176 2505 5241 credit,
2551 5176 2665 5245 ipse
2708 5176 2810 5234 sibi
2859 5176 3009 5232 testis
3047 5182 3134 5231 est
3172 5174 3298 5244 quia
3345 5175 3524 5231 bonus

1939 5277 2043 5323 est.
2074 5268 2254 5324 Bonus
2293 5283 2424 5337 ergo
2452 5267 2685 5335 gaudeat
2711 5282 2770 5323 se
2799 5283 2829 5321 a
2877 5267 2987 5321 Deo
3028 5275 3293 5331 creatum,
3340 5265 3527 5322 malus

1942 5374 2071 5412 vero
2109 5358 2332 5431 sciatse
2376 5357 2492 5413 sine
2534 5357 2793 5413 Creatore
2828 5371 2966 5421 esse,
3009 5364 3067 5411 et
3115 5356 3185 5410 ob
3218 5357 3321 5412 hoc
3359 5356 3514 5413 nihil.

1943 5447 2087 5502 Nihil
2131 5447 2297 5513 enim,
2343 5456 2566 5517 excepto
2615 5446 2861 5511 Domino,
2912 5460 3017 5503 non
3057 5456 3299 5501 creatum
3318 5453 3421 5508 est.
3454 5443 3519 5503 Si

1940 5556 2072 5611 ergo
2116 5539 2290 5600 malus
2323 5538 2524 5607 aliquid
2567 5546 2729 5603 esset,
2776 5537 2926 5607 quid,
2981 5551 3129 5607 rogo,
3161 5536 3265 5591 nisi
3312 5536 3514 5593 bonum

1941 5632 2127 5689 esset?
2154 5631 2223 5688 Et
2264 5630 2386 5687 vidit
2424 5631 2580 5698 Deus,
2613 5630 2788 5703 inquit
2829 5628 3127 5707 Scriptura,
3171 5639 3358 5685 cuncta
3396 5645 3515 5701 qua:
