3906 6182
431 309 533 363 739

1417 302 1508 356 AD
1546 297 1844 355 AGNELLI
1880 289 2332 352 PONTIFICALE
2368 284 2734 341 APPENDIX.

3581 282 3683 339 760

430 429 571 490 fecit,
600 434 645 478 et
672 430 816 476 erant
845 433 948 473 non
975 418 1147 474 solum
1179 417 1343 480 bona,
1373 414 1468 470 sed
1487 414 1651 469 etiam
1679 412 1829 466 ualde
1847 412 1999 465 bona.
2033 416 2082 472 Α
2107 406 2276 478 gistro
2297 404 2456 460 Petro
2480 401 2797 471 simpliciter
2824 396 3206 459 circumduxit,
3235 395 3401 448 ﬁliam
3432 394 3688 464 virginem

429 520 569 572 liinc
597 511 819 568 delinire
849 511 974 563 licet
1001 523 1064 563 ea
1110 522 1229 576 quae
1279 513 1426 570 sunt,
1478 503 1619 558 bona
1645 515 1785 565 esse,
1835 514 2008 568 neque

428 606 648 663 omnino
676 615 798 656 esse
834 600 880 654 si
924 600 1062 653 bona
1110 613 1217 652 non
1255 603 1399 650 sunt.
1441 593 1631 648 Omnia
1660 591 1830 662 igitur
1847 591 2008 652 bona,

428 712 535 752 non
566 695 726 746 etiam
765 688 932 758 justa.
962 690 1158 742 Beatus
1200 688 1380 755 itaque
1431 683 1664 738 Severus
1691 678 2011 736 columbinis

427 784 599 839 oculis
620 798 693 836 ozr
713 781 801 835 nia
825 794 988 850 opera
1012 777 1220 831 Domini
1245 774 1500 844 inspexit,
1523 771 1832 841 eonjugium
1855 767 2011 822 valde

427 891 544 930 esse
571 875 790 935 bonum,
821 871 863 924 si
889 871 1008 939 quis
1029 884 1092 922 eo
1116 867 1351 938 legitime
1377 873 1578 928 utatur,
1599 862 1725 931 quia
1746 861 1791 915 si
1812 859 2012 921 bonum

427 979 534 1017 nou
564 969 728 1025 esset,
779 974 1116 1028 nequaquam
1161 957 1355 1010 mulier
1391 952 1725 1024 protoplasto
1774 950 1827 1002 in
1860 946 2011 1014 adjuv

427 1054 628 1107 torium
651 1057 832 1105 creata
863 1050 1024 1102 etiam
1053 1048 1325 1114 etiamque
1357 1043 1570 1097 fuisset.
1598 1039 1794 1096 Oculos
1816 1039 2013 1108 quippe

428 1143 690 1198 columbae
710 1140 900 1194 habuit
929 1139 1072 1192 ﬁlius
1101 1137 1381 1198 columbas,
1413 1150 1510 1205 per
1549 1147 1710 1203 quam
1742 1128 2014 1200 signiﬁca—

427 1245 516 1289 tur
544 1233 778 1303 Spiritus
803 1241 1020 1288 sanctus
1047 1247 1061 1295 ;
1103 1244 1208 1283 non
1240 1229 1382 1298 quod
1413 1226 1604 1294 aliquis
1638 1223 1871 1278 ﬁdelium
1891 1219 2014 1288 jure

427 1325 532 1380 dici
558 1331 720 1393 queat
747 1323 886 1376 ﬁlius
915 1321 1149 1391 Spiritus
1188 1319 1383 1383 sancti,
1413 1317 1506 1371 sed
1534 1314 1691 1384 plane
1719 1314 1812 1366 Dei
1837 1312 2016 1366 Patris

425 1423 481 1470 et
529 1414 720 1469 matris
767 1413 1020 1467 Ecclesizc
1071 1426 1167 1481 per
1194 1407 1498 1478 adoptionis
1551 1405 1801 1474 gratiam.
1863 1402 2014 1457 Unde

429 1504 673 1574 Sponsus
714 1505 768 1557 in
798 1503 1026 1557 canticis
1055 1499 1322 1570 Sponsam
1370 1497 1679 1566 alloquitur,
1713 1492 1866 1549 Oculi
1913 1493 2010 1556 tui,

429 1596 700 1663 inquiens,
758 1591 1138 1645 columbarum.
1203 1589 1312 1643 llos
1364 1587 1579 1656 quidem
1617 1585 1802 1640 oculos
1853 1578 2013 1651 primi

428 1693 687 1755 parentes
714 1684 886 1738 nostri
916 1682 1283 1752 perdiderunt,
1330 1677 1544 1746 quando
1585 1676 1835 1744 exigente
1877 1686 2016 1740 prae-

2113 497 2373 560 nutrivit;
2399 495 2544 549 nullo
2568 493 2730 547 modo
2761 500 2940 545 tamen
2965 503 3137 543 uxore
3171 487 3398 558 posthac
3428 501 3562 540 usus
3589 497 3687 550 est,

2113 589 2238 659 quia
2264 586 2517 642 Ecclesia:
2559 582 2758 638 Christi
2788 588 2972 651 pastor
3000 588 3057 634 et
3097 578 3335 633 vicarius
3369 575 3690 631 constitutus

2111 686 2213 734 est.
2239 677 2514 731 Rccedant
2553 675 2764 728 eminus
2791 671 3053 726 malorum
3094 670 3424 733 inventores,
3457 667 3551 736 qui
3588 683 3691 722 non

2112 773 2419 842 intelligunt
2443 784 2619 837 neque
2668 782 2787 836 qua:
2837 765 3151 834 loquuntur,
3204 775 3382 831 neque
3409 761 3478 815 de
3502 760 3695 828 quibus

2112 859 2401 914 afﬁrmant.
2445 857 2597 925 Quod
2621 863 2800 910 autem
2832 855 2908 907 vir
2930 861 3149 907 sanctus
3176 851 3242 906 de
3274 843 3496 905 laniﬁcii
3535 863 3696 917 opere

2112 955 2314 1008 victum
2365 951 2466 1005 sibi
2513 948 2880 1019 quotidianum
2925 942 3266 1014 quaeritabat,
3296 940 3695 1010 simplicitatem

2113 1047 2229 1113 ejus
2257 1051 2499 1097 sanctam
2527 1038 2894 1102 commendat,
2937 1035 3062 1104 quia
3089 1033 3344 1087 nimirum
3383 1031 3609 1085 decebat
3642 1037 3700 1083 ut

2113 1133 2232 1186 ovis
2250 1130 2460 1185 Domini
2490 1128 2743 1191 rationis,
2771 1141 2891 1194 quae
2921 1124 3061 1178 illius
3095 1121 3231 1190 Agni
3273 1120 3364 1189 qui
3395 1118 3533 1172 tollit
3571 1133 3700 1187 pec-

2114 1232 2232 1278 cata
2283 1220 2468 1274 mundi
2527 1225 2647 1272 erat
2700 1216 2896 1271 vellere
2942 1213 3266 1275 encazniata,
3322 1224 3429 1264 non
3481 1208 3702 1262 aliunde

2113 1326 2275 1382 quam
2324 1309 2390 1364 de
2436 1309 2638 1371 ovium,
2689 1307 3016 1360 mundorum
3067 1301 3316 1356 videlicet
3358 1297 3698 1361 animalium,

2115 1401 2348 1472 tegmine
2398 1413 2549 1453 suam
2599 1408 2926 1462 suorumque
2967 1397 3298 1447 sustentaret
3343 1388 3527 1441 vitam.
3570 1385 3702 1438 Erat

2113 1495 2309 1565 quippe
2331 1505 2437 1545 una
2472 1505 2537 1545 ex
2567 1489 2673 1552 his,
2703 1501 2803 1541 nec
2832 1483 3260 1554 qualiscumque,
3300 1493 3435 1549 quas
3456 1491 3627 1532 verus
3649 1483 3706 1530 et

2113 1593 2347 1638 aeternus
2366 1587 2552 1650 pastor
2571 1577 2820 1634 Christus
2838 1574 2924 1630 bis
2948 1571 3132 1627 verbis
3157 1569 3211 1624 iu
3235 1567 3526 1635 Evangelio
3546 1580 3700 1619 eom-

2114 1671 2394 1734 mendans,
2428 1668 2544 1722 ait:
2607 1664 2738 1720 Oves
2785 1679 2912 1718 mea:
2959 1677 3131 1715 vocem
3161 1673 3328 1712 meam
3378 1654 3626 1716 audiunt,
3656 1663 3706 1706 et

428 1776 761 1830 varicatione
791 1790 820 1828 a
848 1774 957 1828 Deo
1000 1781 1124 1827 sunt
1157 1745 1420 1834 derelicti,
1449 1777 1503 1824 et
1543 1770 1716 1837 aperti
1744 1774 1870 1820 sunt
1901 1779 2014 1821 am-
2040 1757 2088 1815 B
2115 1778 2206 1831 ego
2228 1774 2479 1830 cognosco
2505 1773 2614 1822 eas,
2642 1765 2691 1810 et
2723 1761 3015 1824 sequuntur
3043 1765 3146 1814 me,
3165 1756 3213 1803 et
3241 1762 3336 1817 ego
3365 1745 3527 1799 vitam
3552 1753 3706 1798 mter-

428 1866 621 1920 borum
661 1863 823 1919 oculi.
868 1863 1160 1930 Postquam
1205 1867 1385 1914 autem
1430 1858 1615 1913 oculos
1643 1854 2011 1911 columbarum

429 1953 802 2022 perdiderunt,
831 1949 977 2019 justo
1008 1949 1104 2004 Dei
1154 1948 1358 2018 judicio
1399 1946 1686 2002 confestim
1721 1959 1779 2000 se
1824 1943 2012 1998 erube-

430 2050 610 2106 scunt,
638 2042 762 2111 quia
791 2042 901 2110 jam
930 2057 1078 2096 mors
1118 2041 1342 2096 intravit
1365 2055 1464 2109 per
1493 2039 1788 2094 fenestram
1818 2050 2012 2091 carna-

429 2132 562 2187 lium
591 2133 893 2187 oculorum.
921 2131 1082 2187 Verbi
1108 2133 1302 2203 gratia,
1331 2130 1570 2201 quandiu
1597 2145 1732 2199 puer
1755 2144 1863 2184 non
1883 2143 2013 2183 con-

429 2222 668 2276 tristavit
703 2220 964 2291 Spiritum
1015 2229 1279 2284 sanctum,
1312 2221 1576 2276 columba:
1603 2220 1789 2276 oculos
1813 2217 2015 2274 habere

429 2311 747 2380 perhibetur
779 2351 793 2375 ,
872 2311 998 2380 quia
1070 2312 1251 2366 omnia
1324 2326 1444 2380 quae
1510 2311 1566 2365 in
1627 2310 1827 2365 mundo
1895 2324 2016 2362 ver-

431 2411 657 2467 santur,
712 2402 1031 2472 simpliciter
1087 2403 1376 2466 intuetur;
1420 2417 1528 2456 non
1580 2402 1724 2455 enim
1775 2399 2016 2455 membra

433 2507 528 2545 sua
575 2492 868 2556 erubescit,
918 2492 1119 2546 nemini
1168 2491 1444 2555 irascitur,
1495 2490 1624 2544 nulli
1677 2489 2018 2548 machinatur

433 2580 604 2646 dolos,
649 2581 728 2634 nil
773 2581 1099 2650 impudicum
1145 2580 1366 2649 cogitat,
1404 2578 1548 2632 nulla
1579 2577 1783 2641 illicita
1821 2592 2019 2632 concu-

430 2675 612 2745 piscit,
638 2674 763 2743 quia
786 2673 1116 2728 inbabitator
1139 2672 1509 2743 Spiritus,.qui
1536 2671 1682 2726 illum
1704 2671 2018 2739 incorrupta

432 2772 617 2818 mente
645 2764 902 2829 custodit,
934 2763 1068 2818 nihil
1109 2765 1302 2818 borum
1354 2763 1521 2818 novit.
1578 2761 1636 2817 Si
1693 2769 1873 2816 autem
1923 2773 2019 2830 per

433 2856 666 2910 divortia
703 2855 954 2909 vitiorum
1008 2854 1075 2908 ad
1123 2853 1613 2924 concupiscentiam
1665 2852 1847 2909 carnis
1898 2852 2022 2906 vita:

431 2946 556 3000 exul
578 2945 897 3015 prolabitur,
938 2945 1062 3016 jure
1081 2944 1196 3014 jam
1245 2945 1537 3010 erubescit,
1579 2945 1704 3014 quia
1743 2942 2021 3012 impletum

432 3044 516 3091 est
544 3036 599 3089 in
626 3036 717 3090 illo
740 3037 881 3105 quod
910 3035 1194 3090 Psalmista
1233 3036 1309 3090 ait
1333 3055 1347 3089 :
1380 3035 1553 3088 Homo
1583 3052 1703 3089 cum
1748 3035 1802 3088 in
1828 3034 2021 3087 honore

2113 1869 2233 1906 nam
2267 1851 2334 1904 do
2361 1851 2478 1914 eis;
2519 1856 2575 1904 et
2623 1848 2856 1901 iterum:
2913 1842 3059 1897 Alias
3097 1855 3210 1895 oves
3237 1837 3418 1899 habeo,
3456 1850 3574 1906 qua:
3601 1849 3705 1886 non

2110 1953 2230 1998 sunt
2256 1957 2321 1996 ea:
2347 1941 2444 1994 hoc
2466 1937 2612 2002 ovili,
2642 1945 2688 1990 et
2724 1934 2842 1987 illas
2873 1939 3070 2002 oportet
3099 1944 3180 1982 me
3217 1925 3500 1987 adducere,
3541 1931 3589 1976 et
3621 1936 3706 1974 ro-

2111 2049 2220 2088 cem
2245 2045 2414 2085 vneam
2443 2027 2679 2082 audient.
2711 2025 2808 2079 Est
2831 2022 3047 2092 quippe,
3079 2025 3138 2071 ut
3160 2014 3351 2079 fertur,
3382 2013 3501 2067 ovis
3542 2018 3703 2064 natu-

2112 2123 2298 2178 raliter
2324 2135 2435 2190 prae
2455 2117 2707 2174 omnibus
2735 2112 2937 2169 animal
2983 2107 3415 2170 mundissimum,
3444 2112 3501 2159 et
3541 2116 3703 2156 man-

2113 2221 2343 2274 suetum,
2372 2224 2474 2265 nec
2501 2224 2610 2263 non
2657 2213 2715 2261 et
2757 2196 3090 2272 simplicitati
3137 2197 3400 2252 deditum.
3452 2193 3513 2248 Si
3560 2193 3704 2247 enim

2115 2304 2294 2372 aliqua
2333 2309 2419 2356 est
2446 2295 2730 2354 rationalis
2761 2303 2818 2349 et
2843 2289 3184 2348 inrationalis
3206 2284 3568 2356 signiﬁcativa
3596 2281 3706 2338 col-

2115 2371 2265 2455 latio,
2294 2405 2414 2461 quae
2438 2403 2535 2459 per
2561 2385 2814 2442 accidens
2862 2382 2942 2446 ﬁt,
2989 2381 3113 2451 jure
3156 2378 3210 2432 in
3265 2375 3464 2430 talibus
3507 2371 3704 2428 similia

2117 2481 2383 2539 similibus
2419 2489 2813 2547 comparamus.
2866 2472 2983 2526 Non
3023 2469 3170 2524 enim
3197 2467 3282 2520 vir
3335 2471 3519 2519 tantus
3544 2461 3704 2516 talem

2116 2577 2283 2630 vitam
2312 2587 2442 2628 casu
2467 2569 2687 2625 fortuito
2711 2566 2896 2622 sortiri
2925 2561 3250 2620 credendum
3279 2567 3384 2623 est,
3414 2557 3511 2612 sed
3540 2554 3704 2610 futuri

2117 2666 2236 2736 ejus
2261 2662 2420 2720 oﬁicii
2447 2661 2582 2718 certi
2609 2659 2822 2714 videtur
2867 2671 2990 2712 esse
3038 2669 3204 2711 causa
3248 2651 3457 2716 indicii,
3506 2650 3704 2720 quippe

2118 2757 2206 2811 cui
2258 2751 2554 2825 deleganda
2591 2758 2709 2806 erat
2764 2763 2895 2804 cura
2942 2743 3253 2816 pastoralis,
3297 2757 3404 2812 qua
3449 2750 3505 2796 et
3540 2753 3706 2810 agnos

2118 2862 2243 2902 eum
2283 2846 2444 2900 Petro
2469 2857 2695 2914 pascere
2719 2838 3028 2911 evangelica
3058 2834 3364 2892 ohedientia
3389 2833 3629 2897 deberet,
3653 2838 3707 2885 et

2119 2958 2266 2999 oves.
2301 2941 2392 2997 Sic
2421 2949 2476 2996 et
2511 2940 2566 2994 in
2620 2936 2983 3008 apostolorum
3031 2931 3259 2987 Actibus
3301 2928 3533 2998 legimus
3565 2924 3706 2995 quod

2123 3035 2290 3089 totius
2317 3030 2571 3086 Ecclesia
2599 3028 2860 3098 magister
2887 3023 3085 3079 Paulus
3123 3021 3190 3076 de
3233 3019 3416 3074 labore
3446 3029 3705 3074 mnuum

433 3135 583 3190 esset,
617 3143 720 3179 non
749 3125 1023 3192 intellexit,
1053 3136 1384 3196 comparatus
1404 3135 1479 3181 est
1495 3127 1745 3195 jumentis
1773 3125 2019 3194 insipien-
2047 3099 2092 3160 ί)
2125 3139 2342 3181 suarum
2372 3122 2591 3186 vixerit,
2639 3128 2702 3175 ut
2748 3116 2877 3173 nulli
2926 3115 3235 3170 auditorum
3283 3124 3505 3166 suorum
3554 3107 3708 3162 oneri

432 3215 590 3279 tibus,
629 3225 676 3268 et
703 3214 889 3268 similis
919 3215 1088 3284 factus
1131 3225 1204 3269 est
1248 3216 1372 3270 illis.
1422 3215 1658 3286 Spiritus
1691 3215 1835 3270 enim
1879 3214 2012 3268 ado-

435 3303 660 3372 ptionis,
683 3317 845 3371 quem
871 3302 1060 3357 beatus
1111 3302 1345 3359 Severus
1374 3304 1428 3358 in
1477 3319 1629 3359 sacra
1681 3303 2018 3358 renascentia

437 3394 696 3462 suscepit,
723 3393 874 3461 quasi
901 3393 1148 3453 columba
1177 3395 1229 3448 in
1257 3409 1486 3449 caverna
1516 3395 1782 3459 macerite,
1812 3395 1890 3448 sic
1911 3394 2021 3447 vir-

437 3493 612 3537 t-utum
639 3483 811 3552 pullos
838 3483 891 3536 in
917 3483 1094 3538 cordis
1118 3483 1234 3552 ejus
1262 3483 1445 3539 nidulo
1471 3484 1714 3547 nutrivit,
1740 3497 1838 3537 nec
1859 3483 1926 3536 ab
1953 3496 2020 3536 eo

436 3575 682 3637 recessit,
715 3573 883 3627 donec
906 3573 960 3626 in
989 3573 1251 3628 electione
1278 3573 1568 3642 pontiﬁcis,
1593 3573 1847 3641 quoniam
1875 3587 2022 3625 man-

435 3666 642 3725 sitaret,
695 3661 1000 3716 hominibus
1030 3662 1404 3717 innotesceret.
1466 3662 1605 3716 Ecce
1651 3661 1882 3730 qualiter
1924 3661 2021 3715 ho—

428 3744 611 3804 ‘mines
637 3749 916 3804 christiani
945 3750 1110 3802 vitam
1161 3757 1491 3819 postpouunt
1538 3748 1834 3812 caelestem,
1874 3757 2022 3818 post-

437 3858 599 3910 quam
627 3843 693 3896 ab
717 3841 828 3896 alto
857 3841 1173 3895 innocentiae
1194 3841 1443 3902 culmine,
1469 3849 1719 3911 corrupta
1748 3840 2022 3895 conscien-

435 3936 537 3999 tia,
568 3935 810 3990 incidunt
841 3935 893 3987 in
923 3942 1234 3988 terrestrem
1263 3942 1318 3987 et
1345 3932 1639 4000 pecualem.
1665 3931 1864 3986 Habuit
1891 3945 2021 4002 ergo

427 4028 521 4084 'vir
548 4027 771 4097 simplex
812 4034 866 4082 et
894 4036 1072 4081 rectus
1099 4027 1290 4080 beatus
1325 4024 1559 4079 Severus
1589 4023 1887 4094 coniugem,
1921 4023 2018 4077 ha-

437 4117 557 4172 buit
593 4127 649 4170 et
669 4116 855 4181 ﬁliam,
895 4117 988 4171 sed
1018 4125 1141 4170 ante
1182 4115 1570 4185 episcopatum.
1603 4114 1870 4184 Numquid
1893 4130 2018 4168 nam

440 4221 726 4280 propterea
753 4210 1058 4279 episcopatu
1090 4208 1342 4277 indignus
1386 4208 1589 4272 extitit,
1637 4207 1759 4276 quia
1790 4221 2021 4260 uxorcu-

440 4301 548 4353 iam
571 4299 798 4353 habuit?
826 4297 998 4352 Absit.
1042 4296 1331 4366 Numquid,
1353 4307 1414 4352 ut
1456 4311 1616 4364 supra
1647 4295 1914 4350 cervicem
1943 4294 2020 4348 lo-

441 4406 690 4458 quamur,
737 4391 930 4444 beatus
981 4387 1346 4456 apostolorum
1396 4388 1648 4456 princeps
1700 4386 1856 4456 legali
1897 4385 2018 4454 jure

2122 3222 2284 3269 esset.
2335 3213 2466 3266 Erat
2508 3219 2686 3266 autem
2739 3205 3159 3264 sceenofactoria:
3223 3201 3396 3256 arlis.‘
3430 3197 3703 3267 Numquid

2121 3317 2248 3356 nam
2276 3301 2479 3356 Paulus
2503 3300 2720 3355 aliunde
2741 3299 2989 3353 victitare
3017 3311 3124 3350 non
3151 3299 3377 3364 poterat,
3409 3289 3504 3360 qui
3535 3287 3705 3344 omni-

2119 3394 2222 3448 bus
2245 3393 2452 3447 artibus
2479 3391 2672 3461 plenus
2704 3389 2864 3444 erat?
2902 3387 3122 3441 Poterat
3155 3384 3380 3452 utique;
3432 3378 3531 3435 sed
3573 3376 3705 3434 certi

2120 3498 2282 3539 causa
2303 3481 2547 3552 mysterii
2581 3479 2854 3535 credimus
2881 3475 3117 3538 actitari,
3142 3482 3203 3527 ut
3228 3471 3356 3540 quia
3385 3468 3706 3540 praedicator

2119 3576 2367 3645 egregius
2413 3573 2600 3628 omnia
2645 3585 2764 3641 quae
2793 3569 3040 3623 ﬁdelibus
3091 3564 3424 3634 przcdicavit,
3473 3574 3546 3616 ne
3596 3560 3706 3629 ipse

2119 3668 2383 3738 reprobus
2409 3664 2728 3726 eﬁiceretur,
2763 3660 3017 3732 operibus
3062 3654 3485 3718 commendavit,
3538 3652 3704 3707 modis

2120 3757 2370 3813 omnibus
2398 3755 2704 3824 oportebat,
2738 3760 2798 3805 ut
2825 3760 2880 3805 et
2908 3763 3164 3805 manuum
3189 3744 3307 3814 ejus
3339 3744 3558 3798 labores
3585 3743 3704 3795 vine

2120 3857 2176 3903 et
2225 3845 2595 3917 praedicationi
2645 3842 2762 3912 ejus
2804 3841 3172 3896 testimonium
3227 3838 3455 3900 darent;
3495 3844 3553 3890 et
3584 3834 3703 3905 quia

2119 3953 2256 4008 opus
2295 3938 2471 4007 ipsum
2515 3935 2658 3990 unde
2701 3933 2919 3986 vivebat
2964 3926 3450 3998 commigrantibus
3471 3932 3529 3979 et
3551 3937 3703 3994 pere-

2120 4027 2458 4096 grinantibus
2508 4022 2872 4079 necessarium
2918 4027 3057 4084 erat,
3107 4020 3230 4078 hoc,
3259 4017 3404 4086 quod
3440 4015 3556 4084 ipse
3583 4028 3706 4069 cou-

2120 4123 2380 4186 temptum
2407 4113 2592 4168 mundi
2618 4110 2951 4182 persuadens
2988 4107 3287 4176 scripturus
3313 4112 3452 4167 erat,
3476 4103 3702 4158 dicens:

2123 4205 2245 4260 Non
2273 4205 2520 4258 habemus
2553 4202 2636 4256 hic
2687 4208 2983 4274 manentem
3027 4197 3308 4256 civitatem,
3339 4194 3429 4248 sed
3471 4194 3704 4262 futuram

2119 4295 2430 4366 inquirimus
2452 4310 2470 4358 ;
2496 4293 2607 4362 jam
2640 4303 2768 4345 tunc
2797 4289 3028 4360 quadam
3068 4301 3312 4357 praesaga
3339 4284 3524 4355 lingua
3550 4280 3703 4338 oliicii

2125 4387 2208 4442 sui
2237 4401 2449 4455 :cquum
2473 4383 2574 4438 fuit
2600 4392 2660 4437 ut
2679 4379 3034 4453 signiﬁcative
3077 4379 3412 4447 loqueretur,
3443 4389 3508 4430 ac
3535 4374 3582 4428 si
3611 4374 3706 4427 hu-

427 4479 748 4548 ‘conjugium
776 4493 881 4532 non
928 4476 1156 4530 habuit?
1185 4475 1378 4529 Habuit
1422 4476 1602 4544 plane,
1649 4477 1740 4530 sed
1754 4449 1911 4531 vante
1931 4492 2023 4531 vo-
2050 4449 2100 4507 D
2127 4493 2286 4531 mana
2302 4449 2530 4529 ratione
2555 4475 2668 4544 ipsa
2693 4449 3078 4528 obumbracula
3128 4476 3314 4538 aperte
3349 4480 3409 4521 se
3432 4464 3704 4520 utentibus

443 4568 732 4621 rationem.
777 4567 975 4620 Eadem
1018 4565 1249 4632 denique
1281 4566 1492 4620 ratione
1537 4568 1726 4620 beatus
1769 4565 2020 4630 Severus,

425 4659 715 4728 Evangelii
737 4658 847 4728 jam
894 4657 1092 4726 passim
1124 4665 1442 4711 coruscante
1475 4658 1729 4722 novitate,
1775 4659 2025 4729 conjugio

443 4748 723 4818 ecpulatus
770 4748 890 4812 fuit,
927 4747 1052 4815 quia
1081 4745 1428 4801 continentiae
1456 4757 1637 4802 votum
1666 4762 1772 4802 non
1814 4749 2019 4812 habuit,

441 4857 620 4911 neque
647 4842 834 4897 doctor
854 4841 1003 4896 orbis
1044 4839 1242 4895 Paulus
1285 4839 1433 4894 illum
1477 4841 1772 4909 prohibuit,
1803 4843 1897 4897 sed
1923 4858 2018 4912 po-

442 4934 552 4988 tius
585 4949 864 4989 assensum
893 4933 1060 4987 dedit.
1120 4933 1259 4988 Ecce
1309 4932 1501 4988 Petrus
1556 4935 1622 4989 ad
1662 4934 2021 5003 apostolatum

441 5033 688 5090 vocatus,
713 5033 769 5078 et
789 5023 994 5078 electus
1021 5023 1374 5078 circumducit
1404 5037 1648 5088 uxorem,
1675 5023 1769 5079 sed
1795 5039 1901 5079 non
1918 5025 2024 5078 uti-

442 5122 552 5179 tur,
577 5128 716 5170 uxor
737 5114 934 5184 quippe
963 5113 1017 5167 in
1041 5129 1281 5169 sororem
1308 5129 1568 5169 conversa
1607 5123 1708 5180 est,
1739 5117 1865 5185 quia
1895 5131 2023 5171 vero

444 5207 655 5262 oriente
705 5206 906 5261 mundo
955 5204 1079 5261 Sole
1113 5206 1246 5260 ordo
1288 5214 1590 5276 temporum
1636 5214 1874 5261 mutatus
1915 5216 2018 5262 est.

443 5294 563 5366 Ipse
585 5296 750 5363 enim,
783 5297 876 5366 qui
907 5297 1106 5352 dudum
1142 5313 1238 5367 per
1281 5297 1452 5368 legem
1502 5298 1780 5352 mandavit
1817 5312 1912 5352 eos
1936 5297 2026 5368 qui

447 5386 566 5440 sine
593 5388 799 5442 semine
827 5397 1173 5442 remanerent
1198 5387 1251 5441 in
1293 5387 1491 5457 populo
1520 5387 1704 5452 lsrael,
1747 5402 1890 5441 nunc
1914 5387 2028 5454 jam

450 5477 762 5532 terribiliter
776 5492 882 5548 per
911 5477 1257 5548 Evangelium
1283 5492 1438 5530 suum
1466 5479 1676 5532 intonat
1700 5496 1712 5531 :
1757 5477 1873 5532 Sint
1896 5477 2030 5530 lum-

451 5565 502 5619 bi
533 5569 684 5622 vestri
729 5570 1015 5637 praecincti.
1068 5571 1264 5636 Beatus
1293 5584 1506 5637 quoque
1536 5570 1790 5632 Severus,
1839 5571 1888 5624 iu
1919 5571 2032 5639 epi-

454 5659 730 5723 s‘cOpatum
773 5674 870 5729 per
909 5660 1210 5714 columbam
1253 5659 1475 5724 electus,
1507 5675 1729 5714 uxorem
1763 5677 1883 5716 cum
1914 5676 2031 5714 ma-

2124 4570 2403 4623 dicerent:
2435 4565 2645 4628 Videte,
2675 4578 2708 4618 o
2746 4571 2926 4618 nautae
2959 4570 3015 4616 et
3047 4559 3282 4614 viatores
3310 4555 3604 4627 peregrini,
3625 4555 3700 4608 in.

2124 4667 2481 4714 strumeutum
2507 4665 2561 4710 et
2587 4655 2748 4709 vilem
2799 4651 3078 4706 materiam
3130 4649 3467 4720 tuguriorum
3500 4654 3712 4701 vestro-

2125 4766 2263 4816 rum,
2293 4757 2349 4804 et
2376 4762 2441 4802 ex
2472 4747 2679 4800 ratione
2707 4750 2906 4798 nostra:
2926 4741 3081 4797 vobis
3103 4739 3332 4808 cognita:
3353 4745 3564 4792 natura:
3591 4750 3706 4806 per-

2118 4841 2343 4914 pendite
2368 4838 2738 4895 celsitudinem
2771 4833 3048 4904 diguitatis
3080 4840 3296 4896 vestrae,
3325 4844 3490 4900 quam
3531 4826 3702 4898 opifex

2125 4942 2313 4988 noster
2356 4940 2517 5002 atque
2547 4938 2828 4986 consertor
2867 4926 3062 4982 Paulus
3111 4924 3228 4980 sine
3270 4922 3578 4978 cessatione
3614 4935 3706 4974 vos

2128 5024 2306 5078 docet.
2338 5022 2448 5077 Nos
2469 5021 2734 5091 originem
2768 5017 2836 5074 de
2863 5018 3019 5087 aquis
3043 5015 3392 5084 sumpsimus,
3421 5022 3476 5068 et
3499 5013 3555 5068 in
3578 5010 3708 5082 ripis

2125 5124 2437 5185 stagnorum
2469 5113 2765 5179 nascimur,
2805 5117 2861 5164 et
2891 5119 3052 5168 tanta:
3095 5107 3329 5162 levitatis
3363 5115 3530 5176 atque
3549 5118 3710 5174 expe-

2129 5204 2351 5260 ditionis
2377 5216 2586 5266 sumus,
2613 5209 2674 5256 ut
2700 5209 2755 5256 et
2788 5199 2946 5254 facile
2969 5214 3001 5253 a
3044 5196 3419 5253 conviantihus
3443 5193 3708 5266 asportari

2097 5322 2101 5328 -
2127 5294 2418 5365 possimus,
2451 5298 2507 5346 et
2533 5301 2711 5347 tamen
2739 5305 2838 5362 per
2885 5298 3129 5344 nostrum
3159 5287 3526 5342 ministerium
3557 5293 3709 5354 opta-

2131 5392 2246 5437 tum
2269 5382 2506 5445 habeant
2532 5379 2996 5436 obumbraculum.
3028 5377 3134 5433 Vos
3159 5387 3362 5441 autem,
3383 5377 3477 5445 qui
3503 5375 3712 5429 ratione

2133 5474 2209 5527 uti
2261 5471 2505 5542 potestis,
2536 5479 2591 5525 et
2639 5469 2709 5525 de
2758 5483 2918 5538 aqua,
2955 5476 3010 5523 et
3055 5466 3259 5538 Spiritu
3298 5475 3491 5521 sancto
3518 5461 3706 5524 renati,

2133 5564 2296 5619 nolite
2324 5579 2421 5633 per
2445 5571 2660 5617 terrena
2690 5562 3084 5616 oblectamenta
3119 5566 3176 5612 et
3217 5557 3401 5611 mundi
3433 5553 3713 5609 illecebras

2134 5671 2230 5711 ves
2267 5663 2540 5720 onustare,
2583 5663 2850 5724 quatenus
2893 5651 3104 5707 liberati
3136 5657 3296 5717 atque
3320 5645 3552 5716 expediti
3588 5643 3713 5697 bre-
