3936 6180
298 316 392 377 761

1184 317 1547 377 ANALECTA
1589 320 1678 375 DE
1706 315 2053 374 EPISCOPIS
2092 313 2642 374 RAVENNATKBUS.

3431 320 3540 379 76$

295 447 420 489 vem
445 430 607 502 hujus
651 428 1101 501 peregrinationis
1145 431 1286 485 viam
1317 447 1656 503 perennem,
1702 441 1759 487 et
1807 431 1873 487 ad
1900 426 2394 497 Aomnipotentem
2444 426 2728 482 Dominum
2774 425 3022 483 obtinere
3078 428 3271 499 potuit,
3323 440 3386 486 ut
3427 432 3546 489 sole

292 533 555 578 .vternam
578 522 809 591 patriam
852 522 1175 591 quantocius
1208 523 1521 577 remeamini
1569 522 1869 592 pervenire.

1962 512 2117 581 jussu
2149 525 2257 568 tam
2278 515 2472 570 citose
2515 515 2575 569 in
2614 514 2756 571 latus
2801 525 3062 571 versaret.
3111 517 3209 572 Est
3250 533 3443 590 nempe
3484 533 3544 578 et

293 613 437 669 Ecce
459 612 709 680 qualibus
742 611 924 666 verbis
940 625 1083 680 .opus
1107 611 1347 682 Apostoli
1379 627 1721 681 possessores
1746 627 1874 668 suos
1969 603 2137 671 aliud,
2162 605 2305 673 quod
2339 604 2563 675 intelligi
2600 604 2729 659 utile
2755 604 2985 659 videtur.
3016 605 3274 675 Superius
3308 624 3541 681 namque

289 701 605 770 alloquitur,
628 700 769 754 unde
793 701 957 754 vitam
978 701 1256 769 praesentis
1280 700 1428 755 exilii
1456 700 1867 769 transigere.....

288 792 497 846 Eadem
520 791 718 859 quippe
744 790 868 845 licet
891 790 957 844 de
983 805 1144 860 opere
1174 791 1471 845 domestico
1496 791 1640 846 beati
1684 791 1869 845 Severi

286 879 704 935 eondncihiliter
750 879 975 943 sentire,
1024 864 1289 947 quatenus
1322 894 1421 948 per
1463 880 1619 933 ovina
1673 880 1868 935 vellera

286 986 419 1024 suos
443 977 788 1024 ammoneant
818 968 1052 1025 asseclas
1090 978 1367 1024 mansueta
1387 978 1443 1024 et
1480 970 1739 1039 simplicia
1779 988 1870 1042 ge-

284 1075 413 1114 rere
434 1060 617 1113 corda.
639 1058 756 1113 1am
782 1075 911 1113 vero
954 1060 1305 1129 expositionis
1332 1060 1468 1116 ordo
1506 1063 1703 1132 rogitat
1726 1072 1785 1116 ut
1812 1072 1869 1118 et

286 1149 391 1205 hoc
416 1164 631 1218 quoque
659 1148 860 1219 lynceis
884 1149 1055 1203 oculis
1083 1157 1370 1217 penetrare
1400 1166 1681 1216 conemur,
1706 1152 1865 1221 quid-

286 1253 414 1291 nam
446 1239 548 1293 sibi
580 1238 728 1301 velit,
751 1239 894 1308 quod
923 1238 976 1292 in
1021 1238 1155 1293 hora
1182 1239 1346 1293 divini
1372 1238 1530 1294 ofﬁcii
1562 1241 1616 1295 in
1660 1239 1864 1310 Spiritu

285 1327 589 1397 rapitur,et
612 1326 787 1382 funeri
806 1328 949 1382 beati
973 1327 1270 1383 sacerdotis
1289 1328 1589 1384 Geminiani
1608 1331 1865 1386 interesse

281 1419 619 1488 perhibetur.
649 1419 707 1473 in
735 1421 838 1475 hoc
879 1420 1108 1490 denique
1155 1421 1405 1489 specialis
1440 1420 1566 1476 doni
1597 1422 1865 1487 miraculo

238 1538 251 1544 ο
281 1509 557 1564 aestimare
602 1524 709 1564 non
757 1510 1026 1565 immerito
1059 1525 1345 1581 possumus
1370 1520 1613 1567 sanctum
1651 1514 1861 1570 Domini

283 1596 547 1652 Severum
568 1598 1028 1669 archiepiscOpum
1056 1615 1153 1669 per
1180 1602 1359 1656 omnia
1391 1603 1551 1657 beato
1576 1602 1863 1659 Ambrosio

278 1688 749 1758 arquiparandum,
776 1690 905 1758 quia
936 1690 1077 1745 sicut
1099 1690 1188 1747 ille
1210 1692 1556 1747 beatissimus
1578 1693 1861 1749 bierarcha

1968 697 2103 750 satis
2125 712 2390 766 superque
2408 704 2595 750 contra
2616 696 2896 751 hmreticos
2922 706 3083 766 atque
3101 700 3356 757 Ecclesia:
3378 717 3545 758 minu-

1967 788 2049 842 los
2072 788 2255 842 lunato
2270 802 2400 842 ense
2426 787 2776 851 certavimus,
2801 788 2893 856 qui
2919 789 3032 856 ipsa
3061 790 3303 862 conjugis
3322 793 3544 849 infamia

1967 879 2034 933 ad
2066 875 2264 932 nullam
2289 893 2399 932 rem
2421 888 2667 932 sanctum
2691 880 2901 935 Domini
2928 882 3288 951 desudaverit,
3318 888 3547 959 ideoque
3604 910 3609 913 ι

1966 982 2187 1023 necesse
2214 966 2314 1021 fuit
2344 977 2401 1022 ut
2442 979 2498 1023 et
2538 969 2781 1024 diabolus
2823 985 2921 1039 per
2965 987 3091 1027 suos
3123 977 3433 1045 complices,
3483 988 3546 1035 ut

1964 1064 2090 1124 pote
2121 1056 2421 1126 versipellis
2466 1057 2639 1122 vafer,
2688 1059 2739 1112 in
2769 1061 3052 1129 propatulo
3095 1063 3535 1133 confunderetur,

1931 1184 1937 1189 η
1964 1157 2019 1200 et
2044 1155 2230 1201 sancta
2262 1148 2459 1216 ubique
2488 1157 2753 1202 terrarum
2789 1149 3030 1205 Ecclesia
3058 1152 3111 1206 in
3136 1161 3539 1210 tanto...........

1964 1237 2130 1291 divini
2161 1252 2406 1307 pnrcone
2435 1238 2660 1307 gloriam
2702 1251 3143 1308 consequeretur.
3177 1243 3248 1297 Ut
3271 1245 3413 1299 enim
3443 1257 3540 1299 ve-

1965 1343 2085 1382 rum
2131 1328 2397 1382 fateamur
2441 1327 2594 1395 cujus
2639 1329 2903 1383 castitatis
2945 1338 3000 1385 et
3048 1332 3393 1387 continentia:
3420 1341 3547 1387 ante

1961 1418 2326 1489 episcOpatum
2354 1404 2611 1481 extiterit.
2637 1418 2749 1487 ipse
2773 1419 3047 1474 evidenter
3069 1420 3304 1491 Spiritus
3327 1429 3546 1478 sanctus

1964 1510 2019 1564 in
2048 1508 2314 1563 electione
2346 1506 2463 1574 ejus
2486 1523 2585 1577 per
2617 1507 2919 1563 columbam
2964 1512 3304 1577 monstravit,
3335 1514 3426 1582 qui
3466 1520 3546 1567 tot

1960 1597 2222 1653 secularis
2257 1597 2461 1653 ordinis
2484 1598 2889 1666 supervolitavit
2912 1613 3192 1667 personas,
3212 1611 3268 1655 et
3288 1602 3541 1657 dilectum

1961 1688 2064 1744 sibi
2090 1688 2369 1759 penetrale
2393 1689 2722 1759 assignando
2757 1689 2964 1744 revisit.
2990 1690 3057 1744 Et
3078 1693 3373 1747 notandum
3400 1695 3543 1763 quod

279 1779 456 1833 sancti
487 1787 542 1833 et
590 1778 807 1849 gloriosi
842 1779 1058 1833 Martini
1103 1780 1337 1850 episcopi
1386 1781 1629 1836 natalitio
1677 1783 1861 1839 deser-
1888 1793 1935 1851 Β
1963 1778 2198 1850 Spiritus
2226 1788 2467 1844 sanctus,
2498 1779 2588 1849 qui
2615 1779 2926 1834 duodenarii
2968 1781 3172 1836 amicus
3195 1792 3279 1837 est
3310 1785 3540 1852 numeri,

275 1872 434 1935 vivit,
456 1871 535 1925 sic
563 1879 618 1926 et
640 1872 741 1925 iste
765 1871 908 1925 beati
928 1870 1248 1927 Geminiani.
1304 1871 1454 1939 Quod
1475 1873 1519 1928 si
1541 1873 1664 1942 quis
1689 1874 1863 1929 amico

276 1960 531 2016 conflictu
581 1961 873 2016 obtendere
924 1961 1076 2028 velit,
1126 1962 1196 2017 ob
1229 1961 1334 2017 hoc
1381 1962 1642 2017 dissimile
1682 1958 1864 2032 aliquo

275 2052 442 2107 modo
465 2051 652 2106 haberi
691 2051 1032 2117 miraculum,
1075 2052 1217 2121 quod
1261 2052 1401 2106 inter
1428 2051 1782 2107 Mediolanum
1809 2061 1864 2107 et

276 2140 572 2196 Turoniam
600 2141 806 2196 laxiora
838 2150 1102 2196 terrarum
1131 2141 1305 2211 spatia
1333 2141 1660 2208 habeantur,
1690 2157 1858 2197 nove-

275 2232 350 2285 rit
374 2246 476 2302 pro
500 2239 651 2287 certo
677 2230 820 2301 quod
840 2231 1183 2301 omnipotens
1210 2230 1374 2296 Deus,
1402 2231 1495 2301 qui
1525 2232 1580 2285 in
1608 2232 1861 2287 omnibus

270 2318 413 2377 locis
438 2322 558 2376 sine
586 2321 704 2376 loco
729 2322 978 2384 habetur,
1025 2335 1129 2375 nec
1173 2319 1228 2374 in
1269 2320 1520 2375 maximis
1545 2320 1858 2390 ampliatur,

274 2428 377 2468 nec
403 2412 456 2466 in
482 2412 720 2466 minimis
750 2418 1087 2481 angustatur,
1116 2409 1242 2480 quia
1265 2417 1510 2466 centrum
1540 2410 1687 2477 cmli,
1716 2410 1861 2481 quod

270 2512 382 2567 est,
410 2510 553 2557 terra
576 2517 682 2556 non
712 2509 797 2556 est
822 2516 1045 2572 regnum
1074 2500 1210 2569 ejus,
1234 2501 1328 2571 qui
1356 2498 1568 2555 diﬁicile
1591 2500 1863 2557 invenitur

267 2594 364 2648 ubi
387 2594 480 2657 sit,
521 2591 790 2648 dilﬁcilius
826 2592 918 2646 ubi
951 2607 1058 2646 non
1096 2591 1186 2646 sit.
1216 2591 1322 2647 Sed
1346 2592 1474 2662 quia
1499 2599 1707 2647 certum
1739 2607 1861 2649 esse

272 2693 490 2753 hanpus
511 2683 564 2737 in
594 2683 753 2738 beato
775 2680 979 2737 Severo
1012 2681 1337 2752 scriptorum
1365 2691 1560 2748 agente
1587 2682 1853 2753 neglecto,

268 2789 384 2828 non
411 2773 675 2828 habemus
702 2773 833 2843 quis‘
868 2787 1055 2827 eorum
1105 2772 1274 2827 altero
1300 2773 1448 2844 prior
1489 2772 1652 2829 fuerit
1678 2782 1856 2841 aetate,

267 2863 493 2917 obvium
523 2862 679 2917 nobis
719 2876 826 2916 non
869 2868 976 2927 est,
1022 2869 1201 2915 tamen
1248 2877 1436 2928 unum,
1489 2861 1735 2931 idemque
1762 2876 1860 2931 per

266 2952 459 3008 omnia
487 2951 687 3006 donum
738 2951 982 3022 utrisque
1030 2950 1283 3023 collatum
1329 2967 1469 3017 esse,
1519 2951 1717 3017 nullus,
1766 2952 1857 3022 qui

266 3056 412 3096 sano
436 3042 668 3096 cerebro
694 3041 882 3106 utitur,
916 3041 1188 3112 ambigere
1213 3041 1563 3110 permittitur.
1595 3039 1860 3112 Objicitur

261 3140 458 3187 autem
500 3132 655 3187 nobis
687 3132 934 3188 fortassis
979 3133 1082 3187 hoc
1119 3132 1316 3187 modo:
1364 3130 1434 3186 Et
1475 3132 1588 3200 qui,
1620 3131 1848 3201 inquies,
1879 3154 1924 3217 ρ

268 3224 393 3279 fieri
424 3230 604 3294 potest
629 3232 689 3279 ut
718 3223 912 3293 aliquis
934 3223 999 3279 de
1027 3222 1369 3278 sacerdotum
1410 3222 1569 3293 globo
1607 3221 1854 3276 collibre-

266 3323 363 3369 tur
391 3314 649 3369 Ecclesiae
678 3314 883 3369 doctori
926 3311 1256 3367 Ambrosio?
1283 3311 1457 3379 Quam
1492 3311 1682 3381 utique
1707 3308 1856 3378 obje-

262 3404 622 3469 ctiunculam,
651 3403 812 3459 veluti
834 3405 1120 3474 quamdam
1145 3417 1297 3458 novae
1322 3401 1640 3471 calumpnite
1667 3414 1855 3455 ansam

262 3494 438 3548 citius
484 3492 763 3558 solvimus,
796 3494 842 3548 si
887 3493 1058 3549 sancti
1089 3491 1321 3563 Spiritus
1349 3491 1605 3545 moralem
1642 3489 1854 3545 laudem

264 3581 525 3637 subtilius
561 3583 761 3637 intueri
788 3597 1062 3653 curamus.
1096 3580 1364 3651 Scriptum
1392 3581 1590 3650 quippe
1627 3580 1693 3635 de
1729 3578 1855 3649 Spi-

265 3675 383 3728 ritu
422 3682 612 3728 sancto
656 3680 894 3737 constat,
936 3673 1079 3743 quod
1121 3672 1194 3726 sit
1237 3670 1513 3741 multiplex
1544 3678 1598 3726 et
1641 3669 1852 3723 unicus.

269 3764 555 3836 Multiplex
600 3779 730 3837 ergo
776 3774 860 3820 est
904 3772 1127 3834 propter
1170 3761 1555 3818 multiformem
1602 3763 1850 3834 gratiam,

266 3873 400 3928 quin
424 3857 676 3911 omnibus
720 3856 1064 3926 dispensatur
1097 3854 1364 3919 ﬁdelibus,
1412 3854 1637 3925 simplex
1674 3863 1854 3909 autem

267 3948 343 4002 ob
375 3946 852 4018 indisgregabilem
902 3945 1097 4002 divinae
1141 3945 1391 4001 essentia:
1444 3945 1729 4000 unitatem.
1768 3943 1858 3998 In-

265 4037 495 4092 venitur
530 4036 677 4091 enim
718 4035 998 4105 multiplex
1027 4033 1262 4106 Spiritus
1286 4044 1528 4097 sanctus,
1569 4035 1639 4090 ob
1677 4034 1857 4089 multi-

266 4128 468 4185 formis
495 4126 734 4182 scientiae
772 4126 970 4181 donum
1011 4125 1065 4180 in
1108 4125 1412 4191 Ambrosio,
1456 4125 1547 4194 qui
1589 4133 1712 4194 post
1747 4125 1857 4181 Vas

267 4217 555 4273 electionis
581 4212 866 4286 primatum
886 4216 1117 4271 obtinuit
1137 4216 1391 4271 dominici
1412 4216 1681 4271 sermonis
1704 4231 1719 4280 ;
1746 4231 1853 4270 non

269 4319 459 4363 tamen
488 4308 713 4362 minoris
740 4306 1078 4362 auctoritatis
1094 4306 1364 4362 invenitur
1390 4305 1444 4360 in
1474 4307 1632 4361 bean
1654 4304 1857 4360 Severo

269 4397 504 4452 unitatis
539 4396 888 4467 simplicitate
913 4403 1184 4459 contento,
1217 4394 1342 4465 quia
1368 4409 1506 4449 unus
1532 4402 1692 4463 atque
1712 4394 1853 4448 idem

1964 1870 2018 1924 in
2047 1870 2205 1924 beato
2231 1868 2432 1924 Severo
2458 1869 2753 1938 corporalis
2791 1870 3089 1939 praesentiae
3130 1872 3345 1926 modum
3391 1872 3541 1939 fecit,

1961 1957 2087 2025 quia
2105 1954 2259 2023 juxta
2288 1956 2591 2026 catalogum
2622 1956 2955 2011 Ravennatis
2995 1957 3250 2013 Ecclesiae
3277 1969 3361 2015 est
3403 1961 3540 2016 duo-

1961 2047 2201 2102 decimus
2230 2061 2261 2100 a
2310 2054 2501 2101 sancto
2550 2046 2947 2115 praedecessore
2974 2062 3075 2101 suo
3113 2047 3437 2118 Apollinare.
3471 2051 3542 2106 Ut

1960 2147 2142 2191 autem
2167 2135 2302 2190 nihil
2328 2135 2743 2191 inevisceratum
2769 2135 2911 2204 apud
2952 2150 3051 2191 nos
3073 2145 3367 2203 remaneat,
3399 2141 3543 2193 unde

1958 2225 2082 2281 falsi
2102 2226 2346 2281 homines
2365 2225 2704 2281 occasionem
2723 2225 3034 2281 clamitandi
3062 2228 3300 2283 nancisci
3321 2236 3540 2298 queant,

1964 2317 2182 2372 videtur
2230 2316 2631 2372 sacratissimus
2656 2315 2895 2386 pontifex
2929 2315 3182 2372 Ecclesia:
3237 2333 3349 2374 sua:
3371 2317 3544 2373 laten-

1958 2417 2043 2463 ter
2094 2408 2406 2465 satisfacere
2453 2424 2552 2478 pro
2590 2409 2791 2465 dudum
2819 2410 3080 2481 copulatae
3130 2413 3234 2467 sibi
3289 2413 3535 2485 conjugis

1957 2497 2228 2567 opinione.
2269 2497 2421 2565 Quod
2443 2498 2589 2552 enim
2625 2498 2776 2566 prius
2814 2498 2941 2554 flere
2967 2500 3165 2555 dicitur
3190 2515 3351 2570 quam
3376 2501 3545 2555 mira-

1956 2587 2138 2643 culum
2163 2597 2522 2659 perpetraret,
2554 2589 2827 2646 recordari
2849 2604 2974 2645 eum
3011 2591 3137 2646 vitae
3160 2592 3403 2663 pristina:
3423 2607 3545 2648 cre-

1957 2680 2189 2737 dendum
2209 2690 2311 2748 est,
2332 2682 2584 2750 quoniam
2608 2681 2898 2737 christiana
2921 2682 3138 2739 licentia
3159 2682 3425 2755 conjugali
3449 2696 3540 2738 ca-

1956 2779 2078 2826 tena
2095 2771 2289 2842 ligatus
2311 2772 2524 2843 legitur.
2541 2772 2695 2840 Quod
2715 2781 2897 2828 autem
2915 2781 3023 2828 tam
3046 2774 3331 2843 imperiosa
3352 2780 3539 2828 aucto-

1954 2860 2118 2915 ritate
2142 2861 2455 2916 mandatum
2479 2861 2645 2939 dedit,
2668 2872 2726 2916 ut
2743 2878 2938 2932 corpus
2962 2862 3137 2932 ipsum
3159 2870 3268 2917 tam
3290 2862 3542 2918 celeriter

1955 2964 2015 3004 se
2038 2948 2333 3004 declinaret
2358 2950 2598 3015 inlatus,
2621 2949 2825 3020 liquido
2849 2951 3081 3006 ostendit
3103 2966 3262 3020 quam
3285 2952 3540 3009 immunis

1954 3039 2224 3094 extitisset
2275 3054 2304 3093 a
2335 3047 2617 3094 contractu
2661 3039 2826 3106 illius,
2850 3054 2916 3095 ex
2937 3056 3045 3110 quo
3074 3040 3295 3097 effectus
3318 3049 3403 3097 est
3429 3041 3540 3114 epi-

1955 3143 2169 3198 scopus.
2199 3127 2499 3183 Novissime
2520 3128 2804 3183 transitum
2829 3127 2945 3198 ejus
2965 3130 3311 3186 considerare
3326 3145 3538 3199 eamus,

1955 3227 2010 3275 et
2048 3233 2210 3287 quam
2254 3218 2445 3289 plenus
2486 3226 2633 3273 esset
2681 3219 2971 3275 virtutibus
3006 3220 3093 3274 vir
3139 3221 3536 3289 sanctissimus,

1955 3308 2227 3379 aquilinis,
2257 3316 2319 3364 ut
2344 3309 2423 3364 sic
2443 3308 2645 3364 dictum
2665 3310 2758 3375 sit,
2787 3309 2958 3366 oculis
2979 3312 3278 3369 videamus.
3303 3311 3540 3381 Descen-

1954 3398 2053 3464 dit,
2081 3397 2276 3468 inquit,
2297 3399 2453 3452 vivus
2483 3398 2537 3453 in
2562 3397 2836 3455 defossum
2865 3401 3098 3471 sepulcri
3128 3400 3326 3467 locum,
3348 3403 3402 3457 in
3430 3417 3539 3474 quo

1955 3495 2144 3543 sancta
2169 3488 2369 3543 dudum
2397 3487 2594 3557 coniux
2626 3505 2733 3543 una
2756 3491 3021 3560 requievit
3047 3508 3170 3548 cum
3198 3493 3328 3560 filia,
3355 3494 3540 3565 ibique

1955 3593 2013 3633 se
2032 3577 2267 3632 medium
2288 3577 2577 3643 collocans,
2602 3578 2929 3634 obdormivit
2945 3581 3000 3635 in
3023 3596 3173 3650 pace.
3197 3582 3367 3649 Quem
3391 3599 3540 3639 nam-

1955 3683 2060 3738 que
2079 3669 2163 3721 vir
2182 3667 2283 3722 iste
2303 3682 2463 3736 quem
2480 3668 2534 3721 in
2560 3667 2710 3722 obitu
2737 3682 2837 3723 suo
2853 3677 2937 3724 est
2956 3670 3220 3736 imitatus,
3241 3671 3344 3726 nisi
3367 3671 3541 3741 splen-

1956 3758 2293 3813 didissimum
2324 3757 2552 3824 radium,
2580 3756 2842 3814 Joannem
2884 3759 3236 3833 Thcologum,
3263 3761 3357 3830 qui
3382 3761 3545 3816 deni-

1955 3864 2082 3918 que,
2112 3848 2190 3902 uti
2236 3848 2604 3903 ecclesiastica
2652 3857 2885 3904 testatur
2912 3851 3159 3916 historia,
3189 3852 3351 3907 simili
3377 3853 3540 3909 modo

1956 3940 2219 4009 requievit
2268 3940 2323 3994 in
2371 3939 2559 3994 ultimo
2602 3941 2795 3995 senio?
2822 3939 3018 3996 Joanni
3041 3941 3239 4011 quippe
3266 3941 3538 3997 neminem

1953 4047 2242 4102 possumus
2295 4039 2419 4101 post
2468 4032 2806 4101 coapostolos
2852 4033 2972 4102 ejus
3015 4048 3351 4103 comparare,
3407 4034 3538 4103 quia

1956 4127 2100 4175 totus
2121 4120 2352 4175 mundus
2396 4120 2692 4176 reclamare
2733 4122 3090 4192 compellitur,
3142 4123 3237 4178 sed
3277 4132 3456 4178 tamen
3482 4123 3538 4180 in

1955 4210 2059 4265 hac
2081 4210 2217 4265 mira
2243 4211 2440 4266 virtute
2465 4213 2758 4269 asserimus
2785 4213 2928 4269 hunc
2952 4214 3127 4269 virum
3153 4229 3279 4270 cum
3321 4214 3531 4272 Joanne

1955 4302 2156 4358 habere
2178 4302 2544 4375 participium.
2570 4306 2787 4371 Beatus,
2829 4316 2883 4363 et
2931 4307 3149 4379 speciali
3177 4308 3533 4380 prmrogativa

1956 4408 1987 4447 a
2032 4393 2261 4450 Domino
2301 4394 2528 4463 electus,
2582 4403 2638 4452 et
2685 4396 2913 4453 dilectus
2946 4396 3183 4454 Joannes
3225 4407 3537 4470 assumptus

268 4497 357 4544 est
381 4486 640 4558 Spiritus,
672 4485 763 4556 qui
786 4494 1039 4556 operatur
1077 4483 1259 4539 omnia
1288 4484 1341 4538 in
1382 4483 1649 4539 omnibus.
1683 4480 1854 4538 Unius
1880 4493 1932 4553 υ
1957 4498 2078 4538 esse
2095 4484 2370 4551 creditur;
2409 4486 2494 4541 vir
2521 4495 2701 4542 autem
2744 4487 2956 4543 Domini
3004 4486 3237 4543 Severus
3259 4488 3399 4559 apud
3437 4503 3539 4545 nos

268 4594 493 4651 quoque
515 4576 862 4647 ejusdemque
887 4576 1066 4632 meriti
1090 4576 1337 4631 extitisse
1375 4575 1638 4652 gloriosos
1664 4574 1854 4629 Patres

270 4669 642 4733 Ambrosium,
674 4676 835 4737 atque
879 4666 1160 4731 Severum,
1196 4674 1429 4722 testatur
1458 4666 1525 4738 in
1573 4666 1676 4721 hoc
1711 4664 1855 4721 facto

270 4761 457 4817 simile
486 4760 704 4814 donum.
738 4758 842 4812 Sed
864 4768 918 4812 et
945 4758 1045 4813 hoc
1069 4773 1281 4828 quoque
1325 4758 1520 4813 intueri
1551 4757 1681 4812 libet
1710 4770 1856 4827 quae-

271 4867 406 4906 nam
444 4866 605 4905 causa
638 4850 708 4904 sit
754 4857 915 4904 tanta:
940 4850 1299 4916 auctoritatis,
1334 4849 1477 4919 quod
1514 4850 1600 4902 vir
1644 4846 1856 4904 Domini

272 4946 330 4998 in
377 4943 501 4997 tilia:
525 4942 800 5011 sepultura
825 4957 1021 5012 corpus
1068 4942 1226 5012 longe
1267 4951 1396 4996 ante
1423 4941 1689 4997 defuncta:
1726 4955 1856 4997 con-

272 5036 421 5107 jugis
445 5033 822 5105 corpusculum
852 5034 907 5088 in
929 5032 1070 5087 latus
1096 5032 1290 5087 mutari
1309 5032 1492 5101 jussit.
1538 5031 1690 5087 Sicut
1710 5033 1854 5087 enim

272 5128 427 5182 idem
462 5123 781 5179 miraculum
835 5137 959 5177 raro
991 5121 1247 5176 usitatum
1288 5121 1576 5187 invenitur,
1624 5122 1701 5177 ita
1748 5137 1855 5177 non

272 5218 401 5272 sine
423 5212 733 5269 difﬁcultate
758 5227 790 5266 a
810 5211 967 5266 nobis
992 5209 1297 5279 exponitur.
1318 5210 1569 5264 Attamen
1599 5209 1857 5279 quidquid

274 5304 413 5359 illud
438 5313 545 5367 est,
570 5304 711 5372 quod
734 5301 1016 5357 interlucet
1054 5298 1411 5354 intellectibus
1437 5298 1638 5354 nostris
1662 5313 1861 5367 nequa—

270 5408 444 5462 quam
473 5391 687 5447 silentio
710 5389 958 5446 occulere
986 5389 1254 5458 integrum
1274 5385 1597 5456 judicamus.
1636 5386 1860 5442 Videtur

278 5496 497 5552 quoque
527 5489 726 5536 nostrae
777 5478 1059 5549 imperitia:
1104 5476 1504 5547 intelligendum
1557 5491 1654 5546 per
1678 5477 1857 5533 omnia

276 5576 421 5631 fore.
443 5575 586 5630 hunc
610 5571 1056 5629 sanctumvirum
1086 5584 1422 5640 nequaquam
1446 5569 1705 5639 imparem
1738 5581 1858 5624 esse

284 5668 354 5722 ad
396 5664 824 5725 rcsuscitandum
869 5661 1109 5734 conjugis
1158 5676 1373 5732 corpus,
1430 5662 1518 5732 qui
1570 5661 1670 5716 hoc
1716 5660 1856 5730 apud

1957 4573 2168 4644 plenius
2208 4575 2263 4630 in
2292 4578 2509 4647 proprio
2547 4577 2701 4633 titulo
2742 4578 2991 4632 habetur.
3038 4578 3280 4634 Habetur
3305 4592 3434 4650 ergo
3478 4578 3536 4634 in

1957 4664 2120 4719 terris
2170 4667 2632 4735 synecdochicag;
2673 4668 3013 4739 prtestolatur
3057 4670 3272 4739 quietus
3311 4683 3344 4725 e
3379 4669 3537 4726 cmlis

1959 4766 2168 4824 tempus
2198 4757 2463 4826 generalis
2487 4766 2822 4820 anastasemc.
2852 4758 2967 4827 Qua
3008 4760 3077 4817 de
3112 4776 3172 4815 re
3194 4759 3342 4815 omni
3369 4760 3533 4816 devo-

1960 4841 2122 4897 tionis
2150 4843 2404 4899 instantia
2430 4853 2636 4901 tantum
2678 4863 2741 4902 ac
2765 4848 2924 4902 talem
2951 4848 3260 4904 Studeamus
3287 4846 3537 4903 venerari

1956 4930 2173 4986 Patrem
2195 4947 2262 4988 ac
2285 4943 2590 5004 patronum,
2620 4942 2675 4989 et
2698 4936 2853 5005 quasi
2884 4936 3060 4991 adhuc
3082 4936 3134 4990 in
3167 4949 3332 4992 carne
3353 4935 3536 4991 nobis-

1959 5035 2080 5075 cum
2116 5023 2418 5093 degentem,
2452 5024 2524 5078 ita
2571 5025 2877 5079 intueamur
2902 5025 3017 5093 ejus
3059 5025 3355 5080 absentiam
3396 5038 3535 5094 pm-

1957 5122 2184 5181 sentem,
2215 5116 2342 5185 quia
2368 5123 2427 5169 ut
2448 5117 2647 5171 veritas
2668 5125 2868 5187 pateat,
2907 5118 3225 5187 praesentior
3260 5116 3417 5172 nobis
3439 5116 3532 5172 ad-

1958 5215 2106 5262 stare
2148 5208 2404 5272 creditur,
2436 5222 2596 5278 quam
2641 5208 2687 5263 si
2725 5208 2878 5263 vivus
2922 5208 2976 5262 in
3023 5222 3190 5262 carne
3215 5207 3530 5263 haberetur.

1962 5299 2117 5354 Enim
2144 5313 2272 5352 vero
2295 5313 2505 5353 summo
2529 5309 2584 5352 et
2606 5305 2809 5353 aeterno
2839 5296 2975 5362 Soli,
3000 5296 3092 5367 qui
3116 5296 3293 5352 lucem
3320 5296 3535 5353 habitat

1962 5387 2385 5444 inaccessibilem
2424 5386 2642 5456 junctus
2690 5389 2745 5442 in
2784 5387 2955 5452 C(Elis,
3004 5387 3137 5442 nihil
3176 5388 3230 5442 in
3266 5386 3535 5444 creaturis

1959 5480 2156 5551 agitur,
2190 5479 2332 5548 quod
2354 5478 2522 5533 oculis
2562 5479 2679 5550 ejus
2717 5478 2917 5534 nudum
2948 5494 3054 5534 non
3080 5487 3355 5549 appareat.
3381 5477 3536 5546 Qua.

1958 5578 2177 5642 propter
2209 5570 2555 5639 gaudeamus.
2599 5568 2960 5642 Gaudeamus,
3006 5569 3246 5639 inquam,
3286 5578 3343 5624 et
3379 5568 3533 5626 exul-

1962 5670 2154 5727 tcmus,
2188 5668 2243 5713 et
2267 5658 2510 5715 laetemur
2534 5659 2589 5715 in
2631 5657 2877 5726 Domino,
2918 5660 3045 5731 quia
3079 5660 3236 5717 hodie
3260 5659 3530 5717 alternan-
