3936 6180
839 420 907 460 Α»
945 419 1255 469 SEQUENTE!

443 532 528 610 S.
583 533 1188 610 BARBATIANI
1261 527 1616 608 VITAM.

839 658 1216 716 MONITUM.

321 753 651 823 Sequentem
680 753 856 809 Vitam
883 752 1076 823 sancti
1128 748 1437 823 Barbatiani
1471 762 1551 823 _ex
1597 749 1818 823 antiquo

245 817 553 879 Ravennati
591 822 931 877 Lectionario
977 820 1305 887 descriptam
1357 817 1443 870 hic
1471 817 1812 873 inserendam

247 895 456 958 censui,
507 907 630 946 cum
677 893 731 946 in
786 893 946 945 editis
993 889 1347 943 desideretur.
1387 887 1524 958 Sun_t
1571 887 1816 958 quaedam

245 955 451 1032 quibus
495 973 792 1032 temporum
845 956 1424 1032 ratio_repugnat,_.uti
1479 955 1822 1032 Bonifaciniet

247 1023 440 1087 Eulalii
481 1023 718 1085 schisma
772 1023 1125 1098 compositum
1148 1023 1666 1098 cun1_Valcntiiiiaii_i
1682 1024 1817 1098 Pla-

247 1104 403 1156 cidim
434 1101 525 1153 lilii
550 1100 779 1154 adventu
811 1093 1068 1161 Ruinam;
1107 1095 1193 1148 hic
1217 1095 1378 1154 enim,
1411 1108 1533 1146 cum
1580 1093 1818 1146 schisma

246 1172 373 1226 illud
419 1172 668 1225 obortum
691 1179 792 1232 est,
824 1167 1070 1220 fortassis
1097 1165 1337 1232 nondum
1362 1171 1518 1215 natus
1546 1170 1681 1232 erat.
1709 1161 1819 1214 Ru-

243 1242 400 1304 beus,
422 1240 491 1292 ad
515 1253 714 1291 annum
740 1237 865 1300 425,
899 1234 1148 1288 Placidia:
1170 1241 1223 1304 et
1249 1231 1606 1304 Yalentiuiani
1631 1231 1817 1304 Romae

243 1301 552 1379 degentium
597 1307 850 1379 pietatem
894 1305 1096 1365 laudat,
1128 1302 1221 1372 qui
1243 1301 1640 1379 _Barbatianum
1678 1301 1817 1379 invi-

241 1368 435 1440 seFitit,
459 1368 738 1444 Romaque
762 1375 1070 1428 Ravennam
1092 1368 1214 1444 cum
1243 1371 1444 1424 honore
1473 1368 1813 1444 deduxerint.

241 1443 367 1503 Hrec
399 1437 600 1507 autem,
643 1437 699 1497 ut
727 1455 879 1514 puto,
925 1459 987 1497 ex
1019 1442 1329 1514 conjectura
1359 1439 1623 1514 narravit.
1647 1437 1815 1514 (ζῳω-

240 1532 363 1570 rum
391 1516 572 1570 omnia
604 1507 819 1582 quaa'de
864 1521 1051 1566 sancto
1077 1507 1401 1582 Barbatiano
1426 1507 1613 1562 Rubeo
1641 1509 1814 1582 eitlein

238 1585 521 1640 luculento
543 1577 791 1638 sermone
837 1582 1193 1644 illustrantur,
1216 1595 1281 1632 ex
1307 1579 1472 1632 hocce
1496 1577 1665 1632 veteri
1693 1579 1814 1631 Vita

235 1655 522 1723 desumpta
570 1651 734 1707 fuisse
763 1652 940 1706 nullus
974 1651 1180 1723 dubito.
1211 1647 1409 1723 ⁸Νοιριῆ
1443 1655 1682 1723 meretur
1709 1645 1815 1723 frc-

236 1738 414 1804 quens
432 1717 769 1804 oblationum
821 1720 1023 1802 mentio
1053 1719 1119 1800 ad
1153 1719 1389 1804 missam-
1400 1717 1578 1804 sancti
1611 1717 1813 1804 [iarba—

237 1786 373 1847 tiani
428 1791 752 1855 delatarum,
803 1791 990 1858 eisque
1039 1788 1263 1857 privatis
1306 1788 1447 1842 votis
1478 1786 1815 1858 satisfactum

232 1864 392 1984 θυοδ,
432 1861 567 1943 alias
613 1856 932 1942 recentioris
963 1856 1141 1913 aetatis
1187 1873 1250 1911 ea
1305 1871 1410 1925 qua
1450 1856 1820 1937 sanctus_iste

269 1941 560 1984 eruntnuls
581 1939 904 1984 susnicetur.
936 1927 992 1983 S.
1024 1928 1217 1981 Petrus
1240 1925 1604 1984 Cbrvsoloaus
1639 1923 1816 1980 lel‘l-

269 1931 560 2000 oruitquis
581 1931 904 2000 suspicetur.
936 1927 992 2000 S.
1024 1928 1217 2000 Petrus
1240 1923 1604 2000 Chrysologus
1639 1923 1816 1980 Libri-

236 1997 328 2056 lici
360 1995 616 2071 adjuncto
648 1995 915 2055 laudatur.
945 1998 1016 2051 At
1038 1998 1103 2052 de
1133 1997 1216 2053 bis
1238 1995 1390 2053 satis.

917 2106 1151 2150 INCIPIT

503 2204 752 2286 VITA
807 2205 890 2282 S.
943 2199 1559 2280 BARBATIANI

812 2330 1224 2378 CONFESSORIS

302 2413 520 2470 Iustum
542 2413 759 2484 quidem
778 2412 1016 2468 arbitror
1038 2409 1422 2466 miraculorum
1444 2409 1814 2465 narrationem

231 2522 522 2578 aggressus
552 2507 607 2561 in
641 2505 832 2576 primis
851 2520 973 2574 quae
992 2503 1285 2559 domestica
1307 2511 1434 2558 sunt
1449 2501 1814 2574 Augustarum

233 2597 521 2653 civitatum
535 2608 828 2666 exponere,
854 2594 907 2648 in
935 2593 1131 2662 quibus
1157 2600 1466 2649 sanctorum
1479 2589 1814 2646 ammirabile

229 2694 513 2740 certamen
550 2692 798 2739 exactum
839 2692 946 2749 est,
975 2690 1030 2738 et
1081 2682 1387 2738 veneranda
1424 2695 1611 2738 eorum
1649 2681 1814 2735 mira-

227 2775 360 2830 bilia
391 2783 581 2830 exorta
609 2782 757 2840 sunt,
788 2783 844 2828 et
868 2781 929 2829 ut
952 2773 1212 2828 miracula
1232 2788 1352 2844 qua:
1373 2773 1701 2827 narrationis
1731 2781 1813 2828 te-

226 2875 364 2922 nent
414 2867 694 2922 exordium
745 2874 908 2920 tantaz
960 2865 1104 2935 plebi
1137 2865 1336 2934 talique
1364 2879 1574 2934 magna:
1602 2863 1808 2920 civitati

226 2972 362 3012 vera
412 2955 530 3011 haec
557 2954 766 3028 [fuisse]
804 2955 856 3010 in
888 2953 1076 3010 diebus
1104 2955 1306 3010 nostris
1350 2954 1623 3009 testiﬁcati
1661 2961 1806 3018 sunt,

225 3046 399 3101 etiam
424 3045 512 3100 his
537 3045 810 3115 praebeant
833 3045 990 3100 ﬁdem
1021 3059 1142 3113 quae
1170 3043 1550 3113 subsequenda
1576 3043 1804 3099 dicenda

224 3146 380 3192 sunt.
414 3135 792 3204 Quamobrem,
823 3152 945 3192 cum
985 3135 1233 3191 Zosimus
1269 3150 1405 3206 papa
1430 3135 1581 3190 urbis
1621 3134 1806 3190 Roma:

220 3227 382 3298 jussu
415 3227 508 3282 Dei
529 3241 639 3281 suae
679 3227 800 3281 vitae
823 3233 1092 3282 cessasset
1117 3225 1502 3294 episcopatum,
1538 3223 1677 3278 facta
1722 3231 1807 3278 est

225 3315 580 3372 dissensioin
604 3316 749 3373 clero
775 3315 919 3372 sedis
939 3314 1266 3386 apostolicae,
1291 3323 1346 3370 et
1370 3313 1649 3385 elegerunt
1671 3313 1806 3369 duos

224 3408 535 3478 episcopos,
555 3421 721 3461 unum
747 3406 966 3461 nomine
1001 3403 1357 3470 Bonifacium,
1377 3411 1433 3459 et
1460 3403 1625 3459 alium
1652 3402 1809 3475 [alte-

225 3496 382 3570 rum]
411 3497 700 3552 Eulalium.
725 3495 1058 3552 Bonifacium
1078 3510 1209 3551 vero
1235 3496 1622 3570 ordinaverunt
1642 3494 1694 3549 in
1711 3494 1808 3549 ba-

225 3567 388 3646 silica
433 3588 895 3644 Constantiniana.
945 3581 1186 3642 Audiens
1225 3587 1329 3640 hoc
1372 3584 1525 3642 Galla
1571 3567 1810 3638 Placidia

223 3680 479 3751 Augusta
509 3693 632 3733 cum
675 3678 784 3732 ﬁlio
817 3692 916 3732 suo
970 3675 1344 3731 Valentiniano
1387 3675 1655 3746 Augusto,
1682 3673 1810 3728 dum

227 3773 490 3828 sederent
517 3769 807 3834 Ravennae,
835 3767 1138 3824 retulerunt
1157 3766 1400 3821 Honorio
1419 3765 1661 3835 Augusto
1697 3763 1810 3818 Me-

228 3864 437 3920 diolani
463 3864 690 3929 sedenti,
729 3863 823 3933 qui
861 3862 1022 3917 ambo
1053 3857 1355 3932 [continuo]
1386 3856 1615 3928 Augusti
1646 3856 1812 3911 missa

227 3955 560 4010 auctoritate
585 3954 686 4008 hoc
713 3959 1103 4022 praeceperunt,
1127 3959 1187 4005 ut
1215 3950 1375 4005 ambo
1395 3949 1461 4004 de
1487 3949 1620 4004 urbe
1640 3946 1812 4002 Roma

229 4045 470 4099 exirent.
496 4042 598 4110 Qui
623 4043 781 4097 ambo
809 4041 1037 4111 expulsi,
1065 4040 1288 4095 veniens
1311 4040 1365 4092 in
1391 4039 1639 4108 proximo
1658 4052 1815 4092 sanc-

230 4143 323 4187 tus
345 4132 465 4188 dies
484 4131 706 4186 Paschze
723 4130 949 4202 [Quibus
969 4129 1206 4200 expulsis
1228 4129 1475 4183 veniente
1499 4128 1554 4182 in
1568 4127 1814 4196 proximo

232 4229 434 4277 sancto
451 4221 536 4276 die
547 4220 812 4292 Pascbze],
839 4230 966 4275 tunc
987 4218 1225 4274 Eulalius
1245 4227 1564 4287 praesumpta
1592 4216 1814 4271 audacia

233 4311 490 4367 introivit
520 4311 574 4365 in
597 4311 784 4365 urbem
811 4309 1058 4374 Romam,
1085 4316 1140 4364 et
1160 4307 1478 4377 baptizavit,
1502 4305 1816 4362 celebravit-

1145 289 1507 348 ANALECTA
1544 289 1634 344 DE
1671 286 2016 347 EPISCOPIS
2054 283 2606 343 RAVENNATIDUS.

1853 404 1899 464 A
1928 408 1982 456 et
2009 400 2136 454 dum
2164 398 2234 453 ah
2257 399 2369 468 ipsa
2395 399 2636 469 Augusta
2660 398 2900 467 requisiti
2931 399 3176 466 fuissent,
3199 403 3312 472 jam
3337 417 3500 460 sanc-

3395 288 3501 344 770

1927 488 2170 542 tissimus
2218 486 2531 542 Timotheus
2553 489 2831 559 presbyter
2872 491 3200 559 migraverat
3225 493 3292 545 ad
3322 491 3491 547 Domi-

1922 593 2051 631 num
2098 585 2223 630 ante
2249 586 2499 646 quartum
2557 577 2920 644 inquisitionis
2952 593 3063 632 sua:
3113 579 3278 634 diem.
3330 579 3496 650 Cujus

1922 682 2120 736 corpus
2144 682 2172 720 a
2191 667 2422 736 quadam
2448 665 2778 721 nobilissima
2795 666 3016 722 flemina
3043 668 3201 723 vidua
3224 670 3490 738 sepultum

1921 756 2114 822 fuerat,
2139 757 2414 812 conditum
2449 756 2804 821 aromatibus,
2841 764 2898 812 et
2946 757 3228 828 diligenter
3265 759 3494 829 disposi-

1922 853 2032 900 tum
2065 861 2186 900 cum
2210 861 2404 915 magno
2432 845 2627 915 gaudio
2649 853 2704 899 et
2727 845 2950 911 honore,
2976 855 3034 900 ut
3063 849 3265 902 sanctis
3291 849 3500 904 conde-

1919 944 2005 990 cet
2042 936 2157 989 fieri
2191 937 2243 988 in
2275 934 2534 988 Vaticano
2573 943 2776 1001 monte,
2821 937 2913 1005 qui
2938 936 3136 992 dicitur
3161 938 3392 1005 Aureus,
3421 952 3494 996 au

1918 1023 2072 1091 cujus
2101 1023 2407 1092 sepulcrum
2451 1023 2592 1076 male
2615 1024 2881 1078 habentes
2930 1025 3176 1081 homines
3201 1029 3332 1082 salvi
3367 1029 3494 1085 facti

1918 1120 2064 1176 sunt,
2091 1120 2144 1165 et
2165 1113 2433 1165 daemones
2479 1110 2646 1182 fugati
2668 1120 2812 1166 sunt.
2839 1113 2904 1167 Et
2924 1115 3090 1168 multa
3121 1117 3389 1172 mirabilia
3419 1121 3490 1174 ad

1917 1201 2128 1256 laudem
2159 1211 2212 1255 et
2239 1203 2496 1256 honorem
2545 1202 2756 1256 Domini
2783 1205 2955 1259 nostri
2992 1203 3119 1259 Jesu
3163 1205 3366 1262 Christi
3394 1208 3495 1262 ibi-

1919 1291 2040 1345 dem
2063 1291 2302 1359 quotidie
2323 1300 2637 1360 operantur.

1988 1397 2373 1456 Sanctissimus
2401 1416 2530 1456 vero
2569 1401 2922 1458 Barbatianus
2945 1405 3246 1476 presbyter,
3278 1415 3334 1460 et
3363 1422 3495 1462 con-
3555 1470 3568 1480 β

1914 1493 2088 1547 lesser
2119 1493 2341 1558 Christi,
2377 1493 2634 1562 adplicuit
2657 1509 2718 1548 se
2761 1494 2814 1548 in
2854 1495 3122 1549 cimiterio
3155 1495 3395 1562 Callixti,
3436 1505 3492 1553 et

1907 1584 1988 1638 .ibi
2016 1583 2228 1638 occulte
2273 1584 2675 1649 demorabatur,
2724 1593 2778 1638 et
2826 1584 2969 1639 facta
3025 1587 3374 1655 inquisitione
3418 1591 3488 1645 ab

1915 1681 2155 1747 Augusta
2191 1685 2410 1746 propter
2439 1678 2838 1732 sanctissimum
2884 1677 3080 1743 virum,
3117 1694 3182 1732 eo
3212 1682 3358 1748 quod
3391 1696 3490 1735 no-

1846 1759 1891 1816 B
1920 1767 2063 1821 lebat
2119 1781 2177 1821 se
2230 1766 2562 1836 principibus
2611 1767 2914 1830 ostendere,
2978 1767 3299 1822 invenerunt
3362 1785 3489 1825 eum

1918 1855 2057 1909 clam
2081 1854 2332 1910 latentem
2363 1855 2417 1909 in
2445 1870 2538 1910 sua
2581 1854 2790 1920 cellula,
2812 1863 2866 1910 et
2896 1870 3018 1910 cum
3062 1873 3258 1928 magno
3285 1859 3489 1915 honore

1916 1947 2284 2016 perduxerunt
2334 1962 2458 2002 eum
2488 1948 2554 2002 ad
2596 1947 2911 2017 Augustam.
2959 1948 3028 2003 Et
3066 1949 3192 2003 dum
3224 1950 3338 2020 ipsa
3361 1965 3486 2006 eum

1917 2035 2110 2090 intuita
2135 2035 2344 2102 fuisset,
2370 2050 2535 2106 agens
2559 2037 2763 2106 gratias
2789 2035 2930 2108 [Quo
2943 2037 3060 2092 viso
3089 2037 3328 2110 Augusta
3356 2055 3488 2095 con-

1915 2127 2153 2198 gaudens
2171 2127 2281 2197 egit
2322 2126 2548 2199 gratias]
2578 2129 2705 2192 Deo,
2733 2129 2859 2198 quia
2883 2129 3169 2185 meruisset
3190 2146 3314 2185 eum
3340 2132 3484 2186 inve-

1914 2216 2052 2269 nire.
2080 2215 2177 2271 Cui
2223 2217 2594 2272 sanctissimus
2631 2218 2715 2271 vir
2739 2217 3096 2275 Barbatianus
3141 2220 3299 2276 talem
3345 2223 3492 2278 dedit

1914 2305 2310 2363 salutationem.
2329 2307 2441 2362 Pax
2458 2308 2574 2372 tibi,
2592 2308 2741 2364 Galla
2753 2309 2990 2365 Placidia
3002 2311 3265 2382 Augusta,
3289 2312 3491 2368 famula

1913 2396 2134 2462 Christi,
2170 2406 2227 2453 et
2271 2399 2495 2454 victoria
2526 2399 2636 2454 ﬁlio
2673 2409 2766 2456 tuo
2789 2400 3029 2472 Augusto
3058 2401 3207 2474 [ﬁliis
3235 2405 3343 2459 tuis
3370 2404 3482 2459 Au-

1913 2489 2127 2562 gustis].
2158 2491 2230 2544 At
2257 2491 2349 2546 ubi
2368 2492 2759 2562 responderunt
2785 2507 2993 2559 omnes,
3019 2507 3196 2560 amen,
3226 2496 3484 2551 acceden-

1913 2579 2057 2635 tibus
2082 2581 2336 2651 Augustis
2383 2581 2450 2635 ad
2501 2582 2732 2637 invicem
2767 2595 2825 2637 se
2847 2582 3239 2647 salutaverunt,
3269 2595 3324 2640 et
3354 2587 3481 2642 dum
3506 2609 3509 2611 ·

1911 2671 2263 2741 requisissent
2283 2671 2352 2726 ab
2364 2686 2446 2735 eo,
2464 2686 2493 2724 a
2509 2686 2613 2740 qua
2636 2661 3058 2742 patria‘Romam
3077 2676 3337 2741 venisset,
3355 2683 3487 2734 tunc
3504 2709 3506 2712 ν

1911 2761 2026 2831 ipse
2064 2761 2341 2818 confessor
2387 2761 2588 2817 Christi
2637 2762 2706 2816 ab
2732 2762 3012 2817 Antiochia
3038 2779 3160 2818 cum
3190 2763 3480 2822 Timotheo

1909 2852 2026 2906 viro
2047 2851 2386 2906 sanctissimo
2418 2853 2649 2906 asseruit
2669 2853 2968 2906 advenisse.
2999 2852 3068 2907 Et
3095 2853 3220 2908 data
3241 2855 3487 2911 oratione

1911 2949 2039 2996 tunc
2070 2940 2335 3011 postulata
2367 2947 2450 2995 est
2499 2953 2622 2994 cum
2667 2939 2886 3011 [asserit
2924 2955 2984 2996 se
3035 2943 3269 2998 venisse.
3318 2944 3488 3015 Igitur

1909 3033 2030 3089 data
2074 3035 2316 3090 oratione
2361 3031 2686 3104 postulabat]
2732 3033 2991 3106 Augusta,
3030 3045 3092 3091 ut
3150 3039 3479 3109 manipulam

1832 3100 1876 3164 Ο
1907 3139 2083 3189 suam,
2113 3138 2233 3193 quae
2269 3100 2453 3179 dolore
2480 3100 2714 3193 pessimo
2738 3100 3014 3180 oculorum
3041 3100 3352 3198 urgebatur,
3386 3145 3487 3187 suo

1906 3213 2175 3285 adjutorio
2199 3227 2321 3267 eam
2341 3211 2638 3281 adjuvaret,
2663 3228 2771 3268 non
2799 3221 3007 3269 tantum
3028 3215 3082 3270 in
3110 3216 3213 3272 hoc
3231 3257 3247 3284 ,
3273 3219 3366 3274 sed
3395 3220 3490 3292 [ob

1905 3309 2008 3363 hoc
2023 3305 2304 3378 quantum]
2344 3314 2403 3360 ut
2431 3303 2546 3374 ejus
2580 3309 2954 3378 comprobaret
2988 3306 3321 3379 _opinionem,
3365 3327 3488 3382 quae

1905 3407 2177 3455 sonuerat.
2213 3398 2306 3453 llle
2350 3413 2480 3453 vero
2531 3397 2664 3452 nihil
2701 3398 2846 3454 aliud
2904 3401 3157 3466 asseruit,
3211 3401 3316 3456 nisi
3366 3418 3489 3472 quae

1906 3494 2045 3548 bona
2093 3502 2237 3560 sunt,
2282 3503 2343 3548 ut
2376 3493 2657 3564 proficiant
2703 3494 2756 3548 in
2794 3495 2966 3550 oculis
2990 3495 3127 3564 ejus.
3156 3496 3225 3550 Et
3259 3497 3385 3552 dum
3418 3500 3488 3554 ab

1910 3583 2022 3652 ipsa
2060 3583 2394 3645 recessisset,
2441 3583 2509 3637 ad
2539 3583 2786 3637 cellulam
2816 3585 3059 3654 pervenit
3090 3585 3483 3659 [perveniens],

1909 3673 2000 3742 qui
2028 3682 2334 3744 prostratus
2378 3674 2430 3728 in
2468 3675 2712 3729 oratione
2745 3676 2922 3730 oravit
2951 3677 3018 3730 ad
3065 3677 3373 3732 Dominum.
3418 3678 3487 3733 Et

1909 3770 2125 3826 elevans
2145 3770 2427 3834 se,faciale
2451 3787 2626 3835 suum,
2654 3773 2793 3841 quod
2821 3771 3069 3836 habebat,
3088 3787 3209 3827 cum
3225 3786 3487 3841 aquarum

1911 3859 2134 3916 humore
2181 3860 2438 3926 infusum,
2470 3861 2660 3931 puellae
2702 3860 2916 3926 direxit,
2947 3868 3007 3914 ut
3031 3866 3215 3916 oculos
3239 3877 3366 3916 suos
3393 3877 3488 3917 ex-

1913 3959 2162 4022 tergeret.
2187 3951 2317 4019 Quae
2337 3951 2463 4005 dum
2493 3950 2802 4005 mandatum
2829 3950 3126 4020 adimplens
3155 3965 3282 4006 suos
3302 3959 3484 4006 exter-

1912 4039 1983 4093 sit
2009 4039 2214 4104 oculos,
2236 4039 2413 4094 omnis
2453 4047 2632 4092 tumor
2656 4039 2952 4109 sanguinis,
2980 4048 3035 4094 et
3061 4039 3252 4111 caligo,
3275 4041 3486 4096 cunctis

1910 4128 2236 4194 videntibus,
2283 4129 2376 4198 qui
2407 4127 2606 4182 ibidem
2662 4127 2892 4192 fuerunt,
2926 4129 3350 4184 demonstratum
3377 4139 3483 4197 est,

1916 4216 1991 4272 ita
2020 4227 2080 4272 ut
2101 4217 2357 4290 [fuerant,
2373 4218 2623 4282 cessarit,
2645 4225 2699 4272 et
2727 4218 2840 4287 ipsa
2870 4218 3049 4273 statim
3072 4233 3203 4274 sane
3223 4218 3364 4274 facta
3379 4227 3486 4287 est,

1915 4324 1977 4364 ac
1997 4307 2064 4381 si]
2095 4324 2365 4379 nunquam
2394 4309 2446 4362 in
2487 4308 2601 4364 suis
2632 4309 2801 4364 oculis
2832 4309 3065 4379 aliquam
3088 4309 3354 4365 maculam
3381 4311 3481 4366 ha-

232 4418 345 4474 que
385 4401 608 4457 Pascha
638 4401 692 4454 in
717 4400 938 4455 basilica
966 4397 1429 4455 Constantiniana.
1487 4395 1604 4464 Quo
1632 4396 1816 4450 audito
1840 4439 1892 4499 Β
1917 4397 2139 4461 buisset,
2175 4407 2230 4452 et
2278 4397 2514 4468 hymnis,
2556 4406 2718 4468 atque
2749 4397 2996 4454 laudibus
3026 4399 3237 4454 assidue
3261 4399 3489 4456 Domino

232 4493 469 4565 Augusti
492 4493 756 4547 miserunt
773 4501 828 4546 et
851 4499 1170 4560 respuerunt
1185 4488 1528 4561 [expulerunt
1549 4487 1815 4544 Eulalium

235 4584 304 4638 de
332 4582 470 4635 urbe
501 4581 668 4636 Roma
689 4590 744 4635 et
763 4579 1047 4652 miserunt]
1082 4595 1206 4635 eum
1233 4579 1288 4633 in
1309 4578 1682 4650 Campaniam,
1711 4579 1815 4633 ibi—

235 4675 477 4741 demque
504 4672 670 4726 vitam
699 4670 888 4724 ﬁnivit.
910 4669 1243 4724 Bonifacium
1261 4683 1389 4723 vero
1410 4676 1814 4735 revocaverunt,

237 4775 293 4818 et
345 4762 746 4818 constituerunt
795 4776 919 4816 eum
960 4759 1288 4830 pontiﬁcem.
1345 4758 1546 4813 Eodem
1578 4767 1820 4826 tempore

237 4853 401 4910 Galla
430 4852 664 4907 Placidia
689 4851 929 4922 Augusta
957 4866 1064 4906 una
1103 4865 1226 4906 cum
1271 4847 1506 4904 Honorio
1534 4857 1588 4904 et
1625 4847 1822 4903 Valen-

242 4943 494 4999 tianiano
515 4941 771 5011 Augustis
789 4940 1125 4996 venientibus
1147 4937 1408 5010 [veniens]
1430 4937 1657 4992 Romam
1681 4937 1821 5007 apud

243 5031 367 5106 [ad]
402 5031 588 5098 limina
641 5039 949 5085 sanctorum
996 5027 1378 5098 apostolorum,
1425 5027 1516 5082 ubi
1557 5036 1614 5082 et
1655 5027 1821 5082 multa

241 5126 396 5180 dona
449 5121 776 5178 obtulerunt.
833 5121 984 5176 Tune
1035 5117 1361 5174 diffamatum
1403 5126 1487 5173 est
1538 5117 1680 5189 apud
1729 5133 1824 5174 eos

244 5217 381 5287 quia
407 5215 478 5269 ab
510 5214 800 5270 Antiochia
825 5211 1042 5268 adventi
1093 5217 1222 5266 sunt
1249 5211 1355 5265 duo
1393 5211 1495 5266 viri
1548 5212 1603 5266 in
1631 5213 1821 5267 urbem

243 5307 506 5370 Romam,
557 5320 697 5361 unus
749 5305 966 5360 nomine
1027 5301 1365 5367 Timotheus,
1399 5310 1454 5358 et
1480 5302 1616 5357 alius
1638 5301 1819 5374 [alter]

245 5397 478 5453 nomine
519 5395 895 5460 Barnatianus,
943 5392 1263 5464 presbyterii
1289 5392 1494 5447 honore
1519 5390 1821 5460 fungentes,

247 5485 497 5542 timorati
521 5486 652 5550 Deo,
674 5483 933 5540 facientes
954 5482 1242 5545 mirabilia,
1265 5488 1322 5535 et
1339 5481 1524 5549 aegroti
1550 5479 1822 5552 [aegrotos]

247 5593 359 5648 per
369 5591 554 5631 sacras
575 5590 700 5631 suas
720 5587 923 5644 praeces
943 5572 1380 5628 salviﬁcabantur
1396 5571 1822 5643 [salviﬁcantes],

253 5665 684 5738 uudespecialcs
703 5664 774 5720 ab
791 5664 1041 5721 omnibus
1058 5661 1366 5720 hominibus
1389 5661 1822 5732 attendebantur,

1920 4496 2105 4543 nostro
2134 4487 2260 4543 Jesu
2291 4488 2509 4544 Christo
2552 4489 2756 4559 gratias
2789 4489 2992 4544 referre
3015 4489 3162 4545 nullo
3183 4490 3343 4544 modo
3371 4505 3494 4545 ces-

1919 4579 2089 4633 sabat.
2143 4577 2248 4632 Sed
2278 4575 2376 4649 [et]
2401 4577 2470 4631 de
2515 4577 2737 4647 reliquis
2778 4579 3130 4642 mirabilibus,
3176 4593 3296 4649 quae
3347 4578 3491 4634 idem

1921 4669 2292 4723 sanctissimus
2313 4669 2394 4721 vir
2415 4669 2578 4738 gessit
2604 4669 2670 4723 ad
2702 4668 3036 4724 inlustranda
3063 4671 3226 4724 corda
3250 4671 3491 4724 omnium

1923 4759 2252 4814 credentium
2285 4759 2337 4812 in
2368 4759 2654 4813 Dominum
2686 4758 2958 4831 [Domino]
3006 4760 3312 4815 referimus.

1993 4849 2119 4904 Fuit
2144 4851 2227 4904 vir
2247 4866 2386 4904 unus
2415 4851 2632 4906 nomine
2659 4851 2965 4923 Gallogenis
2998 4854 3220 4907 natione
3248 4852 3493 4918 Graecus,

1925 4942 2152 5011 quidam
2174 4942 2242 4996 ab
2279 4941 2518 5010 Augusto
2539 4941 2911 4997 Valentiniano
2919 4943 3101 5012 jussus
3129 4942 3321 4998 fuisset
3345 4943 3495 4998 festi-

1927 5045 2027 5084 nus
2051 5045 2152 5100 per
2179 5030 2378 5086 scalam
2407 5031 2755 5094 descendere,
2773 5032 3109 5101 compeditus
3130 5041 3234 5097 est,
3265 5039 3322 5087 et
3339 5033 3489 5088 desu~

1924 5138 2024 5194 per
2052 5132 2250 5178 terram
2294 5122 2512 5187 cecidit,
2548 5123 2788 5191 pedeque
2825 5123 3062 5178 contrito
3086 5122 3498 5194 periclitabatur

1925 5213 2171 5285 pedibus,
2215 5220 2271 5267 et
2314 5212 2483 5276 tibiis,
2534 5219 2590 5266 et
2621 5213 2834 5267 ossibus
2872 5213 3171 5267 diminutis.
3226 5211 3326 5280 Qui
3360 5213 3488 5268 dum

1929 5301 2261 5357 medicorum
2309 5300 2557 5370 praesidia
2578 5303 2947 5371 conspexisset
2982 5302 3047 5357 ad
3079 5301 3498 5356 succurrendum

1929 5390 2180 5455 invalida,
2208 5389 2440 5459 dumque
2466 5388 2578 5446 fere
2594 5388 2706 5458 jam
2727 5391 2896 5460 ipsius
2921 5391 3104 5462 pedes,
3127 5399 3182 5445 et
3207 5390 3350 5446 tibia:
3374 5405 3498 5448 ossa

1929 5479 2188 5549 paulatim
2217 5477 2516 5532 cadendum
2543 5477 2864 5544 difﬂuerent,
2883 5481 3241 5548 carnibusque
3271 5495 3393 5535 cum
3422 5480 3491 5534 af-
3535 5523 3537 5525 .

1931 5569 2114 5626 ﬂuenti
2145 5582 2297 5624 same
2316 5567 2638 5638 liquefactis,
2663 5569 2729 5623 ad
2747 5570 3149 5625 sanctissimum
3173 5571 3347 5625 virum
3373 5570 3501 5625 Bar-

1930 5662 2207 5719 batianum
2249 5660 2561 5728 deportatus
2613 5659 2873 5733 confugit,
2903 5669 2962 5717 ut
3001 5662 3071 5718 de
3096 5662 3199 5718 hoc
3217 5661 3502 5719 sanitatem
