3936 6180
387 309 487 373 ΤΗ

1373 310 1465 366 AD
1499 310 1792 367 AGNELLI
1831 309 2281 366 PONTlFICALE
2317 307 2676 366 APPENDIX.
2730 325 2734 330 ‘

3533 308 3664 370 779

383 428 690 500 supplicans
717 425 1002 481 inveniret.
1031 418 1133 488 Qui
1163 421 1290 478 dum
1324 423 1552 478 intuitus
1583 439 1708 478 eum
1764 422 1962 495 [Quem
1993 427 2042 484 Α
2067 423 2133 476 ad
2157 423 2353 478 coelum
2384 423 2589 489 levans,
2615 421 2790 478 oravit
2817 422 3151 488 diutissime;
3201 433 3256 480 et
3285 435 3404 495 post
3435 429 3676 482 oratio-

381 519 533 590 dum]
586 516 957 586 conspexisset
1000 515 1379 570 sanctissimus
1433 514 1634 569 Christi
1662 514 1964 578 confessor,

383 609 651 678 aspiciens
675 608 729 661 in
759 606 979 670 caelum,
1003 613 1375 674 etprostratus
1400 621 1522 660 cum
1551 605 1809 675 lacrymis
1845 619 1968 658 ora-

382 701 462 753 vit
496 698 797 752 Dominum.
844 695 911 748 Et
955 695 1173 750 elevans
1211 709 1269 748 se
1311 695 1378 749 ab
1409 695 1675 757 oratione,
1704 693 1867 763 jussit
1898 693 1967 747 ad

382 807 442 847 se
475 791 723 846 claudum
755 789 1046 856 deportari,
1070 797 1123 841 et.
1144 787 1278 841 dans
1304 787 1607 840 orationem
1635 801 1798 855 super
1817 800 1963 849 eum,

382 883 593 949 signum
649 887 847 934 sanctae
881 877 1060 932 crucis
1107 876 1277 949 [ante]
1315 876 1544 938 faciens,
1600 877 1966 945 redintegrata

383 985 510 1026 sunt
569 972 819 1024 damnata
865 983 986 1023 ossa
1025 967 1356 1037 dilapsornm
1396 966 1470 1038 [et
1517 967 1604 1020 illa
1642 968 1771 1020 hora
1803 983 1966 1022 sanus

383 1064 559 1116 l‘actus
607 1059 734 1132 cst].
769 1059 834 1113 Et
889 1067 1011 1128 post
1070 1066 1247 1112 actam
1301 1058 1658 1112 ammirabilis
1718 1059 1966 1112 sanitatis

382 1151 776 1220 mgritudinem,
806 1148 909 1202 fuit
937 1150 1019 1202 vir
1066 1164 1205 1202 unus
1236 1149 1452 1202 nomine
1509 1148 1764 1212 Isidorus,
1788 1149 1879 1216 qui
1902 1149 1967 1202 de

382 1241 633 1310 pulmone
661 1238 835 1293 fuerat
870 1239 1111 1309 graviter
1145 1239 1438 1302 cruciatus,
1471 1254 1568 1306 pro
1609 1254 1715 1307 qua
1742 1239 1964 1309 aegritu-

385 1329 506 1384 dine
544 1329 722 1382 nullus
766 1328 1101 1382 medicorum
1153 1336 1367 1398 poterat
1399 1329 1445 1381 ei
1485 1328 1780 1382 remedium
1821 1328 1967 1382 sani-

383 1417 512 1471 tatis
538 1423 818 1486 prtestare,
851 1417 945 1471 sed
966 1417 1168 1480 omnia,
1197 1433 1318 1486 quae
1338 1417 1414 1470 illi
1435 1416 1727 1481 faciebant,
1756 1427 1968 1472 contra-

383 1510 464 1564 ria
495 1509 822 1572 existebant,
847 1517 900 1562 et
929 1523 1052 1562 cum
1072 1508 1185 1578 jam
1229 1505 1567 1578 putrefactus
1589 1507 1798 1573 fuisset,
1832 1523 1967 1578 pau-

384 1597 534 1652 latim
563 1597 837 1664 expuebat
860 1597 913 1650 in
943 1595 1156 1666 ﬁegma,
1186 1605 1350 1665 atque
1382 1596 1435 1649 in
1468 1597 1790 1665 sanguinem
1819 1612 1970 1652 reso-

382 1688 550 1751 lutus,
579 1686 739 1741 linem
765 1687 888 1741 vita:
919 1701 987 1740 ex
1029 1686 1132 1741 hoc
1153 1686 1503 1755 exspectabat
1538 1685 1641 1740 sibi
1671 1687 1875 1742 venire.
1903 1687 1974 1741 Et

2071 531 2194 570 nem
2243 515 2532 586 expletam,
2597 514 2792 570 tollens
2827 529 2990 570 unam
3035 516 3295 580 caricam,
3324 525 3378 571 et
3427 518 3678 586 signum

2069 613 2269 657 sanctae
2298 605 2476 658 crucis
2501 605 2733 674 desuper
2764 602 2912 668 fecit,
2938 612 2994 656 et
3013 604 3204 659 detulit
3232 604 3307 658 illi
3337 615 3571 676 :egroto,
3603 614 3683 659 ut

2069 694 2394 748 comedcrct.
2438 694 2540 760 Qui
2570 695 2694 748 dum
2742 692 3024 748 confestim
3055 709 3177 748 cum
3218 710 3410 764 magno
3451 695 3686 765 gaudio

2071 785 2362 854 recepisset
2380 785 2790 850 etcomedisset,
2814 787 2878 838 de
2905 785 3155 853 praesenti
3179 785 3460 839 sanitatem
3484 789 3688 854 adep—

2072 883 2157 929 tus
2181 885 2284 941 est,
2322 885 2375 929 et
2420 874 2714 945 perfectam
2760 874 2987 929 salutem
3016 876 3220 944 potitus
3235 882 3336 929 est.
3366 875 3430 928 Et
3475 875 3686 932 ﬁdelis

2070 979 2248 1032 praeco
2285 965 2354 1018 ab
2383 965 2498 1033 ipso
2542 966 2740 1019 missus
2764 965 2992 1034 gratiam
3020 966 3346 1019 sanctissimi
3383 967 3483 1019 viri
3513 981 3686 1019 con-

2071 1055 2340 1119 laudabat,
2374 1063 2429 1109 et
2481 1055 2534 1108 in
2585 1056 2697 1110 suis
2752 1056 2992 1110 humeris
3041 1055 3295 1110 lectulum
3331 1071 3576 1119 sumens,
3615 1057 3688 1109 in

2071 1158 2178 1213 quo
2223 1145 2289 1197 ad
2321 1144 2639 1198 veniendum
2680 1145 2966 1201 subvectus
2994 1153 3100 1210 est,
3135 1145 3465 1214 deportabat.
3489 1145 3562 1199 Et
3614 1145 3690 1200 in

2071 1233 2175 1288 hoc
2224 1233 2442 1287 imitans
2472 1234 2621 1288 illum
2649 1249 2832 1304 opere,
2862 1235 2951 1303 qui
3002 1235 3056 1288 in
3103 1234 3383 1289 Probatica
3438 1237 3688 1303 piscina

2073 1323 2330 1392 languens
2349 1321 2618 1391 jacuerat,
2641 1339 2802 1392 quem
2818 1323 3064 1377 Christus
3075 1331 3196 1391 post
3212 1323 3423 1392 triginta
3447 1333 3500 1376 et
3521 1333 3689 1376 octo

2073 1428 2244 1468 annos
2273 1413 2602 1477 salviﬁcans,
2629 1414 2705 1466 ait
2733 1429 2750 1466 :
2782 1411 2925 1466 Tolle
2953 1411 3229 1482 grabatum
3251 1421 3415 1475 tuum,
3462 1421 3510 1466 et
3532 1428 3689 1463 am-

2074 1503 2214 1558 bula.
2240 1503 2602 1574 lpsejusserat
2627 1503 2951 1558 ineffabilem
2968 1504 3222 1557 virtutem
3237 1512 3433 1573 et0pus
3453 1503 3691 1556 ammi-

2075 1596 2264 1660 rabile,
2280 1596 2420 1666 quod
2437 1597 2489 1650 in
2500 1611 2565 1650 eo
2577 1596 2869 1667 pertulerat
2887 1594 3096 1666 [tollere
3108 1595 3388 1665 grabatum
3401 1609 3591 1657 suum,
3616 1600 3693 1647 et

2082 1687 2360 1743 ambulare
2377 1689 2552 1758 ipsum
2567 1688 2805 1749 miserat,
2822 1685 3144 1740 ineffabilem
3159 1685 3354 1738 virtute
3378 1703 3427 1748 ιι,
3441 1693 3496 1738 et
3512 1677 3689 1752 opus

383 1778 509 1833 dum
539 1778 592 1831 in
640 1777 743 1831 hoc
767 1775 1012 1848 [prepter
1060 1775 1184 1847 hoc]
1216 1776 1453 1831 Isidorus
1484 1791 1542 1831 se
1592 1776 1769 1846 ipsum
1797 1777 1974 1847 despi-
2001 1783 2047 1842 B
2076 1777 2415 1843 admirabile,
2437 1778 2580 1847 quod
2600 1777 2649 1831 ei
2665 1785 2886 1832 sanctus
2898 1777 3245 1844 praestiterat,
3269 1773 3685 1846 patefaciens].

381 1867 535 1921 ciens
559 1873 614 1921 et
635 1881 985 1936 cognoscens,
1025 1866 1168 1934 quod
1196 1866 1398 1920 nullam
1424 1867 1678 1921 sanitatis
1701 1882 1852 1936 spem
1879 1866 1972 1940 [ab

385 1955 716 2026 hominibus]
741 1956 1063 2026 accepisset,
1097 1955 1232 2010 abiit
1249 1955 1315 2008 ad
1345 1955 1974 2012 beatumBarbatianum

383 2042 603 2097 silentio
652 2058 830 2108 mane,
883 2051 944 2098 ut
977 2044 1044 2098 de
1097 2042 1217 2113 ejus
1254 2043 1505 2100 manibus
1541 2043 1974 2100 benedictionem

386 2132 712 2202 perciperet,
768 2140 825 2187 et
872 2133 1062 2188 salutis
1103 2133 1212 2188 sibi
1257 2142 1603 2203 recuperaret
1656 2135 1973 2190 remedium.

386 2223 558 2290 Quem
581 2224 706 2278 dum
737 2224 1114 2279 sanctissimus
1141 2223 1227 2278 vir
1245 2225 1596 2293 exquisisset,
1624 2225 1677 2279 in
1711 2225 1979 2297 lacrymas

388 2314 570 2370 vultus
591 2315 710 2386 ejus
733 2314 998 2370 deventus
1025 2321 1110 2370 est
1139 2313 1497 2385 [inquisisset,
1525 2325 1580 2369 et
1604 2315 1978 2370 inﬁrmitatem

390 2407 460 2462 ab
481 2421 546 2460 eo
572 2406 864 2462 indicatam
889 2406 1148 2470 audisset,
1171 2404 1498 2476 lacrymatus
1521 2413 1607 2460 est
1628 2405 1977 2480 diutissime],

388 2509 446 2552 et
492 2498 657 2552 humo
709 2504 1018 2565 prostratus
1053 2495 1341 2549 Dominum
1367 2495 1785 2565 deprecabatur,
1820 2503 1881 2549 ut
1902 2481 1980 2549 illi

387 2587 617 2642 salutem
647 2586 731 2640 sui
757 2585 1004 2654 corporis
1043 2584 1334 2654 pristinam
1380 2585 1690 2639 redonaret.
1723 2584 1825 2652 Qui
1853 2601 1979 2640 sur-

387 2691 522 2747 gens
564 2677 633 2732 ab
651 2674 922 2739 oratione,
947 2674 1214 2729 modicam
1252 2673 1377 2728 citri
1409 2673 1610 2743 petiam
1638 2673 1687 2728 ei
1715 2674 1978 2744 porrexit.

390 2766 492 2834 Qui
510 2767 625 2835 ipse
651 2772 909 2835 aegrotus,
927 2763 1069 2833 quod
1097 2762 1165 2817 ab
1191 2776 1256 2818 eo
1280 2770 1566 2832 acceperat
1595 2761 1782 2833 [quam
1802 2778 1978 2833 aegro-

390 2855 520 2927 tus],
535 2854 962 2926 grate-suscepit,
978 2861 1032 2908 et
1043 2853 1274 2908 libenter
1285 2853 1534 2908 comedit.
1552 2852 1790 2921 Quicum
1805 2855 1982 2910 adhuc

388 2954 694 3005 extremum
723 2944 869 3006 citri,
895 2958 1056 3014 quem
1079 2943 1418 3009 comedebat,
1450 2945 1736 3000 manderet
1755 2944 1984 3017 [Quum-

389 3049 495 3104 qne
518 3035 694 3088 adhuc
713 3042 1012 3088 extremam
1038 3042 1246 3102 partem
1272 3033 1398 3088 citri
1423 3034 1746 3108 manderet],
1765 3035 1906 3091 illico
1924 3037 1981 3092 in

2055 1887 2060 1892 '
2142 1869 2343 1925 Eodem
2399 1879 2640 1939 tempore
2670 1869 2771 1922 fuit
2800 1870 2882 1922 vir
2927 1868 3146 1937 quidam
3174 1866 3389 1921 nomine
3410 1866 3688 1932 Geddeo,

2073 1961 2165 2031 qui
2189 1959 2419 2014 habebat
2447 1959 2501 2013 in
2533 1959 2753 2030 inguine
2779 1958 3034 2012 ﬁstulam.
3061 1957 3142 2010 Ad
3190 1957 3291 2011 hoc
3322 1965 3688 2026 expectacu-

2074 2049 2184 2103 lum
2215 2049 2342 2120 [hoc
2385 2045 2777 2118 spectaculum]
2808 2046 2876 2100 ad
2913 2047 2998 2100 sui
3025 2045 3510 2100 considerationem
3549 2061 3688 2099 nos

2076 2143 2301 2198 attraxit
2365 2139 2656 2214 [attrahit].
2703 2140 2887 2194 Passio
2938 2153 3068 2194 vero
3125 2138 3395 2209 languoris
3435 2136 3688 2203 ﬁstulas,

2077 2248 2239 2303 quam
2277 2231 2483 2286 habens
2507 2229 2786 2302 [habebat]
2819 2230 2874 2284 in
2916 2229 3140 2300 inguine
3181 2243 3252 2282 ex
3303 2242 3371 2283 eo
3418 2227 3692 2297 gignitur

2081 2323 2229 2394 [nata
2243 2322 2372 2394 est],
2388 2324 2531 2392 quod
2553 2321 2761 2393 ﬂagella
2782 2337 3091 2393 perpessus,
3109 2330 3165 2376 et
3185 2320 3422 2376 humoris
3438 2318 3693 2374 efﬂuen-

2078 2413 2222 2467 tibus
2279 2413 2466 2483 guttis,
2499 2421 2555 2467 et
2583 2412 2782 2467 ibidem
2829 2427 2896 2466 ex
2929 2420 3042 2467 toto
3065 2425 3292 2479 corpore
3315 2409 3590 2474 collectis,
3615 2419 3690 2464 et

2079 2506 2182 2561 hoc
2203 2506 2464 2576 supplicio
2510 2506 2799 2576 impeditus
2842 2505 3071 2561 salutem
3119 2503 3501 2576 [humoresque
3524 2518 3689 2557 con-

2079 2594 2370 2652 ﬂuentibus
2419 2598 2587 2668 guttis
2642 2597 2846 2652 ibidem
2898 2613 2964 2652 ex
3015 2605 3128 2651 toto
3174 2609 3402 2665 corpore
3439 2593 3686 2649 collecti

2079 2699 2226 2745 sunt.
2262 2691 2341 2744 Ex
2369 2692 2472 2746 hoc
2501 2691 2762 2761 supplicio
2798 2690 2963 2745 eximi
2983 2686 3220 2760 penitus]
3243 2687 3461 2758 cupiens
3489 2684 3689 2740 medi-

2081 2795 2267 2836 corum
2318 2779 2628 2835 adhaerebat
2679 2778 2940 2834 vestibulo
2996 2777 3328 2847 frequenter,
3359 2783 3414 2830 et
3450 2773 3688 2844 iugiter

2079 2871 2384 2943 procedens
2428 2871 2497 2926 ad
2533 2885 2628 2926 eos
2661 2871 3048 2926 deducebatur.
3082 2869 3217 2922 Dum
3253 2881 3382 2922 vero
3408 2865 3685 2919 omnium

2081 2961 2470 3032 experientiam
2523 2961 2840 3030 accepisset,
2879 2959 3169 3028 omniaque
3207 2957 3544 3027 impendens,
3607 2964 3685 3009 et

2082 3065 2191 3106 non
2219 3050 2410 3106 fuisset
2447 3050 2704 3106 liberatus
2747 3065 2778 3103 a
2810 3049 3011 3113 ﬁstula,
3037 3049 3107 3103 ad
3132 3048 3535 3108 sanctissimum
3578 3046 3684 3101 vi—

391 3123 654 3176 vomitum
686 3131 864 3178 motus
892 3131 995 3186 est,
1017 3131 1081 3210 [et
1103 3123 1352 3177 turbatus
1370 3131 1476 3187 est,
1503 3133 1561 3178 et
1583 3139 1688 3179 una
1709 3142 1830 3180 cum
1856 3128 1978 3182 cibo
2005 3147 2050 3210 ρ
2082 3156 2202 3194 rum
2225 3139 2608 3194 Barbatianum
2647 3141 2870 3195 veniens
2919 3149 3105 3204 ηοοιιι,
3138 3153 3244 3192 non
3267 3137 3468 3192 habens
3488 3137 3686 3191 medi.

395 3209 777 3278 vermem,_qui
799 3210 916 3279 ejus
942 3209 1249 3279 pulmonem
1277 3211 1362 3266 vel
1393 3212 1602 3268 viscera
1638 3216 1976 3282 comedebat,

393 3297 612 3366 abjecit.
679 3299 781 3366 Qui
813 3313 936 3353 eum
989 3297 1232 3366 ejiciens,
1278 3301 1483 3368 pariter
1510 3310 1565 3356 et
1606 3303 1981 3371 aegritudinem

396 3388 646 3452 abstulit,
674 3387 996 3442 etsanitatis
1027 3387 1340 3443 ﬁrmitatem
1374 3391 1634 3445 continuo
1659 3393 1880 3461 recepit.

463 3479 594 3534 Post
641 3479 1034 3534 ammirabilem
1085 3493 1214 3534 vero
1241 3481 1580 3536 curationem
1609 3481 1842 3548 Isidorii,
1890 3483 1982 3539 Mi-

397 3571 544 3627 natis
569 3569 937 3624 inﬁrmitatem
980 3571 1035 3625 in
1086 3572 1324 3626 medium
1379 3573 1743 3643 proferamus,
1795 3584 1856 3629 ut
1895 3592 1982 3632 ve-

394 3661 527 3716 stris
575 3662 798 3717 auribus
843 3662 1126 3717 audientes
1160 3663 1445 3718 Dominum
1505 3673 1750 3720 nostrum
1796 3665 1980 3722 Jesum

394 3748 674 3808 Christum
724 3752 973 3809 laudibus
1013 3761 1070 3807 et
1136 3753 1352 3824 hymnis
1389 3755 1724 3824 gloriﬁcetis.
1761 3758 1860 3813 llic
1886 3774 1984 3813 au-

396 3851 506 3896 tem
539 3843 730 3908 Minas,
760 3861 922 3916 quem
946 3850 1388 3915 memoravimus,
1420 3850 1726 3906 inﬁrmatus
1747 3861 1832 3908 est
1859 3869 1982 3924 gra-

399 3935 558 3998 viter,
583 3945 808 4005 eratque
835 3937 953 4006 ejus
992 3937 1284 3993 inﬁrmitas
1315 3939 1485 3996 febris
1515 3942 1836 4008 vehemens,
1862 3959 1983 4013 qua:

396 4023 724 4079 intestantcr
742 4025 1055 4099 [instanter]
1081 4043 1204 4083 eum
1237 4039 1399 4099 atque
1423 4033 1982 4105 ﬁagranteraggressa

396 4123 502 4176 est,
531 4121 586 4167 et
615 4113 725 4168 fere
745 4113 907 4170 omne
931 4131 1127 4186 corpus
1146 4118 1264 4186 ejus
1302 4120 1528 4174 humore
1565 4123 1886 4193 extinguens
1912 4125 1982 4178 ad

395 4202 764 4270 empsicbeam
820 4208 1198 4262 emensitatcm
1267 4207 1796 4282 desiccationemque
1851 4227 1979 4282 pro-

398 4292 571 4346 duxit.
627 4293 710 4348 Ad
766 4310 928 4364 quam
979 4298 1186 4352 ventris
1252 4299 1670 4356 desiccationem
1729 4303 1980 4374 discipuli

397 4381 732 4435 medicorum
787 4383 1103 4438 deferebant
1155 4387 1398 4442 antidota
1443 4398 1499 4444 et
1534 4391 1686 4446 cibos
1715 4393 1807 4464 qui
1845 4409 1977 4449 ven-

2083 3245 2206 3286 cum
2233 3231 2324 3300 qui
2357 3231 2408 3284 ei
2460 3231 2820 3288 continuisset
2857 3229 3270 3303 [continuasset]
3319 3243 3526 3290 curam,
3555 3244 3683 3284 nec

2081 3313 2270 3377 aurum
2298 3323 2523 3387 habens,
2546 3337 2719 3391 neque
2735 3332 3038 3394 argentum,
3065 3324 3160 3377 sed
3181 3323 3250 3377 ad
3268 3323 3437 3392 ipsum
3457 3323 3676 3384 virum,

2082 3413 2173 3482 qui
2212 3427 2321 3466 non
2351 3412 2596 3483 indigens
2625 3413 2944 3485 [indigebat]
2973 3413 3332 3478 mercedibus,
3362 3413 3453 3467 sed
3484 3413 3680 3482 magis

2083 3500 2270 3570 inopes
2299 3503 2484 3564 nutrit,
2515 3510 2570 3555 ct
2598 3502 2826 3557 inﬁrmis
2849 3511 3071 3571 praestat
3098 3502 3674 3573 beneﬁcia,pervenit.

2083 3591 2184 3658 Qui
2212 3592 2336 3646 dum
2361 3592 2727 3647 adinvenisset
2768 3593 2856 3665 [ad
2885 3610 3047 3663 quem
3081 3596 3207 3649 dum
3234 3593 3514 3666 venisset],
3536 3595 3678 3648 vul-

2083 3696 2186 3734 nus
2209 3696 2363 3734 suum
2409 3681 2483 3735 illi
2531 3681 2722 3754 [illico]
2775 3685 3119 3739 sanctissimo
3151 3685 3302 3740 Patri
3326 3687 3578 3749 ostendit,
3608 3696 3676 3742 et

2084 3771 2138 3825 in
2166 3773 2413 3828 oratione
2456 3783 2761 3842 prostratus
2789 3775 3072 3830 Dominum
3095 3779 3417 3846 deprecatus
3430 3788 3533 3833 est.
3557 3777 3674 3844 Qui

2084 3861 2301 3914 elevans
2326 3877 2386 3916 se
2427 3863 2496 3916 ab
2521 3865 2791 3931 oratione,
2819 3867 3062 3934 porrexit
3081 3868 3257 3924 eidem
3287 3870 3353 3923 de
3376 3885 3538 3924 manu
3562 3887 3670 3924 sua

2083 3950 2388 4005 confectum
2421 3953 2769 4022 cataplasma,
2809 3957 2954 4025 quod
2985 3958 3214 4026 accepit,
3247 3967 3355 4012 tam
3387 3960 3455 4012 ad
3485 3962 3675 4014 eradi-

2083 4046 2316 4099 candum
2370 4046 2605 4100 ﬁstulam
2634 4063 2903 4116 quamque
2953 4050 3021 4104 ad
3071 4051 3449 4121 complendum
3488 4053 3672 4121 ipsum

2084 4137 2297 4190 vulnus.
2359 4137 2478 4203 Quo
2535 4153 2666 4192 vero
2711 4140 3088 4208 superposito,
3141 4150 3196 4196 et
3248 4141 3423 4195 ﬁstula
3462 4143 3670 4196 siccata

2084 4236 2189 4290 est,
2220 4236 2275 4281 et
2301 4229 2506 4281 cavitas
2532 4229 2711 4282 statim
2737 4229 2939 4298 repleta
2979 4239 3080 4294 est,
3112 4238 3167 4286 et
3200 4231 3267 4284 ad
3303 4233 3567 4287 honorem
3611 4241 3673 4287 et

2083 4316 2298 4371 laudem
2328 4319 2500 4372 sancti
2527 4319 2728 4373 Christi
2751 4320 3078 4375 confessoris
3114 4337 3278 4376 sanus
3302 4322 3527 4377 effectus
3559 4333 3668 4378 est.

2155 4406 2261 4461 Sed
2303 4408 2408 4461 alia
2440 4409 2722 4474 miracula,
2745 4424 2866 4478 quae
2891 4427 2988 4480 per
3013 4413 3418 4467 sanctissimum
3449 4413 3672 4468 confes-

399 4482 550 4571 trem
567 4473 856 4571 solverent,
875 4485 955 4571 Aet
970 4478 1099 4530 nihil
1128 4479 1178 4533 ei
1207 4494 1326 4547 qua:
1357 4481 1620 4537 dederant
1640 4465 1980 4553 profuerant,
2009 4488 2061 4547 D
2087 4511 2261 4550 sorem
2291 4496 2492 4550 Christi
2520 4465 2908 4552 Barbatianurn
2946 4500 3207 4555 Dominus
3241 4512 3502 4571 operatus
3552 4513 3663 4569 est,

395 4565 492 4619 scd
519 4567 758 4621 deterius
803 4568 1060 4634 habebat,
1085 4579 1141 4624 et
1166 4573 1404 4640 graviter
1449 4575 1498 4627 ei
1533 4587 1852 4632 nocuerunt.
1880 4579 1982 4646 Qui

397 4655 525 4708 dum
553 4671 649 4725 per
673 4658 757 4711 bis
778 4666 983 4726 septem
1001 4659 1117 4714 dies
1145 4675 1432 4730 perpessus
1453 4665 1775 4733 periculum,
1801 4677 1858 4722 ut
1884 4667 1984 4740 [et]

400 4746 541 4796 ultra
575 4745 718 4800 ferre
746 4765 852 4802 non
877 4749 1083 4816 valens,
1107 4752 1176 4806 ad
1208 4755 1611 4811 sanctissimum
1645 4758 1824 4814 virum
1856 4760 1986 4814 Bar-

399 4834 676 4890 batianum
723 4838 776 4892 in
807 4839 1078 4907 cellulam,
1109 4843 1199 4896 ubi
1230 4859 1289 4898 se
1337 4845 1690 4913 applicuerat,
1723 4850 1983 4919 confugit,

397 4935 452 4978 ct
474 4925 649 4981 eidem
679 4928 843 4983 vitam
887 4940 1224 5002 mortemque
1256 4935 1623 5000 committens,
1651 4937 1751 5010 [et]
1774 4940 1988 5008 quando

399 5016 468 5069 ad
518 5033 642 5072 eum
695 5023 864 5097 venit,
895 5037 1002 5076 non
1051 5024 1296 5092 pedibus,
1335 5041 1510 5095 neque
1538 5026 1716 5084 furibo
1738 5031 1909 5093 venit,
1935 5031 1988 5084 in

400 5122 508 5175 quo
538 5109 896 5179 deportantur
942 5115 1154 5182 aegroti,
1186 5114 1360 5187 [quia]
1399 5132 1500 5171 nec
1532 5120 1720 5174 sedere
1757 5129 1987 5190 poterat,

402 5215 504 5254 nec
521 5203 824 5268 ambulare,
853 5203 949 5258 sed
973 5204 1025 5257 in
1058 5205 1256 5271 lectulo
1279 5208 1468 5277 jacens
1489 5225 1520 5262 a
1547 5211 1785 5266 sedecim
1813 5213 1990 5266 homi-

403 5291 562 5345 nibus
592 5293 707 5347 vice
739 5292 858 5365 [per
906 5294 1073 5366 vices]
1113 5305 1362 5364 portatus
1406 5308 1510 5354 est.
1560 5300 1663 5368 Qui
1708 5303 1986 5358 venientes

407 5380 474 5435 ad
501 5380 675 5450 ipsum
703 5385 1102 5439 sanctissimum
1131 5387 1322 5455 virum
1354 5387 1771 5456 Barbatianum,
1824 5397 1988 5446 humo

404 5473 658 5540 prostrati
701 5476 996 5542 portitores
1043 5477 1378 5546 postulantes
1410 5478 1880 5551 [postulaverunt],
1930 5489 1992 5534 ut

402 5575 526 5614 eum
557 5564 763 5618 salvum
792 5565 1009 5621 faceret.
1035 5568 1136 5634 Qui
1163 5569 1446 5624 confestim
1466 5571 1691 5642 [Christi
1714 5587 1840 5626 vero
1861 5589 1990 5626 con-

406 5650 601 5705 fessori
639 5665 698 5709 ut
746 5656 880 5710 vidit
915 5673 1057 5721 eum,
1089 5659 1342 5714 misertus
1363 5671 1446 5716 est
1464 5663 1531 5718 ei.
1565 5671 1622 5718 et
1650 5663 1836 5719 oculos
1862 5678 1990 5719 suos

2087 4587 2141 4640 in
2165 4587 2398 4640 medium
2425 4587 2761 4656 proferamus
2778 4628 2792 4652 ,
2815 4597 2871 4642 et
2897 4590 3063 4644 divini
3085 4591 3278 4645 medici
3300 4594 3667 4662 disciplinam,

2085 4684 2139 4727 et
2165 4677 2387 4728 virtutis
2416 4677 2667 4743 gratiam,
2710 4691 2832 4746 qua‘
2853 4681 2903 4733 ei
2933 4695 2962 4733 a
2995 4681 3105 4735 Deo
3135 4697 3393 4738 concessa
3424 4695 3510 4739 est
3539 4701 3660 4740 eun-

2088 4763 2372 4818 laudantes
2421 4766 2489 4819 ad
2519 4765 2810 4821 Minantem
2840 4769 3050 4825 lordnm
3092 4771 3437 4846 [loripedem]
3490 4785 3672 4830 trans—

2091 4853 2309 4908 ibimus.
2357 4853 2458 4908 llic
2509 4857 2740 4911 canendi
2793 4857 3104 4916 Barbatiani
3133 4864 3396 4933 martyrio
3436 4864 3670 4920 faciente

2090 4942 2242 5005 velox
2273 4943 2498 5012 pedibus
2526 4955 2648 4999 erat
2689 4945 2862 5002 Minas
2905 4949 3065 5020 [hanc
3091 4952 3143 5005 in
3172 4951 3328 5007 laude
3351 4952 3669 5010 Barbatiani

2092 5034 2377 5088 materiam
2431 5034 2717 5091 habentes.
2770 5039 2939 5093 Velox
2991 5043 3217 5110 pedibus
3252 5052 3371 5098 erat
3427 5044 3669 5118 minans]

2095 5130 2355 5192 tanquam
2383 5124 2560 5179 siuna
2588 5142 2786 5196 caprea
2815 5130 2866 5182 in
2890 5146 3020 5200 agro
3036 5130 3188 5199 juxta
3218 5142 3466 5188 sanctam
3490 5136 3673 5206 Scrip-

2095 5220 2275 5266 turam
2307 5213 2618 5279 dicentem;
2656 5217 2854 5272 Asahel
2882 5219 3049 5284 illum,
3075 5224 3166 5289 qui
3196 5238 3290 5292 per
3321 5225 3668 5280 velocitatem

2096 5303 2295 5374 pedum
2347 5305 2400 5358 in
2459 5304 2756 5376 Scripturis
2801 5319 2945 5364 esset
2993 5313 3368 5368 ammirabilis.
3397 5315 3500 5383 Qui
3541 5319 3670 5372 dum

2094 5393 2471 5449 velocissimus
2498 5400 2747 5453 cursibus
2773 5409 3032 5466 uteretur,
3063 5403 3244 5472 lorpes
3262 5419 3560 5461 conversus
3585 5418 3671 5461 est

2095 5484 2161 5537 de
2186 5485 2402 5554 eripcde
2433 5485 2666 5558 [longam
2710 5490 3016 5546 incurrerat
3053 5495 3452 5564 aegritudinem,
3486 5498 3541 5551 in
3561 5515 3668 5566 qua

2096 5577 2296 5646 loripes
2322 5578 2498 5635 factus
2543 5591 2627 5637 est
2676 5584 2744 5638 de
2785 5586 3120 5658 eripedc],et
3149 5591 3214 5643 de
3257 5589 3413 5659 longa
3447 5593 3667 5645 tandem

2093 5667 2180 5722 vix
2212 5669 2440 5726 exiliens
2459 5674 2776 5744 aegritudine
2797 5691 2902 5732 non
2931 5684 3112 5733 tamen
3143 5681 3315 5737 evasit
3339 5679 3458 5750 ejus
3477 5682 3666 5750 perni-
