3936 6180
219 311 312 348 ΗΟ

1088 285 1451 344 ANALECTA
1488 287 1578 343 DE
1616 286 1964 344 EPISCOPIS
2002 286 2550 345 RAV'ENNATIBUS.

3347 287 3450 341 7Τῶ

209 403 371 463 ciem,
393 397 488 454 sed
542 395 831 453 immobilis
865 397 1162 466 permansit
1216 396 1438 460 lectulo,
1469 396 1635 451 etiam
1664 412 1773 450 non
1805 405 1852 462 Α
1881 397 1994 464 ipse
2020 395 2111 449 Dei
2139 394 2372 449 famulus
2405 411 2436 449 a
2478 394 2839 450 fundamentis
2884 409 2988 450 una
3019 397 3322 452 construxit
3367 399 3456 468 [et

207 500 422 546 erectus
457 489 522 542 de
547 487 875 560 azgrimonia.
905 485 1126 540 Medicis
1159 501 1286 540 vero
1326 485 1537 556 longam
1563 487 1778 554 quidem

206 581 576 638 inﬁrmitatem
616 577 1052 647 prmdicentibus,
1085 585 1140 630 et
1185 577 1600 646 desperantibus
1655 592 1781 632 eum

207 673 549 742 aegritudine,
587 687 705 738 qua:
746 684 812 722 ex
844 669 1031 723 morbo
1061 669 1150 722 illo
1186 667 1464 737 progenita
1490 667 1687 732 fuerat,
1729 669 1784 721 in

202 766 414 820 somnis
447 764 695 834 apparuit
749 763 798 816 ei
851 761 984 814 visio
1034 760 1208 832 [deest
1241 758 1401 830 visio]
1457 755 1783 812 sanctissimi

209 851 312 903 viri
345 849 652 902 Barbati-aui
703 848 1036 901 orationibus
1066 846 1305 900 liberari.
1338 845 1402 898 Et
1434 845 1613 898 subito
1647 842 1786 912 vigi-

210 943 351 1004 lans,
401 939 627 991 aliorqu
665 936 888 1005 pedibus
917 936 982 989 ad
1028 935 1144 1002 ejus
1182 933 1432 989 cellulam
1472 933 1786 1001 deportatus

212 1038 293 1084 est
328 1028 604 1081 nocturnis
652 1027 822 1079 horis.
853 1025 951 1091 Qui
983 1025 1110 1078 dum
1161 1023 1494 1077 conﬁdenter
1522 1021 1785 1090 perrexis-

214 1130 313 1180 set,
330 1119 519 1172 videns
538 1134 657 1171 cum
676 1116 952 1170 confessor
973 1115 1170 1170 Christi
1192 1113 1366 1168 oravit
1393 1114 1458 1166 ad
1478 1111 1787 1172 Dominum,

215 1226 268 1263 et
300 1223 518 1262 nervam
545 1205 747 1276 [Forte,
775 1205 1038 1269 hcrniam,
1067 1203 1282 1267 Bacch,
1310 1203 1464 1272 forte,
1496 1199 1786 1271 ignaviam]

218 1302 363 1355 illam
431 1299 646 1369 ahjccit,
684 1306 738 1351 et
789 1297 1129 1350 velocitatem
1182 1295 1469 1365 pristinam
1500 1293 1708 1363 recepit
1735 1292 1789 1345 in

216 1391 434 1447 Christo
456 1388 581 1444 Jesu
617 1387 844 1442 Domino
883 1395 1088 1440 nostro.

290 1479 398 1533 Sed
428 1488 482 1532 et
508 1490 628 1548 post
651 1479 754 1531 hoc
782 1475 1103 1530 miraculum
1126 1475 1332 1530 sanitas
1350 1473 1618 1529 Theodori
1643 1488 1795 1528 acce-

218 1573 311 1627 dat
343 1572 394 1625 in
441 1571 697 1635 medium,
727 1569 817 1640 qui
841 1569 952 1639 ipse
987 1567 1301 1622 Theodorus
1323 1575 1588 1638 aegrotans
1607 1566 1792 1621 oculo-

217 1679 340 1718 rum
361 1661 602 1732 corporis
621 1661 869 1715 orbitate.
895 1659 989 1714 His
1009 1659 1223 1728 quidem
1248 1658 1435 1713 dolens
1456 1657 1790 1720 Theodorus,

1881 485 1934 538 in
1963 485 2165 538 honore
2191 485 2332 539 beati
2359 484 2580 538 Joannis
2608 485 2860 554 Baptism
2896 485 3108 558 sanxit]
3139 527 3154 551 ,
3183 487 3235 540 in
3262 504 3369 556 quo
3403 502 3458 543 et

1881 577 2268 630 monachorum
2315 574 2554 644 regulam
2583 574 2944 639 conﬁrmavit,
2981 593 3102 630 cum
3139 578 3336 646 quibus
3372 579 3460 636 die

1882 677 2150 737 noctuque
2185 667 2404 737 jejuniis
2438 674 2494 720 et
2523 666 2856 721 orationibus
2900 666 3128 722 Domino
3176 670 3458 724 serviendo

1883 759 2104 812 minime
2127 760 2391 813 cessabat.
2426 757 2522 812 llis
2553 757 2733 826 itaque
2770 757 2934 826 gestis
2961 756 3061 811 fuit
3085 759 3168 812 vir
3192 775 3331 814 unus
3364 775 3461 814 no-

1885 852 2027 906 mine
2066 850 2304 906 J'ulianus
2337 851 2401 904 de
2429 849 2594 903 nobili
2636 863 2830 917 genere
2868 858 3051 913 ortus,
3082 851 3205 919 quia
3233 852 3460 906 audiens

1884 943 2028 1010 quod
2071 942 2153 994 vir
2191 941 2562 995 sanctissimus
2606 949 2889 1009 praestaret
2929 940 3152 1007 singulis
3177 941 3460 1006 beneﬁcia,

1884 1030 2124 1101 perrexit
2148 1045 2270 1082 cum
2299 1029 2660 1082 oblationibus
2686 1028 3054 1091 obtiucndmn,
3083 1038 3142 1082 ut
3175 1031 3461 1084 missarum

1887 1121 1988 1174 sibi
2012 1119 2303 1188 solempnia
2342 1119 2641 1174 celebraret
2678 1119 2744 1172 ad
2788 1118 3123 1172 liberandum
3155 1120 3269 1189 ejus
3299 1120 3465 1174 tilium

1889 1211 2002 1266 suis
2031 1211 2233 1266 sanctis
2253 1209 2607 1272 orationibus,
2650 1209 2772 1277 quia
2812 1208 2928 1274 ejus
2955 1216 3139 1276 guttur
3167 1210 3470 1278 scruphulae

1890 1302 2374 1365 circumdederant,
2418 1308 2473 1353 et
2497 1299 2758 1352 maximas
2795 1307 2948 1352 cutes
2981 1299 3200 1361 habens,
3249 1299 3472 1352 minime

1891 1389 2107 1443 valebat
2156 1404 2308 1444 suam
2357 1388 2621 1442 cervicem
2665 1388 2896 1457 erigere,
2948 1387 3234 1452 intantuni,
3274 1398 3334 1442 ut
3357 1388 3470 1457 jam

1893 1479 2074 1533 ulcera
2107 1479 2240 1533 foris
2283 1487 2629 1548 apparerent,
2664 1485 2719 1531 et
2743 1478 2920 1531 sanies
2955 1478 3292 1546 putredinem
3327 1492 3473 1531 ema-

1895 1579 2071 1626 naret.
2118 1570 2219 1638 Qui
2269 1571 2396 1624 dum
2435 1569 2755 1639 completam
2786 1569 3069 1624 missarum
3118 1568 3473 1640 [completum

1896 1661 2186 1715 missarum
2227 1659 2538 1732 solemniis]
2587 1661 2890 1713 orationem
2921 1659 3153 1724 fecisset,
3185 1662 3477 1730 prostravit

218 1762 272 1808 et
302 1769 412 1808 non
451 1751 728 1805 inveniens
773 1750 1109 1820 diligentiam
1140 1757 1535 1819 competentem
1567 1746 1796 1820 [.dolore,
1826 1745 1874 1804 B
1900 1764 1958 1804 se
1995 1750 2063 1803 ad
2090 1750 2253 1819 pedes
2288 1749 2613 1803 sanctissimi
2655 1749 2754 1802 viri
2788 1749 3116 1812 Barbatiani,
3147 1757 3202 1802 et
3240 1765 3362 1803 cum
3403 1749 3479 1802 la-

219 1854 272 1898 et
305 1859 414 1898 non
437 1841 717 1896 inveniens
741 1839 1075 1911 diligentiam
1098 1837 1536 1911 competentem],
1565 1839 1619 1892 in
1641 1838 1802 1893 utris-

217 1949 326 2004 que
344 1933 514 1988 oculis
537 1931 710 1986 induit
731 1931 1043 1985 tenebrosas
1066 1928 1470 2007 [tenebrositas]
1493 1930 1798 1985 cicatrices.

221 2024 326 2091 Qui
353 2024 478 2078 dum
503 2021 722 2076 abiisset
743 2021 811 2074 ad
835 2021 1091 2086 medicos,
1116 2030 1172 2076 et
1199 2036 1319 2076 esse
1348 2021 1678 2077 insanabiles
1721 2021 1803 2075 di-

220 2114 464 2174 dicisset,
499 2111 561 2166 ad
591 2119 838 2166 sanctum
891 2109 1272 2164 Barbatianum
1297 2125 1356 2165 se
1385 2119 1598 2181 portare
1619 2109 1802 2178 jussit,

221 2221 393 2261 unam
429 2219 580 2274 spem
633 2202 972 2258 credulitatis
1000 2201 1214 2268 affatur,
1247 2202 1372 2271 quia
1421 2202 1467 2256 si
1517 2201 1659 2272 apud
1682 2217 1805 2256 eum

223 2296 376 2367 iungi
405 2304 650 2366 potuero.
683 2293 791 2348 Sed
826 2293 953 2347 dum
985 2293 1052 2347 ad
1093 2293 1209 2363 ejus
1243 2291 1486 2347 cellulam
1518 2307 1804 2362 pr0peras-

223 2397 330 2452 set,
374 2387 662 2440 obsecrans
693 2383 1088 2438 sanctissimum
1146 2381 1223 2454 [in
1253 2383 1338 2436 via
1367 2382 1469 2436 sibi
1511 2397 1660 2453 spem
1691 2397 1812 2437 ere-

224 2477 473 2532 dulitatis
507 2477 717 2536 allatus,
745 2475 867 2544 quia
899 2475 942 2529 si
971 2475 1019 2528 ei
1044 2473 1199 2545 jnngi
1226 2483 1451 2544 potuero
1478 2473 1659 2529 salvus
1691 2489 1804 2530 ero.

228 2567 369 2622 Dum
395 2575 573 2622 autem
603 2567 670 2620 ad
693 2567 808 2636 ejus
834 2564 1079 2620 cellulam
1109 2565 1465 2634 pervenisset,
1491 2565 1807 2619 obsecratus

226 2657 335 2729 est]
362 2658 559 2721 virum,
585 2666 644 2710 ut
669 2656 973 2726 aliquantos
995 2655 1110 2709 dies
1149 2655 1203 2708 in
1232 2655 1472 2725 ejusdem
1503 2655 1812 2710 demoraret

228 2747 449 2802 cellula.
479 2745 648 2814 Quem
695 2745 1068 2801 sanctissimus
1118 2744 1282 2800 Pater
1333 2745 1571 2800 refutare
1617 2746 1809 2811 noluit,

229 2840 324 2895 sed
361 2839 558 2894 ibidem
589 2839 730 2892 idem
751 2853 911 2892 orans
935 2837 1298 2908 gratissimum
1329 2836 1563 2892 fructum
1588 2838 1814 2907 adeptus

229 2939 334 2984 est.
377 2928 504 2982 Post
538 2929 652 2982 hate
686 2928 1059 2982 sanctissimus
1084 2925 1478 2998 [demoraretur
1512 2927 1703 2982 cellula
1726 2927 1814 2982 cui

231 3020 617 3074 sanctiSsimus
644 3018 806 3073 Pater
831 3019 1038 3082 annuit,
1088 3018 1273 3087 sicque
1323 3018 1516 3072 ibidem
1551 3017 1690 3072 idem
1729 3018 1813 3071 in—

1899 1840 2099 1912 crymis
2117 1853 2240 1894 eum
2271 1854 2464 1909 rogare
2505 1841 2690 1910 cmpit,
2721 1849 2779 1893 ut
2803 1855 2903 1895 suo
2932 1839 3041 1894 lilio
3061 1856 3245 1895 curam
3277 1841 3479 1895 sanita-

1899 1931 1971 1986 tis
1990 1931 2292 1994 adhiberet,
2321 1932 2447 2000 quia
2483 1947 2580 2000 per
2618 1931 2815 1986 nullius
2857 1932 2991 1987 artis
3033 1933 3352 1987 medicinam
3393 1933 3474 1986 vel

1900 2022 2021 2077 aliis
2043 2023 2369 2078 dictantibus
2393 2022 2650 2078 valuisset
2671 2038 2792 2088 eum
2824 2023 3076 2079 liberare.
3104 2025 3186 2079 Ad
3208 2025 3323 2079 haec
3353 2025 3479 2079 hea-

1903 2113 2144 2168 tissimus
2177 2114 2260 2168 vir
2293 2113 2517 2168 elevatis
2545 2113 2716 2169 oculis
2745 2115 2813 2168 ad
2847 2115 3067 2180 coelum,
3097 2124 3154 2169 et
3195 2115 3319 2169 data
3358 2130 3483 2168 ora-

1903 2203 2050 2257 tione
2105 2203 2382 2273 ingressus
2440 2214 2524 2258 est
2584 2219 2736 2258 suam
2790 2204 3063 2269 cellulam,
3122 2204 3212 2273 qui
3263 2219 3482 2258 sumens

1904 2306 2070 2345 unum
2091 2292 2412 2362 emplastum
2443 2291 2819 2364 [emplastrum
2841 2293 2924 2348 hic
2953 2305 2999 2347 et
3030 2292 3214 2364 infra]
3243 2294 3296 2347 in
3321 2309 3482 2347 manu

1906 2395 2028 2436 cum
2071 2396 2215 2446 cera,
2244 2391 2298 2437 et
2322 2383 2644 2438 diminutum
2689 2399 2881 2452 panem
2921 2385 3140 2438 mismm
3182 2399 3305 2438 cum
3340 2384 3483 2447 oleo,

1901 2469 2065 2540 jussit
2105 2472 2222 2542 ejus
2267 2472 2436 2526 ﬁlium
2477 2473 2689 2528 adduci.
2734 2473 2802 2528 Et
2829 2473 2972 2528 facto
2994 2473 3268 2544 signaculo
3305 2475 3487 2528 crucis

1909 2577 2073 2632 super
2117 2561 2460 2631 emplastum,
2506 2563 2686 2633 posuit
2711 2578 2872 2634 super
2913 2564 3202 2618 durissima
3243 2565 3487 2624 vulnera,

1909 2649 2199 2720 statimque
2225 2658 2550 2720 crepuerunt
2571 2689 2587 2715 ,
2623 2658 2679 2705 et
2705 2666 2887 2706 coram
2923 2651 3173 2705 omnibus
3209 2650 3490 2722 [omnibus

1910 2741 2244 2814 astantibus]
2271 2743 2363 2812 qui
2392 2743 2590 2798 ibidem
2621 2743 2840 2798 fuerunt
2864 2746 3174 2799 ceciderunt
3204 2746 3485 2814 plusquam

1913 2836 2189 2905 sexaginta
2235 2843 2443 2904 septem
2485 2837 2784 2900 Vermiculi,
2836 2837 2975 2890 sicut
3013 2838 3493 2892 annumerautibus

1915 2921 1991 2995 [a
2038 2923 2486 2996 numerantibus]
2529 2939 2622 2979 eos
2647 2925 2948 2980 dicebatur.
2991 2925 3060 2979 Et
3101 2925 3311 2980 collecti
3363 2937 3490 2982 sunt

1917 3029 2108 3069 omnes
2136 3015 2203 3069 ab
2231 3012 2350 3083 ejus
2376 3016 2637 3086 genitore,
2665 3024 2721 3069 et
2741 3031 2839 3086 per
2852 3017 3050 3072 multos
3068 3017 3182 3072 dies
3202 3019 3467 3088 suspende

233 3111 430 3164 ﬁrmus
453 3125 614 3163 orans
645 3109 696 3162 in
727 3110 873 3163 brevi
916 3107 1147 3162 fructum
1172 3107 1362 3162 salutis
1392 3107 1570 3161 taliter
1593 3107 1817 3176 adeptus
1846 3088 1891 3151 ε
1924 3118 2082 3173 runt,
2124 3124 2218 3164 eos
2267 3109 2702 3165 demonstrantes
2735 3112 2946 3186 cunctis
2999 3127 3097 3182 pro
3146 3111 3494 3175 credulitate,

232 3212 337 3258 est.
367 3201 772 3272 Sauctissimus]
791 3200 1070 3255 confessor
1089 3200 1289 3256 Christi
1304 3200 1658 3254 Barbatianus
1681 3214 1818 3270 prae-

234 3293 387 3363 cepit
417 3292 466 3344 ei
507 3301 566 3346 ut
606 3293 672 3345 ad
708 3290 907 3345 fontem
933 3292 1303 3362 egrederetur,
1340 3307 1534 3360 aquam
1574 3291 1627 3346 in
1657 3291 1818 3346 situla

233 3382 572 3438 eﬂerendum
623 3380 826 3452 [afferri
874 3383 940 3436 ad
994 3380 1295 3454 eumdem];
1357 3381 1443 3436 cui
1496 3379 1814 3450 respondit:

233 3471 432 3527 οπως
457 3486 599 3535 sum,
627 3471 807 3525 videre
855 3487 962 3524 non
1007 3470 1179 3535 valeo,
1207 3480 1262 3525 et
1296 3471 1562 3540 quomodo
1594 3471 1670 3525 ire
1699 3485 1822 3540 pos—

235 3576 359 3615 sum
406 3561 474 3613 ad
503 3575 698 3628 aquam
730 3559 1120 3614 hauriendam?
1154 3559 1252 3614 Cui
1290 3560 1570 3629 respondit
1594 3559 1657 3612 Β.
1687 3559 1822 3612 Bar-

235 3653 497 3706 batianus
553 3668 566 3703 :
634 3650 778 3704 Vade
828 3651 1215 3706 tantummodo.
1255 3651 1355 3718 Qui
1398 3653 1523 3706 dum
1571 3667 1821 3722 egressus

237 3739 459 3804 fuisset,
504 3749 684 3794 tamen
734 3756 840 3795 non
890 3740 1186 3810 aspiciebat
1231 3755 1336 3810 quo
1385 3750 1653 3812 pergeret.
1705 3742 1821 3810 Ipse

239 3845 376 3885 vero
426 3831 800 3885 sanctissimus
845 3831 1124 3885 confessor
1162 3829 1362 3884 Christi
1413 3831 1466 3884 in
1522 3831 1822 3884 orationem

239 3927 572 3990 prostratus,
596 3935 694 3989 pro
719 3921 907 3974 eodem
937 3920 1056 3974 viro
1083 3920 1366 3974 Dominum
1409 3922 1820 3992 deprecabatur,

243 4021 304 4066 ut
339 4010 523 4064 lumen
551 4010 827 4064 oculorum
859 4026 1079 4065 suorum
1123 4012 1408 4080 reciperet.
1435 4011 1540 4067 Sed
1566 4013 1685 4082 ejus
1714 4012 1820 4066 mi-

242 4100 568 4160 sericordia.
606 4099 696 4178 qui
725 4114 848 4154 eum
881 4101 1238 4169 inspiraverat
1269 4101 1364 4173 [et]
1395 4103 1462 4156 ad
1501 4102 1822 4157 veniendum

244 4191 568 4255 edocuerat,
626 4189 902 4260 impletam
953 4192 1169 4246 situlam
1213 4209 1351 4262 aqua
1408 4193 1588 4247 attulit
1618 4196 1691 4256 ei,
1730 4196 1820 4264 qui

246 4279 599 4344 benedicens,
625 4291 680 4335 et
709 4282 842 4336 dans
873 4283 947 4348 ei,
979 4281 1170 4338 faciem
1184 4281 1301 4350 ejus
1319 4282 1482 4352 jussit
1507 4283 1698 4350 lavari,
1730 4286 1824 4355 qui

247 4368 380 4423 dum
409 4368 648 4436 lavisset,
671 4373 851 4426 statim
898 4374 1035 4428 sicut
1080 4389 1374 4443 squamma:
1404 4373 1656 4444 piscium,
1689 4377 1825 4432 tales

250 4457 419 4528 [deest
455 4457 609 4531 tales]
634 4433 708 4515 ab
751 4459 867 4530 ejus
902 4462 1072 4518 oculis
1100 4433 1293 4517 ablatae
1316 4433 1460 4518 sunt.
1501 4465 1566 4520 Et
1594 4433 1826 4522 elevavit
1852 4433 1902 4492 Β

249 4563 441 4602 vocem
493 4550 784 4606 maximam
826 4566 949 4606 cum
975 4553 1249 4624 lacrymis,
1275 4569 1439 4625 agens
1463 4559 1666 4626 gratias
1689 4557 1822 4625 Deo,

250 4639 342 4707 qui
392 4653 490 4708 per
515 4641 812 4696 orationem
841 4645 1169 4699 sanctissimi
1205 4647 1306 4700 viri
1341 4647 1692 4705 inluminatus
1718 4659 1821 4706 est.

253 4729 318 4783 Et
350 4732 456 4784 hoc
512 4741 832 4800 personatur
857 4733 932 4805 [et
981 4735 1095 4789 haec
1122 4740 1543 4814 personuerunt]
1580 4742 1633 4796 iu
1678 4743 1825 4798 omni

253 4824 479 4892 regione
511 4824 658 4878 urbis
689 4822 871 4907 Roma:
897 4829 964 4881 ad
995 4813 1252 4884 honorem
1285 4832 1498 4888 Domini
1528 4835 1698 4889 nostri
1733 4833 1825 4891 Je-

251 4923 316 4966 su
339 4912 567 4977 Christi,
596 4915 681 4968 cui
711 4924 793 4970 est
821 4917 1015 4984 honor,
1043 4927 1098 4979 et
1123 4919 1291 4990 gloria
1321 4921 1374 4975 in
1387 4923 1583 4978 saecula
1608 4925 1831 4981 steculo-

254 5015 402 5056 rum.
426 5003 622 5058 Amen.

329 5091 536 5147 Eodem
568 5103 807 5166 tempore
852 5095 1001 5152 Galla
1039 5097 1274 5155 Placidia
1305 5101 1543 5173 Augusta
1575 5121 1697 5161 cum
1727 5108 1834 5165 tilio

259 5196 361 5236 suo
401 5180 778 5240 Valentiniano
812 5186 1052 5258 Augusto
1083 5187 1392 5246 Ravennam
1442 5208 1830 5264 perrexerunt;

261 5271 649 5328 Barbatianum
687 5291 815 5330 vero
865 5280 1262 5334 sanctissimum
1307 5285 1676 5354 presbyterum
1711 5304 1835 5344 cum

260 5378 464 5434 magno
491 5365 694 5421 honore
713 5383 893 5422 secum
915 5371 1236 5426 detulerunt.
1267 5373 1530 5429 Honorius
1559 5393 1686 5433 vero
1722 5381 1836 5435 Ait-

262 5459 458 5518 gustus
497 5451 652 5504 rediit
684 5452 1069 5530 Mediolanum.
1119 5456 1216 5524 Qui
1263 5460 1386 5514 dum
1436 5461 1662 5528 ingressi
1710 5462 1840 5520 fuis-

262 5546 394 5593 sent
419 5539 690 5595 civitatem
734 5541 1121 5601 llavennatium
1158 5549 1298 5603 intra
1340 5550 1612 5619 palatium,
1658 5554 1838 5609 statim

263 5630 496 5684 contulit
527 5631 626 5702 ipsi
651 5637 938 5691 venerabili
961 5639 1077 5693 viro
1100 5641 1415 5710 ergodotum
1442 5659 1618 5708 suum,
1648 5645 1700 5698 in
1735 5661 1840 5714 quo

1921 3200 2063 3266 quod
2087 3198 2288 3252 factum
2314 3199 2492 3254 fuerat
2506 3201 2572 3255 ad
2598 3199 2810 3257 laudem
2832 3209 2888 3256 et
2907 3203 3132 3272 gloriam
3162 3202 3371 3256 Domini
3393 3219 3491 3257 no-

1919 3289 2018 3344 stri
2036 3289 2163 3343 .lesu
2188 3287 2419 3353 Christi,
2442 3292 2584 3361 quod
2605 3307 2703 3362 per
2718 3293 2879 3348 istum
2895 3293 3296 3349 sanctissimum
3321 3294 3496 3349 virum

1920 3379 2189 3434 mirabilia
2226 3379 2371 3434 facta
2398 3390 2543 3436 sunt.

1989 3472 2092 3528 Per
2120 3473 2261 3529 idem
2291 3482 2522 3542 tempus,
2550 3474 2677 3528 dum
2703 3475 2880 3530 divina
2919 3476 3268 3546 inspiratione
3291 3495 3319 3532 a
3341 3478 3496 3534 Galla

1918 3559 2156 3615 Placidia
2193 3561 2432 3631 Augusta
2474 3571 2655 3616 erecta
2683 3561 2872 3618 fuisset
2914 3568 3144 3621 ecclesia
3173 3569 3230 3620 Β.
3271 3567 3497 3624 Joannis

1920 3649 2266 3719 evangelista:
2306 3649 2526 3705 Christo
2554 3651 2736 3706 dilecti
2769 3654 3044 3724 discipuli,
3079 3657 3130 3710 in
3160 3658 3324 3713 nimia
3352 3663 3492 3730 cogi«

1922 3740 2128 3795 tatione
2156 3740 2373 3795 devenit
2391 3741 2627 3810 Augusta
2649 3781 2667 3806 ,
2692 3757 2813 3796 cum
2847 3760 2944 3799 suo
2980 3746 3108 3810 ﬁlio,
3141 3765 3240 3817 pro
3262 3765 3328 3804 eo
3356 3753 3499 3820 quod
3532 3777 3535 3782 -

1921 3829 2080 3885 nulla:
2120 3831 2360 3900 reliquiae
2406 3832 2574 3902 ipsius
2605 3837 2830 3904 apostoli
2875 3840 3118 3906 corporis
3156 3841 3501 3896 invenieban-

1922 3929 2030 3976 tur.
2064 3921 2214 3976 Tune
2245 3923 2567 3977 accersitum
2610 3925 2812 3993 pariter
2852 3929 3250 3983 sanctissimum
3291 3932 3503 3988 confes-

1922 4023 2098 4064 sorem
2147 4009 2346 4065 Christi
2381 4010 2764 4066 Barbatianum
2785 4053 2800 4077 ,
2841 4015 2974 4068 inito
3003 4018 3247 4084 consilio,
3281 4027 3340 4072 ut
3368 4021 3504 4090 vigi-

1923 4100 2012 4155 liis
2030 4109 2084 4155 et
2108 4101 2445 4158 orationibus
2469 4104 2754 4158 Dominum
2776 4105 3124 4161 obtinendum
3152 4109 3317 4177 ipsius
3348 4110 3504 4165 Chri-

1925 4192 1992 4246 sti
2032 4192 2202 4246 sancti
2230 4191 2477 4262 discipuli
2517 4193 2759 4262 reliquiae
2785 4193 3502 4269 demonstrarent[demon-

1925 4282 2282 4354 strarentur].
2331 4283 2484 4350 Quod
2519 4285 2720 4339 factum
2763 4285 3020 4356 est[Quo
3061 4287 3240 4360 facto|
3273 4291 3504 4346 assiduis

1926 4375 2423 4444 pernoctationibus
2488 4376 2772 4430 Dominum
2825 4378 3220 4447 deprecandum
3286 4383 3506 4438 minime

1930 4465 2314 4520 discesserunt.
2347 4466 2470 4534 Qui,
2510 4468 2636 4521 dum
2672 4468 2849 4523 oratio
2875 4469 3086 4538 expleta
3121 4468 3329 4537 fuisset,
3359 4474 3506 4528 abie-

1930 4567 2055 4612 runt
2078 4558 2352 4626 paululum
2391 4561 2750 4627 requiescere,
2781 4561 2908 4615 dum
2935 4569 2990 4615 et
3034 4570 3287 4631 tanquam
3314 4580 3508 4635 sopore

1933 4647 2022 4721 [et
2055 4651 2182 4703 dum
2233 4659 2488 4719 tanquam
2541 4650 2735 4722 sopor]
2772 4651 2944 4706 somni
3003 4653 3070 4706 ad
3111 4655 3506 4709 sanctissimum

1932 4738 2293 4794 confessorem
2321 4739 2519 4794 Christi
2563 4743 2811 4806 accessit,
2851 4742 2942 4812 qui
2989 4758 3089 4798 nec
3135 4743 3346 4800 fortiter
3378 4746 3507 4800 dor-

1934 4829 2126 4892 miens,
2159 4845 2260 4884 nec
2282 4831 2507 4900 vigilans
2541 4832 2774 4900 plenius,
2806 4833 2938 4886 vidit
2970 4833 3239 4889 hominem
3283 4837 3338 4890 in
3361 4848 3511 4892 veste

1932 4919 2189 4990 prmelara
2216 4922 2578 4975 ambulantem
2605 4921 2749 4973 vultu
2773 4921 3033 4991 angelico,
3063 4933 3119 4978 et
3143 4925 3506 4981 thurrihulum

1933 5010 1989 5064 in
2035 5026 2197 5065 manu
2243 5020 2540 5082 gestantem
2592 5011 2868 5065 incensum
2901 5013 3127 5070 Domino
3163 5018 3508 5084 mittendum,

1933 5107 1988 5156 et
2014 5100 2420 5171 expergefactus
2457 5100 2800 5155 existimabat
2843 5117 2901 5157 se
2935 5105 3108 5159 visum
3137 5108 3357 5162 vidisse.
3405 5111 3508 5177 Qui

1937 5207 2059 5246 eum
2095 5195 2294 5262 apertis
2319 5192 2490 5250 oculis
2518 5204 2640 5244 eum
2671 5191 2924 5247 alacriter
2968 5193 3251 5268 [clariter]
3281 5198 3511 5254 intuitus
3545 5209 3550 5214 ’

1937 5279 2144 5344 fuisset,
2178 5281 2397 5334 silenter
2425 5279 2680 5348 perrexit,
2713 5281 2804 5334 ubi
2833 5283 3073 5352 Augusta
3101 5285 3423 5353 dormiebat,
3455 5298 3512 5342 et

1939 5371 2112 5426 lenius
2131 5387 2252 5426 eam
2276 5371 2609 5440 contingens,
2657 5378 2716 5424 ut
2749 5372 3046 5442 evigilaret.
3077 5375 3206 5442 Quae
3233 5377 3357 5430 dum
3399 5379 3512 5432 evi-

1939 5463 2103 5533 gilata
2131 5461 2338 5524 fuisset,
2363 5461 2530 5531 digito
2556 5476 2655 5516 suo
2683 5462 2798 5530 ipse
2826 5465 3196 5522 sanctissimus
3233 5467 3513 5523 Barbatia-

1941 5570 2042 5610 nus
2080 5554 2255 5608 virum
2288 5553 2437 5607 illum
2483 5568 2641 5622 quem
2679 5554 2888 5608 viderat
2927 5557 3099 5612 eidem
3145 5558 3397 5630 Augustae
3425 5560 3524 5615 dc-

1943 5647 2284 5712 monstravit,
2328 5644 2455 5715 quia
2485 5645 2598 5714 ipse
2627 5644 2780 5714 [qum
2808 5655 2863 5701 et
2890 5647 3036 5721 ipsa]
3082 5648 3292 5706 fervens
3333 5652 3514 5707 animo
