3936 6180
425 315 527 377 715

1360 306 1449 363 AD
1484 302 1778 362 AGNELIJ
1802 291 2269 358 PONTIFICALE
2308 291 2659 352 APPENDIX.
3552 291 3643 348 πε

423 440 543 489 erat
567 430 621 485 in
646 424 891 482 Domino.
920 421 1108 478 Erecta
1139 426 1224 475 est
1243 418 1310 475 de
1330 416 1451 473 loco
1488 414 1609 482 illo,
1638 414 1728 470 ubi
1756 411 1993 482 iacebat,
2022 412 2072 472 Α
2100 406 2363 462 diabolico
2395 405 2585 474 spiritu
2624 404 2942 475 instigatus,
2973 396 3088 458 zelo
3116 402 3307 457 ductus
3336 401 3401 457 de
3426 398 3535 473 ipsa
3561 424 3646 463 sua

422 530 483 577 et
507 520 800 576 adcurrens
821 513 841 585 [
862 512 928 567 ad
956 508 1110 582 eum]
1133 524 1255 563 cum
1280 522 1475 577 magno
1498 503 1710 576 gaudio,
1739 501 1806 556 ad
1836 500 1998 570 pedes

424 612 544 682 eius
584 604 861 678 provoluta
907 615 1029 657 eum
1076 608 1261 654 tenere
1300 596 1531 651 volebat.
1574 593 1675 661 Qui
1707 592 1885 647 subito
1930 589 1999 682 ab

425 678 598 755 oculis
644 692 760 761 eius
804 689 1044 746 sublatus
1097 695 1202 751 est,
1251 694 1307 740 et
1354 682 1679 744 sandaliam,
1731 694 1892 749 quam
1943 678 1999 732 in

426 790 649 843 dextero
690 783 825 854 pede
871 780 1166 841 habuerat,
1208 778 1262 831 in
1305 776 1423 843 eius
1467 773 1715 828 manibus
1759 771 1997 839 reliquit.

428 877 558 944 Quae
594 883 656 929 ut
690 872 822 927 vidit
851 871 952 925 hoc
994 867 1331 923 ammirabile
1370 865 1689 935 mysterium
1737 862 1998 931 Augusta,

427 979 551 1020 cum
593 976 788 1031 magno
814 958 1005 1027 gaudio
1034 956 1253 1011 elevans
1280 969 1488 1017 vocem,
1525 951 1858 1007 conlaudans
1897 949 2003 1004 Do-

429 1053 634 1107 minum
658 1049 841 1105 Jesum
867 1047 1164 1110 Christum,
1201 1044 1292 1114 qui
1324 1043 1557 1098 Sanctus
1587 1040 1726 1113 (sic)
1760 1041 1811 1095 in
1838 1040 2002 1094 mira-

429 1143 627 1198 bilibus
667 1140 839 1195 sancti
868 1140 951 1194 sui
981 1130 1206 1206 apostoli
1250 1142 1506 1204 operatus
1541 1143 1643 1186 est.
1679 1132 1832 1187 Unde
1864 1132 2003 1185 miro

431 1229 663 1304 [nimio]
689 1228 884 1299 gaudio
929 1226 1165 1296 repletus
1201 1222 1353 1296 [est]
1387 1222 1659 1293 Augustus
1694 1220 1811 1290 ejus
1839 1219 2000 1283 illius,

430 1321 516 1375 vel
544 1318 725 1375 cuncti
761 1318 1061 1381 audientes,
1085 1315 1176 1385 qui
1205 1316 1257 1369 in
1287 1316 1389 1368 hoc
1423 1311 1591 1385 [hac]
1636 1311 1746 1365 Deo
1785 1309 2004 1364 amabili

432 1408 822 1464 Ravennatium
844 1407 1084 1479 mysterii
1112 1405 1304 1477 [Deest
1330 1404 1570 1476 mysterii
1596 1403 1617 1475 ]
1643 1404 1861 1458 civitate
1888 1417 2005 1457 ma-

432 1503 653 1556 nebant.
702 1500 767 1554 Et
808 1508 932 1569 post
965 1500 1069 1553 hoc
1097 1505 1494 1553 sacramentum
1533 1496 1774 1567 mysterii
1818 1511 2006 1551 conse-

433 1598 587 1644 crata
609 1596 693 1644 est
733 1589 847 1659 ipsa
895 1596 1084 1643 sancta
1129 1583 1381 1651 ecclesia,
1427 1587 1495 1641 ad
1534 1585 1746 1640 laudem
1792 1584 2005 1640 Domini

435 1678 606 1733 nostri
637 1676 765 1732 Jesu
790 1676 1014 1741 Christi,
1041 1675 1094 1729 in
1125 1675 1328 1730 honore
1350 1673 1676 1746 [honorem]
1710 1672 2006 1728 beatissimi

2099 497 2344 569 conjuge.
2376 497 2442 551 Et
2468 496 2594 551 dum
2625 496 2903 551 matutinis
2929 496 3075 550 horis
3097 497 3164 550 ad
3186 495 3464 550 ecclesiam
3489 495 3644 568 [Beati

2099 588 2321 645 Joannis
2350 587 2638 659 Baptism]
2691 595 2955 658 pergeret,
3008 598 3063 640 et
3106 585 3489 656 eleemosynas,
3530 604 3651 657 quas

2101 680 2170 733 ab
2197 677 2437 746 Augusta
2478 685 2788 746 acceperat,
2820 675 3144 746 pauperibus
3167 683 3442 745 erogaret,
3474 686 3529 731 et
3559 693 3650 733 nou

2102 769 2260 839 longe
2309 782 2341 821 a
2378 766 2613 821 fluminis
2666 774 2828 836 ponte
2876 766 3352 835 appropinquaret,
3398 766 3655 824 obcelatus

2102 855 2310 910 adstitit
2323 852 2479 922 juxta
2498 855 2759 924 parietem
2782 854 2970 909 domus
2984 853 3416 923 postcolumnam
3430 870 3653 920 saxeam,

2103 955 2164 1000 ut
2182 954 2424 1001 sanctum
2453 946 2623 1000 virum
2658 954 3024 999 transeuntem
3046 945 3329 1014 evaginato
3352 943 3522 1014 gladio
3548 961 3658 1015 per-

2103 1042 2330 1091 cuteret.
2377 1033 2477 1102 Qui
2518 1042 2702 1089 erecto
2741 1033 2979 1099 brachio,
3022 1048 3124 1088 nec
3158 1043 3438 1104 percutere
3481 1035 3656 1102 valuit,

2103 1139 2204 1179 nec
2228 1124 2516 1194 deponere,
2543 1124 2635 1179 sed
2665 1122 2901 1177 arefacto
2942 1122 3181 1187 brachio,
3217 1131 3274 1177 et
3304 1140 3516 1179 manum
3544 1126 3658 1197 rigi-

2104 1215 2228 1270 dam
2258 1216 2553 1279 detinebat,
2598 1223 2654 1269 et
2684 1230 2834 1269 mens
2868 1214 3009 1268 illius
3036 1222 3243 1269 mutata
3285 1224 3386 1270 est.
3418 1215 3514 1282 Qui
3544 1218 3657 1271 bea-

2107 1304 2346 1359 tissimus
2396 1305 2479 1358 vir
2525 1304 2842 1373 pertransiit
2895 1303 3193 1373 adimplens
3249 1320 3368 1374 qua:
3419 1316 3656 1375 coeperat.

2108 1394 2259 1449 Mane
2273 1409 2401 1448 vero
2416 1394 2588 1464 primo
2603 1394 2837 1448 diluculo
2860 1394 3134 1449 Venientes
3156 1395 3336 1465 populi
3360 1395 3661 1451 invenerunt

2106 1485 2439 1556 pertinacem
2481 1485 2629 1539 illum
2653 1485 2851 1549 virum,
2899 1493 3158 1555 tanquam
3200 1495 3429 1551 mutum,
3469 1496 3523 1541 et
3548 1486 3660 1541 bra-

2108 1576 2288 1631 chium
2322 1573 2441 1646 eius
2469 1575 2696 1646 rigidum
2722 1584 3012 1640 tenentem,
3038 1575 3168 1630 etin
3199 1590 3358 1629 manu
3384 1591 3480 1630 sua
3500 1584 3674 1632 tenen-

2109 1674 2215 1721 tem
2241 1663 2259 1738 [
2283 1665 2601 1741 habentem]
2630 1666 2886 1735 gladium.
2911 1665 3244 1721 Mirabantur
3274 1675 3451 1720 tamen
3472 1680 3663 1729 omnes.

433 1766 656 1824 Joannis
682 1766 1047 1835 evangelista}.
1091 1765 1476 1820 Sanctissimus
1496 1779 1625 1819 vero
1654 1762 2011 1817 Barbatianus
2038 1759 2086 1819 Β
2114 1765 2171 1812 et
2212 1757 2391 1813 nullus
2417 1758 2635 1829 agnovit
2682 1772 2782 1827 pro
2814 1773 2920 1828 quo
2946 1758 2995 1813 ei
3025 1759 3356 1829 contigisset.
3387 1757 3518 1826 Qui,
3551 1758 3665 1813 dum

434 1858 666 1927 amplius
691 1872 723 1910 a
743 1856 954 1911 cunctis
988 1856 1347 1911 venerabatur
1375 1855 1706 1919 hominibus,
1733 1862 1788 1909 et
1811 1862 2007 1909 cuncta

434 1962 557 2017 qua:
606 1946 750 2003 facta
794 1947 1009 2002 fuerant
1043 1962 1139 2016 per
1184 1947 1359 2017 ipsum
1402 1945 1767 2001 confessorem
1809 1943 2010 2000 Christi

435 2038 687 2093 omnibus
712 2052 808 2106 per
832 2050 892 2091 se
914 2037 1027 2106 ipsa
1056 2035 1297 2106 Augusta
1333 2036 1623 2091 enarrahat
1666 2033 2008 2089 miraculum.

435 2124 540 2192 Qui
585 2125 698 2195 ipse
722 2124 1044 2181 venerabilis
1070 2124 1155 2178 vir
1194 2124 1265 2180 ad
1304 2138 1457 2179 suum
1489 2137 1739 2179 reversus
1779 2131 1865 2178 est
1903 2122 2012 2177 cel-

438 2215 622 2270 lulam.

507 2305 636 2361 Post
665 2319 771 2360 non
796 2303 1021 2359 multum
1050 2312 1282 2373 tempus,
1324 2305 1451 2359 dum
1480 2304 1597 2374 ipse
1632 2303 1730 2358 Dei
1779 2300 2012 2357 famulus

437 2396 494 2453 in
518 2411 617 2451 suo
636 2396 1005 2451 demoraretur
1031 2396 1378 2459 monasterio,
1405 2393 1506 2449 fuit
1534 2395 1782 2465 quaedam
1819 2392 2014 2447 mulier

440 2483 773 2539 nobilissima
812 2485 953 2538 intra
983 2484 1123 2538 hanc
1150 2483 1541 2538 Ravennatium
1569 2484 1758 2538 urbem
1794 2481 2013 2536 nomine

439 2573 756 2638 Theodora,
804 2588 924 2642 quae
958 2573 1127 2627 nimia
1167 2586 1422 2642 perpessa
1458 2572 1772 2629 inﬁrmitate
1798 2572 2014 2628 devenit

443 2660 573 2733 [per
603 2676 766 2733 quam
802 2661 858 2716 in
887 2675 1137 2732 magnam
1178 2660 1534 2717 defectionem
1555 2659 1764 2734 venit],
1807 2660 2013 2717 habens

440 2754 721 2826 sanguinis
757 2752 981 2819 fluxum,
1014 2753 1101 2809 cui
1128 2752 1324 2808 medici
1349 2760 1406 2808 et
1425 2752 1618 2824 singuli
1647 2752 1892 2808 homines
1919 2766 2016 2807 cu-

442 2843 681 2899 rationes
734 2841 996 2898 facientes
1043 2841 1178 2896 nihil
1212 2840 1264 2897 ei
1316 2841 1385 2896 ad
1424 2841 1750 2912 adiutorium
1798 2839 2016 2896 fuerant

444 2932 811 3007 [adiutorium
835 2931 1115 3004 profuerat
1131 2930 1174 3005 ],
1199 2931 1297 2988 sed
1320 2931 1501 2987 omnia
1526 2931 1578 2986 ei
1605 2930 1882 2988 contraria
1920 2942 2016 2984 ex-

444 3027 686 3089 titerant,
718 3025 774 3080 in
816 3032 1047 3090 tantum,
1087 3031 1148 3079 ut
1187 3023 1411 3078 minime
1453 3036 1514 3079 se
1550 3022 1759 3079 valeret
1800 3036 2015 3079 sursum

2113 1850 2247 1905 hora
2278 1850 2381 1905 dici
2419 1851 2575 1905 tertia
2594 1849 2707 1919 iam
2726 1851 3068 1920 prasterisset,
3106 1859 3161 1903 et
3181 1851 3249 1905 ad
3282 1849 3558 1906 ecclesiam
3594 1863 3670 1904 re-

2110 1928 2452 1994 verterentur
2476 1978 2491 2005 ,
2535 1936 2962 2011 [reverteretur]
3004 1937 3205 1992 Christi
3271 1938 3366 1994 Dei
3413 1937 3666 2002 famulus,

2113 2030 2239 2085 dum
2257 2032 2360 2086 hoc
2372 2032 2569 2086 factum
2593 2032 2950 2101 cognovisset,
2968 2030 3191 2087 elevatis
3206 2031 3376 2087 oculis
3395 2048 3599 2088 sursum
3611 2032 3669 2087 ad

2112 2121 2311 2177 caelum
2356 2136 2479 2177 cum
2525 2119 2781 2193 lacrymis
2813 2122 3091 2194 ingemuit,
3121 2132 3177 2177 et
3205 2124 3337 2179 dans
3362 2125 3667 2187 orationem,

2112 2214 2295 2268 statim
2343 2213 2397 2267 in
2441 2230 2498 2270 se
2544 2230 2793 2270 reversus
2837 2224 2957 2279 est,
2999 2225 3054 2271 et
3081 2215 3261 2287 lingua
3302 2216 3534 2272 resoluta
3576 2225 3668 2278 est,

2112 2306 2402 2375 statimque
2438 2306 2633 2361 cecidit
2677 2307 2744 2362 ad
2786 2308 2950 2377 pedes
2988 2307 3313 2362 sanctissimi
3351 2306 3457 2362 viri
3491 2307 3657 2362 Barba-

2114 2395 2271 2461 tiani,
2325 2396 2620 2466 deposcens
2649 2405 2709 2452 ut
2745 2398 2795 2452 ei
2837 2398 2940 2454 hoc
2978 2405 3253 2468 peccatum
3305 2397 3667 2453 dimitteretur.

2114 2484 2211 2541 Cui
2254 2494 2475 2542 sanctus
2518 2488 2602 2541 vir
2660 2488 2793 2543 dans
2837 2488 3289 2553 benedictionem,
3337 2487 3573 2557 perrexit
3614 2487 3671 2540 ad

2115 2589 2267 2630 suam
2303 2574 2569 2631 cellulam.
2610 2575 2711 2643 Qui
2740 2576 2855 2645 ipse
2884 2575 3126 2633 Ursicius
3157 2576 3336 2630 omnia
3370 2576 3598 2632 innotuit
3623 2575 3667 2629 in

2114 2664 2311 2735 populo
2341 2666 2406 2720 de
2445 2665 2588 2722 malo
2631 2668 2773 2736 quod
2816 2676 3078 2738 gesserat,
3116 2675 3172 2722 et
3199 2674 3424 2721 cunctus
3467 2666 3671 2737 populus

2116 2755 2376 2810 reddebat
2397 2754 2509 2810 Deo
2535 2755 2770 2822 laudem,
2801 2756 2891 2826 qui
2917 2756 2996 2811 sic
3022 2756 3075 2810 in
3102 2772 3259 2811 servo
3296 2756 3391 2811 Dei
3432 2764 3666 2826 operatus

2117 2853 2202 2902 est
2230 2844 2514 2901 mirabilia.
2553 2844 2707 2901 Unde
2750 2846 2980 2900 recurrit
3020 2843 3124 2901 hoc
3151 2845 3404 2900 nuncium
3449 2844 3502 2899 in
3544 2844 3672 2915 pala-

2118 2936 2277 3001 tium,
2326 2935 2641 2991 nunciatum
2688 2943 2771 2991 est
2818 2933 2982 2990 Gallae
3018 2933 3263 2989 Placidia:
3304 2933 3589 3004 Augustae,
3626 2938 3675 2986 et

2122 3025 2234 3081 filio
2262 3023 2377 3093 eius
2412 3024 2787 3081 Valentiniano
2830 3023 3096 3095 Augusto,
3144 3022 3235 3094 qui
3270 3030 3325 3078 et
3353 3023 3457 3093 ipsi
3495 3021 3675 3093 gratias

443 3111 677 3183 erigere.
706 3111 789 3165 vel
813 3110 1109 3166 ambulare-
1151 3110 1283 3177 Quae
1317 3120 1379 3166 ut
1403 3111 1611 3167 audivit
1639 3113 1708 3168 de
1751 3111 2019 3168 mirabili-
2046 3094 2092 3156 (ἶ
2124 3117 2235 3173 Deo
2259 3117 2539 3173 dederunt.
2567 3116 2649 3172 Ab
2674 3131 2739 3172 eo
2765 3116 2885 3172 dein
2915 3094 3173 3189 [eodem]
3202 3115 3289 3170 die
3324 3115 3552 3185 amplius
3573 3113 3670 3169 ccl-

445 3202 548 3258 bus
576 3201 902 3261 sanctissimi
930 3202 1033 3256 viri
1053 3201 1384 3267 Barbatiaui,
1410 3201 1556 3272 quod
1580 3202 1735 3257 multi
1762 3217 1862 3273 per
1894 3218 2019 3257 eum
2044 3228 2047 3231 -

446 3293 581 3350 salvi
609 3292 739 3347 facti
779 3290 1018 3356 fuerant,
1062 3290 1243 3361 posuit
1283 3305 1432 3361 spem
1468 3305 1623 3346 suam
1666 3299 1827 3361 atque
1858 3294 2025 3347 conli-

450 3383 688 3440 dentiam
728 3383 783 3437 in
817 3381 1069 3447 Domino,
1117 3390 1172 3437 et
1197 3381 1275 3436 ait
1307 3381 1451 3437 intra
1483 3396 1559 3447 se,
1608 3381 1747 3450 Quid
1782 3382 2022 3439 faciam?

449 3475 625 3531 Credo
645 3474 1001 3545 omnipotenti
1028 3474 1159 3539 Deo,
1185 3473 1232 3529 si
1253 3473 1439 3529 abiero
1465 3473 1533 3528 ad
1556 3487 1702 3539 eum,
1726 3472 1875 3528 salva
1903 3487 2019 3528 ero.

453 3566 609 3624 Unde
635 3580 765 3622 suos
789 3564 1001 3620 vocavit
1038 3572 1326 3635 parentes,
1368 3572 1429 3618 ut
1453 3563 1520 3618 ad
1556 3563 1777 3635 ianuam
1820 3563 2025 3619 cellulas
2058 3592 2061 3595 -

450 3655 765 3713 monasterii
782 3654 842 3709 Β.
864 3654 1173 3710 Barbatiani
1197 3668 1319 3708 eam
1338 3653 1717 3723 perducerent.
1745 3653 1875 3721 Quae
1895 3654 2022 3709 dum
2062 3678 2063 3681 η

451 3750 694 3815 abiisset,
741 3756 928 3803 notum
959 3746 1160 3802 factum
1195 3754 1279 3801 est
1323 3746 1639 3802 beatissimo
1675 3745 1794 3801 viro
1821 3744 2025 3799 Barba-

452 3841 602 3895 tiano
646 3839 712 3894 de
748 3839 981 3893 adventu
1027 3836 1271 3891 mulieris
1305 3844 1538 3907 aegrotat,
1574 3844 1630 3891 et
1672 3834 1850 3892 elevat
1885 3834 2027 3907 [ele-

450 3927 628 4000 vana]
660 3942 719 3983 se
747 3928 815 3981 ab
838 3926 1102 3989 oratione,
1154 3939 1384 3994 pergens
1430 3921 1679 3995 [pergit]
1713 3922 1780 3977 ad
1800 3920 2024 3991 ianuam

452 4020 766 4078 monasterii
796 4034 922 4075 cum
951 4018 1161 4073 ceteris
1196 4016 1625 4074 deservicntibus
1669 4015 1839 4085 ipsius
1864 4029 2027 4069 vene-

454 4111 640 4167 rabilis
664 4109 790 4175 loci,
828 4116 885 4164 et
901 4108 1030 4164 dum
1058 4107 1285 4162 intuitus
1307 4121 1429 4162 eam
1458 4105 1669 4169 fuisset,
1721 4105 1859 4159 dans
1899 4118 2024 4157 ora-

454 4205 680 4266 tionem,
725 4200 802 4254 ait
833 4198 1046 4254 mulieri
1081 4215 1096 4251 :
1140 4197 1403 4252 Dominus
1442 4206 1629 4250 noster
1672 4193 1826 4249 Jesus
1872 4193 2029 4247 Chri-

454 4302 594 4357 stus,
628 4292 719 4362 qui
758 4291 1046 4346 sanitatem
1073 4301 1099 4329 ι
1128 4288 1409 4344 Veronica‘.
1448 4286 1662 4341 mulieri
1690 4285 1939 4355 praebuit,
1971 4291 2027 4339 et

456 4399 578 4440 eam
607 4398 636 4436 a
659 4381 803 4435 tluxu
836 4378 1122 4451 sanguinis
1149 4377 1416 4439 liberavit,
1445 4376 1499 4430 in
1527 4376 1696 4445 ipsius
1721 4376 1938 4430 nomine
1968 4386 2026 4429 et

457 4471 654 4528 ﬁducia
700 4470 795 4523 tibi
834 4468 955 4523 dico
992 4482 1174 4536 surge,
1218 4476 1273 4522 et
1315 4467 1452 4521 vade
1490 4467 1547 4521 in
1593 4467 1811 4521 domum
1852 4475 2021 4520 tuam.

458 4560 610 4627 Quod
655 4558 780 4612 dum
828 4556 884 4610 in
935 4556 1157 4609 auribus
1202 4555 1319 4624 eius
1366 4554 1625 4609 continuo
1680 4562 2023 4623 personatum

458 4647 671 4711 fuisset,
698 4660 828 4700 sana
850 4642 1037 4699 effecta
1060 4652 1162 4709 est,
1189 4652 1243 4698 et
1264 4643 1396 4696 abiit
1421 4643 1473 4697 in
1505 4643 1723 4697 domum
1761 4658 1913 4698 suam
1940 4658 2027 4697 sa-

461 4737 681 4795 nissima
706 4776 722 4801 ,
782 4744 1036 4805 tanquam
1080 4734 1125 4788 si
1183 4733 1388 4788 nullam
1439 4734 1718 4788 habuisset
1765 4734 2024 4787 malitiam

469 4824 819 4903 [maculam],
848 4834 906 4881 et
948 4824 1274 4880 benedicens
1318 4824 1636 4888 Dominum,
1672 4826 1765 4894 qui
1800 4824 1884 4880 sic
1930 4839 2029 4895 per

460 4916 856 4972 sanctissimum
882 4914 1055 4970 virum
1077 4913 1347 4969 mirabilia
1371 4922 1626 4983 operatus
1650 4921 1752 4969 est.

532 5006 683 5073 Quod
710 5006 990 5062 audientes
1024 5003 1227 5075 populi,
1257 5018 1508 5074 magnam
1532 5002 1944 5059 admirationem
1970 5003 2027 5058 in

462 5097 558 5152 Dei
588 5094 788 5151 famulo
810 5095 1109 5161 habebant;
1146 5093 1288 5150 unde
1310 5095 1379 5149 ab
1403 5094 1591 5149 eodem
1619 5092 1708 5148 die
1744 5092 2028 5149 Theodora

461 5185 677 5242 assidue
719 5200 841 5240 cum
878 5184 1237 5239 oblationibus
1262 5184 1529 5249 veniebat,
1566 5185 1861 5240 obsecrans
1898 5185 2030 5240 mis-

462 5291 645 5333 sarum
671 5276 773 5331 sibi
799 5275 1069 5333 celebrare
1108 5273 1436 5346 [celebrari]
1473 5274 1793 5343 solempnia,
1838 5284 2030 5345 petens

463 5368 889 5424 benedictioan
916 5369 1242 5425 sanctissimi
1270 5369 1389 5424 viri.
1420 5368 1490 5423 Et
1515 5368 1642 5423 dum
1670 5368 1785 5437 ipsa
1827 5368 2029 5423 diutius

466 5460 643 5529 ipsum
684 5459 900 5530 dignum
932 5473 1067 5529 opus
1107 5456 1404 5526 adimplens
1446 5456 1669 5513 minime
1693 5455 2027 5521 discedebat,

466 5548 550 5604 vir
572 5547 690 5616 eius
709 5548 924 5604 nomine
963 5546 1202 5603 Ursicius
1237 5554 1520 5617 protervus
1555 5554 1719 5616 atque
1741 5543 2026 5615 malignus,

2050 4428 2104 4487 D

2122 3206 2285 3262 lulam
2318 3206 2401 3261 sui
2431 3206 2742 3261 monasterii
2789 3207 3011 3261 minime
3055 3214 3138 3261 est
3182 3221 3454 3277 egressus,
3494 3206 3582 3260 sed
3625 3203 3673 3258 in

2121 3312 2221 3353 suo
2250 3306 2439 3352 sancto
2466 3297 2582 3367 ipso
2618 3296 2945 3352 monasterio
2986 3296 3368 3352 demorabatur
3412 3294 3676 3369 [demora-

2123 3384 2245 3457 tus]
2279 3385 2473 3457 vigiliis
2520 3393 2577 3439 et
2619 3385 2956 3440 orationibus
2996 3385 3219 3441 Domino
3258 3385 3465 3441 referre
3496 3385 3676 3457 gratias

2122 3476 2344 3531 minime
2390 3476 2656 3538 cessabat,
2707 3484 2764 3531 et
2804 3476 2979 3538 multi,
3027 3476 3117 3547 qui
3165 3475 3269 3550 [ad
3301 3474 3464 3548 eum]
3492 3474 3676 3531 occulte

2120 3566 2425 3630 veniebant,
2479 3564 2746 3620 beneficia
2795 3564 3149 3635 sanitatisque
3199 3565 3429 3636 gratiam
3478 3562 3677 3632 recipie-

2123 3658 2277 3713 bant.
2313 3657 2432 3725 Quo
2461 3665 2701 3727 tempore
2728 3655 2949 3727 cupiens
2967 3656 3207 3727 Augusta
3234 3655 3436 3710 habere
3462 3653 3571 3723 eius
3596 3653 3674 3706 be-

2123 3750 2505 3813 nedictionem,
2534 3747 2772 3817 quotidie
2798 3747 2968 3817 ipsius
2994 3747 3096 3802 viri
3124 3745 3548 3802 sanctificatione
3574 3759 3658 3813 par

2123 3837 2382 3908 ticipabat
2408 3837 2856 3892 benedictionem.

2195 3928 2261 3983 Et
2286 3928 2410 3982 dum
2451 3926 2679 3982 ecclesia
2717 3927 2777 3981 Β.
2826 3924 3082 3998 Stephani
3138 3926 3297 3996 primi
3342 3924 3591 3996 martyris
3632 3922 3676 3975 in

2124 4020 2392 4074 manibus
2432 4029 2556 4090 post
2599 4034 2782 4074 muros
2822 4018 3055 4073 civitatis
3093 4017 3456 4073 Ariminensis
3490 4018 3555 4072 ab
3580 4017 3675 4085 ipsa

2124 4108 2363 4180 Augusta
2408 4116 2831 4173 construeretur,
2873 4117 2929 4162 et
2952 4110 3065 4178 ipsa
3100 4108 3211 4163 illic
3236 4108 3304 4163 ad
3348 4107 3677 4179 supplendum

2125 4214 2246 4255 eam
2275 4215 2395 4254 cum
2424 4214 2521 4254 suo
2564 4197 2676 4255 filio
2712 4199 2953 4268 Augusto
2982 4201 3376 4263 demoraretur,
3423 4197 3677 4254 sanctissi—

2127 4307 2250 4346 mus
2292 4291 2376 4344 vir
2400 4298 2455 4345 et
2494 4288 2770 4345 confessor
2812 4289 3011 4344 Christi
3060 4290 3338 4343 nocturnis
3378 4288 3527 4343 boris
3568 4286 3676 4342 dum

2127 4382 2455 4452 evigilasset,
2486 4382 2542 4436 in
2572 4382 2702 4451 ipsis
2734 4381 2933 4452 vigiliis
2962 4381 3266 4437 infirmatus
3303 4390 3407 4436 est.
3452 4381 3551 4449 Qui
3589 4381 3678 4435 Do-

2133 4472 2261 4525 mini
2292 4471 2386 4525 Dei
2415 4471 2796 4540 omnipotentis
2815 4471 2969 4541 iussu
3011 4486 3134 4525 cum
3165 4469 3289 4526 finis
3313 4471 3438 4526 vitae
3465 4470 3576 4539 eius
3597 4482 3678 4536 ap-

2132 4559 2518 4629 propinquaret
2538 4557 2736 4631 [quum
2768 4558 2926 4612 finem
2948 4557 3065 4626 eius
3089 4559 3518 4629 appropinquare
3544 4556 3675 4611 vide-

2135 4650 2245 4722 ret]
2272 4691 2288 4716 ,
2332 4651 2625 4705 nunciatur
2663 4651 3006 4705 sanctissimo
3058 4649 3201 4705 Patri
3250 4650 3505 4706 Librifico
3537 4648 3678 4702 Petro

2134 4740 2432 4796 Ravennati
2462 4738 2733 4808 episcopo,
2777 4739 2903 4793 dum
2941 4750 3084 4795 esset
3114 4740 3226 4811 ipse
3268 4739 3325 4793 in
3368 4740 3481 4794 suis
3504 4737 3680 4808 vigiliis

2133 4830 2274 4884 intra
2309 4835 2550 4883 sanctam
2597 4828 2915 4891 ecclesiam,
2958 4827 3100 4899 quod
3145 4828 3283 4883 idem
3326 4825 3681 4882 sanctissimus

2132 4917 2407 4974 confessor
2451 4916 2650 4973 Christi
2692 4917 3048 4974 Barbatianus
3083 4918 3332 4989 migravit
3364 4909 3678 4990 [migraret]

2134 5009 2201 5064 ad
2224 5007 2524 5063 Dominum.
2549 5007 2652 5076 Qui
2678 5009 2778 5064 sub
2802 5008 2950 5063 omni
2978 5007 3252 5063 celeritate
3272 5007 3419 5061 misit
3442 5003 3679 5059 nuncium

2133 5101 2202 5155 ad
2226 5098 2522 5172 Augustum
2545 5096 2568 5170 [
2588 5097 2918 5170 Augustam]
2950 5106 3011 5152 ut
3035 5097 3084 5152 ei
3108 5096 3367 5153 indicaret
3404 5093 3562 5149 tinem
3590 5089 3676 5145 rei.

2134 5190 2264 5257 Quae
2291 5189 2405 5259 ipsa
2447 5186 2684 5257 Augusta
2713 5202 2836 5242 cum
2876 5186 2987 5242 filio
3013 5201 3113 5242 suo
3151 5185 3467 5255 quantocius
3503 5192 3673 5251 prope-

2134 5287 2315 5334 rantes
2338 5287 2621 5344 venerunt,
2648 5289 2704 5333 et
2743 5280 3074 5334 introeuntes
3101 5276 3345 5333 cellulam
3371 5276 3425 5330 in
3449 5290 3554 5345 qua
3578 5273 3682 5343 ipse

2134 5370 2229 5425 Dei
2255 5368 2502 5434 famulus,
2527 5379 2583 5424 et
2620 5369 2898 5425 confessor
2936 5367 3136 5424 Christi
3159 5365 3392 5435 iacebat.
3419 5364 3536 5433 lpse
3564 5372 3681 5415 vero

2132 5471 2352 5516 sanctus
2378 5461 2463 5514 vir
2505 5461 2632 5515 dum
2674 5460 2898 5515 intuitus
2938 5473 3031 5515 eos
3076 5457 3286 5523 fuisset,
3332 5457 3463 5513 dans
3496 5450 3682 5509 oratio-

2132 5564 2276 5614 nem,
2307 5558 2362 5605 et
2387 5549 2809 5607 benedictionem
2840 5563 2939 5622 pro
2983 5548 3064 5604 eis
3096 5555 3151 5605 et
3182 5562 3279 5617 pro
3304 5543 3553 5602 omnibus
3577 5551 3680 5594 cre-

522 5671 567 5715 ,ι
598 5656 723 5714 [late
744 5659 1212 5730 antiquior,quam
1248 5658 1494 5727 viderim,
1524 5659 1799 5715 Vcroniete
1824 5657 2023 5715 mentio
2061 5667 2339 5721 matrotue.
2368 5657 2563 5714 Baccu.
