1968 3090
115 149 170 178 777

563 148 744 177 ANALECTA
764 148 808 176 DE
828 148 1000 176 EPISCOPIS
1018 146 1290 175 RAV'ENNATIBL'S.

1688 151 1738 179 778

108 206 244 234 dentibus
254 205 281 232 in
292 204 413 237 Domino,
427 208 456 231 ut
469 208 604 239 potuerat,
618 209 744 239 tanquam
758 208 902 232 eructuans
916 209 942 237 Α
954 209 1014 232 rant
1038 202 1201 240 [voverant]
1217 212 1276 232 esse
1291 205 1492 240 adimpleturos,
1509 205 1542 233 ad
1563 206 1667 234 laudern
1689 207 1741 234 Do-

103 259 162 286 per
177 255 236 278 tres
249 250 331 283 vices,
346 249 470 285 migravit
484 250 516 277 ad
533 250 684 277 Dominum.
701 249 750 283 Qui
765 250 903 278 sanctissi-

106 302 175 322 mus
199 294 282 321 Pater
302 293 398 321 Petrus
418 293 561 328 episcopus
585 293 649 321 lavit
668 301 766 328 corpus
789 294 856 328 ejus,
877 298 904 320 et

104 339 236 367 condivit
250 338 415 365 aromatibus
435 337 665 365 inaIstiniabilibus
679 345 739 364 cum
754 337 825 364 omni
842 337 901 363 dili-

103 384 216 419 gentia,
236 384 304 411 sicut
330 390 389 411 mos
412 381 562 417 antiquitus
584 383 671 410 sancti
697 382 901 414 condiebantur,

106 437 167 457 una
179 436 244 457 cum
254 428 330 456 Galla
348 427 465 455 Placidia
479 427 609 462 Augusta,
625 431 652 454 et
665 427 719 453 ﬁlio
733 426 790 460 ejus
804 427 902 454 Valen-

104 475 218 502 tiniano
227 476 359 509 Augusto.
373 472 423 506 Qui
438 473 464 499 iu
476 473 577 507 optimo
595 472 654 498 loco
668 471 830 506 sepelierunt
841 479 902 498 eum

108 519 139 546 in
154 522 333 546 monumento
348 524 426 549 novo,
442 517 513 551 quod
534 516 638 543 noviter
660 516 686 542 in
703 523 769 543 saxo
787 523 903 542 marmo-

107 571 160 591 reo
171 563 286 590 miriﬁce
300 562 382 590 incidi
400 566 575 597 praeceperat,
595 560 673 595 juxta
693 561 819 588 altarium
837 560 903 587 bea-

107 608 210 635 tissimi
232 608 360 641 Baptista:
382 606 502 634 Joannis.
524 605 691 641 Sepelierunt
709 612 770 633 eum
794 606 845 633 sub
860 606 904 633 die

106 652 233 679 secundo
247 651 426 678 Kalendarum
443 649 643 682 Januariarum,
669 650 714 676 ubi
736 649 812 676 multi
827 650 903 677 nobi-

103 696 151 723 les
165 700 194 723 et
213 695 345 730 ignobiles
358 694 524 722 advenerunt
533 715 541 727 ,
554 699 581 721 et
595 694 672 721 multi
687 694 778 729 aegroti
800 692 908 721 sanita-'

105 745 167 767 tem
180 747 232 774 pro
244 740 304 774 ejus
323 739 408 767 sacris
429 739 555 774 precibus
569 739 658 774 adepti
673 744 745 767 sunt.
767 740 825 774 Ipsa
839 747 903 767 vero

104 785 160 812 Dei
184 784 286 811 {amula
300 784 375 811 Galla
397 784 669 817 Placidia.Augusta,
687 792 739 812 una
762 793 824 812 cum
848 785 902 812 ﬁlio

104 836 163 855 suo
182 828 303 863 Augusto
322 829 422 863 egressi
440 827 579 864 [reversi]
602 833 663 855 sunt
679 828 712 855 ad
734 836 801 862 opus
816 829 901 856 eccle-

955 250 1020 276 mini
1033 250 1118 277 nostri
1132 250 1194 277 Jcsu
1215 249 1325 281 Christi,
1340 250 1385 285 qui
1405 258 1465 277 cum
1481 250 1535 277 Deo
1549 250 1629 278 Patre
1642 256 1740 286 regnat

954 295 981 322 in
995 295 1071 322 caelis
1085 295 1110 322 in
1123 296 1226 322 unitate
1241 295 1357 329 Spiritus
1372 295 1457 322 sancti
1469 295 1558 327 modo,
1579 301 1606 323 et
1621 304 1738 331 semper,

954 345 981 367 et
995 348 1043 375 per
1055 340 1145 367 omnia
1159 340 1256 367 srecula
1270 340 1437 367 smenlorum.
1455 340 1550 367 Amen.
1573 344 1579 350 '

1267 398 1428 417 ADNOTATIII.

988 435 1108 462 Celebris
1122 439 1163 461 est
1177 435 1247 469 apud
1270 434 1439 461 Ravennates
1454 434 1581 461 memoria
1592 442 1739 462 consecra-

953 470 1035 496 tionis
1046 470 1168 496 ecclesia:
1181 468 1209 495 ε.
1223 468 1335 496 Joannis
1348 469 1527 503 evangelista.
1539 477 1599 503 quaa
1614 475 1740 497 narratur

954 505 980 531 in
997 505 1047 531 hac
1069 504 1097 531 S.
1114 504 1269 531 Barbatiani
1281 503 1352 530 Vita.
1373 504 1437 537 Ejus
1457 504 1496 530 rei
1517 503 1629 530 hisloria
1652 509 1741 531 exstat

953 540 1040 566 adhuc
1051 546 1179 573 expressa
1194 539 1221 565 in
1240 545 1376 565 marmore
1388 545 1469 571 opere
1479 537 1647 573 anaglyptico
1658 546 1741 573 supra

952 578 1058 608 portam
1074 572 1204 607 majorem
1219 573 1314 600 frontis
1327 572 1448 608 ejusdem
1460 572 1588 599 basilicae.
1603 572 1741 608 Reveren-

953 607 1079 635 dissimus
1093 608 1123 635 P.
1139 608 1311 639 Thomasius,
1333 615 1413 641 quem
1428 607 1472 634 hic
1483 614 1545 633 cum
1561 607 1634 632 omni
1658 607 1741 634 hono-

954 643 991 670 ris
1004 643 1133 677 obscquio
1147 643 1181 669 ob
1201 643 1327 678 pietatem
1339 650 1371 669 ac
1385 649 1489 678 sacram
1503 642 1529 678 in
1544 641 1639 678 primis
1652 642 1743 678 erudi-

953 678 1061 713 tionem,
1079 676 1113 704 iet
1125 685 1158 705 eo
1171 676 1252 704 in'me
1265 677 1363 713 collata
1383 676 1482 713 amoris
1496 676 1584 713 signa,
1604 676 1741 713 laudatum

953 713 1022 745 volo,
1043 710 1117 739 'dono
1142 712 1335 739 humanissime
1348 711 1422 738 dedit
1435 711 1493 745 ejus
1512 711 1601 745 operis
1622 710 1742 745 delinea-

954 748 1065 779 tionem,
1083 755 1164 782 quam
1187 747 1231 774 hic
1247 754 1300 774 aare
1316 747 1427 782 incisam
1440 744 1543 782 duabus
1558 745 1657 782 tabulis
1673 744 1743 780 adji-

953 789 1014 809 cere
1032 780 1128 817 placet.
1153 782 1237 809 Porro
1259 790 1292 809 ex
1307 781 1403 817 duplici
1416 781 1538 817 _alterius
1561 780 1658 807 tabulae
1675 784 1743 817 typo

953 815 1039 844 eideui
1064 817 1300 844 Reverendissimo
1320 816 1394 842 Patri
1416 815 1543 842 Ravenna
1569 815 1741 847 transmisso,

955 852 1102 879 secundum
1125 852 1319 879 accuratiorem
1344 851 1456 885 seligere
1480 849 1580 884 placuit
1602 849 1646 876 hic
1664 850 1742 876 exhi-

103 873 160 900 sia‘.
177 878 279 901 saneta.I
303 873 518 908 perstruendum,
543 874 614 909 quod
636 882 664 901 se
684 874 796 901 Domino
821 882 902 902 novc-
920 879 942 908 Β

840 1213 1024 1323 ἐξξὲ

266 1593 436 1769 vita
1118 1663 1134 1698 ε

188 1702 237 1763 >1
284 1736 298 1762 .-
1223 1747 1225 1749 .
1288 1715 1291 1718 ·

894 2049 948 2089 ηθι,
984 2084 988 2086 ,

354 2251 613 2491 ,a‘
632 2290 670 2373 ἒ
1496 2458 1505 2464 _.

275 2574 307 2633 δ
656 2559 727 2668 ἃ
855 2571 1002 2670 1":
1019 2534 1152 2697 iiii

223 2632 282 2707 θ’
311 2596 462 2738 (vili
670 2581 825 2787 ἔψη
1022 2625 1149 2761 δέόῖ
1546 2626 1571 2727 ⁵η

217 2762 245 2803 γ
276 2712 429 2813 Μ
474 2673 545 2821 ii
1269 2682 1621 2820 διηεὼῶ

326 2889 463 2919 Parnm.
488 2888 567 2918 (ΣΠ.
