3898 6178
423 316 524 371 787

1366 299 1783 359 AD-AGNELLI
1820 292 2270 354 PONTlFlCALE
2304 287 2666 347 APPENDIX.

3556 281 3656 337 788

420 428 777 500 'nnperatoris.
805 423 975 500 liuius
1000 432 1240 500 tempore
1258 420 1525 500 _Andrcas,
1550 416 1639 483 qui
1664 408 1991 500 etA'gnelLlus
2019 409 2067 469 Α
2094 403 2290 470 solere,
2318 411 2374 458 et
2395 401 2646 457 omnibus
2679 395 2990 455 vulneribus
3031 394 3266 450 salubria
3305 391 3554 449 conferre
3582 408 3666 448 re-

422 481 586 553 liuius
611 505 810 551 sanctae
841 481 1018 546 Mariae
1041 481 1471 547 aii-Blachen‘as,
1498 494 1552 536 et
1570 481 1738 553 sancti
1763 481 1991 553 Bartho—

424 549 592 625 ionici
614 549 834 628 ﬂoruit,
870 561 962 632 qui
1000 556 1587 632 contposuit‘Codicem
1623 549 1991 632 Pontillealem

626 618 724 710 fuit
758 618 1004 688 Ecclesia:
1032 618 1343 684 Ruiennatis
1362 624 1627 710 presbyter
1648 619 1932 710 cqrdipalis
1949 618 1988 698 )ἒ

425 642 480 765 in
510 642 600 710 qui
626 642 724 704 fuit
758 642 1004 688 lz'cclesm:
1032 642 1343 684 Ravennatis
1362 642 1627 694 presnywr
1648 642 1932 674 mmmam;
1949 642 1988 690 ).

451 719 551 762 tem
588 704 743 776 istius
772 713 1011 776 tempore
1050 708 1318 776 repcgum
1349 702 1433 748 est
1455 687 1993 776 etit‘pusbeatissimi

426 760 733 831 illaixiniiani
770 760 1156 842 archiepiscopi
1190 765 1519 823 Ravennatis
1544 760 1817 816 Ερριρεὶω.

973 860 1060 915 DE
1102 856 1403 914 GEORGIO
1421 895 1436 917 ,

909 950 1300 1019 Arrliicpiscopo
1332 945 1515 999 XLIX.

494 1046 756 1115 Georgius
779 1041 958 1115 XLIX.
988 1038 1276 1115 Populares
1312 1036 1487 1115 Gazas
1516 1046 1703 1115 omnes
1739 1025 1999 1084 ecclesia-

428 1119 594 1173 sticas
619 1103 904 1182 confregit,
937 1103 1152 1180 cryptas
1180 1108 1426 1182 disrupit,
1466 1113 1521 1157 et
1549 1103 1997 1182 tli‘esaitqosprzez

428 1164 1047 1242 iiééiésdidh}'é’adrmﬁ'
1070 1164 1344 1232 extraxit:
1364 1164 1428 1247 Et
1473 1183 1531 1247 ut
1564 1172 1726 1225 ﬁliam
1757 1164 1999 1247 botbarii

430 1236 668 1310 iié'rdiié
690 1236 914 1309 levaret.
942 1264 1166 1319 magnas
1189 1262 1319 1319 opes
1335 1245 1539 1319 exinde
1570 1239 1853 1319 expendit:
1874 1236 2001 1319 Ejus

434 1308 671 1394 tempore
700 1322 874 1377 factus
897 1328 979 1375 est
1013 1308 1240 1372 meridie
1272 1316 1351 1369 sul
1383 1308 1698 1367 tenebrosus
1726 1308 1885 1362 nimis
1907 1318 2004 1429 per

434 1397 738 1429 nuivnrcnrn
782 1390 1042 1429 nntnrlnnl
1084 1403 1253 1429 "enim
1291 1386 1355 1429 ml
1397 1386 1583 1429 horam
1614 1393 1829 1429 nonam.
1859 1375 1902 1429 Ο

432 1375 738 1448 universum
768 1375 1042 1445 mundum
1074 1403 1253 1456 nsque
1291 1386 1355 1439 ad
1397 1386 1583 1438 horam
1614 1393 1829 1433 nonam.
1859 1375 2004 1430 Obiit

433 1467 519 1520 die
543 1465 612 1518 2i
637 1461 896 1517 Januarii.

990 1551 1076 1605 DE
1104 1546 1441 1609 DEODATO,

971 1642 1365 1711 Arcliiepiscopo
1410 1637 1469 1690 L.

506 1735 795 1792 Deusdedit
818 1730 1314 1803 quinquagesimus.

1014 1821 1100 1876 DE
1131 1817 1393 1875 JOANNE

958 1912 1355 1982 Archiepiscopo
1400 1906 1484 1960 LL

506 2008 739 2063 Joannes
763 2004 893 2062 Vlll.
928 2004 1025 2057 Hie
1048 2001 1175 2055 fecit
1197 1996 1393 2054 deferri
1427 1990 1709 2063 corpusS.
1747 1988 2009 2063 Apollina-

443 2058 911 2134 risvad—ceclesiam
938 2071 1105 2128 sancti
1133 2068 1342 2123 Martini
1372 2067 1423 2120 in
1452 2058 1602 2118 Cdtlo
1622 2062 1797 2115 Aurco
1820 2058 2009 2112 timore

440 2152 837 2220 Agarenornm,
865 2144 953 2212 qui
983 2145 1393 2220 asportaverant
1421 2134 1678 2189 civorium
1701 2136 2009 2199 argenteum

442 2213 513 2272 de
531 2216 759 2273 ecclesia
782 2213 1072 2269 Classensl.

1167 2329 1308 2342 ~—

602 2431 855 2511 ACTA
909 2424 1370 2509 CONCILII
1426 2420 1852 2500 ROMANI.

1073 2574 1405 2633 MONITUM.

515 2675 648 2729 Cum
682 2688 749 2729 ex
790 2668 1114 2747 cathedralis
1151 2665 1472 2747 Mutinensis
1505 2664 1706 2747 insigni
1755 2662 2015 2747 tabulario

446 2752 636 2799 unctus
659 2756 834 2799 essem
855 2749 973 2794 acta
999 2736 1155 2805 hujus
1179 2735 1480 2800 concilii,et
1505 2733 1691 2789 hme‘in
1714 2733 1869 2788 editis
1893 2747 2016 2785 eon-

444 2815 693 2869 eiliorum
735 2809 1141 2867 eolleetioniius
1183 2806 1269 2859 vix
1316 2806 1654 2869 iudicentur,
1685 2805 1821 2857 bene
1861 2816 2018 2872 posse

447 2885 538 2939 hic
577 2883 663 2937 edi
699 2880 1022 2937 existimavi.
1069 2875 1355 2945 Exemplar
1394 2876 1517 2945 hoc_
1535 2882 1619 2929 est
1650 2889 1744 2928 seu
1776 2886 2018 2945 summa-

451 2956 589 3008 rium
615 2966 801 3008 eorum
827 2964 947 3019 qua:
974 2963 1072 3019 pro
1095 2942 1468 3019 episcoporum
1491 2942 1792 3019 Ravennati
1821 2949 2019 3019 metro-

448 3024 554 3093 poli
576 3010 911 3093 subditorum
938 3010 1294 3093 indemjiitate'
1313 3017 1368 3069 in
1391 3014 1620 3093 concilio
1649 3012 1737 3067 illo
1762 3010 2018 3093 actamfue-

450 3080 575 3146 rant
599 3099 787 3145 contra
817 3086 1077 3141 Joannem
1103 3087 1468 3139 Ravennatem
1501 3084 1832 3153 episcopum.
1861 3080 2018 3153 Plura

452 3160 613 3227 hujus
648 3157 950 3228 apograpba
998 3170 1062 3209 ex
1094 3152 1342 3228 concilii
1368 3150 1703 3228 praescripto
1725 3151 1866 3228 facta
1894 3150 2022 3228 hinc

453 3220 635 3282 videre
668 3220 782 3289 est:
804 3220 1033 3295 quorum
1063 3221 1270 3292 singula
1295 3220 1524 3295 singulis
1559 3220 1825 3290 episcopis
1859 3220 2020 3295 missa

454 3306 598 3363 sunt,
625 3304 685 3349 ut
717 3289 1055 3349 decretorum
1084 3289 1342 3363 memoria
1376 3289 1721 3363 adposteros
1752 3289 2023 3363 transmit-

456 3357 681 3421 teretur.
700 3365 824 3419 Haec
846 3370 1022 3416 autem
1047 3376 1168 3415 cum
1189 3357 1556 3429 editiseollata
1576 3357 1863 3429 plurimum
1891 3357 2027 3412 lucis

454 3451 641 3491 eorum
670 3442 969 3502 temporum
991 3430 1288 3501 disciplina:
1313 3427 1604 3483 alfundent.
1637 3427 1713 3483 Ea
1747 3434 1871 3482 sunt
1907 3443 2027 3496 quae

458 3513 777 3575 sequuntur.

526 3596 585 3650 ln
615 3596 828 3650 nomine
853 3592 1047 3656 Patris,
1070 3600 1125 3645 et
1151 3588 1298 3658 Filii,
1323 3598 1379 3646 et
1407 3589 1642 3660 Spiritus
1666 3589 1857 3644 sancti.
1891 3588 2030 3643 Pon-

459 3689 692 3744 tilicatus
714 3684 924 3740 Domini
944 3682 1185 3738 Nieholai
1214 3681 1407 3738 summi
1432 3681 1720 3752 pontificis,
1745 3690 1799 3735 et
1818 3682 2030 3735 univer-

458 3780 587 3834 salis
611 3792 761 3848 papa:
790 3790 931 3831 asino
952 3774 1016 3837 ὁ.
1050 3774 1256 3844 imperii
1279 3774 1503 3843 piissimi
1531 3772 1751 3844 Augusti
1779 3773 2029 3827 Lodovici

460 3885 601 3923 anno
624 3868 710 3932 ll,
724 3867 809 3921 die
828 3865 1233 3921 octavodecimo
1249 3876 1436 3918 mense
1451 3861 1788 3926 Novembris,
1807 3862 1915 3916 ind.
1944 3864 1963 3915 -Ι
1976 3863 2028 3915 0.

460 3957 706 4026 Capitula
728 3970 849 4026 quae
876 3956 929 4009 in
954 3962 1141 4010 sancto
1166 3953 1398 4009 concilio
1420 3968 1448 4005 a
1478 3952 1789 4006 beatissimo
1809 3953 2034 4006 Domino

462 4043 725 4101 Nebulae
768 4058 908 4115 papa
946 4042 1131 4097 Romae
1167 4042 1391 4097 collecto
1429 4049 1633 4096 statuta
1675 4048 1835 4109 atque
1873 4056 2036 4094 cano-

468 4137 590 4190 nice
626 4135 837 4189 ﬁrmata
874 4140 1009 4188 sunt
1044 4140 1233 4187 contra
1263 4131 1520 4187 Joannem
1550 4131 1913 4185 Ravennatem
1946 4146 2033 4185 ar-

467 4225 890 4295 chiepiscopum.

535 4317 709 4384 Caput
734 4315 987 4383 primum.
1016 4313 1310 4382 Episcopus
1333 4328 1429 4381 per
1457 4311 1732 4366 Emiliam
1770 4327 1875 4365 non
1906 4329 2036 4366 con-

466 4416 670 4468 secres,
699 4402 803 4456 nisi
831 4410 954 4471 post
976 4401 1291 4457 electionem
1316 4401 1443 4455 cieri
1475 4409 1529 4453 et
1553 4401 1749 4471 populi.

541 4492 709 4561 Caput
740 4487 1054 4545 secundum.
1088 4489 1319 4544 Eosdem
1341 4490 1552 4559 quoties
1587 4491 1656 4545 ad
1689 4489 2036 4559 apostolicam

468 4580 651 4635 sedem
674 4578 856 4633 venire
887 4576 1183 4642 voluerint,
1223 4591 1558 4645 nequaquam
1589 4577 1892 4647 prohibeas.
1932 4577 2038 4634 Sed

469 4681 526 4725 et
552 4669 753 4725 nullam
777 4669 1048 4724 dationem
1089 4676 1278 4723 contra
1311 4668 1629 4723 canonicam
1662 4670 2039 4724 auctoritatem

472 4764 538 4817 ab
564 4763 642 4816 eis
668 4761 869 4832 exigas.

542 4854 714 4924 Caput
743 4853 978 4909 tertium.
1003 4851 1232 4919 Prsidis,
1266 4865 1388 4922 qua:
1414 4851 1692 4921 prmeeptis
1729 4852 1987 4921 dirruptis
2008 4869 2037 4906 a

465 4942 587 5013 iure
627 4944 799 4999 sancti
840 4940 986 4998 Petri
1016 4943 1085 4998 ad
1122 4941 1212 5011 jus
1256 4940 1314 4997 S.
1342 4940 1668 5011 Apollinaris
1700 4941 2041 5005 transtulisti,

470 5045 526 5091 et
550 5050 649 5106 per
672 5034 1058 5105 emphyteosim
1084 5033 1169 5088 vel
1196 5031 1429 5087 libellum
1467 5046 1529 5084 ea
1567 5024 1792 5101 singulis
1818 5031 2046 5085 homini-

468 5122 572 5176 bus
607 5119 905 5184 contulisti,
949 5116 1235 5188 diligenter
1258 5117 1512 5185 exquire,
1555 5124 1610 5168 et
1650 5115 1883 5169 inventis
1916 5115 2047 5183 ipsis

473 5208 865 5281 emphyteosim
894 5206 977 5262 vel
1007 5205 1242 5261 libellum
1286 5206 1580 5272 dirrumpe,
1624 5212 1679 5258 et
1718 5204 1784 5258 ad
1816 5202 1937 5271 jura
1986 5204 2042 5257 S.

472 5295 619 5354 Petri
664 5311 818 5366 cujus
858 5296 1079 5351 fuerunt
1123 5295 1378 5360 restitue,
1421 5302 1477 5347 et
1514 5291 1675 5346 talem
1703 5290 1844 5346 ultra
1870 5291 2049 5347 facere

471 5399 748 5459 nunquam
771 5400 1089 5457 prmsumas.

546 5478 955 5534 Solicitudinem
978 5476 1217 5532 omnium
1247 5474 1614 5531 Ecclesiarum
1645 5474 1739 5529 Dei
1766 5469 2052 5529 circumfe-

480 5579 659 5625 rentes
679 5569 928 5625 convenit
949 5583 1047 5625 nos
1072 5567 1445 5622 universorum
1483 5564 1896 5621 necessitatibus
1926 5577 2053 5619 con-

552 5692 577 5720 θ
603 5680 912 5735 Βρρρηιὶονί
942 5696 1121 5734 manu.
1153 5677 1349 5730 Baecu.

2062 4421 2114 4480 D

2091 495 2263 551 media
2289 512 2304 561 ;
2346 492 2745 547 Dominicarum
2775 488 2974 559 quippe
2991 487 3171 542 ovium
3191 494 3440 555 pastores
3458 498 3664 539 sumus.

2094 585 2200 642 Sed
2232 592 2381 639 tanto
2408 583 2561 638 nobis
2587 597 2697 652 prae
2721 578 2932 634 caeteris
2955 578 3258 648 specialiter
3279 590 3522 646 praesens
3541 590 3668 630 cura

2093 674 2265 745 major
2289 673 2567 738 incumbit,
2593 679 2796 743 quanto
2821 671 2994 724 vicem
3024 667 3170 722 illius
3196 668 3449 739 gerimus,
3476 667 3567 722 cui
3586 667 3671 721 di-

2094 766 2219 820 vino
2262 763 2485 819 oraculo
2519 763 2646 834 ipsa:
2689 776 2819 815 oves
2865 758 3170 829 specialiter
3200 758 3672 822 commendantur,

2095 854 2182 908 cui
2203 860 2257 908 et
2280 849 2595 923 praecipiens
2615 851 2728 904 ait:
2770 847 2839 902 Et
2859 857 2913 901 tu
2945 846 3230 918 aliquando
3253 861 3532 900 conversus
3551 861 3674 899 can-

2096 942 2252 1011 ﬁrma
2293 941 2483 1011 fratres
2522 949 2657 994 tuos.
2691 936 2755 992 Et
2799 937 2920 992 ideo
2962 935 3221 992 sanctitas
3262 942 3442 990 vestra
3488 936 3679 1006 (vobis

2098 1033 2366 1102 episcopis
2391 1030 2446 1086 in
2478 1029 2696 1085 Aimilia
2736 1026 3229 1097 commorantibus)
3272 1042 3302 1081 a
3345 1025 3553 1082 Joanne
3584 1044 3676 1081 ar-

2101 1121 2442 1190 chiepiscopo
2470 1120 2781 1175 Ravennate
2803 1117 2984 1171 multis
3004 1116 3413 1185 impulsionibus
3429 1118 3681 1186 queritur

2101 1212 2315 1283 agitari.
2361 1211 2630 1265 Debemus
2673 1224 2890 1263 manum
2936 1207 3265 1278 apostolatus
3310 1209 3479 1261 nostri
3523 1209 3683 1262 vobis

2103 1300 2421 1372 quantocius
2441 1298 2746 1370 porrigere,
2777 1304 2830 1351 et
2868 1297 2993 1366 quia
3037 1311 3133 1351 vos
3179 1311 3244 1350 ex
3286 1294 3391 1350 illis
3420 1295 3684 1350 fratribus

2103 1393 2235 1446 estis
2268 1405 2404 1461 quos
2440 1396 2663 1444 sanctus
2683 1387 2873 1442 Petrus
2893 1400 3186 1442 conversus
3210 1392 3295 1441 est
3321 1385 3681 1449 conﬁrmare,

2104 1495 2323 1535 necesse
2364 1488 2448 1534 est
2484 1487 2543 1532 ut
2583 1493 2613 1531 a
2659 1476 2821 1532 tantis
2859 1476 2975 1546 ejus
3004 1475 3410 1546 impulsionibus
3434 1484 3683 1531 vestram

2106 1570 2501 1624 fraternitatem
2527 1575 2796 1633 ementes,
2831 1567 2882 1620 in
2905 1573 3056 1636 petra
3083 1579 3245 1634 quam
3269 1564 3381 1633 ipse
3399 1562 3685 1619 confessus

2106 1671 2210 1727 est,
2239 1677 2306 1715 ne
2336 1660 2563 1715 ulterius
2584 1697 2598 1712 .
2628 1699 2640 1712 .
2668 1697 2682 1711 .
2708 1698 2721 1711 .
2751 1697 2766 1711 .
2795 1697 2808 1712 .
2835 1695 2850 1710 .
2876 1696 2890 1710 .
2916 1695 2932 1710 .
2960 1696 2973 1708 .
3002 1696 3015 1710 .
3042 1695 3055 1709 .
3090 1694 3104 1709 .
3131 1694 3146 1709 .
3169 1694 3183 1709 .
3210 1655 3454 1719 valeatis,
3479 1663 3687 1709 statua-

2032 1748 2082 1807 B
2109 1767 2247 1808 mus.
2281 1748 2506 1806 Constat
2531 1756 2711 1803 autem
2735 1747 3078 1802 sanctitatem
3101 1752 3364 1808 vestram,
3410 1759 3517 1798 una
3557 1759 3684 1798 eum

2108 1838 2365 1895 fratribus
2389 1848 2445 1895 et
2483 1837 2816 1907 coepiscopis
2860 1835 3095 1890 JEmiliae
3132 1834 3366 1904 regionis
3406 1833 3689 1903 pontificio

2109 1938 2294 1986 nostro
2319 1927 2693 1984 lamentabiles
2726 1926 2978 1997 querelas
3011 1923 3172 1979 flebili
3211 1937 3340 1978 voce
3378 1938 3564 1977 coram
3604 1938 3690 1993 sy-

2110 2024 2281 2083 nodo,
2328 2033 2487 2088 quam
2534 2015 2717 2071 Romae
2763 2014 3171 2078 celebravimus,
3216 2012 3548 2081 exposuisse,
3601 2011 3689 2065 Cui

2111 2126 2230 2167 cum
2256 2122 2564 2171 numeroso,
2592 2104 2898 2175 Campania:
2924 2101 3191 2166 videlicet,
3216 2100 3441 2163 Tusciae,
3474 2108 3531 2154 et
3553 2098 3689 2154 Pen-

2115 2200 2380 2270 tapoleos,
2418 2205 2472 2254 et
2501 2197 2725 2252 aliarum
2755 2195 3031 2265 regionum
3076 2192 3540 2247 sanctissimorum
3581 2190 3692 2260 epi-

2114 2306 2401 2361 scoporum
2428 2297 2591 2353 ctetu,
2621 2295 2675 2342 et
2704 2288 2878 2357 ipsum
2921 2283 3182 2339 Joannem
3229 2282 3690 2351 archiepiscopum

2116 2381 2426 2436 interfuisse
2469 2379 2821 2451 dignoscitur.
2857 2373 3149 2445 Oppressio
3187 2388 3315 2427 vero
3350 2370 3692 2441 injuriarum,

2116 2472 2312 2542 quibus
2334 2486 2364 2525 a
2393 2469 2621 2539 prmfato
2645 2466 3052 2535 archiepiscopo
3082 2479 3178 2519 vos
3205 2461 3581 2532 querebamini
3623 2458 3696 2516 af-

2116 2563 2305 2629 fectos,
2331 2563 2508 2633 prima
2533 2560 2655 2627 fuit,
2685 2574 2846 2629 quam
2875 2557 3244 2629 perhibuistis,
3269 2555 3523 2611 enuidens
3539 2553 3695 2609 Joan-

2118 2670 2239 2711 nem
2280 2654 2746 2723 archiepiscopum
2796 2651 3163 2704 Ravennatem
3204 2662 3305 2717 per
3330 2647 3490 2703 binos
3530 2661 3699 2701 annos

2118 2746 2283 2803 semel
2308 2744 2582 2815 episcopia
2603 2750 2780 2797 vestra
2801 2738 3029 2795 circuire
3048 2781 3062 2806 ,
3086 2747 3141 2793 et
3169 2739 3353 2794 tandiu
3372 2753 3470 2808 per
3491 2737 3695 2808 singula

2119 2837 2378 2901 residere,
2403 2848 2683 2904 quousque
2703 2833 2817 2902 ipsa
2838 2837 3147 2901 paupertas,
3170 2844 3291 2900 quas
3315 2828 3383 2882 ad
3409 2827 3696 2882 utilitatem

2119 2927 2373 2997 episcopii
2399 2933 2454 2979 et
2471 2922 2916 2980 sustentationem
2937 2919 3282 2981 clericorum,
3302 2926 3356 2972 et
3380 2930 3699 2986 pauperum.

2123 3028 2179 3073 et
2198 3015 2639 3088 gubernationem
2669 3010 3013 3072 familiarum,
3043 3023 3107 3064 ac
3127 3007 3521 3078 susceptionem
3548 3020 3703 3076 pere-

2049 3086 2094 3147 C
2125 3086 2431 3180 grinorum,
2480 3111 2643 3173 atque
2691 3101 3141 3156 restaurationem
3192 3096 3571 3157 basilicarum,
3624 3096 3705 3150 vel

2125 3196 2382 3267 episcopii
2402 3235 2416 3259 ,
2462 3194 2590 3248 hinc
2628 3190 2752 3246 inde
2777 3197 3081 3259 separatur,
3109 3202 3232 3242 cum
3262 3186 3376 3241 suis
3398 3184 3704 3241 hominibus

2128 3289 2272 3344 illam
2309 3294 2610 3351 consumat,
2652 3292 2703 3339 et
2737 3299 2842 3338 non
2875 3292 3033 3336 antea
3069 3281 3192 3337 inde
3230 3280 3516 3344 recedere,
3546 3294 3703 3348 quam

2127 3378 2196 3433 ab
2222 3379 2473 3447 episcopo
2498 3375 2601 3430 loci
2629 3373 2773 3428 illius
2801 3376 2868 3427 ad
2895 3371 3357 3440 archiepiscopum
3397 3377 3454 3422 et
3476 3369 3703 3424 familia-

2131 3485 2219 3525 res
2241 3470 2359 3539 ejus
2380 3483 2500 3538 qua:
2523 3480 2630 3522 non
2658 3463 2926 3519 debentur
2950 3463 3084 3518 dona
3111 3476 3217 3515 non
3239 3460 3450 3515 modica
3476 3460 3706 3514 tribuan-

2133 3570 2239 3614 tur.
2265 3559 2489 3627 lnsuper
2513 3556 2659 3612 omni
2688 3569 2852 3619 anno,
2881 3552 3024 3623 quod
3048 3552 3104 3606 in
3136 3558 3250 3605 toto
3269 3548 3475 3604 mundo
3491 3547 3706 3603 mihine

2134 3649 2421 3712 invenitur,
2457 3645 2718 3702 eolonicio
2739 3658 2908 3708 more,
2937 3640 3183 3695 berbices
3204 3647 3258 3693 et
3278 3638 3509 3703 oblatas,
3530 3639 3703 3692 vinum

2131 3748 2188 3794 et
2213 3737 2411 3808 pullos,
2439 3744 2494 3790 et
2526 3749 2627 3790 ova
2668 3731 3093 3800 archiepiscopo,
3140 3736 3195 3781 et
3234 3727 3301 3781 ad
3346 3742 3506 3780 suum
3536 3722 3704 3780 archi-

2133 3829 2508 3899 presbyterum
2537 3822 2806 3887 similiter,
2836 3829 2892 3875 et
2936 3820 3003 3873 ad
3043 3817 3520 3880 archidiaconum,
3548 3823 3607 3869 et
3642 3813 3706 3868 ad

2134 3916 2552 3979 vicedominum,
2578 3921 2635 3968 et
2661 3913 2728 3967 ad
2752 3911 3041 3972 arcarium,
3072 3916 3128 3963 et
3167 3908 3233 3961 ad
3261 3906 3525 3976 majorem
3560 3903 3706 3959 cubi-

2136 4007 2261 4071 culi,
2291 4014 2345 4059 ct
2378 4004 2443 4057 ad
2478 4001 2845 4063 cartularium,
2874 4005 2933 4052 et
2959 3998 3026 4052 ad
3050 3994 3415 4059 scriniarium,
3445 3999 3503 4047 et
3529 3992 3597 4046 ad
3622 3989 3710 4046 de-

2138 4100 2397 4161 fensores,
2428 4105 2483 4151 et
2505 4095 2570 4148 ad
2595 4091 3006 4157 cubicularium,
3044 4097 3099 4144 et
3127 4085 3193 4141 ad
3224 4084 3489 4155 majorem
3524 4084 3709 4139 domus

2139 4192 2310 4249 tribus
2335 4206 2433 4261 pro
2462 4188 2711 4245 omnibus
2748 4184 2834 4243 his
2859 4181 3185 4253 supradictis
3223 4194 3384 4235 omne
3412 4175 3713 4232 nonaliter

2139 4284 2254 4338 sine
2306 4279 2703 4336 intermissione
2753 4276 2820 4330 ad
2867 4284 3303 4342 unumquemque
3350 4267 3710 4337 supradietnni

2143 4373 2432 4436 redditum,
2461 4370 2600 4424 sicut
2630 4365 2897 4422 tributarii
2930 4362 3132 4419 facere.
3160 4360 3353 4415 Plebes
3379 4370 3593 4427 quoque
3620 4369 3709 4409 ve-

2143 4470 2376 4527 stras,et
2401 4460 2605 4525 titulos,
2624 4472 2688 4512 ac
2708 4464 2907 4519 curtes,
2924 4463 3085 4523 atque
3110 4449 3436 4506 moriasteria
3463 4445 3709 4517 episeOpii

2142 4553 2308 4610 vestri
2348 4549 2672 4622 pertinentia
2711 4546 2779 4602 ad
2809 4544 3250 4617 gubernationem
3287 4547 3562 4603 vestram,
3590 4537 3713 4591 alie-

2143 4665 2275 4705 nare
2317 4656 2372 4702 et
2408 4646 2510 4701 sibi
2553 4642 2838 4712 subjicere,
2879 4648 2934 4693 et
2973 4637 3169 4692 delere.
3202 4634 3360 4689 Aliud
3394 4640 3574 4688 autem
3612 4644 3713 4684 non

2143 4740 2338 4795 minori
2384 4735 2718 4809 querimonia
2763 4729 3086 4793 asseruistis,
3125 4741 3221 4781 vos
3258 4722 3510 4795 compelli
3549 4721 3619 4777 ab
3652 4734 3713 4772 eo

2143 4829 2415 4902 episcOpia
2443 4836 2624 4882 vestra
2653 4824 2918 4884 deserere,
2951 4828 3006 4873 et
3034 4832 3184 4874 more
3210 4813 3532 4886 populorum
3550 4853 3565 4876 ,
3610 4809 3717 4865 Ra-

2143 4901 2330 4976 venna:
2348 4934 2444 4990 per
2475 4914 2712 4986 singulos
2742 4926 2955 4966 menses
2979 4908 3204 4964 alternis
3227 4905 3314 4959 vel
3340 4903 3563 4958 mutatis
3581 4901 3714 4955 viei-

2145 5012 2246 5065 bus
2287 4988 2627 5070 ministrare,
2674 5011 2730 5057 et
2780 4999 3028 5055 infantuli
3079 4995 3349 5067 parochim
3389 5001 3585 5046 vestra:
3612 4988 3719 5043 illis

2146 5101 2337 5156 diebus
2357 5100 2471 5153 sine
2493 5095 2784 5151 chrismate
2818 5091 2988 5145 obire.
3026 5087 3264 5143 Clericos
3285 5089 3544 5151 praeterea
3560 5093 3703 5149 quos

2147 5204 2376 5258 eumque
2400 5195 2630 5242 novatur
2664 5182 2891 5252 alicujus
2918 5176 3166 5233 utilitatis
3202 5175 3471 5236 existere,
3497 5185 3598 5239 pro
3624 5182 3724 5222 suo

2150 5257 2303 5335 libitu
2328 5273 2684 5333 asseverastis
2708 5274 2776 5326 ad
2807 5278 3041 5325 vestram
3070 5263 3461 5333 subjectionem
3485 5269 3541 5316 et
3566 5257 3725 5312 dier-

2147 5371 2347 5440 plinam
2373 5382 2497 5422 eum
2522 5379 2643 5420 esse
2666 5360 2981 5418 subtrahere
3002 5357 3237 5412 solitum.
3276 5352 3385 5406 Nec
3409 5351 3587 5405 utinus
3613 5362 3723 5401 ma-

2151 5474 2255 5530 gno
2281 5458 2518 5513 clamore
2546 5451 2803 5508 ﬁrmastis
2825 5447 2967 5520 quod
3000 5447 3141 5501 idem
3167 5442 3606 5513 archiepiscopus
3632 5450 3725 5490 vos

2152 5563 2258 5603 non
2295 5545 2550 5610 dimittat,
2574 5540 2790 5613 quoties
2814 5537 2881 5593 ad
2916 5535 3105 5591 limina
3132 5531 3497 5601 apostolorum
3520 5532 3721 5596 ample-
