3900 6178
151 343 260 403 789

1043 341 1402 400 ANALECTA
1445 345 1534 401 DE
1569 343 1914 402 EPISCOPlS
1951 345 2499 412 RAVENNATIBUS.

3289 370 3393 428 790

145 455 348 511 ctenda
378 448 462 506 vel
505 447 570 504 ad
613 449 795 504 sedem
838 449 1023 506 venire
1058 452 1240 507 vultis.
1287 451 1432 519 Quas
1475 453 1726 508 nimirum
1756 459 1800 520 Α
1831 471 1972 521 scos,
2001 457 2202 528 absque
2231 439 2714 520 vestra’voluntate
2752 483 2783 522 a
2823 478 3001 528 vestra
3027 473 3303 548 disciplina
3344 489 3400 537 et

141 543 407 616 querulas
435 555 592 596 voces
635 552 690 594 et
731 540 996 596 inauditas
1031 543 1355 598 assertiones
1398 545 1734 599 reverendis-

140 636 272 691 simi
297 631 660 704 episcopi,qui
687 632 740 686 in
759 631 947 685 eodem
972 632 1278 686 residebant
1302 640 1488 686 sancto
1506 633 1734 687 concilio

140 727 438 780 audientes
459 764 474 789 ,
514 735 705 777 omnes
731 722 941 790 pariter
980 723 1352 777 clamaverunt
1386 722 1498 776 [nec
1541 731 1735 790 praeter

141 831 390 872 canones
419 813 558 878 ﬁeri,
601 821 658 867 et
699 818 762 866 ut
808 812 860 866 in
904 821 1221 881 perpetuum
1274 812 1734 882 prohibuisscmns

143 906 497 978 praesulatum
522 913 767 958 nostrum
791 903 1060 972 supplices
1079 903 1374 972 postulare.
1399 901 1735 973 Quapropter

145 1010 256 1054 tam
284 996 588 1068 perniciosa
615 995 948 1064 gravamina,
978 1002 1034 1048 et
1078 1003 1185 1048 tam
1217 993 1358 1047 mala
1402 993 1732 1048 consuetudo

146 1087 201 1140 in
227 1083 471 1140 Ecclesia
508 1083 604 1138 Dei
645 1083 926 1153 tyrannice
954 1098 1078 1136 cum
1119 1082 1462 1152 pullulasset,
1493 1082 1734 1137 dolentes

150 1175 390 1230 maxime
415 1189 538 1229 cum
565 1180 756 1228 contra
783 1187 970 1227 omnes
999 1180 1308 1226 sanctorum
1332 1170 1554 1225 Patrum
1583 1186 1734 1240 regu-

147 1267 262 1331 las,
290 1274 350 1320 et
389 1272 576 1320 contra
615 1275 827 1317 omnem
870 1261 1234 1316 Ecclesiarum
1265 1261 1358 1315 Dei
1402 1275 1642 1327 morem,
1679 1261 1731 1315 in

145 1356 264 1414 sola
293 1356 610 1410 Ravennate
645 1352 926 1422 metmpoli
953 1368 983 1404 a
1014 1351 1490 1421 prtesumptoribus
1521 1350 1630 1405 sint
1657 1359 1732 1404 te-

145 1464 300 1503 mere
327 1452 604 1514 usurpata,
631 1459 698 1498 ne
723 1443 844 1498 aliis
872 1442 1296 1512 metropolitanis
1318 1441 1582 1512 episcopis
1608 1440 1731 1496 talia

143 1537 506 1609 pnesumendi
528 1534 745 1590 occasio
771 1541 1108 1598 remaneret,
1139 1541 1194 1588 ct
1223 1532 1478 1588 Ecclesiae
1505 1531 1601 1588 Dei
1641 1532 1729 1586 tali

143 1631 496 1684 inficerentur
528 1625 776 1696 exemplo
803 1638 818 1690 ;
859 1626 1146 1679 statuimus
1171 1641 1276 1678 una
1301 1640 1422 1680 cum
1444 1625 1590 1680 omni
1612 1639 1733 1678 san-

141 1727 232 1772 cto
261 1717 494 1772 concilio
530 1717 633 1770 hoc
659 1715 812 1769 vobis
841 1723 896 1769 et
922 1714 1117 1769 vestris
1157 1715 1588 1778 successoribus,
1622 1713 1732 1767 imo

141 1825 171 1862 a
202 1809 406 1862 vestris
431 1806 632 1861 sanctis
659 1804 919 1860 Ecclesiis
942 1804 1156 1873 penitus
1180 1803 1554 1859 resccandum.
1581 1801 1730 1858 Unde

139 1915 328 1954 coram
357 1899 544 1953 eodem
571 1897 864 1952 reverendo
891 1896 1138 1961 concilio,
1170 1896 1271 1966 ipsi
1299 1895 1491 1951 Joanni
1519 1895 1728 1950 archie-

141 1992 386 2060 piscopo,
420 1999 476 2042 et
501 1988 750 2043 omnibus
768 1987 882 2042 suis
902 1987 1310 2042 successoribus
1333 1986 1725 2048 interdiximus,

141 2091 195 2135 et
221 2081 291 2135 de
321 2094 641 2149 unaquaque
678 2079 1094 2150 praesumptione
1123 2079 1494 2148 pronunciatis
1518 2078 1728 2146 capitu-

144 2171 228 2233 lis,
260 2169 723 2240 promulgatisque
751 2167 1048 2232 sententiis,
1077 2169 1369 2238 apostolica
1409 2169 1729 2222 auctoritate

142 2257 526 2329 praecepimus,
545 2258 793 2314 videlicet
833 2267 896 2313 ut
942 2258 1046 2312 tale
1089 2259 1217 2329 quid
1258 2258 1484 2312 ulterius
1529 2272 1729 2326 nequa-

145 2367 312 2423 quam
333 2367 428 2407 nec
449 2351 584 2422 ipse,
601 2365 697 2407 nec
717 2349 832 2420 ejus
845 2366 1186 2408 successores
1203 2365 1362 2424 agere
1381 2359 1727 2422 praasumant,

145 2456 266 2510 qua:
301 2441 510 2496 scilicet
541 2439 776 2510 capitula
811 2439 950 2511 apud
983 2456 1080 2494 nos
1119 2441 1430 2505 retinentes,
1459 2439 1728 2508 exempla-

149 2533 226 2585 ria
273 2546 466 2584 eorum
503 2530 654 2584 vobis
691 2546 790 2599 pro
835 2530 1029 2586 futuris
1079 2530 1404 2601 temporibus
1451 2524 1726 2584 retinenda

150 2622 548 2676 mandavimus.
596 2619 702 2676 Sed
743 2622 995 2692 quoniam
1035 2619 1346 2676 fraternitas
1383 2629 1563 2675 vestra
1603 2635 1730 2689 apo-

143 2713 400 2766 stolatum
430 2721 670 2767 nostrum
695 2713 797 2781 pro
821 2712 1006 2766 futura
1029 2711 1258 2777 cautela,
1289 2721 1344 2766 et
1371 2719 1591 2782 propter
1617 2725 1728 2765 om-

145 2804 424 2860 nimodam
448 2805 789 2859 securitatem
822 2819 998 2868 suam,
1035 2811 1362 2874 praeceptum
1393 2800 1729 2856 auctoritatis

147 2901 354 2948 nostrae
403 2893 556 2948 vobis
611 2893 916 2963 specialiter
969 2893 1274 2962 vestrisque
1325 2889 1729 2946 successoribus

142 2983 420 3054 episcopis
470 2983 523 3038 in
573 2991 888 3054 perpetuum
938 2981 1256 3038 mittendum
1306 2979 1501 3034 obnixe
1559 2994 1726 3048 popo-

142 3071 277 3136 scit;
323 3071 563 3127 inclinati
609 3072 858 3140 precibus
893 3072 1091 3141 vestris
1137 3087 1235 3140 per
1277 3069 1436 3140 hujus
1466 3067 1722 3139 praecepti

143 3160 351 3214 seriem
372 3161 720 3232 praecipimus
751 3175 1006 3231 expresse
1033 3201 1048 3228 ,
1076 3159 1328 3230 juhemus
1363 3167 1526 3229 atque
1575 3161 1721 3214 omni
1749 3133 1794 3194 (ἶ

143 3249 528 3306 interdictione
545 3249 982 3318 prohibemus,ut
999 3252 1178 3308 nullus
1197 3252 1466 3318 ammpdo,
1497 3259 1553 3305 et
1573 3251 1721 3306 dein-

141 3357 269 3410 ceps
324 3343 763 3414 archiepiscopus
810 3343 1080 3400 Ravenna:
1127 3343 1194 3398 ad
1237 3352 1420 3398 vestra
1449 3343 1752 3425 episcOpia.

142 3432 258 3486 sine
289 3432 572 3488 voluntate
613 3442 789 3489 vestra
818 3435 1077 3490 accedere
1112 3442 1356 3504 temptet,
1377 3433 1462 3487 vel
1489 3433 1722 3502 aliquam

143 3524 438 3593 pecuniam
464 3540 494 3578 a
521 3525 672 3580 vobis
696 3525 932 3596 exigere,
976 3525 1058 3580 vel
1101 3539 1190 3585 res
1229 3525 1472 3580 ecclesize
1505 3533 1722 3589 vcstrar,

144 3626 233 3670 aut
260 3617 596 3670 monasteria
626 3626 804 3671 vestra
835 3657 848 3681 ,
891 3617 1004 3670 sive
1028 3617 1234 3686 plebes,
1265 3624 1358 3670 aut
1382 3615 1585 3680 titulos,
1611 3615 1724 3670 sive

141 3705 349 3772 pnedia
384 3719 483 3772 per
510 3705 735 3774 quodvis
761 3705 1033 3774 ingenium
1059 3705 1292 3776 diripere
1312 3703 1527 3770 audeat,
1551 3719 1725 3772 neque

142 3808 349 3848 vocare
383 3793 693 3848 Ravennam
732 3803 930 3863 prazter
978 3803 1218 3865 tempora
1265 3810 1296 3848 a
1331 3795 1582 3848 Patribus
1623 3794 1726 3849 dif-

141 3883 294 3936 ﬁnita
320 3922 337 3945 ,
376 3883 573 3952 quibus
604 3883 830 3938 concilia
861 3884 1235 3952 episcoporum
1268 3883 1350 3936 bis
1377 3883 1430 3936 in
1457 3896 1599 3936 anno
1631 3897 1722 3935 cc—

140 3973 411 4029 lebranda
439 3982 752 4039 sanxerunt,
783 3989 881 4030 vos
905 3974 1014 4029 ulle
1043 3975 1202 4030 modo
1232 3981 1575 4044 prresumant.
1609 3972 1725 4027 [loc

135 4080 250 4134 prae
286 4065 509 4119 exteris
538 4065 976 4134 supprimendum
1009 4105 1024 4128 ,
1067 4072 1125 4118 ut
1165 4063 1293 4117 illud
1330 4063 1471 4132 quod
1514 4062 1726 4132 trigesi-

138 4154 279 4207 male
315 4153 536 4217 dicunt,
569 4151 841 4208 Ravenna:
869 4152 977 4208 ullo
1006 4151 1164 4207 modo
1207 4167 1302 4207 vos
1355 4150 1533 4206 facere
1567 4189 1582 4212 ,
1633 4160 1726 4202 aut

135 4258 342 4314 cogere
365 4243 616 4297 audeant.
642 4244 827 4314 Itaque
847 4258 946 4298 nec
967 4243 1236 4297 dationem
1258 4241 1491 4310 aliquam
1513 4239 1726 4294 archie-

135 4335 384 4404 piscopis
413 4333 814 4390 Ravennatibus
835 4334 907 4390 sit
931 4333 1145 4388 licentia
1172 4348 1204 4386 a
1228 4332 1399 4397 vobis,
1419 4330 1722 4400 vestrisque

137 4425 552 4481 successoribus
585 4425 850 4496 episcOpis
879 4425 1148 4488 ammodo,
1187 4431 1244 4479 et.
1265 4424 1539 4492 deinceps,
1565 4421 1618 4477 id
1638 4432 1722 4476 est
1749 4463 1800 4523 Β

137 4517 187 4571 in
218 4524 549 4586 perpetuum
574 4515 912 4586 exquirendi,
939 4531 1039 4571 nec
1061 4531 1169 4570 non
1189 4522 1240 4570 et
1267 4513 1416 4568 vobis
1447 4511 1718 4566 licentiam

138 4606 472 4667 tribuimus,
527 4614 584 4656 ut
627 4605 841 4674 quoties
893 4620 994 4674 pro
1034 4606 1316 4660 beatorum
1356 4602 1720 4673 apostolorum

135 4709 330 4750 amore
355 4733 371 4760 ,
419 4695 499 4748 vel
536 4709 633 4764 pro
671 4695 978 4750 visitatioae
1009 4695 1317 4764 apostolicae
1345 4695 1490 4750 sedis
1517 4709 1720 4764 pra-su-

137 4786 246 4838 lum
274 4799 437 4838 more
462 4785 804 4839 deccssorum
832 4794 1132 4840 YCSU‘OI'lllll
1169 4785 1395 4842 ROIWJID
1433 4802 1719 4842 OCCUl‘l‘Cl‘C

135 4876 333 4940 vultis,
381 4875 586 4930 nullum
625 4877 1066 4946 impedimentum
1105 4877 1256 4932 vobis
1281 4879 1720 4948 archiepiscopus

137 4967 438 5032 Ravenna,
467 4982 566 5022 nec
595 4969 794 5036 palam,
822 4984 921 5024 nec
945 4969 1174 5033 occulte,
1207 4968 1383 5024 facere
1401 4979 1717 5038 praesumat,

131 5057 230 5109 sed
273 5058 390 5111 Deo
432 5058 630 5113 comite
671 5060 823 5114 vobis
863 5071 1146 5114 occurrere
1172 5059 1348 5114 liceat.
1391 5058 1497 5114 Sed
1532 5069 1587 5116 et
1615 5063 1720 5115 hec

133 5145 506 5211 decernimus,
527 5162 591 5202 ac
613 5147 932 5213 diﬂinimus,
964 5153 1024 5202 ut
1057 5163 1178 5202 cum
1222 5149 1437 5204 statutis
1466 5152 1720 5220 tempori—

133 5239 238 5291 l‘us
263 5237 707 5308 archiepiscopus
737 5239 1022 5294 Ravennas
1049 5255 1144 5293 vos
1170 5238 1239 5293 ad
1265 5238 1490 5294 concilia
1517 5254 1717 5296 convo—

133 5329 350 5380 caverit
376 5365 390 5390 ,
442 5327 590 5382 nullo
628 5329 786 5384 modo
810 5343 910 5384 vos
929 5328 1129 5382 diutius
1159 5327 1423 5382 retinendi
1449 5327 1719 5381 licentiam

135 5418 364 5484 haheat,
401 5418 476 5471 ita
505 5427 564 5472 ut
591 5419 730 5474 ultra
775 5434 843 5472 xv
895 5418 1010 5473 dies
1061 5433 1160 5486 pro
1205 5415 1354 5486 gravi
1399 5415 1721 5471 necessitate

137 5506 420 5560 Ravennae
445 5507 590 5562 nullo
620 5509 778 5564 modo
807 5507 1172 5563 remoremiui.
1217 5507 1524 5562 Secundum
1578 5507 1722 5562 salu—

133 5596 440 5652 berrimum
469 5597 530 5652 S.
555 5597 752 5654 Leonis
795 5613 942 5670 papae
977 5599 1252 5654 decretum
1301 5611 1401 5652 nec
1447 5596 1718 5651 licentiam

135 5687 346 5742 haheat
371 5686 599 5744 clericos
618 5689 859 5746 matricis
880 5687 1124 5744 ecclesias
1151 5697 1346 5743 vestra:
1365 5728 1379 5753 ,
1409 5687 1492 5743 vel
1523 5687 1720 5742 dicace-

1833 544 2162 638 subjectione
2191 548 2530 638 subtrahere.
2574 549 2678 606 Sed
2719 569 2892 625 neque
2918 544 3194 630 ecclesias,
3224 583 3400 638 neque

1831 633 2031 701 plebes,
2045 649 2218 704 neque
2231 634 2434 700 titulos,
2452 653 2552 692 nec
2576 644 2900 698 monasteria
2926 647 3198 720 episcopio
3223 633 3401 709 vestro

1831 724 2153 793 pertinentia
2177 741 2208 779 a
2245 734 2421 782 vestro
2451 726 2726 798 regimine,
2756 739 2810 785 et
2839 731 3060 802 ditione,
3088 754 3151 794 ac
3179 743 3398 798 ordina-

1836 813 2000 877 tione,
2026 813 2106 866 eis
2133 813 2337 869 licitum
2372 817 2440 869 sit
2471 816 2702 872 auferre.
2757 820 3031 891 Siquidem
3079 830 3229 886 vobis
3287 849 3402 889 vcs-

1834 901 2039 972 trisque
2065 905 2472 959 successoribus
2507 906 2774 977 episcopis
2801 927 3018 968 manere.
3040 904 3401 986 decernimus,

1833 999 1942 1045 tam
1971 992 2187 1060 quidem
2221 992 2448 1048 clericos
2472 1035 2486 1058 ,
2515 1010 2675 1064 quam
2705 999 2882 1053 omnia
2913 1001 3166 1060 Ecclesiae
3209 1017 3402 1063 vestra:

1833 1079 2089 1148 regendi,
2136 1077 2347 1134 fruendi
2387 1096 2451 1136 ac
2481 1083 2764 1138 ordinandi
2807 1087 3096 1144 licentiam.
3127 1091 3405 1166 Archicpi-

1833 1182 1997 1238 scopo
2026 1183 2158 1223 vero
2181 1168 2480 1224 Ravennati
2507 1172 2708 1226 nullam
2748 1176 2992 1232 volumus
3025 1181 3225 1235 habere
3245 1198 3404 1254 super

1833 1273 1931 1312 vos
1953 1257 2324 1323 valitudinem,
2353 1259 2438 1314 vel
2469 1260 2776 1318 facultatem
2805 1306 2818 1330 ,
2853 1276 3048 1336 przeter
3075 1285 3235 1339 quam
3265 1273 3402 1326 sacri

1833 1361 2065 1402 canones
2090 1347 2422 1418 praecipiunt.
2456 1347 2596 1404 Sane
2631 1352 2675 1406 si
2707 1351 2760 1405 in
2801 1351 2978 1422 aliquo
3019 1362 3256 1426 tempore
3283 1361 3403 1430 qui-

1833 1434 1962 1489 libet
1993 1434 2275 1492 Ravennas
2313 1437 2748 1510 archiepiscopus
2775 1451 3065 1511 praenotata
3089 1450 3405 1516 gravamina

1833 1542 1994 1596 super
2015 1543 2110 1582 vos
2131 1543 2412 1595 renovare,
2435 1529 2520 1584 vel
2541 1532 2802 1587 reducere
2832 1541 3104 1606 temptans
3132 1554 3228 1608 per
3251 1539 3404 1610 longa

1825 1615 1938 1683 jam
1972 1625 2212 1686 tempora
2244 1658 2258 1683 ,
2309 1619 2424 1674 haec
2469 1635 2566 1674 vos
2605 1621 2831 1676 solvisse
2875 1623 3149 1680 afﬁrmare
3180 1637 3406 1682 conatus

1833 1709 2200 1773 fuerit,ettale
2221 1709 2311 1776 jus
2334 1709 2387 1763 in
2411 1727 2507 1766 vos
2527 1713 2775 1768 habuisse
2802 1714 3166 1772 Ravennatem
3191 1719 3372 1772 archie.
3389 1748 3404 1760 -

1763 1794 1806 1854 Β
1833 1801 2109 1871 piscopum
2139 1811 2264 1858 ante
2293 1803 2458 1857 multa
2493 1812 2730 1874 tempora
2758 1807 2984 1876 probare
3032 1809 3184 1864 nisus
3213 1811 3404 1864 extite-

1830 1892 1932 1956 rit,
1988 1891 2130 1946 nulla
2189 1893 2310 1946 talis
2357 1893 2588 1950 assertio
2613 1895 2756 1950 vires
2796 1895 3065 1964 obtineat,
3099 1915 3198 1954 nec
3235 1900 3406 1969 possit

1828 1983 2102 2050 longitudo
2129 1983 2387 2053 temporis
2429 1983 2710 2054 sull‘ragari
2737 2027 2750 2052 ,
2793 1988 2935 2056 quod
2975 1997 3183 2045 constet
3209 1999 3406 2061 praeter

1823 2072 2047 2140 justitim
2084 2071 2325 2142 regulam
2355 2073 2656 2141 perniciose
2679 2075 2765 2129 diu
2795 2076 2960 2134 fuisse
2983 2089 3401 2151 prmsumptum;

1829 2162 2097 2230 praecipue
2127 2178 2247 2216 cum
2278 2164 2420 2217 sacri
2447 2179 2683 2219 canones
2707 2165 2936 2222 doceant
2960 2185 3063 2224 non
3089 2171 3266 2226 minus
3295 2187 3405 2226 ma—

1830 2251 1932 2304 lam
1969 2252 2407 2306 consuetudinem
2445 2269 2605 2322 quam
2646 2257 3003 2326 perniciosam
3034 2261 3399 2331 corruptelam

1829 2356 1948 2396 esse
1973 2341 2260 2396 vitandam.
2280 2342 2510 2398 Proinde
2531 2345 2871 2401 decernimus
2902 2358 2959 2404 ut
2988 2345 3120 2404 nihil
3146 2352 3403 2407 exhibea-

1829 2432 1898 2486 tis
1947 2433 2352 2503 archiepiscopo
2391 2435 2686 2491 Ravennati
2721 2479 2735 2502 ,
2783 2441 2874 2508 qui
2909 2455 3006 2509 per
3032 2441 3239 2512 singula
3271 2451 3406 2498 tem-

1828 2537 1958 2592 pora
1990 2521 2190 2588 fuerit,
2249 2524 2352 2578 nisi
2405 2525 2547 2594 quod
2581 2541 2815 2582 canones
2841 2529 3013 2583 sancti
3041 2531 3360 2602 praecipiunt
3387 2571 3402 2595 ,

1829 2619 2076 2686 quodque
2106 2618 2286 2673 cancri
2325 2619 2557 2688 episcopi
2599 2636 2696 2688 per
2722 2621 2994 2692 Liguriam
3019 2632 3074 2678 et
3101 2621 3402 2687 Venetiam,

1828 2706 2348 2776 atquelstriam,suis
2367 2709 2790 2776 metropolitanis
2803 2711 3058 2766 exhibere
3078 2713 3394 2781 probantur.

1828 2796 2306 2866 Archiepiscopum
2357 2805 2536 2850 autem
2587 2799 2955 2855 Ravennatem
3009 2803 3142 2856 nihil
3176 2818 3205 2856 a
3251 2805 3402 2858 vobis

1827 2887 2044 2956 exigere
2097 2887 2292 2941 debere
2345 2902 2670 2952 censemus,
2721 2905 2823 2944 nec
2873 2891 2926 2945 in
2957 2907 3052 2947 vos
3076 2892 3403 2962 aliquodjus

1827 2991 2080 3030 exercere
2120 2975 2436 3040 ditlinimus,
2473 2976 2577 3030 nisi
2609 2987 2668 3031 ut
2693 2979 2940 3050 superius
2989 2981 3291 3038 libavimus.
3345 2982 3402 3038 Si

1827 3065 1948 3134 quis
2001 3073 2181 3121 autem
2234 3065 2670 3136 archiepiscopus
2719 3067 3002 3124 Ravennas
3051 3073 3302 3128 ammodo
3346 3082 3405 3127 et

1827 3155 2081 3222 deinceps
2111 3161 2298 3208 contra
2337 3161 2534 3209 nostra:
2568 3155 2874 3224 apostolica:
2899 3159 3240 3214 auctoritatis
3265 3176 3402 3230 pra:-

1826 3251 2036 3313 ccptuln
2069 3285 2084 3308 ,
2116 3244 2200 3298 vel
2228 3252 2419 3298 contra
2463 3241 2620 3310 hujus
2653 3245 2853 3301 decreti
2905 3256 3146 3302 tenorem
3196 3249 3248 3304 in
3291 3259 3403 3305 toto

1825 3335 1908 3387 vel
1959 3335 2011 3388 in
2056 3343 2208 3404 parte
2246 3335 2432 3388 venire
2464 3335 2825 3404 temptaverit,
2851 3345 2906 3391 et
2928 3339 3078 3394 vobis
3101 3341 3402 3410 vestrisque

1823 3427 2226 3480 successoribus
2261 3427 2527 3497 episcopis
2573 3430 2820 3498 superius
2845 3431 3114 3500 prohibita
3155 3433 3403 3503 injunxe-~

1826 3516 1917 3579 rit,
1945 3516 2024 3570 vel
2054 3516 2264 3581 tulerit,
2293 3517 2552 3586 vobisque
2584 3517 2786 3587 aliquid
2817 3521 2881 3574 de
2909 3521 3248 3590 prmsignatis
3273 3537 3402 3576 one-

1826 3605 1975 3658 ribus
2003 3605 2346 3674 imposuerit,
2367 3612 2422 3659 et
2463 3622 2568 3659 non
2607 3606 2659 3659 iu
2707 3607 2956 3662 omnibus
3005 3607 3162 3676 hujus
3190 3610 3399 3678 pagime

1825 3695 1993 3747 textui
2037 3695 2332 3759 obedierit,
2397 3695 2468 3748 sit
2525 3696 2794 3750 sententia
2852 3697 2944 3750 Dei
2977 3698 3399 3767 omnipotentis,

1828 3785 2076 3853 lcatique
2113 3785 2278 3848 Petri,
2316 3793 2370 3839 et
2402 3784 2553 3838 Pauli
2585 3784 2947 3854 apostolorum
2977 3787 3302 3856 principum,
3342 3796 3398 3842 et

1827 3876 2118 3944 apostolica
2147 3876 2468 3930 auctoritate
2492 3876 2852 3930 anathematis
2891 3876 3178 3932 innodatus
3207 3877 3395 3932 vincu-

1828 3965 1912 4030 lis,
1957 3973 2012 4019 et
2043 3973 2294 4034 tanquam
2344 3975 2631 4019 contumax
2684 3980 2958 4020 sacrorum
2998 3981 3263 4021 canonum
3289 4008 3303 4031 ,
3344 3977 3402 4021 et

1825 4056 2239 4125 apostolicamm
2283 4055 2515 4109 violator
2566 4053 2984 4120 institutionum,
3035 4056 3104 4110 ab
3135 4057 3282 4111 omni
3313 4073 3402 4112 sa-

1826 4146 2083 4200 cerdotali
2115 4145 2323 4200 alienus
2350 4144 2404 4198 in
2441 4152 2756 4214 perpetuum
2802 4145 3000 4200 existat
3048 4143 3244 4202 otlicio.
3273 4146 3398 4202 Haec

1825 4251 1973 4300 vero,
2005 4251 2123 4304 qua:
2148 4235 2394 4304 superius
2422 4235 2622 4304 scripta
2657 4236 3005 4290 continentur
3031 4276 3046 4302 ,
3097 4235 3151 4290 in
3208 4251 3398 4306 perpe-

1827 4338 1975 4379 tuum
2004 4325 2387 4380 confirmamus
2412 4365 2427 4389 ,
2474 4341 2538 4380 ac
2583 4327 2920 4390 roboramus,
2959 4325 3106 4381 salvo
3136 4327 3399 4381 duntaxat

1825 4416 2028 4471 honore
2051 4456 2066 4482 ,
2113 4424 2168 4470 et
2213 4415 2547 4486 subjectione
2572 4425 2773 4469 sanctae
2797 4415 3052 4470 Romanae
3098 4417 3354 4490 Ecclesia:
3380 4456 3396 4480 ,

1828 4515 1990 4574 atque
2038 4505 2250 4561 docibili
2302 4507 2638 4572 reverentia,
2689 4515 2743 4561 et
2793 4521 3034 4576 congruo
3079 4503 3394 4576 pontiﬁcum

1824 4593 2130 4662 apostolica:
2170 4592 2312 4648 sedis
2348 4593 2628 4664 obsequio.

1892 4683 2059 4754 Cujus
2083 4683 2337 4756 praecepti
2367 4685 2541 4738 tenori
2591 4683 2790 4753 scripto
2821 4699 2920 4754 per
2963 4700 3158 4740 manus
3204 4683 3396 4741 Leonis

1823 4774 2095 4830 scriniarii
2121 4773 2413 4830 indictione
2439 4774 2757 4844 subscripsit
2779 4774 3006 4830 decima.

1829 4894 2060 4966 Nomina
2087 4905 2262 4948 autem
2289 4897 2644 4966 episcoporum
2687 4896 2776 4964 qui
2813 4895 2934 4966 huic
2961 4905 3142 4966 sancto
3175 4895 3398 4950 concilio

1898 4965 2272 5034 imerfuerunt,
2319 4964 2685 5019 Consenserunt
2733 4973 2782 5018 et
2830 4964 3288 5034 subscripserunt,
3343 4965 3400 5017 hs

1897 5033 2040 5099 sunt,
2070 5033 2302 5088 videlicet
2325 5049 2343 5085 :

1969 5145 2312 5200 lldebrandus
2347 5142 2646 5199 Verulinus.

1967 5237 2204 5293 Joannes
2238 5237 2447 5292 Velitri.

1968 5329 2162 5383 Petrus
2189 5325 2360 5380 Gabo.

1969 5417 2226 5488 Magistus
2257 5419 2422 5474 Porti.

1968 5510 2230 5564 Arscuius
2257 5509 2481 5566 Ortano.

1965 5599 2318 5654 Petronacius
2347 5600 2578 5657 Albano.

1967 5688 2330 5760 Liutprandus
2353 5690 2626 5748 Clusinus.
