3900 6178
946 462 1033 516 DE
1070 458 1416 524 IllMFRlDO,

875 553 1270 624 Archiepiscopo
1298 550 1481 606 LXVI.

456 644 750 701 Iliuifridus
774 640 956 697 LXVI.
981 642 1238 697 Antistes.

943 732 1031 786 DE
1070 730 1388 795 HENRICO,

854 822 1250 892 Archiepiscopo
1277 821 1483 875 LXVII.

454 910 717 966 llcuricus
748 909 952 967 LXVII.
983 908 1245 963 Antistes.

942 1000 1031 1054 DE
1068 999 1365 1055 GIBERTO

839 1089 1232 1160 Arcltiepiscopo
1272 1087 1497 1142 LXVIII.

453 1180 708 1239 Gibertus
734 1192 760 1221 ι
794 1178 1021 1234 LXVIII.
1062 1178 1160 1233 llic
1189 1179 1364 1250 primo
1391 1177 1492 1232 fuit
1524 1178 1957 1247 archiepiscopus

383 1271 703 1326 llbemensis
733 1270 922 1325 deinde
966 1269 1269 1332 Ravennas,
1316 1268 1652 1339 postmodum
1696 1282 1834 1338 papa
1864 1282 1958 1321 no-

382 1364 617 1419 minatus
653 1361 911 1417 Silvestcr
957 1359 1019 1415 ll.
1076 1360 1392 1426 Homagium
1439 1358 1649 1414 diabolo
1697 1359 1841 1423 fecit,
1897 1367 1956 1412 et

381 1452 523 1507 male
546 1451 737 1517 ﬁnivit,
765 1459 826 1505 ut
856 1459 1025 1505 totum
1057 1451 1226 1504 habes
1256 1452 1308 1504 in
1336 1449 1600 1503 Chronica
1634 1447 1956 1503 Martiniana

381 1540 458 1615 [in
494 1541 729 1612 capitulo
776 1540 1034 1612 Sylvestri
1061 1538 1150 1611 II].
1208 1536 1333 1592 Post
1379 1538 1490 1592 lucc
1528 1538 1651 1591 bene
1692 1540 1957 1609 sequentia

380 1634 649 1689 adduntur
667 1650 759 1704 per
780 1633 989 1687 modum
1021 1632 1249 1695 notulce;
1276 1647 1379 1684 non
1409 1630 1549 1699 quod
1580 1630 1679 1683 istc
1709 1644 1813 1684 non
1838 1629 1956 1693 fuit,

381 1727 445 1779 de
475 1740 582 1795 quo
623 1724 762 1779 facta
805 1735 889 1780 est
935 1725 1153 1778 mentio.
1203 1721 1492 1777 Guibertus
1519 1737 1648 1777 vero
1673 1722 1738 1777 de
1766 1720 1957 1775 Parma

1336 350 1427 403 AD
1459 348 1755 405 AGNELLI
1793 346 2244 404 PONTIFICALE
2280 344 2641 402 APPENDIX.

1982 462 2031 521 Α
2058 468 2235 513 uatem
2261 460 2419 516 annis
2444 476 2501 525 x,
2526 458 2753 515 mensib.
2783 473 2867 525 nt,
2893 458 3082 515 diebus
3106 477 3250 515 xxiv.
3279 462 3616 520 Obiitautem

3519 345 3613 405 796

2054 567 2127 606 vn
2158 550 2275 605 Kal.
2321 549 2658 616 Novembris,
2708 550 2842 605 feria
2877 558 3089 620 quarta,
3144 567 3286 607 anno
3333 552 3621 609 Dominum

2052 640 2445 697 Incarnationis
2474 638 2632 705 1154,
2676 648 2918 710 tempore
2947 641 3214 695 Anastasii
3242 657 3395 712 papa:
3423 644 3622 712 quarti,

2054 747 2196 788 anno
2220 732 2454 788 secundo
2476 730 2718 785 Federici
2746 732 2889 801 regis
2914 732 3114 786 mensis
3132 733 3189 796 3,
3212 734 3428 802 quando
3454 733 3623 804 primo

2054 822 2200 877 venit
2247 822 2301 876 in
2348 822 2554 876 Italiam
2590 822 2639 875 ι’.
2697 821 2884 876 Nullus
2932 822 2984 875 in
3038 822 3380 891 pontiﬁcibus
3427 825 3625 880 nostris

2055 911 2442 977 literatioreo;
2491 911 2596 967 fuit
2642 913 2939 967 instructus
2987 912 3212 982 legibus,
3262 923 3372 969 tam
3410 915 3621 982 divinis,

2056 1017 2216 1070 quam
2244 1000 2512 1066 humanis,
2558 1000 2851 1071 multisque
2876 1000 2994 1056 aliis
3014 999 3275 1057 'scientiis
3319 1004 3618 1058 decoratus.

2053 1088 2291 1144 Plurima
2317 1090 2455 1145 bona
2502 1089 2629 1145 huic
2661 1088 2918 1144 Ecclesiae
2945 1091 3188 1145 contulit.
3218 1088 3347 1145 VIiC
3378 1092 3544 1148 libras
3573 1096 3617 1147 in

2056 1181 2459 1251 expiguorando
2505 1181 2878 1250 possessiones
2906 1179 3233 1236 Ravennatis
3256 1183 3513 1239 Ecclesia:
3530 1203 3614 1239 ex-

2054 1270 2257 1339 pendit.
2286 1271 2362 1324 De
2411 1271 2514 1326 isto
2543 1271 2947 1342 archiepiscopo
3000 1274 3173 1342 reperi
3220 1273 3271 1327 in
3294 1276 3528 1343 quodam
3550 1278 3618 1331 iu-

2057 1371 2354 1417 strumcuto
2378 1363 2702 1432 antiquosic
2730 1381 2743 1416 :
2781 1381 2800 1414 ι
2833 1362 2991 1417 Anno
3042 1363 3334 1419 Dominice
3378 1365 3620 1421 Incurua-

2061 1453 2220 1508 tionis
2248 1454 2405 1516 1144,
2446 1462 2687 1522 tempore
2730 1452 2881 1508 Lucii
2933 1468 3085 1523 papae
3112 1454 3153 1507 ll
3206 1453 3380 1526 [Lucii
3407 1454 3547 1526 Ill].
3574 1466 3623 1511 ct

2058 1542 2289 1597 Couradi
2339 1543 2505 1614 regis,
2559 1543 2851 1598 indictione
2882 1543 2937 1607 7,
2996 1544 3271 1613 ingressus
3318 1553 3403 1599 est
3442 1545 3626 1600 loiscs

2059 1633 2262 1687 electus
2314 1633 2747 1703 archiepiscopus
2822 1632 3058 1686 Civitatis
3113 1632 3382 1688 Ravennae
3449 1636 3501 1689 in
3547 1636 3626 1690 die

2060 1724 2232 1793 prima
2259 1724 2459 1777 mensis
2484 1722 2646 1783 Junii,
2673 1738 2792 1793 qua:
2820 1733 2946 1778 tunc
2972 1722 3076 1778 fuit
3109 1724 3293 1794 quinta
3327 1724 3481 1780 feria.
3509 1726 3626 1781 Sus—

379 1830 445 1869 ex
473 1814 795 1871 cancellario
825 1815 1160 1885 imperatoris
1189 1814 1241 1867 in
1272 1828 1434 1884 regno
1475 1813 1682 1876 Italico,
1710 1812 1961 1867 defuncto
1991 1797 2034 1856 Β
2062 1822 2251 1883 ceptus
2288 1822 2371 1869 est
2413 1815 2482 1869 ab
2532 1814 2784 1870 omnibus
2828 1829 2952 1869 cum
2999 1816 3204 1870 honore
3250 1817 3510 1871 maxime.
3539 1817 3625 1871 Sc-

380 1908 689 1964 Ravennate
716 1908 1122 1979 archiepiscopo
1150 1924 1245 1978 per
1269 1906 1686 1979 [inclimentum]
1724 1908 1951 1977 impera-

382 1997 534 2052 tricis
563 1996 766 2053 electus
795 2006 878 2053 est
932 1998 985 2051 in
1034 1998 1149 2066 ipsa
1202 1998 1470 2056 Ecclesia.
1523 1997 1861 2068 postmodum
1892 1997 1960 2051 ab

378 2086 687 2141 Alexandro
728 2102 886 2158 papa,
940 2086 1067 2141 licet
1120 2087 1309 2153 invito,
1362 2087 1653 2141 multarum
1704 2086 1957 2165 insgantia

379 2177 838 2233 consecrationem
873 2177 1123 2233 obtinuit.
1175 2179 1271 2233 Cui
1336 2187 1619 2248 postquam
1674 2193 1958 2234 consecra—

381 2268 543 2322 tionis
572 2283 787 2322 mauum
829 2267 1128 2337 imponeret
1160 2268 1473 2339 prophetico
1502 2267 1739 2337 repletus
1768 2267 1958 2337 spiritu

379 2355 520 2410 idem
556 2357 794 2427 pontifex
826 2357 904 2411 sic
953 2357 1123 2411 fertur
1168 2357 1406 2412 dixisse:
1457 2358 1569 2427 Ego
1597 2357 1812 2427 quidem
1849 2355 1957 2423 jam

381 2445 600 2509 delibor,
628 2455 683 2500 et
716 2455 922 2515 tempus
951 2446 1293 2501 resolutionis
1322 2461 1455 2500 mere
1498 2447 1687 2500 instat.
1720 2444 1799 2499 Tu
1832 2460 1958 2499 vero

380 2536 539 2603 hujus
564 2546 923 2592 sacrosanctm
944 2536 1199 2591 Ecclesia:
1238 2545 1404 2591 totam
1430 2535 1725 2608 [acerbam]
1756 2536 1957 2591 senties

380 2627 635 2681 ultionem
664 2626 731 2681 de
758 2634 971 2681 caetero.

1016 2732 1338 2773 ιῡκοτλτιο.

454 2803 849 2861 It-tcrscruntur
871 2808 960 2862 hic
989 2824 1018 2862 a
1050 2808 1238 2862 Rubeo
1266 2808 1618 2869 Ricchardus.
1644 2807 1805 2871 Otho,
1839 2806 1958 2863 Ilie-

382 2875 595 2935 rcmias,
630 2892 857 2948 quorum
906 2878 1053 2948 prior
1078 2878 1311 2948 legitime
1338 2893 1367 2931 a
1392 2878 1653 2947 Gregorio
1700 2876 1789 2931 VII
1827 2894 1957 2931 con-

379 2955 623 2998 secratus
671 2947 882 3010 dicitur,
908 2947 989 3002 iet
1036 2947 1371 3001 Ricchardus
1410 2964 1475 3002 ex
1519 2948 1830 3010 conjectura
1858 2961 1953 3000 vo-

378 3017 723 3085 catur,_quod
748 3017 799 3068 in
827 3018 1145 3085 quibusdam
1171 3016 1414 3084 Gregorii
1458 3016 1729 3085 pontiﬁcis
1756 3016 1955 3070 litteris

379 3082 592 3155 capitali
623 3084 801 3155 littera
832 3084 894 3138 R.
930 3087 1209 3155 indicetur.
1263 3082 1344 3141 Ob
1392 3082 1628 3155 idiapud
1673 3086 1948 3155 Ugbellum

380 3133 715 3204 Ri'cchardus
750 3163 1105 3209 nuncupatur.
1138 3154 1275 3209 Otho
1318 3170 1381 3208 ac
1432 3133 1946 3208 Ilie'remiasusubin-
1979 3133 2023 3194 Ο

381 3220 512 3298 trusi
550 3221 860 3298 creduntur.
914 3220 1197 3298 Hieremiae
1223 3223 1440 3277 Rubeus
1472 3223 1807 3298 G_ualteriuu_t
1838 3222 1945 3276 suf-

378 3287 491 3361 ficit
516 3304 531 3349 ;
563 3287 822 3361 Ilgbellus
858 3306 989 3344 vero
1015 3290 1317 3360 Philippum
1348 3308 1413 3361 ex
1445 3293 1719 3361 cujusdam
1748 3293 1950 3346 chartae

374 3357 483 3409 ﬁde
504 3358 967 3429 ambit-piscarium
998 3357 1267 3429 iuterjicit.
1304 3380 1323 3412 ι
1362 3357 1521 3416 ἰιιιοό
1560 3363 1816 3416 canonice
1844 3362 1951 3415 ele-

378 3434 521 3499 ctum
554 3426 857 3499 haud’lcve'
882 3426 1254 3497 argumentum
1284 3449 1301 3481 ι
1337 3447 1457 3485 esse
1497 3431 1594 3493 ait,
1626 3432 1769 3499 quod
1799 3446 1947 3484 asse-

378 3495 517 3569 derit
543 3495 831 3569 __Mathildae
856 3495 1093 3569 regium,
1129 3518 1147 3548 ι
1204 3502 1416 3569 quando
1444 3495 1700 3555 credibile
1732 3517 1835 3554 non
1866 3508 1950 3554 est

377 3564 655 3618 catholicae
678 3567 819 3623 sedis
845 3564 1096 3622 feminam
1123 3564 1567 3623 studiosissimum
1598 3569 1651 3622 in
1700 3570 1780 3623 sui
1824 3584 1950 3623 con-

378 3635 605 3706 sortium
649 3637 780 3691 vitio
832 3638 1058 3691 electum
1112 3638 1617 3706 schismaticumque
1667 3640 1951 3695 admittere

377 3703 629 3757 voluisse.
679 3706 873 3760 Verum
924 3708 1067 3762 unde
1114 3708 1419 3763 noverimus
1468 3703 1775 3762 Matbildem
1805 3708 1947 3761 illam

377 3774 659 3826 catholica:
705 3776 850 3830 sedis
889 3776 1337 3831 stmliosissimam
1384 3776 1592 3830 fuisse?
1628 3777 1769 3830 Cave
1804 3778 1948 3832 enim

377 3858 445 3894 ne
482 3840 585 3913 tibi
641 3845 914 3899 nominum
964 3846 1256 3901 similitudo
1311 3848 1566 3913 imponat.
1612 3844 1809 3901 Charta
1855 3863 1951 3900 an-

376 3926 447 3966 no
475 3912 605 3967 1118
633 3915 755 3967 data
801 3915 1017 3969 dicitur.
1065 3915 1338 3969 Mathildis
1368 3912 1495 3969 vero
1550 3915 1809 3971 Bouifacii
1841 3917 1948 3971 ﬁlia

376 3980 687 4056 catholic:e__
705 3984 849 4056 sedis
889 3985 1278 4056 studiosissima
1326 3986 1550 4056 obicrat
1581 4001 1722 4056 anno
1752 4002 1950 4056 praece-

375 4049 521 4102 denti
557 4052 709 4123 1115.
749 4052 881 4106 Cum
925 4054 1090 4123 igitur
1131 4064 1185 4107 rt
1231 4055 1317 4108 hic
1368 4054 1436 4108 ab
1462 4054 1619 4122 hujus
1667 4049 1949 4109 Chronica:

374 4126 595 4174 auctore
616 4122 685 4175 sit
712 4122 967 4182 omissus,
999 4123 1157 4178 facile
1198 4125 1362 4177 credo
1405 4124 1579 4190 ipsum
1611 4124 1751 4177 inter
1780 4126 1948 4178 intru-

373 4201 463 4240 sos
488 4191 894 4244 numerandum.
927 4192 981 4245 Id
1010 4211 1021 4245 :

372 4256 558 4313 relatis
585 4260 652 4313 ad
675 4259 1008 4316 Gualterium
1033 4256 1176 4316 datis
1206 4262 1609 4330 comprobatur.

889 4352 977 4406 DE
1010 4351 1425 4415 GUALTERIO,

863 4438 1260 4509 Archicpiscopo
1287 4438 1467 4492 LXIX.

439 4522 749 4581 Guaherius
788 4527 972 4582 LXIX.
1026 4529 1122 4583 Vir
1157 4530 1439 4600 religiosus
1481 4539 1643 4599 atque
1686 4530 1939 4603 eloquen-

372 4613 632 4677 tissimus,
664 4617 754 4684 qui
780 4616 1080 4695 Ecclesiam
1127 4621 1268 4674 rexit
1292 4620 1573 4677 Ravenna!
1598 4640 1723 4677 xxiv
1763 4624 1938 4687 anuis,

369 4706 648 4761 mensibus
668 4724 745 4772 vr,
770 4710 956 4765 diebus
985 4726 1100 4764 vni.
1142 4711 1288 4768 Obiit
1316 4722 1495 4768 autem
1525 4716 1578 4769 in
1620 4716 1802 4771 Idibus
1842 4716 1942 4770 Fe-

366 4796 573 4852 bruarii
594 4812 737 4854 anno
764 4799 1055 4856 Dominica:
1082 4801 1469 4858 incarnationis
1500 4804 1649 4859 1144.

1005 4894 1091 4950 DE
1127 4894 1351 4960 IIOISE,

862 4985 1253 5057 Arcltiepiscopo
1283 4986 1444 5043 LXX.

435 5070 628 5128 Moises
669 5073 830 5128 LXX.
888 5074 1259 5142 Vercelleusis,
1304 5078 1389 5131 vir
1428 5077 1629 5147 optime
1666 5078 1933 5142 literatus,

354 5157 537 5215 bonus
563 5161 816 5217 Ecclesiae
844 5172 1043 5226 rector,
1084 5165 1178 5232 qui
1224 5165 1368 5220 rexit
1390 5165 1684 5221 Ecclesium
1724 5167 1933 5221 Raven-

434 5304 462 5333 ιι
491 5292 557 5366 Et
579 5292 780 5366 fallitur
802 5297 1066 5351 barbarus
1085 5296 1356 5351 chronica
1373 5298 1626 5366 scriptor,
1651 5297 1928 5352 Gibertum

363 5361 773 5442 eumuGerberto
824 5366 1173 5442 confundens,
1207 5375 1259 5419 et
1289 5361 1538 5442 vulgares
1584 5367 1935 5442 indignosque

363 5429 431 5504 de
455 5429 975 5504 Silvestrosecundo
1019 5449 1263 5489 rumores
1298 5429 1558 5504 scq'uitur.
1602 5429 1768 5490 Fama
1794 5429 1936 5488 docti

360 5499 542 5617 giique
590 5502 860 5570 pontiﬁcis
915 5504 977 5557 in“
1017 5511 1129 5558 tuto
1176 5504 1347 5573 posita
1374 5499 1464 5558 'ab
1510 5505 1938 5559 eminentissimo

405 5567 611 5617 amnin-
643 5585 671 5617 a
702 5570 973 5617 Cinmmin-
1023 5581 1078 5617 et
1113 5573 1404 5617 nnvignime
1431 5588 1459 5617 η
1490 5575 1938 5617 rnvamndiegimn

405 5570 611 5633 aronio,
643 5585 671 5622 a
702 5570 975 5637 Ciaconio,
1023 5581 1078 5627 et
1113 5570 1404 5628 novissime
1431 5588 1460 5627 a
1490 5575 1938 5628 reverendissimo

363 5633 429 5714 Ιχ.Δ
449 5639 734 5714 ac_abbate
760 5633 973 5714 Andrea
1001 5641 1251 5714 Rainerio
1273 5644 1325 5714 in
1349 5658 1443 5714 sua
1469 5643 1526 5697 S.
1557 5643 1792 5714 Ansehui
1820 5660 1938 5698 cru-

363 5704 470 5758 dita
515 5706 775 5779 Panegyri
823 5712 1101 5771 historica,
1152 5727 1257 5765 non
1307 5712 1508 5780 indiget
1554 5722 1612 5766 ut
1663 5712 1811 5782 plura
1851 5714 1937 5768 hic

1079 4201 1195 4247 erte
1219 4208 1285 4247 ex
1310 4192 1508 4247 Gelain
1539 4193 1732 4248 litteris
1761 4194 1948 4249 Rubeo
2022 4256 2025 4257 ν

2060 1907 2241 1975 qucuti
2272 1920 2401 1960 vero
2428 1920 2612 1960 mense
2659 1915 3008 1961 consecratus
3030 1914 3115 1961 est
3142 1906 3194 1961 in
3222 1907 3444 1963 civitate
3467 1906 3625 1961 Facu-

2059 1996 2169 2048 tiua
2223 1992 2553 2067 [Ferentina]
2584 2009 2615 2049 a
2656 1994 2918 2065 przedicto
2961 1994 3253 2064 apostolico
3296 1996 3349 2049 in
3395 1997 3483 2051 die
3525 1996 3618 2050 SS.

2061 2084 2313 2143 Processi
2342 2096 2397 2143 et
2438 2086 2768 2154 Martiniani,
2796 2105 3027 2159 quorum
3053 2088 3247 2143 festum
3272 2097 3402 2144 tunc
3432 2090 3531 2144 fuit
3551 2092 3627 2145 die

2060 2176 2365 2231 Dominica.
2389 2196 2408 2229 ο
2444 2177 2511 2231 Et
2532 2177 2749 2232 demum
2779 2179 2921 2234 istud
2946 2186 3066 2233 erat
3092 2178 3145 2231 in
3164 2180 3398 2246 quodam
3428 2179 3630 2233 scrineo

2058 2269 2299 2325 ecclesia)
2329 2268 2677 2323 Ravennatis.
2717 2268 2795 2326 De
2838 2269 2943 2326 isto
2988 2270 3400 2342 archiepiscopo
3438 2272 3510 2325 ita
3557 2288 3630 2325 re-

2058 2360 2230 2429 perio,
2258 2359 2400 2429 quod
2428 2359 2515 2414 hic
2538 2374 2700 2428 pono.

2132 2470 2343 2524 Littera:
2380 2468 2603 2538 Eugenii
2643 2484 2792 2539 papa:
2821 2468 2889 2521 ad
2927 2467 3143 2521 electum
3184 2464 3568 2523 Placentinum.

2128 2559 2398 2629 Eugenius
2442 2558 2728 2627 episcopus
2768 2572 2959 2612 servus
2987 2572 3265 2611 servorum
3310 2557 3407 2611 Dei
3439 2558 3624 2613 dilecto

2059 2652 2169 2705 ﬁlio
2189 2650 2382 2705 Joanni
2413 2648 2731 2703 Placentino
2750 2646 2923 2702 electo
2945 2646 3173 2702 salutem
3201 2653 3259 2701 et
3290 2648 3630 2715 apostolicam

2058 2738 2505 2794 benedictionem.
2546 2735 2714 2791 Nobis
2750 2752 2856 2790 non
2881 2743 3059 2789 exstat
3091 2737 3445 2807 incognitum,
3475 2746 3529 2791 et
3550 2746 3630 2790 tua

2060 2831 2131 2901 [et
2163 2847 2195 2884 a
2226 2827 2339 2900 tua]
2372 2844 2480 2883 non
2532 2828 2798 2883 credimus
2848 2827 3116 2882 excidisse
3166 2827 3451 2893 memoria,
3499 2828 3630 2898 quod

2058 2931 2167 2976 tam
2190 2936 2289 2990 per
2314 2920 2525 2975 litwras
2571 2928 2786 2973 nostras
2813 2916 3139 2974 Placentina:
3168 2918 3451 2984 Ecclesia,
3476 2934 3629 2988 quam

2056 3012 2176 3064 viva
2204 3025 2333 3065 voce
2364 3017 2415 3063 te
2443 3015 2708 3079 praesente
2746 3006 2992 3062 dedimus
3033 3007 3087 3062 in
3113 3008 3403 3073 mandatis,
3431 3018 3494 3062 ut
3515 3023 3634 3078 pro-

2058 3099 2199 3152 xime
2226 3097 2495 3168 praeterita
2525 3094 2583 3151 S.
2610 3095 2767 3149 Luem
2794 3095 3085 3150 festivitate
3113 3104 3299 3150 nostro
3325 3104 3376 3150 te
3402 3110 3624 3165 conspe-

2051 3190 2163 3244 ctui
2194 3188 2537 3258 praesentari,
2567 3204 2691 3243 ven.
2725 3187 2881 3241 fratri
2912 3187 3062 3245 Moisi
3091 3188 3392 3244 Ravennati
3424 3189 3627 3243 archie-

2052 3281 2272 3351 piscopo
2294 3281 2639 3351 respondere,
2661 3288 2719 3334 et
2738 3278 2878 3349 quod
2902 3280 3134 3335 dictaret
3153 3279 3362 3347 iustitia
3392 3282 3629 3351 exsequi,

2051 3386 2389 3440 praepara...
2421 3369 2787 3442 [praeparata].
2823 3369 3020 3424 Verum
3068 3360 3192 3440 quia
3246 3369 3473 3440 praefato
3520 3380 3622 3425 ter-

2051 3461 2199 3515 mino
2230 3462 2296 3515 ad
2324 3468 2560 3515 nostram
2590 3458 2773 3514 venire
2794 3462 3159 3530 praesentiam,
3184 3460 3267 3515 vel
3302 3461 3630 3531 responsales

2051 3548 2258 3604 litteras
2288 3550 2674 3613 transmittere,
2701 3564 2822 3619 qua:
2850 3549 3084 3619 aliquam
3106 3548 3482 3605 rationabilem
3509 3565 3627 3604 can-

2050 3656 2165 3695 sam
2192 3640 2559 3702 ostenderent,
2604 3636 2999 3709 subterfugisti,
3047 3638 3503 3707 praedecessorum
3532 3655 3621 3691 uo-

2049 3736 2287 3783 strorum
2337 3727 2653 3797 privilegiis,
2704 3735 2760 3782 et
2811 3728 3026 3797 scriptis
3075 3743 3285 3791 eorum,
3339 3736 3395 3783 et
3430 3729 3623 3785 nostris

2049 3821 2337 3891 diligenter
2387 3818 2664 3888 inspectis,
2715 3819 3111 3874 communicato
3156 3818 3384 3873 fratrum
3422 3829 3626 3875 nostro-

2050 3925 2167 3962 rum
2199 3906 2447 3971 consilio,
2477 3906 2860 3976 judicavimus,
2890 3916 2950 3961 ut
2982 3916 3062 3973 tu,
3090 3916 3146 3963 et
3186 3924 3528 3965 successores
3554 3910 3621 3962 tui

2048 3998 2343 4054 Placentini
2373 3997 2526 4053 electi
2550 4014 2580 4051 a
2606 3997 2921 4054 Ravennate
2947 4000 3353 4070 archiepiscopo
3376 4008 3620 4070 tanquam

2048 4090 2459 4160 metropolitano
2500 4091 2716 4159 proprio
2751 4092 3210 4145 consecrationem
3245 4092 3365 4147 sine
3403 4101 3612 4147 eontra-

2047 4181 2283 4235 dictione
2325 4180 2644 4250 suscipiant,
2690 4188 2747 4234 et
2778 4181 2827 4234 ei
2879 4180 3244 4235 obedientiam
3278 4190 3335 4235 et
3372 4197 3617 4237 reveren-

2049 4273 2175 4325 tiam
2206 4271 2321 4326 sine
2350 4270 2594 4325 molestia
2644 4269 2971 4327 diﬁicultatis
3009 4271 3317 4327 exhibeant.
3348 4272 3456 4329 Per
3486 4288 3618 4342 pne-

2049 4363 2227 4418 sentia
2278 4363 2461 4432 itaque
2490 4362 2542 4434 [a
2587 4360 2764 4434 nobis]
2816 4361 3015 4431 scripta
3072 4362 3415 4425 mandamus,
3468 4372 3619 4431 atque

1974 4460 2023 4519 Ι)
2048 4452 2409 4522 praecipimus,
2444 4463 2707 4519 quatenus
2750 4464 2919 4519 usque
2958 4450 3026 4503 ad
3070 4460 3291 4505 octavas
3317 4451 3617 4521 Epiphania:

2040 4540 2322 4613 prchatum
2340 4541 2561 4595 fratrem
2577 4541 2941 4595 Ravennatem
2961 4541 3423 4610 archiepiscopum
3441 4541 3614 4602 adeas,

2042 4640 2097 4684 ct
2120 4621 2188 4683 ab
2216 4646 2280 4684 eo
2311 4638 2584 4696 tamquam
2631 4628 3043 4698 metropolitano
3089 4631 3306 4700 proprio
3336 4644 3614 4685 consecra-

2042 4721 2242 4775 tionem
2271 4719 2540 4788 accipias;
2585 4718 2726 4787 quod
2776 4717 2818 4771 si
2852 4734 2957 4772 non
2991 4718 3185 4773 feceris
3209 4735 3273 4773 ex
3311 4737 3452 4775 nunc
3481 4722 3614 4776 tcab

2045 4808 2508 4865 administratione
2555 4807 2805 4862 Ecclesia:
2848 4807 3171 4863 Placentina:
3221 4811 3608 4879 suspendimus.

2047 4896 2239 4951 Datum
2264 4895 2402 4951 Pisis
2427 4912 2455 4948 v
2485 4895 2606 4949 Idus
2629 4894 2966 4950 Novembris.

2040 5007 2161 5060 Alia
2190 5005 2361 5062 littera
2388 5005 2887 5080 ejusdeuLICugeuii
2928 5008 2998 5061 ad
3041 5008 3233 5062 clerum
3278 5019 3325 5062 et
3369 5011 3608 5080 pupulum

2595 5072 2952 5129 Placentinum
2994 5088 3017 5115 ε
3029 5118 3041 5130 .

2108 5165 2375 5237 Eugenius
2413 5164 2695 5234 episcopus
2743 5180 2929 5219 servus
2958 5181 3235 5221 servorum
3285 5169 3381 5222 Dei
3408 5168 3607 5223 dilectis

2035 5298 2303 5366 adjiciam.
2334 5296 2530 5353 Bacon.

2105 5365 2133 5407 ιι
2156 5366 2276 5438 Not.
2303 5382 2521 5438 marg,
2544 5365 2619 5419 De
2649 5367 2747 5438 ista
2793 5365 2955 5438 dioisc
2995 5367 3379 5438 archiepiscopo
3406 5368 3500 5438 tali
3530 5370 3603 5438 iu-

2033 5438 2176 5490 renio
2206 5435 2258 5490 in
2305 5434 2444 5489 aliis
2474 5437 2750 5489 chronicis.
2804 5434 2957 5490 Circa
2994 5434 3180 5490 annos
3207 5434 3417 5491 Domini
3452 5437 3602 5491 “Si.

2035 5505 2225 5558 Lucius
2270 5501 2363 5556 ll!
2408 5520 2545 5573 popa
2586 5505 2796 5573 natione
2839 5504 3039 5558 Tuscus
3070 5505 3289 5559 Moisent
3322 5505 3601 5560 Vercellis»-

2032 5591 2138 5627 sent
2188 5575 2240 5627 in
2269 5573 2708 5641 archiepiscopum
2760 5572 3018 5643 Rauennae
3065 5576 3433 5643 conﬁrmavit,
3460 5575 3600 5642 cujus

2033 5660 2217 5711 corpus
2242 5643 2507 5711 requiescit
2536 5644 2591 5696 in
2618 5642 2829 5697 ecclesia
2852 5641 3077 5697 Ursilma
3108 5641 3386 5701 Bormum.
3408 5641 3593 5699 Bactnt.

2093 5722 2107 5747 ί
2171 5710 2406 5766 Ecclesia
2436 5710 2742 5766 Placentina
2773 5714 2951 5766 subest
2988 5714 3299 5770 Ravennati.
