3900 6178
234 306 329 361 797

1111 307 1474 366 ANALECTA
1513 311 1602 367 DE
1640 310 1992 371 EPISCOPIS
2031 315 2579 376 RAVENNATIBUS.

3389 324 3494 380 798

231 420 379 482 tiliis,
410 417 558 471 clero
602 423 655 471 et
683 415 877 486 populo
905 414 1216 472 Placentino
1246 419 1473 475 salutem
1501 430 1558 476 et
1605 433 1821 491 aposto-
1845 428 1895 488 Α
1923 427 2097 480 eundo
2123 426 2465 495 imperatam.
2490 428 2637 484 Obiit
2662 443 2804 485 anno
2826 430 3035 487 Domini
3059 433 3215 499 I250,
3245 432 3488 492 dieluua:

227 511 390 566 licam
410 508 860 565 benedictionem.
891 506 1042 563 Sicut
1060 509 1318 566 obediens
1338 526 1435 581 per
1454 512 1814 567 obedientiam

227 603 493 655 virtutum
520 596 823 654 custodiam
852 607 997 653 tenet
1022 615 1036 664 ;
1068 598 1141 654 ita
1169 600 1482 656 inohediens
1511 617 1609 672 per
1631 603 1816 658 inube-

228 690 489 746 dienliam
528 696 872 759 peccatorum
906 690 1177 744 cumulum
1204 691 1513 747 introducit.
1549 694 1644 749 Est
1667 696 1810 750 enim

230 778 383 850 quasi
412 786 691 849 peccatum
718 776 998 843 ariolandi,
1035 794 1358 849 repugnare,
1382 790 1435 834 et
1468 781 1613 836 velut
1637 783 1814 839 scelus

231 868 546 926 idololatriae
575 876 656 923 est
678 865 821 924 nolle
840 868 1209 937 adquiescere.
1242 869 1346 925 Per
1389 873 1681 941 praesentia
1715 872 1814 926 ita-

229 975 334 1029 que
361 959 563 1028 scripta
586 958 925 1024 mandamus,
953 966 1115 1028 atque
1155 960 1521 1031 prmeipimus,
1551 972 1813 1033 quatenus

230 1066 350 1106 ven.
379 1048 533 1102 fratri
553 1057 739 1104 nostro
764 1048 1059 1105 Ravennati
1099 1051 1522 1122 archiepiscopo,
1556 1067 1811 1124 tanquam

229 1147 645 1216 metropolitano
699 1156 899 1214 vestro,
952 1148 1308 1206 obedientiam
1353 1160 1409 1206 et
1455 1151 1810 1206 reverentiam

229 1237 506 1304 deferatis,
549 1254 614 1294 ne
662 1253 824 1309 super
855 1255 948 1294 vos
1001 1238 1186 1312 [irata]
1236 1241 1453 1312 querela
1484 1243 1551 1297 ad
1601 1249 1814 1297 nostras

228 1346 388 1386 aures
409 1331 692 1401 pervenire
712 1331 922 1397 debeat,
946 1342 999 1387 et
1017 1348 1116 1387 nos
1142 1332 1557 1388 inobedientiam
1579 1341 1812 1387 vestram

228 1429 423 1498 punire
447 1426 741 1482 districtius
767 1425 1170 1495 compellamur.
1222 1425 1417 1481 Datum
1457 1424 1597 1481 Pisis
1623 1440 1657 1479 v
1686 1424 1813 1480 ldus

227 1516 569 1572 Novembris.

756 1605 845 1661 DE
881 1602 1226 1668 ANSELMO,

722 1695 1113 1766 Archiepiscopo
1136 1693 1322 1750 LXXI.

1916 513 1973 578 5,
2001 525 2231 570 exeunte
2246 515 2549 583 Decembri,
2581 520 2719 589 apud
2748 519 3095 589 Forolivium,
3113 523 3264 594 cujus
3291 540 3489 595 corpus

1918 603 2148 659 delatum
2176 613 2259 659 est
2287 604 2619 672 Ravennam,
2663 617 2719 663 et
2764 611 3031 680 sepultum
3062 612 3215 681 juxta
3258 630 3486 686 magnas

1914 704 2099 766 portas
2124 695 2364 750 ecclesia:
2385 697 2436 750 in
2462 712 2588 752 arca
2618 698 2670 752 in
2692 714 2795 769 qua
2820 700 3013 756 Moises
3037 703 3191 758 bona:
3214 705 3491 761 memoria:

1914 783 2350 853 archiepiscopus
2370 786 2550 839 extitit
2591 787 2883 844 tumulatus
2915 806 3057 845 anno
3082 791 3295 848 Domini
3326 795 3482 858 1248,

1913 871 1999 925 die
2022 880 2235 937 octavo,
2267 872 2499 927 intrante
2532 874 2713 930 Junio.
2744 876 2926 933 Rediit
2950 879 3208 936 Dominus
3234 881 3481 939 Theodo-

1913 962 2059 1016 ricus
2078 963 2512 1034 archiepiscopus
2533 963 2804 1021 Ravenna:
2829 966 3187 1043 [Ravennam]
3221 987 3341 1027 cum
3366 990 3485 1029 om-

1914 1050 2071 1105 nibus
2098 1051 2303 1106 civibus
2334 1051 2621 1119 Ravennze,
2654 1057 2745 1126 qui
2775 1066 2929 1112 erant
2951 1059 3123 1114 exteri
3153 1062 3233 1115 sui
3262 1061 3490 1134 [extrin-

1913 1142 2020 1196 seci
2047 1141 2089 1214 ],
2136 1152 2190 1198 et
2231 1160 2451 1200 reversa
2491 1154 2574 1201 est
2623 1146 2878 1204 Ravenna
2928 1151 2996 1205 ad
3035 1153 3343 1209 fidelitatem
3381 1155 3493 1210 Ec-

1912 1232 2108 1288 clesim.

2476 1326 2560 1381 DE
2588 1327 2916 1393 PIIILIPPO,

2360 1420 2759 1493 Arcltiepiscopa
2781 1421 3039 1480 LXXXII.

1981 1508 2259 1579 Philippus
2284 1507 2542 1565 LXXXII.
2575 1511 2792 1568 Electus
2816 1513 3070 1569 Ecclesia:
3096 1515 3481 1572 Ferrariensis.

1910 1595 2007 1651 Vir
2039 1605 2294 1652 strenuus
2319 1606 2372 1653 et
2416 1600 2679 1668 sapientia
2733 1601 3015 1671 multiplici
3047 1603 3350 1659 decoratus.
3381 1604 3481 1672 Qui

1911 1698 2136 1761 propter
2201 1689 2374 1758 ipsam
2446 1692 2819 1746 strenuitatem
2884 1692 3152 1763 legatione
3208 1695 3483 1751 multoties

295 1785 586 1842 Anselmus
612 1782 797 1839 LXXI.
835 1784 1306 1855 Hamelburgensis
1339 1786 1640 1856 episcopus.
1670 1782 1805 1838 IIuic
1836 1766 1879 1825 Β
1908 1776 2123 1853 functus
2149 1786 2231 1833 est
2263 1794 2361 1849 pro
2387 1779 2626 1835 Ecclesia
2649 1779 2914 1835 Romana.
2952 1781 3067 1849 Quo
3126 1782 3301 1839 oﬂicio
3325 1792 3480 1839 utens

225 1879 510 1943 successit,
539 1884 594 1932 et
621 1891 685 1931 ea
712 1874 820 1942 die,
847 1891 954 1946 qua
998 1875 1305 1932 Fridericus
1352 1876 1422 1931 ab
1464 1876 1703 1931 Adriano
1735 1875 1801 1929 IV

225 1977 521 2026 coronatus
557 1967 720 2023 estin
747 1965 973 2022 ecclesia
1006 1965 1064 2022 S.
1093 1965 1260 2032 Petri,
1306 1967 1523 2037 pallium
1547 1967 1802 2037 suscepit.

226 2060 472 2117 Mortuus
490 2070 575 2114 est
594 2060 649 2114 in
670 2057 934 2129 principio
950 2057 1245 2113 obsidionis
1265 2056 1546 2113 Mediolani
1570 2056 1805 2112 secunda

226 2151 384 2215 feria,
417 2150 623 2206 scilicet
652 2148 885 2205 secunda
918 2149 1005 2205 die
1025 2157 1147 2221 post
1175 2146 1531 2214 festumbeati
1560 2148 1804 2204 Lauren-

229 2242 287 2297 tii
319 2240 426 2297 sub
452 2239 612 2296 annis
634 2236 848 2295 Domini
879 2238 1038 2294 1227.
1548 2232 1555 2240 ’

832 2331 922 2388 os
958 2329 1189 2398 sumo,

709 2421 1111 2492 Archiepiscopo
1132 2418 1341 2477 LXXII.

297 2516 475 2572 Guido
509 2514 716 2570 LXXII.
739 2513 965 2570 Praesul.

776 2605 866 2660 DE
903 2602 1252 2669 GERARDO,

688 2693 1085 2762 Archiepiscopo
1104 2688 1338 2747 LXXIII.

298 2782 577 2840 Gerardus
613 2781 842 2836 LXXIII.
893 2779 1063 2850 Hujus
1113 2791 1354 2851 tempore
1398 2789 1668 2851 repertum
1706 2777 1807 2836 fuit

227 2889 433 2943 corpus
460 2870 756 2927 beatissimi
786 2868 983 2924 Christi
1015 2869 1269 2940 martyris
1290 2868 1615 2938 Apollinaris
1643 2867 1712 2923 ab
1738 2866 1808 2921 Il-

228 2961 510 3017 debrando
539 2960 797 3016 cardinali
826 2968 881 3014 et
911 2958 1088 3029 legato
1117 2958 1434 3028 apostolico,
1460 2965 1521 3012 ut
1548 2957 1808 3012 habemus

230 3051 285 3106 in
311 3049 537 3122 legenda
566 3047 933 3105 translationis
954 3047 1013 3101 Β.
1039 3046 1383 3116 Apollinaris.

791 3137 881 3193 DE
906 3135 1237 3203 GUIELMO,

686 3230 1088 3301 Archiepiscopo
1129 3226 1362 3284 LXXIV.

301 3321 586 3378 Guielmus
602 3319 817 3377 LXXIV
840 3332 890 3373 α.

800 3410 891 3465 DE
924 3405 1249 3472 GUIDOTO,

698 3501 1094 3572 Arcliiepiscopo
1115 3494 1328 3554 LXXV.

303 3595 573 3653 Guidotus
596 3592 786 3650 LXXV
810 3592 860 3645 δ.

547 3684 637 3740 os
664 3678 1060 3738 GUGLIELMO
1091 3659 1491 3752 [GUGELMO].

698 3772 1092 3842 Archiepiscopo
1112 3764 1347 3822 LXXVI.

306 3868 643 3940 Guglielmus
671 3863 902 3920 LXXVI.
1220 3866 1238 3882 '

601 3952 685 4010 DE
710 3949 1032 4008 ALBRETO
1060 3944 1449 4023 [ALBERTO],

675 4041 1071 4112 Archiepiscopo
1095 4032 1359 4092 LXXVII.

312 4138 570 4195 Albretus
597 4131 893 4209 [Albertus]
928 4127 1189 4186 LXXVII.

838 4220 930 4276 DE
958 4216 1237 4283 EGIDIO,

687 4313 1085 4385 Archiepiscopo
1110 4304 1396 4365 LXXVIII.

301 4415 345 4467 ,ί
371 4411 546 4484 gizlius
570 4405 848 4464 LXXVIII.

818 4495 907 4550 DE
944 4493 1237 4556 UBALDO.

700 4589 1097 4658 Archiepiscopo
1115 4584 1357 4644 LXXIX.

320 4681 566 4742 Ubaldus
586 4678 804 4735 LXXIX
842 4689 892 4732 ο.

806 4770 894 4826 DE
927 4767 1244 4832 SIMEONE,

730 4863 1124 4934 Archiepiscopo
1151 4859 1365 4917 LXXX.

321 4957 545 5014 Simeon
578 4951 790 5010 LXXX.
817 4951 964 5008 Obiit
984 4950 1084 5007 sub
1104 4963 1247 5006 anno
1265 4948 1479 5006 Domini
1507 4946 1667 5004 1227.

746 5042 835 5097 DE
855 5037 1311 5105 THEODORICO,

712 5131 1106 5201 Archiepiscopo
1134 5125 1371 5183 LXXXI.

1841 4439 1897 4498 D

1907 1871 2047 1926 inter
2072 1879 2294 1926 caeteras
2321 1872 2614 1942 probitates
2652 1872 2886 1929 Paduam
2916 1875 3058 1943 cepit
3087 1889 3207 1928 cum
3238 1876 3478 1930 exercitu

1906 1977 2024 2026 suo,
2051 1977 2212 2030 quem
2237 1962 2487 2026 habebat,
2515 1965 2579 2017 de
2606 1977 2766 2016 manu
2782 1963 2983 2017 Ezelini
3015 1964 3080 2018 de
3104 1964 3345 2019 Romano
3359 1979 3483 2035 per-

1907 2048 1997 2104 ﬁdi
2026 2050 2239 2119 tyranni
2259 2051 2313 2104 in
2337 2049 2572 2104 Marchia
2594 2051 2872 2105 trivisana.
2898 2051 3051 2107 Circa
3075 2066 3244 2109 annos
3269 2052 3478 2109 Domini

1908 2139 2049 2194 1256
2099 2139 2276 2195 dictus
2324 2140 2759 2210 archiepiscopus
2796 2141 3005 2212 legatus
3031 2142 3227 2199 Brixiae
3274 2145 3485 2213 capitur

1906 2238 1961 2284 et
1988 2229 2219 2283 traditur
2262 2229 2502 2296 Ezelino,
2534 2246 2693 2300 quem
2727 2246 2950 2287 carcere
2990 2232 3179 2286 tenuit.
3209 2231 3309 2288 Hic
3335 2234 3484 2287 ordi-

1906 2319 2056 2374 navit
2082 2319 2287 2387 portari
2316 2332 2443 2374 arca
2486 2317 2715 2392 [arcam]
2772 2331 3083 2377 sanctorum
3140 2337 3259 2392 qua:
3284 2330 3372 2377 est
3428 2322 3481 2375 in

1905 2410 2133 2465 ecclesia
2185 2409 2430 2466 Ursiana.
2457 2409 2604 2465 Obiit
2639 2412 2784 2465 circa
2828 2427 2997 2467 annos
3045 2412 3256 2467 Domini
3298 2412 3477 2477 127ος

1906 2503 2008 2559 iste
2036 2501 2139 2561 fuit
2164 2501 2233 2558 de
2260 2502 2419 2557 domo
2441 2502 2507 2559 de
2529 2502 2633 2557 illis
2654 2502 2720 2557 de
2750 2502 2803 2556 la
2826 2500 3074 2558 Fontana
3112 2502 3311 2559 civium
3348 2501 3481 2555 Fer-

1906 2592 2087 2647 raria:.

2440 2680 2530 2735 DE
2556 2677 2933 2744 BONIFACIO,

2332 2772 2733 2841 Archiepiscopo
2771 2768 2907 2825 LXX
2920 2770 3053 2826 XIII.

1976 2862 2282 2919 Bonifacius
2302 2863 2578 2927 LXXXIII,
2612 2866 2678 2918 de
2698 2864 2887 2918 ordine
2907 2862 3344 2928 Praedicatorum,
3375 2876 3488 2919 am-

1906 2954 2105 3026 pliator
2134 2955 2399 3009 bonorum
2435 2953 2708 3019 Ecclesiae,
2735 2953 2892 3009 valde
2913 2952 3157 3024 diligens,
3179 2955 3246 3009 de
3269 2954 3487 3010 natione

1909 3041 1976 3095 de
2018 3040 2286 3106 Lavania,
2329 3040 2555 3110 pulcher
2613 3051 2815 3104 orator,
2872 3056 2972 3111 per
3013 3042 3166 3097 bona:
3213 3041 3487 3097 memoria:

1833 3104 1877 3167 Ο
1907 3132 2225 3199 Gregorium
2250 3104 2444 3202 papam
2475 3130 2543 3197 X,
2569 3132 2795 3186 nuncius
2816 3104 2918 3186 fuit
2940 3131 3007 3187 ad
3034 3145 3214 3201 regem
3247 3130 3484 3186 Franco-

1910 3238 2029 3277 rum
2079 3221 2382 3293 Philippum
2433 3221 2504 3275 IX
2531 3260 2547 3286 ,
2607 3228 2663 3275 et
2711 3228 2900 3289 postea
2949 3235 3048 3290 per
3092 3219 3339 3274 eumdem
3386 3234 3484 3289 pa-

1907 3327 2032 3385 pam
2056 3313 2110 3367 in
2134 3311 2360 3367 concilio
2385 3312 2730 3383 Lugdunensi
2761 3312 2826 3366 de
2850 3324 2914 3365 eo
2958 3310 3060 3364 fuit
3118 3307 3279 3377 hujus
3301 3308 3487 3364 Eccle~

1908 3406 2002 3460 sia:
2045 3404 2273 3474 legatus.
2303 3402 2371 3458 Et
2411 3401 2511 3456 fuit
2552 3400 2608 3455 in
2649 3399 2877 3455 Francia
2907 3400 3203 3472 [provisum
3242 3399 3368 3453 huic
3393 3412 3485 3452 ec-

1909 3494 2105 3548 clesire.
2131 3493 2362 3565 Legatus
2389 3492 2551 3546 etiam
2580 3490 2681 3545 fuit
2712 3490 2765 3544 in
2792 3489 3068 3560 Francia],
3097 3489 3152 3567 in
3182 3488 3487 3544 Guasconia

1911 3601 2016 3640 una
2063 3599 2189 3642 cum
2236 3583 2646 3652 archiepiscopo
2691 3580 3084 3650 Moutisregalis
3106 3621 3121 3645 ,
3172 3581 3262 3650 qui
3300 3588 3490 3650 postea

1912 3674 2014 3730 fuit
2043 3674 2349 3745 Capuauus,
2398 3680 2454 3727 et
2498 3673 2713 3726 demum
2754 3666 3113 3738 Aquileiensis
3155 3668 3489 3737 patriarcha,

1910 3784 2011 3838 pro
2047 3764 2385 3836 procuranda
2423 3762 2758 3818 relaxatione
2799 3759 3025 3814 illustris
3065 3758 3337 3814 memoria:
3388 3759 3491 3812 tia-

1914 3856 2016 3911 roli
2044 3854 2306 3924 principis
2332 3851 2632 3914 Tarentini,
2660 3850 2751 3919 qui
2779 3856 2964 3919 postea
3000 3844 3100 3903 fuit
3122 3845 3482 3912 Hierusalem,

1915 3955 1971 4004 et
1991 3946 2189 4002 Siciliae
2214 3958 2332 4008 rex,
2354 3942 2444 4012 qui
2469 3940 2809 3997 detinebatur
2826 3955 2858 3993 a
2889 3953 3018 4009 rege
3029 3936 3346 4008 Arragoniaa
3365 3950 3489 3991 cura

1913 4045 2146 4091 ceratus.
2159 4032 2304 4088 Bona
2319 4029 2633 4101 temporalia
2646 4029 2900 4084 Ecclesia:
2912 4027 3138 4082 multum
3154 4025 3322 4081 auxit.
3338 4023 3494 4081 Sedit

1914 4126 1969 4180 in
1999 4122 2461 4193 archiepiscopatu
2483 4135 2599 4174 xxn
2626 4120 2807 4182 annis,
2842 4119 2932 4175 vel
2961 4119 3129 4173 circa.
3158 4112 3398 4170 Mortuus
3434 4115 3489 4171 in

1913 4214 2095 4286 vigilia
2121 4211 2419 4269 nativitatis
2444 4210 2651 4266 domini
2678 4208 2849 4265 Orioli
2887 4208 3027 4265 1295
3055 4207 3167 4280 [die
3184 4207 3256 4262 25
3272 4206 3490 4261 decem~

1915 4303 2074 4376 bris].
2091 4303 2148 4357 In
2161 4302 2346 4357 habitu
2358 4300 2566 4358 ordinis
2583 4298 3004 4355 Praedicatorum
3015 4310 3186 4368 usque
3204 4310 3371 4368 prope
3391 4295 3491 4351 Ra,

1920 4408 2150 4450 vennam
2178 4407 2278 4462 per
2302 4390 2550 4446 homines
2566 4391 2620 4445 in
2632 4389 2857 4461 grabato
2870 4395 3137 4460 portatus,
3150 4384 3390 4457 sepultus
3404 4391 3493 4445 est

1922 4486 1975 4541 in
1992 4482 2219 4540 ecclesia
2236 4482 2463 4539 Ursiana
2479 4480 2633 4550 juxta
2655 4480 2826 4534 altare
2849 4480 2910 4533 Β.
2936 4478 3121 4533 Maria:
3142 4476 3490 4548 Magdalenm,

1920 4574 2064 4644 quod
2103 4572 2313 4628 fundari
2348 4570 2477 4627 fecit
2500 4571 2554 4625 in
2587 4570 2864 4624 mausoleo
2892 4567 3283 4639 pulcherrimo,
3326 4581 3491 4637 quem

1922 4661 2133 4737 [quam]
2172 4663 2364 4716 vivens
2391 4658 2518 4715 fecit
2543 4659 2808 4731 asportari
2830 4658 2897 4713 de
2930 4656 2989 4713 S.
3024 4656 3314 4712 Laurentio
3337 4665 3492 4710 extra

1922 4768 2108 4809 muros
2170 4751 2460 4806 Ravennae.
2516 4749 2623 4817 Qui
2685 4747 2995 4803 Bonifacius
3055 4745 3494 4815 archiepiscopus

1922 4844 2052 4899 fecit
2091 4842 2379 4900 concilium
2429 4842 2483 4896 in
2534 4839 2792 4895 Ravenna
2848 4852 3011 4906 super
3052 4837 3212 4893 factis
3259 4836 3493 4891 civitatis

1919 4937 2074 5002 Acri,
2128 4950 2250 5006 quae
2310 4941 2473 5003 capta
2519 4930 2699 4988 fuerat
2729 4946 2760 4984 a
2790 4927 3099 4992 Saracenis,
3129 4942 3252 4998 quae
3295 4926 3493 4982 dicitur

1921 5025 2090 5081 Acon.

2543 5107 2633 5161 DE
2664 5103 2885 5161 OPIZO.

321 5224 693 5283 Theodericus
705 5223 794 5277 LX
802 5192 938 5277 XXI.
953 5192 1051 5277 Vir
1070 5228 1297 5289 corpore
1313 5226 1370 5274 et
1383 5217 1563 5273 animo
1574 5213 1820 5286 pulcher,

2345 5197 2743 5267 Archiepiscopo
2775 5192 3058 5252 LXXXIV.

176 5356 179 5357 ν
243 5280 355 5374 fuit
372 5280 615 5387 tempore
638 5312 899 5370 Friderici
942 5280 1183 5367 Secundi
1200 5306 1563 5379 imperatoris.
1574 5280 1700 5361 Iste
1731 5320 1825 5360 ae-
1995 5286 2471 5387 OpingaXXXIV:
2503 5287 2568 5341 de
2595 5286 2789 5387 Parma
2831 5281 3172 5387 tie-prosapia
3199 5280 3268 5387 de

245 5368 815 5477 éﬁii'ﬁvesuiuéam
841 5368 1331 5470 archiepiscopatus
1363 5411 1394 5450 a
1419 5394 1699 5451 Friderico
1726 5391 1826 5448 Se-
1926 5384 2106 5445 Vitali.
2136 5381 2235 5438 Hic
2261 5387 2419 5436 antea
2442 5378 2619 5434 fuerat
2642 5377 2949 5432 Parmensis
2973 5374 3256 5446 episcopus
3277 5387 3293 5437 ;
3316 5368 3492 5426 bonus

1927 5517 2198 5644 cetelsI‘oIslI.
2227 5587 2371 5642 hunc
2414 5584 2632 5641 Rubeus
2675 5589 2733 5641 et
2769 5578 3022 5653 llghcllus
3073 5573 3370 5633 Picininum
3405 5581 3499 5627 υ-

1927 5661 2331 5729 ehiepiscopum
2359 5654 2598 5712 laudant.
2623 5653 2697 5708 la.

330 5551 357 5579 ιι
382 5537 487 5593 Hic
511 5536 702 5593 Rnbeo
722 5545 779 5593 et
806 5533 1043 5606 Ughello
1059 5531 1348 5589 omittitur.
1376 5531 1574 5606 Dices.

332 5606 364 5647 δ
388 5607 607 5662 Rubeus
631 5606 777 5661 hunc
803 5595 1139 5661 GEerardum
1185 5609 1343 5656 vocat
1362 5640 1377 5661 .
1406 5596 1663 5668 Ughellus
1680 5595 1787 5668 ,Uvi
1804 5624 1822 5636 -

254 5677 476 5744 donem,
513 5676 580 5733 de
606 5691 715 5747 quo
753 5674 903 5746 plura
950 5689 1020 5730 ex
1059 5672 1118 5727 S.
1175 5667 1475 5726 Antonino
1501 5679 1556 5725 et
1582 5667 1822 5723 Bellova-
