3898 6178
424 351 528 407 799

419 467 661 530 curialis,
691 473 745 518 et
779 463 983 534 largus,
1015 463 1160 516 latus
1199 476 1446 532 corpore,
1495 469 1551 515 et
1576 461 1824 530 pinguis;
1861 458 2002 512 filius
2030 461 2078 518 Α

417 557 626 620 militis,
655 563 828 610 mater
872 569 1002 610 vero
1047 555 1264 608 natione
1307 551 1620 616 Januensis,
1653 566 1808 605 soror
1845 551 2002 603 bona:

418 647 692 702 memoria:
723 644 1021 700 Innocentii
1055 643 1120 698 IV
1153 659 1323 715 papae.
1367 641 1465 698 llic
1495 643 1738 698 literatus
1771 641 2002 696 diversis

417 738 681 804 scientiis,
720 745 775 791 et
822 737 877 791 in
907 736 1126 808 agendis
1154 743 1429 806 expertus.
1478 734 1854 805 Magnanimos
1900 730 2000 786 fuit

416 828 666 894 multum,
713 837 768 882 et
804 843 1028 897 magnus
1073 829 1335 881 bonorum
1392 824 1769 894 temporalium
1818 824 2002 878 distri-

414 921 592 983 butor,
631 921 752 988 pius
790 920 857 974 ad
899 933 1166 990 pauperes
1214 917 1334 970 fuit.
1363 916 1521 970 Prius
1562 914 1818 969 Ecclesia:
1865 915 1998 968 Par-

415 1011 617 1067 mensis
647 1013 942 1066 canonicus
987 1012 1188 1076 extitit,
1213 1027 1276 1066 ac
1307 1011 1500 1064 deinde
1529 1008 1876 1079 Tripolitanae
1897 1009 1996 1062 Ec-

412 1103 593 1157 clesiae
618 1117 714 1172 per
757 1119 790 1155 v
820 1117 992 1156 annos
1033 1103 1238 1156 electus
1278 1101 1512 1170 prmfuit.
1545 1100 1649 1155 Per
1682 1100 1996 1172 pra:dictum

413 1201 664 1262 patruum
690 1209 846 1248 suum
875 1193 1247 1248 Innocentium
1273 1191 1364 1256 IV,
1406 1191 1472 1246 ad
1519 1191 1817 1247 Ecclesiam
1867 1191 1996 1244 Par-

413 1296 654 1336 mensem
679 1290 764 1336 est
790 1281 1084 1336 translatus
1105 1321 1119 1346 ,
1148 1281 1238 1335 ubi
1268 1279 1482 1350 praefuit
1517 1295 1616 1349 per
1642 1296 1770 1334 xuv
1823 1295 1996 1334 annos

411 1385 510 1440 per
534 1370 682 1444 [cum
709 1387 904 1441 magna
951 1371 1180 1426 seculari
1220 1371 1484 1441 potentia,
1513 1386 1578 1425 ac
1606 1370 1771 1425 fama.
1809 1371 1878 1424 Et
1905 1371 1996 1426 de-

413 1477 562 1516 mum
593 1471 715 1532 post
756 1461 1111 1532 quadraginta
1149 1469 1380 1530 quatuor
1409 1476 1580 1516 annos
1612 1459 1730 1533 per]
1754 1455 1993 1516 'Bonifa-

412 1552 556 1608 cium
585 1570 777 1626 papam
807 1553 941 1620 VIII,
974 1554 1043 1607 ad
1083 1553 1264 1608 sedem
1296 1551 1666 1608 Ravennatem
1699 1551 1994 1608 translatus

412 1653 496 1700 est
522 1661 664 1700 anno
697 1645 906 1700 Domini
939 1644 1094 1700 1296.

483 1735 666 1806 Usque
713 1737 820 1792 huc
849 1735 978 1790 facit
1005 1735 1268 1790 memoria
1317 1735 1418 1790 ista
1465 1734 1732 1790 Chronica
1763 1733 1830 1788 de
1871 1733 1992 1789 istis

411 1828 852 1898 archiepiscopis,
895 1827 1145 1883 videlicet
1189 1843 1360 1896 usque
1408 1827 1476 1881 ad
1515 1826 1684 1896 Opizo
1711 1825 1780 1881 de
1805 1833 1994 1880 sancto
2023 1821 2068 1880 B

413 1918 573 1973 Vitali
613 1918 1106 1988 archiepiscopum,
1159 1918 1249 1988 qui
1302 1917 1404 1972 fuit
1452 1919 1599 1972 circa
1651 1933 1824 1972 annos
1857 1915 1994 1970 1286

414 2009 622 2084 [1296],
653 2021 714 2066 ut
741 2021 966 2083 apparet
991 2013 1046 2066 in
1074 2011 1296 2067 exordio
1323 2011 1478 2067 istius
1506 2012 1708 2080 operis.

873 2152 1550 2380 communi

618 2475 968 2564 PAULI
1046 2473 1783 2566 SCORDILLIE.

846 2621 1108 2702 Reliqua
1147 2621 1220 2682 de
1253 2621 1552 2701 Opizone.

475 2741 536 2792 In
560 2754 664 2810 qua
692 2739 843 2810 (sede
878 2741 1130 2798 videlicet
1177 2741 1502 2813 Ravennati)
1545 2757 1670 2796 cum
1717 2721 1996 2798 confectus

409 2838 553 2885 esset
572 2831 746 2896 senio,
773 2839 828 2886 et
868 2831 1068 2888 debitis
1098 2841 1424 2903 aggravatus
1464 2833 1748 2904 potissimo
1773 2835 1996 2890 servitio

410 2936 506 2990 per
529 2939 654 2977 eum
698 2923 952 2980 Ecclesia:
994 2924 1254 2980 Romana
1300 2925 1566 2994 prastito,
1601 2939 1708 2980 non
1771 2925 1992 2996 profuit,

411 3009 578 3064 immo
602 3012 825 3066 tradidit
855 3021 1136 3084 argentam
1184 3011 1387 3067 Ληουῖ
1430 3011 1726 3068 Marchioni
1759 3013 1993 3077 Estensi,

405 3111 571 3168 quam
595 3101 938 3167 postmodum
964 3102 1268 3156 nullatenus
1289 3117 1610 3171 recuperare
1639 3104 1830 3172 potuit,
1856 3112 1911 3159 et
1930 3104 1996 3158 de

1379 347 1470 402 AD
1507 344 1802 400 ACNELLI
1841 341 2290 400 PONTIFICALE
2325 343 2688 402 APPE'NDIX.
3572 346 3660 403 ωο

2706 460 2793 514 DE
2832 459 3066 525 GUIDO,

2525 551 2920 622 Arclticpiscopo
2950 551 3278 608 LXXXVIII.

2176 638 2352 693 Guido
2372 642 2437 696 de
2480 642 2682 712 Tripoli
2717 645 2784 699 de
2813 643 3037 714 Reggio.
3082 645 3176 698 Vir
3217 644 3471 700 literatus
3517 645 3665 700 modi-

2103 744 2226 782 cum
2262 730 2410 792 vixit,
2445 733 2537 802 qui
2564 733 2804 804 sepultus
2833 743 2917 790 est
2943 735 3199 791 Bononia:
3220 736 3272 791 in
3301 737 3532 794 ecclesia
3554 736 3671 793 Fra-

2104 828 2245 873 trum
2264 821 2531 876 Minorum
2561 833 2688 879 ante
2713 826 3001 892 cancellos,
3027 841 3170 882 anno
3191 827 3406 882 Domini
3442 829 3574 884 I353
3623 829 3668 882 ir

2106 926 2294 966 mense
2316 912 2670 983 Septembris.

2627 1007 2716 1061 DE
2752 1007 3154 1073 FRANCISCO,

2527 1093 2929 1167 Archiepiscopo
2957 1097 3243 1152 LXXXIX.

2175 1181 2502 1242 Franciscus
2526 1185 2814 1254 LXXXIX,
2839 1188 2908 1244 de
2933 1189 3196 1255 Venetiis,
3221 1191 3288 1246 de
3317 1193 3477 1248 domo
3508 1194 3572 1249 de
3603 1191 3672 1249 Cri

2102 1273 2342 1340 Hic/mle,
2368 1287 2552 1347 postea
2582 1280 2877 1336 translatus
2899 1281 2966 1336 ad
2998 1282 3520 1354 archiepiscopatum
3542 1286 3675 1341 Can-

2099 1363 2202 1419 dite
2230 1365 2286 1420 in
2313 1366 2485 1422 insula
2510 1368 2778 1425 Cretensi.

2655 1462 2744 1516 DE
2769 1461 3088 1520 NICOLAO.

2610 1551 3012 1625 Archiepiscopo
3042 1553 3154 1608 XC.

2165 1637 2416 1696 Nicolaus
2446 1642 2557 1707 XC,
2611 1645 2677 1700 de
2697 1645 2897 1700 Canale
2947 1647 3014 1702 de
3061 1647 3347 1720 Pergamo,
3382 1651 3674 1709 translatus

2095 1729 2436 1797 postmodum
2467 1732 2535 1787 ad
2558 1735 3082 1806 archiepiscopatum
3106 1737 3446 1796 Patrensem.

2600 1825 2688 1879 DE
2716 1826 3158 1894 FORTUNA'I‘O,

2603 1915 3002 1990 Archiepiscopo
3033 1919 3168 1975 XCI.

2167 2004 2498 2062 Fortunatus
2525 2006 2657 2073 XCI,
2680 2008 2746 2063 de
2770 2009 2960 2064 ordine
2986 2009 3238 2066 Fratrum
3270 2013 3561 2080 minorum,
3590 2033 3674 2072 na-

2095 2095 2242 2150 tione
2288 2095 2661 2162 Caturcensis,
2704 2100 2876 2154 tenuit
2929 2101 3116 2156 sedem
3167 2103 3668 2175 archiepiscopalem

2095 2183 2211 2240 fere
2236 2202 2408 2242 annos
2436 2203 2532 2252 vn,
2563 2197 2620 2243 et
2660 2204 2846 2244 mense
2873 2205 2947 2256 IV,
2978 2193 3320 2260 postmodum
3366 2196 3667 2264 patriarcha

2095 2273 2392 2332 Gradensis
2418 2277 2676 2334 Ecclesia:
2701 2319 2717 2342 ,
2746 2287 2802 2334 et
2826 2279 3099 2335 Ravenna:
3148 2282 3557 2341 administrator
3582 2327 3597 2353 ,
3623 2298 3670 2342 et

2097 2368 2493 2437 subsequenter
2513 2370 2807 2426 cardinalis
2835 2371 2894 2426 S.
2933 2372 3090 2427 Rom.
3115 2373 3392 2432 Ecclesize.

2605 2457 2694 2512 DE
2733 2458 3152 2526 PETROCINO,

2593 2549 3000 2621 Archiepiscopo
3027 2550 3181 2606 XCII.

2168 2641 2486 2695 Pctrocinus
2535 2639 2712 2705 XCII,
2762 2640 3129 2700 Ferrarieusis
3155 2686 3170 2710 ,
3211 2647 3402 2703 doctor
3457 2665 3670 2720 magnus

2097 2739 2154 2783 et
2224 2728 2524 2800 profundus
2560 2771 2575 2795 ,
2642 2742 2830 2786 orator
2905 2750 3135 2804 magnus
3211 2747 3267 2791 et
3337 2740 3671 2796 consiliarius

2100 2819 2462 2892 [consilialor]
2523 2821 2735 2887 bonus,
2800 2839 3005 2895 magna:
3063 2827 3290 2896 justitia:
3353 2839 3412 2884 et
3476 2833 3668 2886 verita-

2101 2913 2189 2966 tis.
2242 2913 2346 2967 Iste
2390 2911 2494 2966 fuit
2526 2915 2823 2970 monachus
2879 2917 2932 2970 in
2972 2921 3302 2974 monasterio
3359 2919 3419 2975 S.
3477 2921 3668 2978 Bartoli

2097 3016 2266 3072 prope
2315 3000 2648 3068 Ferrariam,
2696 3003 2762 3059 de
2819 3005 2911 3059 vili
2967 3009 3098 3062 satis
3133 3010 3349 3079 genitus
3401 3013 3670 3082 progenie,

2101 3089 2294 3145 deinde
2353 3092 2697 3161 postmodum
2741 3094 2910 3150 abbas
2973 3095 3032 3152 S.
3099 3097 3352 3169 Cypriani
3413 3103 3484 3157 de
3542 3102 3672 3158 Tor-

409 3202 516 3258 qua
559 3188 787 3243 multum
825 3190 1253 3260 redarguebatur
1281 3206 1314 3245 a
1355 3191 1600 3247 Romana
1646 3194 1790 3256 sede,
1823 3201 1880 3247 et
1921 3196 1992 3252 ob

2107 3179 2230 3234 cello
2290 3196 2458 3250 prope
2501 3180 2756 3238 Venetias
2781 3223 2795 3248 ,
2853 3188 3196 3254 postmodum
3243 3199 3556 3262 assumptus
3621 3193 3671 3246 in

411 3276 516 3332 hoc
543 3277 595 3332 in
619 3279 768 3332 curia
797 3278 1040 3334 Romana
1079 3281 1296 3345 citatus,
1340 3281 1508 3336 variis
1554 3281 1992 3340 tribulationibus

411 3368 661 3423 auxiatus
689 3377 744 3424 et
761 3354 1170 3426 infirmitatibus
1189 3380 1517 3442 aggravatus
1537 3373 1916 3443 pauperrimus
1936 3375 1992 3428 in

411 3456 547 3514 urbe
573 3459 742 3514 veteri
772 3459 934 3513 vitam
961 3459 1136 3514 finivit
1162 3476 1304 3516 anno
1329 3460 1544 3517 Domini
1575 3474 1603 3502 α
1633 3461 1793 3529 1500,
1822 3462 1993 3520 indic-

411 3549 557 3606 tione
581 3551 633 3613 5,
663 3549 729 3604 12
757 3549 844 3604 die
875 3549 1228 3620 Septembris,
1259 3559 1316 3607 et
1358 3552 1602 3622 sepultus
1624 3564 1711 3608 est
1739 3554 1794 3608 in
1819 3555 1994 3610 eccle-

410 3640 488 3697 sia
516 3639 766 3695 Fratrum
790 3639 1054 3696 Minorum
1075 3639 1233 3710 juvta
1281 3641 1454 3696 altare
1485 3641 1678 3712 majus.

928 3732 1019 3787 DE
1057 3731 1452 3796 RAYNALDO,

851 3825 890 3878 Α
901 3825 1251 3896 rchiepiscopo
1275 3823 1538 3878 LXXXV.

483 3916 794 3988 RaynaIdus
812 3915 1077 3982 LXXXV,
1102 3917 1170 3972 de
1191 3916 1494 3974 Mediolano
1514 3917 1580 3972 de
1596 3918 1756 3972 domo
1778 3918 1845 3972 de
1865 3917 1995 3972 Cor-

411 4005 550 4076 t'igio
581 4004 714 4077 [Al.,
752 4007 818 4062 de
871 4005 1226 4077 Concoregio,
1265 4005 1510 4079 Bacch].
1541 4007 1642 4062 IIic
1689 4017 1847 4062 antea
1896 4008 1997 4064 fuit

413 4097 699 4168 episcopus
725 4099 1042 4154 Vicentinus
1072 4099 1232 4154 homo
1265 4108 1468 4154 sancta:
1495 4107 1550 4154 et
1579 4100 1820 4155 honesta:
1848 4101 1991 4164 vitm,

411 4187 500 4256 qui
535 4188 700 4244 multa
749 4189 1008 4244 miracula
1041 4189 1186 4245 fecit.
1215 4189 1372 4245 Circa
1413 4207 1586 4246 annos
1616 4191 1826 4246 Domini
1857 4192 1994 4246 1514

413 4277 480 4332 de
504 4293 684 4352 mense
709 4279 961 4349 Augusti,
993 4289 1236 4350 tempore
1263 4280 1472 4336 Domini
1497 4279 1759 4351 Raynaldi
1785 4281 1996 4336 archie-

411 4369 640 4438 piscopi,
667 4379 973 4426 constructa
1004 4383 1087 4426 est
1127 4375 1194 4427 de
1223 4389 1363 4428 novo
1393 4383 1503 4428 tota
1549 4376 1703 4431 navis
1749 4375 1994 4442 ecclesiae
2027 4429 2040 4448 ὃ

415 4453 677 4514 Ursiante.
724 4456 855 4524 Ejus
885 4468 1125 4529 tempore
1151 4461 1342 4516 balena
1369 4462 1641 4518 Ravenna:
1669 4475 1883 4534 reperta
1911 4473 1994 4520 est

415 4546 469 4598 iu
495 4546 608 4615 ripa
635 4548 818 4602 maris.
850 4547 998 4604 Obiit
1039 4564 1182 4604 anno
1213 4551 1428 4605 Do’mini
1465 4552 1622 4618 1521,
1677 4554 1766 4609 die
1794 4557 1858 4610 18
1885 4555 1994 4610 Λιι-

413 4635 579 4704 gusti.
611 4636 864 4706 Sepultus
887 4647 970 4693 est
997 4640 1048 4693 in
1077 4640 1306 4694 ecclesia
1333 4640 1526 4710 majori
1552 4643 1618 4696 de
1650 4642 1905 4699 Ravenna
1937 4645 1991 4698 in

415 4741 540 4782 area
561 4726 714 4796 juxta
741 4727 912 4784 altare
941 4728 998 4783 S.
1028 4715 1212 4786 Maria:
1231 4732 1283 4785 in
1313 4732 1490 4786 medio
1511 4732 1774 4789 ecclesize.

933 4822 1020 4875 DE
1061 4821 1150 4874 RA
1163 4821 1462 4889 YNALDO,

842 4914 1244 4987 Archiepiscopo
1299 4903 1584 4971 LXXXVI.

487 5005 792 5077 Raynaldus
812 5006 1101 5072 LXXXVI,
1129 5009 1195 5062 de
1210 5009 1452 5062 Polenta.
1483 5008 1586 5062 Iste
1601 5006 1698 5060 fuit
1719 5024 1815 5077 per
1840 5008 1990 5063 Osta-

415 5097 552 5151 sium
576 5096 694 5167 ejus
712 5101 1174 5170 consanguineum
1189 5099 1531 5156 interfectus.

961 5189 1050 5244 DE
1086 5191 1444 5254 AIMERICO.

844 5282 1238 5352 Arcltiepiscopo
1269 5282 1576 5337 LXXXVII.

485 5369 790 5427 Aimerieus
831 5371 1135 5434 LXXXVII,
1169 5375 1237 5428 de
1280 5383 1462 5428 castro
1489 5375 1642 5439 Luci,
1687 5376 1994 5443 capellanus

418 5457 620 5516 domini
641 5477 815 5532 papzn,
839 5461 939 5516 fuit
963 5477 1144 5518 comes
1171 5463 1558 5529 Romandiolae,
1585 5467 1674 5534 qui
1705 5465 1996 5520 translatus

418 5555 502 5600 est
529 5547 599 5602 ad
631 5551 1002 5621 episcopatum
1051 5553 1468 5619 Carnotensem,
1496 5563 1552 5608 et
1602 5555 1994 5624 subsequenter

429 5635 712 5692 cardinalis
737 5637 798 5693 S.
839 5640 996 5695 Rom.
1027 5641 1304 5698 Ecclesiae.

2096 3271 2406 3340 episcopum
2435 3271 2830 3340 Toreellanum,
2877 3275 3071 3332 deinde
3109 3279 3164 3332 in
3206 3282 3670 3353 archiepiscopum

2097 3363 2467 3421 Ravennatem
2495 3366 2722 3431 electus,
2752 3374 2808 3421 et
2827 3377 3176 3424 consecratus
3197 3377 3442 3440 tempore
3475 3373 3672 3428 Urbani

2097 3455 2291 3528 [papze]
2319 3455 2378 3509 V.
2401 3457 2528 3522 Iste,
2545 3464 2604 3511 ut
2631 3457 2834 3521 audivi,
2860 3458 2926 3512 de
2955 3459 3186 3528 quadam
3215 3475 3344 3516 arca
3371 3478 3535 3518 saxea
3559 3479 3672 3535 qua:

2093 3557 2178 3604 est
2206 3563 2375 3619 prepe
2422 3549 2724 3619 campanile
2769 3549 3010 3606 ecclesiae
3053 3551 3111 3606 S.
3160 3551 3387 3610 Joannis
3425 3553 3674 3626 Baptista:

2096 3637 2150 3692 in
2201 3638 2446 3706 ingressu
2488 3638 2731 3694 ecclesia:
2759 3639 2826 3692 ad
2876 3655 3094 3694 manum
3137 3641 3437 3711 sinistram,
3469 3647 3669 3700 extrahi

2097 3729 2226 3786 fecit
2245 3733 2490 3802 quadam
2515 3748 2638 3787 ossa
2667 3740 3022 3799 mortuorum,
3058 3751 3180 3805 qua:
3227 3739 3394 3810 vulgo
3440 3741 3671 3811 reliquia:

2095 3831 2406 3877 sanctorum
2452 3822 2802 3891 putabantur,
2852 3831 2909 3876 et
2953 3825 3078 3894 quia
3107 3825 3162 3880 in
3185 3827 3300 3896 jam
3351 3829 3498 3884 dicta
3551 3845 3668 3884 arca

2096 3913 2362 3982 scriptura
2399 3920 2610 3983 reperta
2658 3931 2762 3970 non
2799 3911 2978 3971 fuerat
3025 3913 3192 3987 [fuit],
3229 3919 3519 3987 quemdam
3562 3921 3669 3990 ejus

2095 4011 2304 4074 compal
2313 4017 2429 4058 rem
2445 4007 2660 4062 nomine
2673 4007 2935 4064 Joannem
2955 4007 3022 4062 de
3035 4005 3352 4062 Porcellinis
3365 4006 3670 4063 defunctum

2097 4095 2243 4151 intus
2267 4098 2392 4166 poni
2415 4097 2562 4154 fecit.
2589 4099 2718 4156 Post
2745 4116 2866 4171 qua:
2894 4100 3044 4154 muni
3068 4107 3228 4153 nocte
3259 4098 3312 4152 in
3336 4098 3478 4155 dicta
3507 4097 3674 4156 eccle-

2095 4186 2173 4239 sia
2207 4201 2452 4243 rumores
2493 4189 2716 4244 maximi
2747 4199 2801 4244 et
2831 4189 3100 4244 clamores
3126 4187 3296 4242 auditi
3326 4195 3479 4252 sunt,
3508 4196 3582 4250 et,
3613 4193 3667 4240 ut

2096 4273 2287 4340 fertur,
2339 4277 2516 4348 imago
2565 4280 2786 4348 diaboli,
2842 4287 3004 4350 prout
3049 4278 3412 4348 depingitura
3447 4278 3670 4348 quadam

2097 4368 2317 4424 moniali
2345 4370 2645 4442 Virginula,
2693 4388 2812 4442 qua:
2857 4373 3056 4440 saepius
3093 4370 3355 4426 ecclesias
3402 4363 3668 4430 visitabat,

2095 4459 2342 4526 pluribus
2367 4470 2422 4516 et
2450 4461 2680 4518 diversis
2705 4463 2912 4518 vicibus
2958 4463 3190 4532 desuper
3225 4461 3341 4530 jam
3369 4461 3567 4516 dictam
3591 4473 3669 4512 ar-

2100 4563 2220 4602 cam
2247 4549 2362 4604 visa
2393 4559 2504 4616 est;
2543 4551 2618 4605 ita
2661 4559 2725 4606 ut
2768 4551 3082 4606 necessario
3109 4549 3272 4605 funus
3297 4550 3431 4605 dicti
3455 4549 3671 4608 Joannis

2101 4655 2163 4694 ac
2194 4641 2310 4712 ejus
2332 4657 2457 4698 ossa
2484 4643 2680 4698 exinde
2708 4653 2835 4698 sunt
2857 4642 3059 4708 ablata,
3087 4651 3145 4697 et
3161 4657 3285 4698 ossa
3307 4643 3512 4712 priora,
3537 4639 3670 4696 velut

2099 4741 2257 4786 erant
2310 4734 2585 4802 primitus,
2635 4735 2690 4790 in
2737 4736 2879 4790 dicta
2911 4751 3037 4790 arca
3069 4735 3288 4789 fuerunt
3331 4735 3529 4790 locata.
3573 4731 3672 4787 Iste

2103 4821 2418 4880 Petrocinus
2467 4826 2778 4881 reformavit
2824 4827 3270 4882 constitutionem
3320 4826 3669 4897 capitulorum

2105 4913 2478 4981 cardinalium,
2506 4927 2561 4972 et
2588 4925 2892 4984 cantorum,
2915 4934 3036 4986 qua:
3059 4925 3238 4972 tamen
3271 4917 3672 4972 reformationes

2102 5003 2154 5058 in
2180 5014 2540 5078 contemptum
2569 5009 2838 5074 abierunt,
2869 5017 2926 5064 et
2954 5008 3260 5064 nullatenus
3299 5010 3666 5066 observantur.

2102 5105 2154 5150 et
2182 5106 2413 5166 quatuor
2439 5099 2717 5165 beneﬁcia,
2741 5116 2860 5169 qua:
2879 5099 3258 5154 mansionaria:
3281 5105 3668 5168 nuncupantur.

2102 5188 2158 5242 in
2183 5188 2409 5244 ecclesia
2431 5189 2658 5245 Ursiana
2686 5189 2886 5260 posuit,
2911 5179 3142 5259 quarum
3169 5187 3519 5245 mansionarii
3548 5185 3675 5269 mis:

2105 5296 2194 5334 sas
2223 5281 2413 5336 diebus
2443 5297 2547 5335 non
2577 5282 2782 5336 fcstivis
2809 5283 3036 5336 alternis
3065 5281 3418 5335 heblomadis
3437 5283 3664 5333 cantant.

2099 5372 2240 5440 qqu
2293 5387 2428 5441 opus
2473 5372 2832 5440 peroptimum
2873 5369 2992 5424 fuit.
3028 5369 3132 5424 Pro
3165 5368 3404 5423 Ecclesia
3437 5367 3665 5420 Romana

2101 5461 2154 5515 in
2185 5461 2538 5516 Romandiola
2588 5470 2767 5515 rector
2811 5459 2929 5524 fuit,
2978 5474 3098 5527 qua:
3127 5458 3359 5512 rectoria
3393 5452 3660 5524 vulgaritcl

2100 5568 2281 5607 comes
2312 5551 2677 5606 Romandiolae
2724 5551 3052 5612 nominatur,
3083 5552 3138 5600 et
3169 5547 3258 5601 diu
3291 5547 3344 5600 in
3374 5547 3508 5600 dicta
3554 5554 3664 5594 rec-

2107 5644 2240 5697 toria
2265 5644 2432 5707 stetit,
2465 5651 2518 5697 et
2547 5642 2676 5698 dum
2722 5642 2788 5697 ad
2817 5638 3181 5695 cardiualatus
3217 5635 3482 5708 fastigium
3528 5628 3664 5698 aspi-

495 5738 649 5796 llAlii
690 5743 825 5799 1505
851 5785 864 5812 ,
905 5749 989 5802 die
1019 5748 1077 5804 S.
1108 5749 1347 5821 Agnetis,
1396 5750 1448 5804 in
1475 5766 1660 5806 mense
1689 5749 1956 5806 Januarii.
1998 5751 2197 5807 Bacon.
