3900 6178
271 312 365 371 SOI

1152 311 1514 369 ANALECTA
1555 316 1643 371 DE
1683 315 2029 373 EPlSCOPlS
2066 318 2617 380 RAVENNATIBUS.

3412 333 3519 390 802

269 432 438 487 raret,
465 420 768 476 consultum
799 420 899 476 fuit
927 421 974 477 ei
1004 438 1101 493 per
1115 422 1356 479 Curiales
1383 425 1637 481 Romana:
1660 428 1843 489 curae,
1877 431 1921 488 Λ
1951 427 2149 481 dicitur
2197 428 2244 481 lc
2292 428 2446 485 Laste
2476 433 2527 485 in
2555 433 2786 502 quadam
2816 449 2939 489 arca
2970 450 3150 492 saxea.
3203 438 3383 498 Pilens
3415 410 3517 500 ἱειὲ

270 513 343 569 de
359 512 557 583 quibus
587 512 910 578 confidebat,
945 514 1037 582 qui
1067 523 1245 569 tamen
1278 516 1453 570 aulico
1494 533 1644 571 more
1668 520 1842 573 eidem

271 618 378 656 non
404 600 671 655 modicum
695 600 1022 666 invidebant,
1041 606 1183 671 quod
1210 605 1455 659 recterite
1482 605 1845 661 Romandiolze

270 690 637 750 renunciarct.
684 699 741 744 ut
766 704 903 760 papa
935 690 1145 747 facilius
1178 693 1351 763 ipsum
1382 694 1448 747 ad
1479 695 1845 749 cardinalatus

271 782 588 851 dignitatem
622 789 981 849 promoveret,
1022 783 1163 850 quod
1192 790 1246 835 et
1276 782 1391 852 ipse
1425 783 1570 839 fecit.
1606 786 1847 852 Dumque

270 888 518 927 summus
539 871 779 941 pontifex
822 873 1173 943 disposuisset
1202 874 1475 928 dominmn
1501 874 1843 928 Petrociuum

273 967 325 1018 'm
355 962 686 1017 cardinalem
714 977 1010 1027 assumere,
1036 964 1212 1018 aemuli
1263 965 1478 1018 tandem
1526 966 1693 1033 ipsius
1718 966 1847 1018 asti-

272 1062 410 1117 tere,
434 1053 677 1107 dicentes
716 1070 729 1105 :
769 1052 1049 1120 Quomodo
1076 1053 1342 1109 sufﬁciens
1393 1054 1495 1108 erit
1542 1055 1608 1107 ad
1654 1069 1846 1123 regen-

270 1143 398 1197 dum
455 1144 509 1197 in
564 1142 805 1198 Ecclesia
845 1143 1111 1209 Romana,
1143 1160 1264 1198 cum
1292 1144 1577 1199 rectoriam
1606 1143 1846 1197 Roman-

270 1236 429 1291 diohe
482 1236 922 1300 renunciaverit,
983 1251 1041 1290 se
1094 1235 1503 1291 insullicieatem
1561 1244 1840 1305 reputans.

272 1326 426 1393 Quod
449 1326 673 1380 audiens
699 1341 835 1396 papa
864 1325 1091 1390 distulit,
1118 1327 1401 1397 ipsumque
1427 1326 1480 1381 in
1513 1326 1844 1381 cardinalem

273 1436 378 1473 non
430 1418 714 1489 promovit.
767 1417 871 1472 iste
933 1418 1058 1472 dum
1108 1418 1291 1472 videre
1342 1417 1597 1472 voluisset
1649 1433 1848 1487 corpus

273 1506 434 1563 Elisei
462 1509 757 1578 prophetae,
788 1508 927 1577 quod
960 1508 1012 1562 in
1041 1509 1365 1563 monasterio
1392 1508 1449 1563 S.
1485 1507 1762 1563 Laurentii
1795 1510 1847 1564 in

268 1597 519 1651 Cmsarea
545 1596 852 1667 requiescit,
887 1612 991 1650 una
1019 1612 1140 1650 cum
1168 1595 1439 1667 aliquibus
1460 1596 1712 1651 discretis
1736 1596 1845 1652 cle—

268 1688 400 1742 ricis
444 1696 499 1742 et
546 1686 722 1751 laicis,
750 1687 1109 1759 cementariis
1148 1695 1201 1741 et
1234 1687 1622 1751 muratorilms,
1658 1702 1845 1741 arcam

1950 517 2277 573 domesticus
2322 520 2494 589 primo
2541 521 2659 587 fuit,
2697 531 2752 576 et
2799 524 2953 578 valde
2994 526 3202 581 Domini
3234 528 3515 599 Guidonis,

1948 609 2214 677 quondam
2243 609 2440 663 domini
2500 609 2814 666 Bernardini
2866 614 2931 668 de
2976 614 3194 670 Polenta
3249 618 3517 677 Ravennae

1948 698 2168 765 domini,
2193 708 2245 754 ct
2274 702 2461 756 vicarii
2494 705 2759 772 generalis
2795 721 2892 773 pro
2922 706 3161 764 Romana
3190 711 3428 768 Ecclesia
3460 717 3513 769 in

1946 792 2131 846 eadem
2154 793 2390 857 civitate,
2420 804 2638 865 ejusque
2659 798 2903 853 districta
2922 817 2935 863 ;
2957 802 3169 856 demum
3186 803 3274 870 jus
3300 809 3516 861 nomine

1947 880 2282 937 Ravennatis
2327 884 2581 939 Ecclesia}
2628 895 2681 939 et
2723 888 3001 958 dignitatis
3047 893 3517 965 archiepiscopalis

1948 973 2001 1026 in
2025 975 2212 1027 eadem
2240 975 2455 1031 civitate
2475 978 2836 1047 praetendens,
2864 980 2917 1033 in
2937 981 3267 1039 inimicitiam
3284 986 3515 1055 priorem

1948 1065 2240 1119 amicitiam
2277 1068 2559 1121 convertit.
2596 1068 2661 1121 Et
2690 1069 2815 1122 dum
2840 1071 2905 1123 de
2934 1082 3116 1125 castro
3143 1072 3268 1129 Luci
3299 1079 3518 1132 veniens

1948 1152 2215 1207 Ravenna!
2244 1154 2518 1208 civitatem
2550 1154 2755 1225 ingredi
2783 1157 2969 1220 voluit,
3001 1159 3200 1215 intrare
3224 1178 3321 1230 per
3342 1174 3519 1219 custo-

1948 1242 2044 1296 des
2069 1251 2237 1311 portae
2266 1243 2514 1296 Adrianm
2540 1259 2645 1297 non
2674 1256 2757 1299 est
2785 1247 3101 1314 permissus,
3154 1250 3361 1321 sibique
3408 1254 3521 1309 dic-

1949 1342 2063 1386 tmn
2101 1332 2220 1396 fuit,
2252 1344 2311 1388 ut
2346 1343 2657 1404 expectaret
2698 1348 2930 1402 tantum,
2976 1340 3119 1408 quod
3150 1341 3364 1397 licentia
3391 1345 3518 1400 dicti

1948 1423 2151 1476 domini
2182 1423 2441 1478 Guidonis
2471 1426 2874 1494 impetraretur.
2906 1427 3022 1494 Quo
3048 1432 3215 1486 verbo
3243 1432 3519 1491 admirans

1951 1507 2393 1577 archiepiscopus
2421 1524 2543 1563 eum
2590 1510 2737 1579 prius
2768 1519 2821 1565 et
2856 1512 2972 1566 sine
2999 1514 3216 1569 licentia
3241 1518 3516 1573 civitatem

1950 1594 2342 1664 ingrederetur,
2373 1596 2817 1668 dedignatusque,
2851 1614 3111 1669 equorum
3136 1601 3301 1659 frzena
3348 1609 3520 1664 revol—

1950 1698 2082 1737 vens
2105 1683 2308 1739 Lucum
2336 1701 2583 1741 reversus
2613 1696 2715 1751 est,
2742 1699 2797 1742 et
2824 1705 3084 1759 nusquam
3108 1695 3246 1761 apud
3268 1710 3517 1764 sponsam

267 1779 399 1834 dicti
425 1778 586 1833 Elisei
612 1778 809 1848 aperiri
839 1776 985 1833 fecit.
1034 1776 1171 1843 Quid
1198 1778 1393 1832 viderit
1420 1793 1527 1833 non
1574 1778 1711 1832 bene
1753 1793 1846 1830 au-
1877 1768 1922 1827 B
1949 1774 2066 1843 ejus
2094 1773 2377 1829 Ursianam
2401 1775 2697 1831 Ecclesiam
2714 1779 2931 1844 resedit,
2960 1796 3121 1850 quam
3144 1792 3323 1840 tamen
3347 1801 3518 1856 pauca

266 1868 401 1933 divi,
430 1868 531 1923 nisi
572 1868 713 1938 quod
741 1883 772 1921 a
799 1868 1016 1922 domino
1054 1866 1216 1921 Petro
1244 1868 1310 1921 de
1358 1866 1724 1922 Zabaronibus
1764 1866 1843 1921 le-

265 1960 407 2030 gista
439 1960 604 2025 sensi,
628 1960 829 2014 dictum
859 1958 1206 2013 Petrocinum
1234 1958 1433 2012 vidisse
1470 1973 1669 2027 corpus
1714 1958 1844 2012 dicti

266 2049 434 2105 Elisei
463 2050 704 2105 indutum
731 2049 867 2104 stola
895 2048 1142 2112 candida,
1177 2049 1232 2102 in
1275 2065 1437 2103 manu
1460 2057 1733 2118 sceptrum
1768 2057 1845 2103 te-

264 2156 425 2205 nens,
456 2148 512 2197 et
559 2151 720 2213 caput
759 2149 1010 2196 ornatum
1041 2142 1178 2196 tiara
1217 2141 1470 2206 rotunda,
1501 2140 1695 2195 faciem
1746 2142 1841 2196 ha-

263 2233 402 2288 bens
435 2233 719 2288 barbatam
769 2233 941 2289 barba
989 2233 1145 2304 longa
1174 2233 1306 2287 satis
1332 2231 1471 2286 alba.
1506 2231 1637 2286 Post
1680 2246 1843 2300 quam

265 2333 580 2393 aperturam
608 2322 927 2379 Petrocinus
954 2324 1391 2393 archiepiscopus
1420 2336 1541 2376 cum
1571 2320 1711 2385 aliis,
1752 2321 1841 2390 qui

263 2416 442 2470 eidem
462 2415 771 2481 astiterunt,
791 2431 896 2470 non
922 2415 1013 2470 diu
1031 2414 1184 2479 vixit,
1210 2422 1408 2484 praeter
1428 2428 1593 2467 unum
1616 2430 1847 2468 ctemen—

267 2508 468 2562 tarium
502 2508 720 2563 nomine
744 2505 1114 2572 Remesinum,
1144 2522 1302 2576 quem
1351 2504 1479 2567 vidi,
1532 2514 1586 2559 et
1630 2504 1684 2558 in
1729 2504 1845 2574 ejus

264 2598 524 2666 operibus
577 2597 763 2663 habui,
790 2605 842 2653 et
889 2596 1043 2652 doleo
1072 2595 1214 2666 quod
1257 2596 1543 2649 immemor
1572 2594 1746 2664 ipsum
1780 2594 1847 2649 de

264 2689 511 2758 praedicti
556 2689 697 2745 beati
728 2689 887 2744 Elisei
916 2704 1143 2760 corpore
1182 2688 1407 2758 aliisque
1446 2703 1552 2741 non
1604 2687 1843 2741 interro-

263 2780 411 2849 gavi.
443 2779 593 2834 Sedit
621 2788 804 2834 autem
828 2779 919 2834 hic
937 2778 1259 2835 Petrocinus
1284 2778 1442 2832 annis
1462 2779 1845 2845 vn;mensibus

265 2885 319 2934 v,
344 2870 492 2925 dieb.
518 2886 654 2935 nn,
680 2870 1028 2941 sepultusque
1067 2877 1151 2924 est
1182 2870 1235 2923 in
1266 2867 1493 2924 ecclesia
1526 2866 1756 2923 Ursiaua
1788 2868 1844 2921 in

264 2975 396 3015 arca
428 2976 643 3031 magna,
664 2969 721 3015 et
740 2960 1031 3016 artificiose
1054 2960 1247 3024 incisa,
1296 2958 1387 3013 ubi
1436 2974 1630 3028 corpus
1656 2959 1843 3027 Optimi

268 3046 531 3103 Bonlifacii
565 3049 631 3103 de
673 3047 904 3103 Lavania
948 3046 1338 3117 archiepisc0pi
1385 3047 1695 3115 requiescit,
1725 3063 1846 3116 quae

265 3147 355 3192 est
377 3136 531 3203 juxta
558 3136 726 3193 altare
751 3136 812 3191 Β.
840 3137 1164 3205 Apollinaris
1189 3136 1464 3209 martyris.

868 3230 955 3285 DE
989 3228 1209 3293 PILEO,

677 3320 1069 3391 Archiepiscopo
1104 3318 1432 3373 LXXXXIII.

345 3414 524 3468 Pileus
553 3411 881 3477 LXXXXHI,
910 3412 1127 3466 natione
1153 3410 1346 3465 nobilis
1369 3411 1435 3465 de
1464 3410 1607 3466 Foro
1631 3409 1755 3465 lilii
1778 3426 1844 3466 ex

262 3506 529 3577 progenie
550 3505 805 3560 nobilium
831 3504 896 3558 de
920 3503 1081 3558 Prata
1106 3503 1171 3557 de
1183 3510 1358 3557 castro
1371 3503 1543 3556 Prata:
1561 3504 1837 3559 oriundus.

268 3597 373 3651 \‘ir
420 3598 802 3667 grammaticus
827 3597 983 3661 satis,
1012 3596 1104 3650 sed
1137 3595 1190 3650 in
1246 3594 1351 3649 alia
1381 3594 1590 3649 liberali
1621 3596 1844 3651 scientia

265 3688 580 3744 millatenus
605 3686 704 3741 fuit
727 3687 991 3749 eruditus,
1022 3684 1104 3738 vel
1135 3685 1273 3755 juris
1303 3685 1569 3749 canonici,
1606 3684 1690 3739 vel
1717 3686 1848 3740 civi«

263 3778 362 3840 lis,
388 3778 472 3831 vir
491 3776 745 3841 mendax,
778 3774 856 3847 [et
896 3775 1041 3829 omni
1072 3772 1281 3828 fallacia
1320 3773 1528 3843 plenus,
1560 3787 1842 3843 cxpeusor,

262 3865 353 3940 et]
382 3874 727 3937 consumptor
753 3865 1038 3920 maximus.
1072 3863 1167 3918 llic
1191 3864 1341 3932 prius
1370 3863 1638 3918 Paduanre
1664 3864 1849 3920 Eccle-

262 3962 372 4016 sia:
431 3957 532 4014 fuit
601 3958 903 4028 episcopus,
955 3957 1296 4027 postmodum
1357 3955 1426 4011 ad
1477 3955 1846 4012 Ravennatem

263 4057 520 4106 sanctam
547 4049 842 4105 translatus
859 4049 1178 4113 Ecclesiam,
1206 4056 1262 4103 et
1287 4050 1500 4104 demum
1529 4065 1627 4119 per
1647 4049 1851 4120 Grego-

266 4140 417 4194 rium
460 4136 530 4192 Xl
556 4153 749 4210 papam
778 4138 832 4193 in
862 4138 1091 4195 ecclesia
1130 4136 1370 4193 Romana
1426 4138 1480 4192 in
1520 4139 1848 4194 cardinalem

264 4238 605 4297 assumptus.
637 4227 743 4283 lste
773 4236 959 4298 rogatu
992 4227 1177 4298 Jacopi
1224 4226 1291 4282 de
1320 4226 1527 4297 Alpinis
1565 4228 1628 4283 de
1656 4226 1851 4284 Parma

266 4319 606 4374 Ravennatis
626 4317 881 4373 Ecclesiae
899 4317 1286 4383 archidiaconi,
1309 4326 1366 4372 et
1381 4317 1628 4383 aliorum,
1655 4329 1852 4373 nostra:

1944 1869 2161 1939 quidem
2179 1870 2481 1925 residentia:
2500 1872 2867 1928 consolatione
2890 1874 3151 1930 visitarat.
3178 1877 3311 1932 Dum
3336 1894 3400 1933 au
3410 1888 3516 1936 tem

1946 1958 2047 2013 iste
2081 1960 2325 2028 pecuniis
2351 1960 2637 2030 indigeret,
2675 1962 2822 2016 misit
2850 1964 3076 2019 nuncios
3104 1966 3172 2020 ad
3199 1968 3401 2023 dictum
3424 1971 3520 2025 do-

1943 2050 2149 2102 minum
2172 2048 2497 2113 Guidonem,
2531 2060 2591 2105 ut
2611 2052 2660 2105 ei
2689 2051 2833 2106 mille
2862 2053 3089 2111 dncatos
3118 2066 3411 2125 mutuaret,
3440 2062 3524 2116 ei-

1943 2154 2049 2209 que
2085 2149 2324 2193 castrum
2352 2139 2483 2195 Luci
2517 2155 2614 2211 pro
2637 2143 2862 2212 pignore
2901 2147 3217 2215 spopondit;
3248 2163 3356 2219 quo
3385 2151 3521 2209 Gui-

1944 2231 2088 2284 done
2116 2231 2344 2285 nuncios
2375 2232 2765 2303 archiepiscopi
2824 2234 2876 2287 in
2907 2234 3125 2305 longum
3156 2237 3385 2296 ducente
3421 2256 3524 2312 per

1943 2322 2130 2387 verba,
2161 2322 2303 2377 idem
2333 2322 2514 2378 Pileus
2549 2325 2614 2379 ad
2636 2325 2911 2379 dominum
2941 2325 3222 2383 Nicolaum
3252 2332 3521 2387 marchio-

1945 2425 2065 2465 nem
2091 2411 2373 2467 Estensem
2386 2413 2681 2483 sapientia,
2703 2414 2992 2471 virtutibus
3011 2426 3065 2469 et
3084 2419 3322 2486 potentia
3344 2421 3516 2475 virum

1944 2501 2370 2558 illustrissimum
2393 2503 2619 2558 nuncios
2643 2521 2742 2574 pro
2761 2506 2951 2561 eodem
2973 2508 3186 2578 negotio
3209 2509 3520 2565 destinavit.

1946 2592 2099 2660 Quod
2145 2594 2367 2649 audiens
2410 2596 2656 2651 marehio
2694 2597 3010 2665 praelibatus
3041 2599 3091 2653 ei
3119 2598 3318 2655 dictam
3364 2617 3525 2671 pecu-

1946 2684 2089 2739 niam
2122 2684 2372 2740 celeriter
2398 2688 2681 2750 mutuavit,
2717 2696 2773 2743 et
2809 2687 2939 2744 Luci
2970 2697 3211 2745 castrum
3242 2692 3296 2746 in
3326 2694 3525 2764 pignus

1947 2776 2174 2844 accepit,
2217 2778 2358 2846 quod
2402 2779 2741 2846 postmodum
2778 2779 3070 2836 Ravennas
3103 2781 3344 2838 Ecclesia
3384 2800 3523 2839 nun-

1946 2879 2106 2932 quam
2134 2864 2342 2928 habuit,
2372 2865 2466 2920 sed
2510 2882 2608 2935 per
2651 2867 2824 2921 dictos
2871 2869 3215 2925 marchiones
3245 2871 3520 2926 detentum

1947 2952 2049 3007 fuit
2072 2968 2241 3022 usque
2270 2955 2338 3008 ad
2362 2963 2571 3023 tempus
2595 2955 2798 3010 Nieolai
2820 2954 3059 3011 Junioris
3082 2958 3409 3014 marchionis
3431 2958 3527 3014 Es-

1951 3042 2135 3105 tensis,
2166 3040 2325 3111 cujus
2365 3044 2755 3113 gubernatores
2802 3045 3017 3101 incaute
3041 3048 3416 3116 perdiderunt,
3463 3060 3524 3103 ut

1873 3104 1917 3166 Ο
1951 3130 2090 3184 infra
2122 3130 2329 3201 legetur
2353 3133 2406 3186 in
2438 3132 2670 3189 Historia
2697 3134 2965 3192 Cosmatis
2991 3104 3415 3208 archiepiscopi:
3437 3139 3522 3195 Sis

1950 3221 2130 3275 milem
2161 3230 2215 3275 et
2249 3222 2412 3276 aliam
2465 3223 2843 3279 alienationem
2894 3226 3037 3281 idem
3087 3228 3523 3300 archiepiscopus

1950 3312 2082 3368 fecit
2107 3314 2173 3367 de
2198 3324 2378 3369 castro
2404 3314 2570 3370 Arioli
2608 3317 2660 3370 in
2694 3316 3031 3374 Sinibaldum
3077 3320 3300 3376 militem
3329 3322 3397 3378 de
3423 3322 3524 3379 0r-

1946 3401 2135 3457 delalis
2175 3404 2556 3460 Foroliviensis
2584 3406 2820 3463 civitatis
2857 3409 3152 3476 dominum,
3195 3420 3248 3466 et
3287 3414 3352 3467 de
3403 3414 3523 3469 aliis

1947 3494 2140 3549 castris
2160 3493 2418 3550 Ecclesire
2442 3495 2770 3552 Ravennatis
2797 3499 2992 3554 multas
3015 3501 3343 3557 barattarias
3373 3501 3524 3567 fecit,

1948 3585 2144 3654 quibus
2175 3601 2280 3640 non
2310 3587 2530 3639 dubium
2560 3588 2794 3641 animam
2828 3588 2994 3658 ipsius
3022 3591 3075 3643 in
3102 3591 3335 3646 districti
3374 3590 3521 3649 Iudi-

1949 3677 2026 3729 cis
2054 3677 2305 3731 examine
2347 3677 2513 3731 fuisse
2533 3678 2794 3745 punitam.
2829 3678 3095 3750 Cumque,
3128 3689 3342 3735 mortuo
3392 3681 3526 3738 Gre-

1949 3766 2100 3837 gorio
2123 3781 2257 3837 papa
2282 3765 2369 3831 XI,
2404 3767 2505 3822 iste
2530 3766 2711 3822 Pileus
2741 3769 3020 3839 presbyter
3046 3770 3337 3825 cardinalis
3368 3772 3524 3827 titulo

1951 3857 2008 3912 S.
2040 3857 2302 3913 Praxedis
2322 3858 2582 3913 adversus
2615 3857 2890 3913 Urbanum
2921 3858 2986 3912 Vl
3020 3874 3213 3929 papam
3257 3876 3379 3915 cum
3407 3862 3545 3917 aliis.

1950 3946 2316 4003 cardinalibus
2350 3949 2729 4018 conspirasset,
2777 3948 3024 4004 Urbanus
3065 3958 3270 4020 septem
3300 3965 3363 4005 ex
3395 3952 3525 4021 ipsis

1951 4047 2192 4116 capiens,
2211 4044 2513 4117 ligatosque
2539 4060 2721 4101 secum
2750 4045 2970 4110 ducens,
2993 4044 3178 4099 Januae
3203 4045 3369 4099 nimio
3394 4045 3522 4100 ferri

1951 4144 2003 4191 et
2043 4135 2277 4205 lapidum
2311 4136 2548 4205 pondere
2600 4135 2653 4189 in
2702 4135 2913 4189 stabulo
2946 4136 3176 4204 quodam
3230 4137 3524 4200 interemit,

1950 4233 2007 4280 ct
2054 4225 2185 4280 alios
2231 4226 2667 4297 archiepiscopos
2721 4235 2775 4280 et
2807 4226 3061 4294 pnelatos
3113 4228 3527 4298 conspirationis

1951 4316 2221 4384 praedicta
2274 4317 2523 4373 conscios
2568 4316 2824 4372 trucidari
2868 4324 2922 4370 et
2965 4317 3192 4372 diversis
3241 4333 3522 4388 poenarum

266 4408 531 4463 Ecclesia)
555 4407 887 4462 Ravennatis
933 4405 1168 4461 ofﬁcium
1201 4407 1625 4461 vetustissimum
1680 4422 1855 4462 remo-
1877 4436 1929 4494 Ι)
1954 4406 2241 4473 generibus
2264 4407 2437 4462 occidi
2456 4407 2641 4477 jussit,
2670 4408 2814 4477 quod
2857 4408 2999 4462 idem
3041 4409 3107 4463 de
3135 4408 3282 4465 Pileo
3324 4421 3379 4465 et
3405 4411 3527 4466 aliis

268 4500 376 4563 vit,
408 4499 554 4553 nullo
584 4510 763 4554 tamen
796 4499 995 4554 clerico
1030 4498 1337 4569 refragante
1379 4498 1567 4553 saltem
1615 4500 1847 4570 publice,

265 4588 616 4657 olliciumqne
644 4588 900 4644 Romanae
934 4588 1099 4645 curiae
1143 4589 1350 4657 primus
1387 4589 1703 4654 introduxit,
1744 4605 1851 4659 quo

266 4688 331 4735 et
356 4680 516 4734 hodie
536 4680 758 4735 utimur.
801 4679 902 4747 Qui
928 4679 1160 4749 Jacopus
1187 4679 1600 4734 archidiaconus
1630 4680 1681 4732 in
1711 4680 1849 4733 divi-

268 4767 366 4823 nis
393 4769 661 4839 prazdictae
684 4767 937 4823 Ecclesia:
957 4769 1254 4822 solicitatur
1274 4768 1508 4836 optimus
1528 4766 1645 4827 fuit,
1665 4768 1851 4820 morbo

269 4860 556 4931 podagrm,
602 4875 709 4931 quo
762 4867 1129 4928 premebatur,
1178 4859 1486 4914 nullatenus
1535 4858 1849 4920 obsistente,

272 4965 442 5021 quam
464 4948 583 5019 plus
629 4947 838 5023 [fuerit]
869 4949 923 5004 in
970 4949 1087 5017 ejus
1108 4949 1407 5018 juventutc.
1460 4948 1623 5004 Senio
1677 4956 1853 5002 tamen

274 5051 539 5113 gravatus
569 5040 975 5110 archiepiscopo
1010 5039 1290 5093 deserente
1318 5041 1484 5109 praelii
1507 5050 1595 5094 ato
1622 5040 1856 5111 [archie—

276 5135 559 5209 piscopum
597 5134 851 5189 deserens
897 5133 1255 5205 prazlibatum]
1287 5135 1338 5188 in
1368 5134 1597 5189 ecclesia
1627 5134 1854 5190 Ursiana

274 5244 381 5300 pro
406 5226 594 5281 eodem
642 5227 880 5280 vicarius
918 5234 974 5280 et
1016 5225 1352 5294 negotiorum
1402 5235 1587 5295 gestor
1633 5225 1751 5289 fuit,
1804 5236 1858 5281 ct

279 5318 423 5386 apud
453 5317 622 5386 ipsam
650 5316 851 5370 resedit
876 5332 931 5369 tn
963 5315 1181 5387 regione
1216 5315 1397 5371 Gazzii
1435 5318 1588 5388 juxta
1623 5318 1855 5386 plateam

278 5407 526 5462 ecclesia:
573 5422 693 5477 qua:
737 5406 1031 5477 vulgariter
1077 5405 1252 5461 forum
1306 5407 1473 5461 Boum
1526 5409 1854 5463 nominatur.

282 5494 525 5550 Tandem
540 5495 711 5552 ﬁnivit
728 5497 891 5552 vitam
912 5512 1052 5552 anno
1068 5496 1357 5551 Dominicze
1378 5495 1682 5553 Nativitatis
1702 5499 1789 5552 Ml
1804 5501 1854 5563 2,

284 5603 395 5656 quo
417 5595 473 5641 et
500 5587 674 5642 valida
699 5588 801 5642 fuit
825 5588 1020 5657 ubique
1046 5586 1371 5657 pestilentia,
1399 5588 1748 5657 sepultusque
1776 5601 1859 5645 est

285 5679 345 5731 in
374 5692 504 5746 pace
547 5685 670 5732 ante
702 5677 929 5731 frontem
979 5677 1216 5732 Ursianze
1245 5678 1489 5733 ecclesia?
1535 5678 1587 5733 in
1619 5679 1734 5732 loco
1766 5680 1852 5734 ubi

1954 4496 2316 4553 cardinalibus
2341 4496 2575 4560 fecisset.
2602 4500 2647 4554 si
2675 4515 2769 4554 eos
2799 4515 2991 4569 capere
3030 4503 3317 4571 potuisset.
3345 4501 3527 4559 Pileus
3602 4489 3610 4496 ’

1952 4586 2083 4640 vero
2108 4585 2479 4641 Ravennatem
2511 4587 2793 4643 ecclesiam
2843 4589 3135 4644 desolatam
3190 4591 3524 4662 relinquens,

1952 4686 2007 4730 ct
2029 4675 2217 4741 libros,
2247 4684 2300 4730 et
2321 4675 2517 4747 jocalia
2540 4678 2707 4733 multa
2737 4680 2893 4733 dieue
2923 4680 3163 4735 ecclesia:
3190 4696 3373 4736 secum
3400 4700 3528 4752 por-

1955 4772 2098 4828 tans,
2126 4779 2232 4817 una
2256 4778 2377 4818 cum
2405 4763 2526 4819 aliis
2568 4766 2934 4819 cardinalibus
2981 4766 3236 4820 Romanm
3274 4768 3530 4822 Ecclesia:

1954 4854 2252 4924 Anagniam
2302 4854 2457 4922 fugit,
2489 4864 2545 4910 et
2572 4857 2784 4909 demum
2817 4857 2868 4909 in
2912 4856 3184 4911 civitatem
3216 4857 3527 4911 Fundorum

1956 4943 2301 5013 appellantes,
2344 4943 2418 4997 ibi
2448 4943 2671 4998 consilio
2725 4951 2780 4997 et
2828 4946 3167 5013 suggestione
3215 4943 3414 4998 Nicolae
3463 4946 3530 4997 dc

1957 5031 2173 5101 Neapoli
2202 5033 2253 5085 in
2286 5040 2512 5099 utroque
2536 5029 2662 5099 jure
2698 5031 2933 5084 doctoris
2976 5030 3320 5085 famosissimi
3365 5032 3529 5083 advo-

1957 5120 2062 5173 cati
2105 5118 2493 5173 consistorialis
2534 5118 2635 5171 viri
2685 5118 3079 5184 nefandissimi,
3111 5119 3405 5174 Rnbertum
3437 5120 3528 5174 illi

1958 5209 2320 5278 apostolorum
2348 5209 2722 5279 presbyterum
2753 5209 3080 5263 cardinalem
3106 5208 3307 5263 Geben.
3358 5211 3409 5264 in
3434 5227 3530 5264 an-

1960 5301 2195 5370 tipapam
2221 5298 2444 5369 eligunt,
2476 5309 2674 5354 etcum
2701 5302 2888 5355 eodem
2917 5301 3088 5355 electo
3129 5316 3187 5356 se
3215 5302 3268 5356 in
3298 5301 3529 5357 Avenio-

1958 5404 2177 5443 nensem
2207 5388 2481 5442 civitatem
2508 5403 2697 5442 omnes
2718 5389 3070 5451 transtulere;
3123 5398 3344 5458 prepter
3385 5391 3528 5458 quod

1959 5480 2098 5534 idem
2132 5479 2329 5543 Pileus,
2357 5486 2411 5532 et
2434 5478 2521 5532 alii
2546 5479 2848 5533 cardinales
2875 5478 3136 5549 dignitate
3170 5479 3531 5534 cardinalatus

1957 5569 2311 5637 onmibusque
2336 5567 2612 5623 beneficiis
2639 5583 2825 5622 eorum
2853 5582 2883 5620 a
2906 5567 3049 5622 dicto
3074 5567 3292 5622 Urbano
3317 5568 3526 5638 privan-

1959 5668 2067 5723 tur,
2112 5674 2219 5712 uno
2250 5657 2364 5713 solo
2418 5659 2689 5723 restituto,
2734 5657 2983 5713 videlicet
3029 5657 3417 5712 Bartholonmo
3465 5660 3533 5711 de
