3898 6178
379 390 483 448 803

1337 381 1427 435 AD
1464 376 1757 436 AGNELLl
1789 373 2036 432 PONTIF
2042 373 2242 430 ICALE
2277 370 2637 428 APPENDIX.

3526 371 3631 426 8M

382 504 749 563 Mezzavachis
787 501 853 556 de
877 499 1115 554 Bononia
1140 520 1141 523 η
1168 494 1442 553 cardinale
1494 495 1745 559 Reatino,
1791 508 1953 563 quem
1986 493 2033 549 Α
2129 487 2487 542 Revertamur
2518 486 2586 541 ad
2613 483 2820 540 Pileum
2865 493 3130 539 nostrum.
3182 484 3363 539 Pileus
3394 484 3483 539 diu
3514 501 3639 559 cum

388 612 568 658 tamen
598 600 652 654 in
680 601 968 663 conspectu
1013 591 1254 647 omnium
1302 588 1516 659 publice
1561 584 1955 647 dcbonestavit,

390 692 617 761 turpiter
645 690 816 758 ipsum
848 686 901 739 in
933 682 1262 739 sessionibus
1285 680 1526 735 omnium
1556 679 1719 733 etiam
1750 676 1961 730 intimo-

388 798 509 838 rum
536 780 781 837 ultimum
807 775 1138 839 collocando,
1170 772 1313 843 quod
1361 772 1502 826 idem
1541 768 1964 823 Bartholomteus

387 870 613 942 paciﬁce
653 883 865 937 semper
893 865 1032 928 tulit,
1062 863 1269 918 nullum
1298 861 1520 916 verbum
1550 856 1828 913 effundens
1853 871 1965 909 ma-

393 961 523 1027 lum,
547 975 647 1015 nec
664 958 953 1028 quidquam
976 953 1187 1025 profani
1219 950 1459 1005 auditum
1489 955 1577 1003 est
1604 961 1668 1000 ex
1701 960 1796 999 ore
1826 943 1962 1014 ejus.

394 1053 641 1107 Schisma
662 1050 775 1119 jam
804 1049 1002 1103 dictum
1034 1046 1085 1099 in
1117 1042 1357 1098 Ecclesia
1386 1040 1478 1094 Dei
1505 1040 1842 1107 antiquatum
1872 1052 1970 1104 per

399 1143 618 1215 triginta
643 1148 754 1194 tres
783 1153 954 1193 annos
981 1144 1035 1190 et
1062 1134 1203 1188 ultra
1239 1132 1470 1196 duravit,
1520 1137 1575 1183 et
1602 1129 1778 1183 adhuc
1806 1126 1965 1198 viget.

395 1214 570 1287 Causa
593 1230 725 1284 tanti
752 1227 1078 1289 schismatis,
1106 1233 1163 1280 ut
1185 1222 1389 1285 audivi,
1417 1219 1518 1275 fuit
1548 1219 1673 1290 quia
1702 1217 1843 1273 idem
1872 1214 1972 1271 Ur—

390 1326 591 1388 banus,
635 1323 761 1379 dum
794 1320 982 1375 fuisset
1020 1318 1225 1374 electus
1283 1312 1737 1376 conditionaliter,
1781 1318 1840 1366 ut
1887 1325 1972 1364 re—

398 1414 654 1470 nunciare
690 1412 926 1475 deberet,
975 1409 1102 1463 dum
1139 1422 1170 1460 a
1218 1402 1581 1461 cardinalibus
1625 1401 1969 1460 incitaretur,

399 1503 541 1559 idem
570 1500 736 1571 ccepit
768 1512 863 1554 eos
912 1496 1051 1553 male
1087 1503 1338 1557 tractare,
1388 1491 1645 1561 quosdam
1699 1486 1976 1544 beneﬁciis

396 1593 649 1664 spoliare,
676 1588 995 1660 quibusdam
1021 1601 1226 1657 ponens
1251 1592 1450 1639 metam
1477 1582 1531 1636 in
1560 1580 1713 1649 equis
1742 1588 1796 1634 et
1823 1578 1978 1632 fami-

400 1685 653 1749 liaribus;
678 1690 898 1752 propter
935 1679 1077 1750 quod
1102 1675 1360 1747 indignati
1388 1673 1692 1730 cardinales
1719 1672 1787 1726 de
1809 1671 1979 1740 ipsius

404 1775 603 1831 Urbani
634 1780 806 1827 morte
833 1779 1065 1825 tractare
1113 1775 1421 1835 cmpcruut;
1470 1771 1690 1835 propter
1728 1761 1871 1831 quod
1913 1759 1980 1814 ad

2063 577 2319 643 Roberto,
2343 577 2435 648 qui
2475 591 2534 632 se
2578 574 2907 630 Clementem
2939 572 3029 628 Vll
3075 574 3408 637 nominabat,
3464 574 3640 630 stetit.

2064 667 2284 721 Demum
2307 665 2576 720 Bobertus
2603 665 2776 735 ipsum
2799 664 3030 735 legatum
3063 661 3293 717 Romam
3324 663 3493 717 mittit
3524 670 3649 732 post

2065 768 2295 810 mortem
2340 753 2543 811 Urbani
2564 769 2736 824 papae,
2764 761 2823 808 ut
2855 769 2953 824 pro
2978 753 3218 807 Ecclesia
3255 763 3446 808 contra
3479 751 3650 807 Boni-

2065 847 2264 901 facium
2292 842 3300 912 substitutumUrbanoadquisitionem
3326 840 3514 895 faciat.
3546 840 3650 907 Qui

2068 934 2245 990 Pileus
2276 948 2500 1005 magnas
2529 932 2878 1003 pecuniarum
2904 932 3235 1002 quantitates
3260 930 3521 999 expendit
3546 946 3649 985 suo

2070 1041 2219 1079 more
2242 1024 2419 1089 solito,
2447 1034 2502 1078 et
2528 1024 2743 1078 domum
2770 1030 2892 1091 post
2922 1021 3084 1074 multa
3115 1037 3215 1092 per
3236 1021 3413 1092 ipsum
3443 1031 3499 1077 et
3524 1036 3655 1075 suos

2069 1126 2287 1190 peracta
2317 1116 2459 1171 mala
2490 1131 2613 1171 cum
2638 1115 2914 1170 Bonifacio
2936 1131 3071 1185 papa
3101 1113 3255 1178 V'llll,
3281 1114 3505 1171 Urbano
3534 1115 3660 1169 sub-

2072 1210 2257 1263 stituto
2280 1208 2591 1272 concordat,
2616 1207 2707 1276 qui
2732 1205 3037 1260 Bonifacius
3065 1206 3237 1276 ipsum
3263 1207 3330 1262 ad
3350 1206 3659 1261 cardinala-

2075 1308 2160 1354 tus
2185 1299 2445 1353 honorem
2475 1296 2735 1361 restituit,
2779 1305 2835 1350 et
2871 1297 2949 1350 uti
2976 1295 3126 1364 prius
3152 1296 3437 1365 presbyter
3480 1295 3663 1349 cardi-

2074 1387 2212 1442 nalis
2256 1384 2314 1440 S.
2348 1384 2608 1439 Praxedis
2636 1382 2801 1455 (nunc
2824 1383 3108 1452 episcopus
3131 1380 3469 1436 Tusculanus
3512 1397 3661 1434 nun-

2075 1474 2346 1548 cupatur.)
2373 1473 2611 1530 Tandem
2649 1473 2800 1528 senio
2838 1472 2953 1542 jam
2979 1470 3201 1527 affectus
3229 1472 3479 1536 moritur,
3514 1470 3664 1524 vidi-

2076 1583 2182 1638 que
2210 1566 2379 1638 ipsius
2423 1564 2728 1636 sepulcrum
2758 1563 2811 1616 in
2844 1560 2987 1616 Urbe
3024 1561 3076 1614 in
3106 1559 3333 1616 ecclesia
3372 1558 3434 1614 S.
3477 1557 3667 1613 Mariae

2080 1658 2260 1723 Novio,
2310 1671 2433 1712 cum
2481 1654 2687 1709 duobus
2738 1652 2856 1707 aliis
2910 1650 3276 1705 cardinalibus
3304 1649 3379 1704 ibi
3412 1648 3663 1718 sepultis.

2080 1749 2277 1806 Feru"
2301 1747 2459 1804 modo
2490 1746 2618 1800 mihi
2649 1744 2816 1815 ipsius
2841 1759 2965 1798 ossa
3012 1742 3079 1797 ad
3129 1741 3419 1796 ecclesiam
3450 1739 3668 1795 Patavi-

399 1865 510 1937 jam
536 1864 735 1918 dictam
759 1876 946 1915 eorum
978 1858 1338 1930 privationem
1367 1866 1421 1910 et
1447 1834 1711 1924 antipapze
1752 1852 1975 1907 electio—
2010 1842 2052 1900 Β
2084 1857 2205 1897 nam
2228 1839 2515 1904 translata,
2548 1837 2821 1908 ipsiusque
2847 1835 3010 1891 funus
3054 1835 3252 1890 ibidem
3281 1850 3400 1891 esse
3432 1834 3670 1889 honora-

405 1968 527 2009 nem
554 1954 838 2009 deventum
883 1957 986 2004 est.
1036 1948 1107 2004 Ut
1136 1958 1315 2003 tamen
1355 1947 1664 2017 legentibus
1701 1960 1807 1999 non
1848 1943 1987 1998 desit

406 2045 629 2109 veritas,
653 2042 897 2112 Gregorii
922 2040 993 2095 XI
1016 2050 1280 2111 tempore,
1317 2040 1409 2109 qui
1433 2039 1711 2093 Avenione
1737 2037 1907 2091 morai
1929 2050 1987 2088 a-

407 2146 515 2199 tur,
544 2135 769 2191 ecclesia
797 2135 1037 2189 Romana
1087 2133 1142 2188 in
1173 2132 1340 2187 italiae
1362 2132 1609 2203 partibus
1657 2129 1878 2200 agitata,
1934 2134 1989 2180 et

405 2242 595 2282 omnes
624 2225 793 2297 ipsius
818 2225 1067 2280 civitates
1096 2233 1151 2278 et
1179 2233 1358 2280 castra
1387 2223 1670 2294 pet-dente,
1695 2220 1989 2289 Gregorius

411 2319 638 2375 Bonnam
660 2318 877 2373 devenit
902 2318 1083 2374 omnia
1115 2315 1414 2372 reformare
1443 2316 1776 2375 desiderans,
1803 2323 1858 2369 et
1880 2328 1991 2368 cre-

408 2406 561 2470 dens,
596 2406 795 2461 ibidem
825 2406 968 2461 diem
995 2413 1300 2460 extremum
1328 2404 1560 2469 claudit;
1624 2418 1730 2472 quo
1778 2411 1991 2455 mortuo

412 2496 687 2551 Romanus
726 2496 953 2565 populus
979 2505 1188 2550 armata
1214 2512 1377 2550 manu
1405 2496 1595 2551 nolens
1639 2493 1871 2562 amplius
1897 2506 1993 2560 pa-

413 2592 570 2655 patus
607 2584 924 2655 dignitatem
956 2584 1011 2638 in
1042 2600 1232 2638 manus
1261 2584 1494 2639 transire
1536 2582 1990 2651 Francigenarum

412 2676 672 2738 clamant,
702 2688 898 2745 papam
934 2672 1181 2727 Italicum
1211 2680 1473 2742 petentes,
1505 2680 1562 2725 ct
1590 2671 1658 2726 ad
1683 2670 1858 2726 sancti
1889 2669 1993 2724 Pe—

417 2765 483 2818 tri
515 2763 770 2834 p-.latium
800 2771 1051 2817 currunt.
1080 2760 1400 2819 Cardinales
1432 2761 1483 2815 in
1516 2776 1708 2830 papam
1744 2759 1995 2813 cardina-

415 2856 519 2911 lem
545 2855 720 2911 sancti
745 2854 892 2909 Petri
935 2855 1166 2925 eligunt,
1211 2852 1302 2925 qui
1355 2853 1533 2907 triduo
1580 2853 1633 2907 in
1660 2850 1790 2906 sede
1817 2848 1995 2920 papali

414 2954 565 3003 stans
601 2960 879 3016 nunquam
923 2954 1209 3015 acceptare
1256 2941 1445 3009 voluit,
1502 2942 1844 3009 instanteque
1889 2938 1996 2993 Ro-

416 3053 577 3093 mano
598 3036 812 3107 populo,
839 3035 1141 3091 cardinales
1173 3033 1473 3098 Urbanum,
1502 3033 1593 3104 qui
1627 3042 1755 3087 tunc
1775 3031 1999 3085 Bartbo-

417 3130 640 3185 lomteus
669 3127 736 3181 de
762 3126 1035 3195 Prignano
1058 3126 1275 3179 nomine
1296 3125 1613 3187 vocabatur,
1639 3123 1998 3192 archiepisco—

2083 1933 2265 1986 biliter
2289 1928 2631 1984 tumulatum.

2638 2058 2727 2114 DE
2753 2056 3095 2122 COSMATE,

2571 2169 2968 2239 Archiepiscopo
2995 2165 3173 2222 XCIV.

2158 2286 2383 2343 Cosmas
2414 2280 2594 2347 XCIV,
2632 2280 2849 2335 natione
2890 2277 3285 2341 Sulmonensis,
3311 2277 3380 2331 de
3416 2277 3509 2330 vili
3535 2290 3665 2329 con-

2090 2390 2279 2452 ceptus
2306 2377 2576 2448 prosapia,
2605 2375 2671 2429 de
2697 2372 2952 2445 progenie
2973 2369 3040 2425 de
3066 2368 3383 2432 Melioratis,
3416 2366 3555 2421 satis
3578 2367 3669 2420 de-

2092 2485 2219 2525 cora
2259 2467 2453 2531 forma,
2482 2464 2667 2519 calvus
2696 2463 2747 2516 in
2776 2458 3046 2527 sincipite,
3074 2455 3239 2511 alacri
3271 2454 3445 2517 vultu,
3489 2454 3674 2508 doctor

2092 2560 2456 2621 decretorum,
2485 2562 2541 2609 et
2591 2553 2644 2606 in
2671 2550 2815 2605 civili
2854 2547 3117 2618 sapientia
3151 2546 3379 2616 peritus,
3415 2544 3545 2599 licet
3569 2557 3671 2596 non

2095 2646 2463 2717 magistratus,
2514 2651 2568 2696 et
2628 2655 2805 2695 rerum
2864 2635 3196 2707 experientia
3245 2634 3459 2697 doctus,
3517 2632 3674 2686 homo

2096 2736 2222 2790 boni
2256 2731 2492 2788 consilii.
2525 2729 2791 2798 Tempore
2818 2741 2925 2797 quo
2960 2724 3059 2778 fuit
3082 2724 3135 2777 in
3175 2723 3477 2777 minoribus
3501 2720 3675 2776 Bono—

2098 2830 2201 2883 niae
2227 2827 2469 2891 studens,
2501 2824 2603 2878 fuit
2625 2831 2863 2891 tempore
2882 2817 3106 2872 Joannis
3133 2817 3197 2871 de
3218 2815 3460 2886 Lignano
3484 2815 3678 2869 utrius-

2099 2936 2205 2994 que
2228 2919 2391 2988 juris,
2423 2924 2478 2971 et
2518 2923 2723 2984 septem
2774 2910 3076 2965 liberalium
3107 2907 3303 2962 artium
3334 2905 3576 2960 doctoris
3595 2903 3674 2958 fa-

2101 2992 2415 3067 mosissimi.
2450 3005 2570 3070 Hic,
2617 3005 2741 3059 dum
2770 3002 3003 3056 Joannes
3028 2998 3093 3053 de
3120 2996 3360 3067 Lignano
3390 2992 3581 3047 fuisset
3611 2992 3675 3045 ad

2102 3102 2380 3160 Urbanum
2414 3112 2605 3169 papam
2629 3093 2693 3148 Vl
2722 3102 2907 3148 orator
2935 3088 3281 3143 transmissus
3303 3100 3401 3156 pro
3426 3098 3678 3138 commu-

418 3176 637 3185 -ν---ππ
674 3176 732 3181 τ-
764 3176 1029 3195 “vo—mu-
1312 3176 1520 3179 ν
1601 3176 1649 3187 ,ν
1715 3176 1723 3178 ε
1825 3176 1841 3192 .

418 3229 624 3287 pusqne
645 3212 900 3267 Barensis
916 3221 1053 3276 erat,
1078 3212 1336 3266 Romana:
1352 3212 1605 3267 Ecclesia:
1620 3211 1995 3267 cancellariam

2105 3197 2273 3252 nitate
2298 3192 2572 3255 Bononiae,
2617 3204 2737 3244 cum
2766 3187 2909 3242 dicto
2948 3183 3153 3238 Joanne
3175 3181 3471 3235 Romanam
3501 3176 3680 3248 profe-

419 3320 631 3377 regens,
657 3304 758 3359 sub
771 3303 1078 3357 conditione
1099 3302 1371 3372 praedicta,
1395 3301 1538 3370 quoi
1554 3310 1798 3356 cessante
1820 3300 1999 3371 populi

421 3398 604 3453 furore
630 3396 931 3458 renunciet,
964 3395 1016 3449 in
1048 3410 1241 3465 papam
1271 3394 1495 3466 eligunt,
1531 3404 1587 3449 et
1614 3402 1915 3464 acceptant,
1945 3402 2000 3448 et

420 3487 809 3549 intltronizant,
844 3486 1056 3556 sibique
1081 3486 1425 3556 postmodum
1448 3485 1594 3540 velut
1627 3499 1779 3555 papa:
1808 3484 2004 3555 suppli-

425 3588 568 3645 cant,
602 3588 656 3634 et
682 3578 1041 3633 reverentiam
1069 3578 1436 3634 omnimodam
1466 3579 1742 3634 exhibent.

424 3712 442 3730 .
484 3712 499 3728 .
540 3711 554 3725 .
596 3711 611 3726 .
652 3710 667 3726 .
712 3710 727 3724 .
765 3669 868 3725 Hic
893 3670 1046 3741 plura
1074 3670 1260 3724 desunt
1285 3683 1332 3724 α.

504 3811 530 3840 ι
560 3798 941 3853 Restituuntur
968 3796 1084 3851 hate
1109 3812 1175 3851 ex
1203 3796 1389 3851 codice
1414 3796 1625 3850 Estensi
1656 3814 1668 3849 :
1705 3823 1723 3848 ι
1753 3793 2003 3851 Urbanus

424 3886 575 3935 vero,
630 3869 676 3923 si
721 3883 908 3922 verum
952 3867 1136 3923 dicere
1185 3866 1264 3921 fas
1323 3877 1405 3921 est
1436 3906 1450 3929 ,
1531 3867 1752 3921 obtento
1805 3873 2003 3934 papatu

428 3941 482 3996 in
527 3938 808 3994 stultitiam
864 3938 1221 4001 convertitur,
1275 3945 1330 3990 et
1364 3936 1530 3990 multa
1566 3944 1621 3989 et
1654 3936 1817 3989 multa
1864 3935 2005 4003 regi-

430 4027 514 4065 na:
560 4006 1014 4080 Apuliae-Joanna:
1040 4007 1221 4070 infert,
1259 4006 1622 4080 omnibusque
1655 4006 1840 4080 ipsius
1865 4005 2006 4080 regi-

430 4027 514 4065 na:
560 4021 765 4080 Apulia?
793 4021 1014 4061 manna:
1040 4021 1221 4070 tntert,
1265 4021 1514 4059 omnibus
1557 4024 1566 4057 I

426 4096 514 4135 nte
533 4077 883 4150 petitionibus
930 4092 1213 4150 assensum
1243 4076 1492 4146 denegat.
1517 4021 1566 4131 (ὲ

427 4145 650 4214 tractat,
692 4163 757 4202 ac
791 4162 979 4201 omnes
1025 4148 1289 4210 curiales;
1321 4145 1440 4214 quae
1468 4146 1646 4201 omnia
1694 4145 2005 4200 schismatis

428 4218 687 4275 horrendi
727 4233 891 4272 causa
929 4215 1147 4270 fuerunt
1171 4215 1476 4286 impulsiva,
1504 4216 1570 4270 de
1607 4216 1802 4285 quibus
1827 4215 2006 4286 aliqua

425 4290 532 4343 sub
561 4288 895 4357 breviloquio
927 4288 1157 4357 transire
1199 4283 1364 4349 nolui,
1411 4286 1505 4341 sed
1538 4283 1789 4340 narrabo.
1819 4283 2007 4357 Cardi-

426 4358 539 4412 nali
577 4354 832 4427 praedicto
854 4356 910 4427 S.
938 4356 1084 4409 Petri
1102 4357 1166 4427 in
1188 4357 1414 4425 prandio
1435 4356 1590 4427 jecur
1609 4370 1730 4427 cum
1755 4354 2006 4427 pulmone

426 4428 519 4483 edi
546 4424 668 4481 cum
688 4426 958 4481 foetiiculis
981 4424 1253 4480 conditum
1275 4440 1374 4493 pro
1399 4424 1592 4480 esenio
1613 4424 2006 4483 fecit.‘dicendo

425 4497 578 4567 quod
607 4497 732 4567 quia
749 4496 1020 4567 non_bene
1041 4496 1207 4567 videt,
1229 4509 1364 4563 papa
1380 4495 1489 4567 sibi
1507 4494 1818 4567 fmniculum
1841 4494 2006 4548 desti-

431 4564 549 4630 tiat,
567 4565 787 4634 herbam
809 4564 876 4618 ad
888 4565 1060 4634 visum
1073 4564 1353 4634 optimam.
1369 4564 1465 4619 Cui
1481 4565 1770 4620 cardinalis
1786 4579 2008 4633 respon-

428 4650 552 4689 sum
566 4633 785 4704 exhibet
812 4649 825 4686 :
854 4652 871 4683 (
900 4633 1014 4686 Non
1036 4633 1169 4687 bene
1184 4633 1336 4687 video
1363 4653 1374 4687 :
1402 4650 1586 4688 verum
1602 4635 1762 4700 dicit;
1788 4645 1835 4689 et
1856 4634 2009 4704 pejus

440 4723 461 4755 ι
502 4705 631 4774 vii,
680 4703 805 4773 quia
851 4714 1103 4774 papatum
1136 4718 1240 4756 non
1271 4708 1442 4774 tenui,
1473 4705 1615 4774 quod
1662 4705 1707 4759 si
1757 4704 2006 4759 fecissem

434 4793 461 4826 4
507 4773 754 4829 Urbanus
779 4789 917 4843 pupa
954 4789 1059 4827 non
1090 4780 1253 4843 esset.
1294 4793 1312 4824 ι
1370 4773 1638 4829 Cardinaii
1669 4782 1845 4828 autem
1871 4774 2006 4827 duo-

434 4845 610 4900 decim
664 4842 1028 4912 apostolorum
1078 4842 1421 4899 Cebennensi
1474 4844 1676 4914 pullum
1734 4845 1850 4900 sine
1876 4913 1881 4914 ί
1909 4844 2009 4898 alis

434 4914 704 4968 truncatis
734 4925 910 4969 tamen
961 4914 1178 4968 exeniat
1213 4914 1397 4969 dicens
1446 4913 1489 4968 εί
1525 4932 1542 4964 ι
1596 4913 2011 4983 Amputahimus

437 5002 463 5035 ι
506 4985 620 5039 alas
648 4984 771 5054 ipsi,
804 4984 1072 5051 sociisque
1097 4985 1228 5038 suis.
1271 5004 1288 5036 ι
1340 4982 1434 5038 Cui
1466 4982 1776 5053 responsum
1810 4983 2013 5053 praebet

429 5054 724 5110 cardinalis
778 5071 792 5108 :
862 5073 880 5105 ι
926 5054 1052 5109 Alas
1094 5055 1355 5109 habemus
1402 5069 1503 5124 ego
1528 5065 1581 5108 ct
1630 5055 1785 5118 socii,
1813 5062 1866 5107 et
1913 5068 2009 5106 vo-

440 5144 462 5176 ‹
508 5125 727 5180 labundi
752 5140 858 5180 non
888 5133 1095 5179 tantum
1121 5139 1216 5192 per
1242 5126 1381 5179 hanc
1410 5126 1618 5189 urbem,
1650 5126 1743 5179 sed
1788 5138 1885 5192 per
1930 5132 2012 5177 to—

439 5214 461 5245 ‹
510 5203 622 5249 tum
650 5196 927 5258 mundum,
978 5196 1023 5248 si
1076 5191 1179 5247 erit
1212 5195 1599 5249 necessarium.
1657 5213 1676 5247 ι
1733 5191 2008 5247 Nicolaum

434 5279 565 5318 vero
596 5265 660 5335 de
700 5264 944 5335 Neapoli,
975 5263 1066 5335 qui
1112 5262 1189 5335 ad‘
1226 5279 1466 5335 mensam
1495 5264 1707 5335 positus
1731 5263 1928 5335 fuerat,
1956 5269 2011 5315 et

434 5348 600 5404 supra
625 5330 884 5390 Oetoném
908 5333 973 5388 de
995 5330 1264 5404 Brusgvicb
1296 5330 1522 5404 militem
1549 5333 1816 5401 praedictae
1841 5330 2006 5404 Joan-

437 5401 523 5457 nai
551 5403 760 5475 Apulia
784 5402 1266 5475 reginqemaritum
1295 5403 1517 5475 publice
1531 5403 1898 5475 reprehendit,
1930 5401 2011 5454 di-

434 5486 570 5527 cens
597 5472 616 5527 Ξ
643 5496 663 5525 ι
702 5472 923 5529 Domine
945 5472 1161 5528 Nicolae
1187 5473 1253 5527 de
1299 5473 1574 5542 Spinellis,
1615 5488 1723 5527 non
1766 5472 1915 5525 vides
1956 5479 2011 5524 tu

438 5557 462 5589 ι
509 5542 785 5598 dominum
806 5544 1066 5599 Octonem
1084 5558 1166 5596 ma
1176 5542 1556 5613 ritumreginte
1569 5543 1846 5613 dominum
1864 5550 2012 5613 tuum

442 5628 484 5688 C.
510 5613 697 5688 sedere
725 5613 825 5688 sub
851 5614 947 5667 te?
975 5612 1227 5688 Sprge__i_n
1253 5611 1393 5688 mala
1418 5610 1628 5688 liora.)
1668 5610 2015 5688 Et‘similiter

435 5678 612 5732 eidem
637 5681 856 5737 Nicoiao
890 5691 972 5736 ter
1005 5681 1072 5735 de
1087 5678 1234 5736 'aliis
1259 5681 1391 5736 viris
1432 5682 1701 5737 nobilibus
1729 5680 1877 5736 fecit.
1926 5678 2017 5733 Ni-

438 5745 558 5799 cula
582 5763 706 5802 vero
738 5751 791 5803 in
832 5752 1058 5818 prandio
1110 5751 1199 5805 illo
1244 5752 1424 5805 bolum
1472 5767 1577 5806 non
1629 5752 1884 5808 comedit.
1933 5765 2018 5804 co-

1572 4074 1839 4129 ardinales
1865 4074 2006 4128 male

2103 3297 2223 3344 ctus
2251 3292 2335 3339 est
2358 3282 2426 3337 ad
2459 3280 2699 3344 Curiam,
2730 3293 2890 3348 quem
2932 3275 3168 3329 Joannes
3206 3273 3270 3327 de
3292 3270 3534 3340 Lignano
3554 3282 3679 3322 cor-

2103 3379 2318 3433 dialiter
2338 3372 2561 3447 prmfato
2587 3386 2797 3427 summo
2818 3366 3057 3439 pontifici
3087 3360 3506 3420 commendavit.
3528 3358 3681 3427 Quod

2105 3469 2355 3525 Urbanus
2384 3465 2608 3519 audiens
2637 3477 2821 3518 secum
2858 3460 3164 3514 Cosmatum
3195 3454 3437 3516 retinuit,
3469 3460 3525 3505 et
3550 3463 3678 3520 pro-

2103 3574 2257 3615 cessu
2289 3554 2545 3626 temporis
2572 3553 2639 3607 ad
2660 3560 2842 3622 partes
2860 3548 3063 3618 Angliae
3093 3545 3438 3600 collectorem
3467 3550 3685 3612 aposto-

2105 3650 2270 3706 licum
2296 3646 2625 3711 destinavit;
2675 3643 2790 3713 qui,
2828 3641 3204 3712 persecutione
3250 3636 3563 3692 scbismatis
3592 3634 3682 3688 ad-

2104 3785 2282 3853 gitans
2309 3788 2365 3834 et
2393 3780 2537 3853 inter
2576 3793 2774 3853 arcana
2804 3773 3016 3853 tuentis
3057 3770 3331 3826 iracunda:
3381 3766 3681 3853 revolvens,

2104 3838 2337 3923 qualiter
2360 3852 2425 3923 de
2451 3848 2667 3923 Urbano
2692 3846 2980 3923 vindictam
3010 3848 3267 3923 sumeret,
3290 3839 3433 3923 qttod
3462 3848 3518 3892 et
3536 3838 3680 3916 fecit.

2105 3908 2239 3978 Nam
2267 3919 2632 3975 cardinalibus
2662 3914 2954 3978 consuluit,
3005 3920 3064 3966 ut
3105 3912 3268 3965 alium
3316 3908 3683 3979 eligerentﬂin

2142 4007 2319 4062 apam,
2347 3990 2570 4062 quodet
2595 3988 2871 4062 fecerunt,
2890 3992 2953 4038 ut
2973 3997 3143 4062 supra
3165 3981 3298 4062 dixi.
3330 3977 3439 4033 Sed
3464 3993 3552 4062 rte
3567 3977 3681 4037 tibi,

2142 4010 2319 4062 apum,
2347 4010 2489 4061 quou
2516 4010 2570 4042 et
2595 4010 2859 4048 teucrum,
2893 4010 2953 4038 ut.
2973 4010 3136 4051 supra
3165 4010 3298 4035 uuu.
3331 4010 3439 4033 υσυ
3470 4010 3543 4032 ιω
3567 4010 3681 4037 um,

2106 4010 2322 4118 Kicola!
2352 4076 2450 4115 cur
2475 4058 2572 4112 Dei
2599 4057 2839 4112 tunicam
2859 4051 3236 4109 inconsutilem
3266 4049 3552 4104 lacerasti!
3580 4060 3685 4118 non

2106 4148 2293 4203 pmnas
2316 4128 2510 4203 evades
2528 4146 2548 4203 _:
2579 4122 2799 4203 indubie
2829 4123 3129 4203 a_nima_tua
3156 4121 3394 4189 denique
3416 4117 3687 4203 cru'ciabi:

2109 4185 2286 4258 idin;
2313 4185 2891 4272 profundunLiul‘erni,
2915 4202 2970 4247 et
3013 4193 3067 4246 in
3113 4185 3416 4272 extremum
3447 4187 3610 4251 infra,
3642 4185 3687 4272 si

2109 4255 3054 4342 dici'pci‘mittiturLFratriEhenm
3183 4255 3687 4342 Chi-fenongenerali

2107 4327 2354 4397 inini'stm
2367 4338 2572 4394 ordinis
2585 4337 2793 4391 Fratris
2813 4334 3079 4388 Minorum
3099 4331 3165 4384 ad
3187 4330 3393 4384 dictum
3413 4327 3686 4383 Urbanum

2107 4424 2377 4468 oratorem
2393 4425 2491 4479 per
2504 4407 2767 4479 Joannam
2784 4407 3023 4479 reginam
3039 4401 3373 4479 praelibatam
3386 4399 3686 4479 decretumz

2109 4464 2519 4550 etcunrpoinpa
2543 4477 2717 4550 multa
2735 4484 2789 4529 ct
2811 4464 3154 4550 {nitimur-ium
3176 4481 3231 4550 et
3252 4470 3521 4550 equitum,
3544 4464 3689 4519 aliud

2033 4557 2085 4616 D
2113 4536 2351 4626 agitauit
2374 4536 2677 4626 honestum.
2697 4545 3000 4626 interrogat
3021 4544 3162 4626 enim
3180 4536 3689 4626 ira'trentt‘Thom'am

2115 4608 2348 4695 ﬁngens;
2379 4639 2397 4671 ‹
2423 4619 2628 4695 Quises
2654 4618 2851 4695 iniret
2876 4608 2990 4669 ille:
3018 4612 3360 4695 «Beatissimi:
3582 4608 3689 4661 fra-

2121 4713 2138 4745 ι
2182 4679 2263 4749 ὧι·
2287 4679 2527 4745 Thomas
2561 4687 2628 4743 de
2648 4686 2881 4742 Ghifono
2908 4700 3027 4739 sum
3072 4681 3337 4753 generalis
3359 4679 3689 4753 _Minorum,

2117 4784 2135 4814 ι
2168 4775 2349 4818 orator
2376 4761 2497 4813 lilia:
2526 4768 2719 4814 vestr-.c
2747 4755 2969 4811 Joanna:
3007 4748 3210 4824 Apulia:
3235 4749 3481 4824 regium.
3520 4769 3551 4824 »_
3592 4748 3690 4803 Cui

2120 4834 2396 4890 Urbanus:
2419 4850 2437 4881 ι
2474 4831 2587 4883 Non
2620 4829 2776 4883 decet
2806 4819 3094 4880 cordonem
3109 4821 3247 4876 beati
3277 4819 3691 4890 Franciscicum

2122 4888 2149 4955 ι.
2177 4904 2267 4956 tali
2324 4902 2554 4955 transire
2594 4912 2805 4967 pompa.
2858 4894 3051 4967 Per...
3072 4931 3120 4967 ._,
3150 4907 3247 4961 per
3291 4911 3465 4967 D_.._._.
3492 4888 3693 4967 clamat

2118 4974 2367 5029 Urbanus
2412 4958 2642 5041 publice,
2674 4985 2691 5017 ι
2718 4958 2819 5041 ego
2855 4958 3168 5041 humiliabo'
3198 4971 3271 5016 te.
3290 4961 3440 5041 Quid
3662 4978 3684 5009 δ

2115 5026 2186 5098 tit
2212 5026 2300 5097 ille
2329 5026 2650 5110 prtidentem
2694 5026 3080 5110 atnbasciatam
3110 5026 3342 5110 esponit'
3367 5026 3569 5110 regina:
3595 5026 3693 5110 do-

2117 5097 2278 5169 mina:
2298 5097 2429 5172 sum,
2453 5124 2614 5163 orans
2640 5115 2699 5160 ut
2726 5120 2986 5160 coronare
3015 5097 3265 5173 dignetur
3288 5097 3562 5173 dominum
3592 5097 3692 5152 Oc-

2119 5194 2296 5238 tonem
2351 5168 2520 5250 ipsius
2550 5177 2828 5250 pinnat-itum»
2867 5168 3173 5250 regina-[in
3216 5171 3424 5250 Apulite
3465 5168 3690 5250 Regem.

2114 5253 2211 5307 Cui
2241 5239 2407 5322 Papa.
2475 5268 2493 5299 ι
2536 5248 2696 5322 Quid,
2727 5239 2958 5322 diabole',
2989 5244 3117 5322 vult
3161 5239 3279 5297 ista
3301 5239 3694 5322 l‘emina‘t‘Ego

2116 5323 2265 5388 nolo,
2288 5313 2388 5375 nec
2407 5321 2549 5389 quod
2562 5313 2712 5389 petit
2742 5316 2989 5389 habebit.
3026 5335 3043 5367 ι
3078 5313 3458 5389 Revertantur,
3486 5318 3593 5364 etc.

2184 5378 2384 5448 Paulus
2407 5378 2508 5444 iste
2543 5378 2832 5450 S'cordilla,
2857 5386 2945 5455 qui
2977 5386 3094 5440 11330
3114 5384 3327 5455 vigente
3354 5380 3532 5436 adhuc
3556 5378 3697 5455 sciti:

2115 5474 2287 5519 smate
2332 5461 2617 5531 scripsisse
2653 5447 2952 5531 proﬁtetur,
3004 5447 3412 5508 nimis'Urbano
3453 5447 3699 5531 pontiﬁci

2117 5548 2261 5588 max.
2309 5519 2574 5594 infensus,
2620 5519 2705 5583 vel
2754 5526 2823 5581 ob
2848 5533 3253 5580 exauctoratum
3284 5519 3611 5582 sacerdotio,
3642 5524 3704 5572 et

2117 5602 2454 5659 cztrdinalitia
2484 5600 2744 5670 dignitate
2761 5596 2968 5670 l’ileum
2992 5595 3499 5670 archiepiscopum-
3517 5602 3699 5669 suum,

2118 5674 2201 5728 vel
2220 5672 2402 5727 animo
2423 5671 2488 5724 ad
2504 5659 2879 5725 sc'ltistnaticos
2902 5665 3177 5725 inclinatu,
3197 5659 3373 5717 inulta
3390 5675 3462 5715 ex
3474 5659 3706 5714 factioso

2120 5748 2355 5799 fortasse
2391 5741 2607 5811 ingenio
2634 5739 2844 5802 miscet,
2867 5750 2986 5803 qua:
3011 5743 3168 5790 caute
3200 5731 3446 5801 legenda.
