3900 6178
309 279 411 335 805

1184 284 1549 341 ANALECTA
1586 287 1674 343 DE
1712 289 1891 346 EPISf
1905 291 2056 348 OPIS
2092 295 2641 362 RAVENNATIBUS.

3435 313 3541 372 806

310 402 500 442 versus
527 386 799 442 Urbanum
842 390 1218 459 invalesccntc,
1262 399 1328 450 de
1361 411 1461 465 qua
1500 414 1658 469 supra
1689 401 1799 455 dixi
1824 402 1878 457 in
1906 406 1955 465 A
1983 406 2103 462 dem
2128 410 2365 467 civitatis
2388 413 2633 470 ecclesiis
2668 417 2899 486 operari.
2935 416 3105 487 llnjus
3150 421 3384 480 Cosmati
3408 438 3546 485 tem-

306 482 660 549 praecedentis
708 482 932 538 historia
982 488 1272 555 pontiﬁcis,
1330 493 1624 561 sepissime
1683 511 1876 567 papam

306 584 405 637 per
444 570 652 626 litteras
697 571 773 645 [et
824 576 1086 647 pecuniis]
1136 580 1392 647 visitavit,
1441 584 1584 653 quod
1629 585 1878 641 Urbanus

304 658 672 727 gratissimum
701 660 904 716 habens
936 665 1205 734 cogitabat
1243 669 1384 723 intra
1407 685 1466 725 se
1492 672 1722 741 qualiter
1743 672 1876 728 Cos-

305 752 511 800 matum
537 745 716 815 aliquo
744 749 1113 806 retributionis
1143 754 1405 811 beneficio
1441 758 1738 813 decoraret.
1774 759 1876 814 Va-

300 843 460 889 cante
483 834 872 909 [Vacanteque]
917 850 1106 895 saneta
1132 854 1302 898 matre
1337 855 1522 900 nostra
1564 847 1876 904 Ravennate

302 922 565 985 Ecclesia,
596 938 715 992 quae
743 926 862 993 agia
893 930 1201 984 nominatur
1245 932 1547 1002 Anastasis,
1585 936 1654 989 ob
1696 939 1875 1006 priva-

302 1013 508 1067 tionem
554 1012 690 1069 Pilei
743 1020 1189 1087 supranominati,
1247 1022 1554 1079 Cosmatum
1606 1029 1673 1081 ad
1698 1029 1872 1097 ipsum

301 1104 551 1172 regimen
571 1107 860 1174 promovit,
887 1108 1038 1177 cujus
1057 1116 1448 1180 possessionem
1481 1118 1568 1172 hic
1606 1118 1873 1175 Ravenna:

300 1190 503 1246 habere
525 1208 629 1247 non
655 1198 849 1264 potuit,
879 1201 1129 1266 quoniam
1153 1201 1327 1259 Guido
1353 1206 1417 1260 de
1445 1206 1665 1262 Polenta
1693 1210 1867 1275 miles,

297 1290 354 1335 et
404 1282 654 1339 dominus
706 1288 941 1343 civitatis
994 1290 1280 1359 Ravenme,
1338 1298 1593 1365 prmdicto
1638 1298 1872 1353 Robcrto

298 1372 645 1427 schismatico
694 1376 1019 1444 adhzerehat,
1074 1391 1281 1436 etcum
1328 1387 1561 1453 quodam
1601 1388 1870 1444 Ludovico

296 1460 435 1514 duce
484 1462 878 1533 Andegavensi,
933 1469 1025 1537 qui
1074 1485 1195 1523 cum
1231 1474 1585 1545 quadraginta
1632 1478 1870 1547 quinque

294 1548 536 1605 millibus
586 1563 915 1609 armatorum
978 1568 1203 1614 venerat
1248 1570 1486 1632 tempore
1535 1565 1688 1633 Pilei,
1724 1577 1868 1624 ntse

292 1639 503 1706 Apuliae
524 1656 704 1711 regem
731 1643 960 1711 faceret,
993 1663 1219 1706 concors
1245 1661 1382 1705 erat.
1417 1653 1517 1721 Qui
1550 1663 1730 1711 tamen
1758 1658 1863 1713 Lu—

294 1726 523 1783 dovicus
552 1731 619 1785 ad
647 1732 958 1801 petitionem
1011 1738 1207 1808 reginae
1242 1740 1447 1811 Apulia:
1470 1760 1567 1814 per
1596 1745 1863 1803 Ravennae
1893 1732 1939 1791 Β

293 1824 482 1883 partes
510 1821 794 1875 transitura
836 1821 1062 1891 faciens,
1092 1827 1293 1882 dictum
1346 1829 1644 1887 Guidonem
1670 1833 1724 1887 in
1749 1836 1864 1905 ejus

289 1906 599 1974 opinionem
643 1910 872 1965 reduxit.
927 1912 1007 1969 οι)
1038 1915 1139 1969 hoc
1169 1927 1346 1972 autem
1376 1928 1494 1974 orta
1535 1931 1619 1977 est
1653 1925 1859 1980 discor-

291 1994 381 2046 dia
415 1996 646 2049 maxima
676 1998 814 2052 inter
850 1998 1158 2058 Galeottum
1209 2006 1285 2059 de
1310 2007 1605 2065 Malatestis
1633 2014 1858 2069 militem

285 2086 567 2141 dominum
623 2088 877 2157 Arimini,
916 2103 971 2148 et
997 2096 1271 2153 dominum
1318 2100 1640 2170 Guidonem,
1670 2118 1725 2162 et
1754 2112 1856 2165 sub

284 2174 554 2230 velamine
576 2176 828 2234 Romana:
880 2182 1154 2251 Ecclesize,
1182 2198 1235 2243 et
1277 2189 1479 2247 Urbani
1508 2210 1659 2265 papae
1686 2200 1857 2254 nomi-

283 2278 352 2315 ne
379 2264 653 2319 civitatem
705 2266 1072 2337 Cerviensem,
1105 2286 1341 2332 castrum
1377 2264 1636 2349 Polcntze,
1670 2296 1724 2340 et
1745 2286 1853 2342 Cu-

281 2352 542 2419 glianelli,
574 2370 693 2424 qua:
721 2358 850 2413 dicti
898 2360 1158 2418 Guidonis
1198 2367 1400 2423 ditione
1433 2382 1488 2426 ct
1518 2374 1741 2444 imperio
1771 2393 1855 2431 re-

281 2442 571 2507 gebantur,
630 2444 814 2500 furtim
862 2459 917 2503 et
954 2452 1004 2505 vi
1034 2453 1209 2508 aufert
1255 2472 1285 2510 a
1317 2458 1459 2514 dicto
1510 2442 1771 2531 Guidone,
1799 2478 1853 2523 et

279 2532 407 2584 huic
432 2532 640 2587 civitati
683 2535 951 2593 Ravennae
978 2541 1141 2595 multa
1189 2546 1326 2599 mala
1379 2549 1574 2604 intulit.
1605 2552 1851 2626 Dumque

278 2620 458 2675 noctis
482 2629 723 2692 tempore
759 2628 1031 2691 cogitabat
1068 2647 1165 2701 per
1208 2636 1475 2693 scalarum
1506 2643 1708 2698 aditum
1740 2620 1849 2699 Ra-

277 2723 477 2763 venare
497 2711 771 2767 civitatem
816 2716 1085 2784 invadere,
1118 2731 1260 2778 totus
1307 2729 1534 2797 pepulus
1581 2733 1848 2791 morbosis

277 2796 512 2853 febrium
545 2801 740 2857 ictibus
763 2807 995 2873 perculsi
1022 2807 1294 2878 jacebant.
1339 2796 1484 2871 Multi
1515 2827 1690 2874 tamen
1721 2825 1845 2877 sub-

273 2887 375 2941 diti
401 2887 634 2945 Galeotti
688 2896 928 2961 prmdicti
979 2914 1161 2954 muros
1207 2904 1440 2959 civitatis
1494 2912 1844 2967 ascendentes

270 2975 550 3031 civitatem
576 2979 800 3051 ingressi
830 2994 972 3039 sunt.
1011 2987 1161 3054 Quod
1192 2993 1416 3049 audiens
1443 2998 1689 3052 dominus
1715 2999 1843 3055 Gui-

270 3065 348 3118 do
375 3065 443 3120 de
472 3064 694 3123 Polenta
746 3071 1140 3130 Bemardinum
1167 3078 1283 3146 ejus
1313 3080 1478 3138 filium
1512 3086 1840 3157 primogeni-
1867 3064 1910 3126 (ἲ

268 3166 390 3211 tum
429 3159 496 3213 ad
526 3160 758 3217 civitatis
783 3163 1145 3222 defensionem
1200 3170 1451 3228 destinat.
1484 3174 1688 3232 Pavore
1711 3194 1838 3235 vero

267 3246 636 3306 Bernardinus
661 3267 767 3307 non
793 3256 1000 3312 modico
1046 3260 1265 3316 territus
1310 3262 1462 3335 fugit,
1492 3265 1712 3338 ejusque
1740 3287 1835 3340 pa-

265 3335 342 3389 tri
370 3336 642 3393 civitatem
665 3340 847 3397 hostes
896 3345 1170 3415 ingressos
1218 3352 1437 3407 nunciat
1488 3335 1832 3433 [denuntiat].

261 3423 446 3479 Guido
502 3434 681 3481 autem
727 3431 971 3487 turbatus
1035 3434 1199 3490 tilium
1255 3438 1447 3498 baculo
1488 3423 1756 3515 verberat,
1780 3423 1834 3505 et

260 3528 395 3566 cum
423 3515 620 3583 quibus
653 3517 823 3572 valuit
856 3522 1107 3589 gentibus
1152 3527 1334 3583 hostes
1361 3535 1690 3602 aggreditur,
1713 3554 1833 3595 eos-

256 3602 460 3671 quede
492 3604 711 3660 civitate
756 3610 984 3679 repellit,
1022 3627 1251 3682 quorum
1289 3620 1580 3689 rcpulsioni
1606 3626 1833 3684 viriliter

259 3691 524 3746 insistunt
574 3694 628 3746 in
687 3698 820 3751 turri
873 3698 1322 3771 Presbyterorum
1380 3709 1695 3770 Leonardus
1764 3719 1831 3773 de

256 3778 503 3833 l-‘ossolla
563 3786 900 3853 purpositus,
955 3798 1012 3843 et
1059 3791 1377 3853 Laurentius
1427 3801 1493 3856 de
1546 3803 1830 3864 Luderano

252 3869 551 3926 cardinalis
583 3875 740 3943 hujus
793 3879 1067 3940 Ecclesiae.
1115 3887 1364 3961 Quinque
1392 3897 1605 3951 tandem
1635 3914 1701 3953 ex
1728 3900 1827 3956 ho-

250 3958 441 4013 stibus
462 3965 653 4030 captis,
682 3970 774 4036 qui
809 3973 908 4026 sub
957 3958 1311 4043 quaestionum
1341 3988 1590 4045 examine
1639 3993 1824 4061 positi,

248 4056 312 4101 et
347 4064 446 4103 cur
471 4067 661 4109 eorum
684 4063 1017 4130 propositum
1044 4083 1148 4123 non
1188 4073 1630 4143 azlimplevissent
1661 4083 1827 4138 inter-

246 4229 639 4324 :egritudinum
683 4241 871 4295 morbo
930 4244 1212 4313 sepultam,
1243 4250 1346 4305 ‘scd
1378 4253 1503 4307 dum
1534 4270 1629 4324 per
1651 4260 1824 4316 scalas

246 4316 565 4386 ingressum
616 4322 934 4395 faceremus,
996 4331 1226 4390 vidimus
1275 4316 1606 4398 armatorum
1649 4347 1817 4403 millia

243 4405 400 4459 intra
449 4409 719 4469 civitatem
770 4414 1043 4475 Ravenna:
1073 4437 1197 4477 cum
1241 4428 1449 4484 vexillis
1483 4430 1637 4498 albis,
1666 4445 1721 4490 et
1746 4439 1817 4492 si-
1848 4398 1896 4456 Β

243 4512 361 4568 gno
384 4503 562 4558 crucis
586 4505 767 4561 rubea:
811 4510 1058 4580 signatis;
1106 4517 1246 4572 unde
1271 4519 1595 4590 distulimus,
1626 4527 1817 4583 timen-

243 4598 341 4644 tes
357 4595 776 4692 'modlcum.
807 4598 909 4666 Qui
934 4604 1148 4660 demum
1174 4610 1414 4681 quinque
1437 4613 1628 4685 laqueo
1649 4634 1815 4692 prepe

241 4677 446 4733 turrim
470 4679 935 4759 Presbyterorum,
969 4694 1061 4750 ubi
1093 4677 1389 4770 antiquitus
1413 4677 1522 4760 fuit.
1548 4677 1668 4775 arx:
1701 4677 1815 4769 sive

237 4776 493 4824 castrum
524 4773 825 4833 Romanum
860 4781 1134 4854 Ecclesiae,
1186 4800 1240 4846 et
1287 4795 1378 4849 ubi
1424 4773 1667 4857 fecerant
1693 4806 1811 4860 adi-

236 4865 384 4922 tum,
440 4868 685 4932 suspensi
736 4879 882 4926 sunt.
915 4873 1172 4936 Dominus
1223 4883 1499 4944 Galeottus
1537 4901 1717 4948 autem
1747 4897 1814 4952 de

236 4947 541 5008 Malatestis
567 4959 858 5026 praedictus
919 4974 1334 5029 castrametatus
1390 4992 1494 5031 una
1536 4996 1659 5036 cum
1698 4983 1813 5052 ejus

232 5045 489 5100 exercitu
515 5049 712 5104 nedum
759 5046 813 5107 in
842 5060 1192 5127 monasterio,
1245 5066 1338 5120 sed
1368 5067 1421 5121 in
1466 5073 1695 5129 ecclesia
1750 5076 1807 5131 S.

229 5133 517 5194 Laurentii
564 5142 621 5196 in
680 5144 950 5213 Cresarea,
1010 5152 1199 5207 morbo
1242 5161 1552 5229 corripitur,
1600 5174 1655 5220 et
1689 5168 1811 5224 inde

228 5225 540 5297 discedens,
579 5248 876 5308 versusque
922 5239 1221 5297 Ariminum
1273 5225 1499 5306 tendens
1540 5225 1682 5309 diem
1715 5273 1809 5311 ex-

227 5324 475 5373 tremum
501 5320 724 5389 claudit,
755 5327 899 5383 unde
928 5329 1060 5385 illud
1084 5333 1453 5403 evangelicum
1483 5342 1629 5395 venit
1649 5358 1809 5415 super

226 5419 365 5460 eum
388 5425 400 5461 :
437 5406 511 5464 ω
527 5414 652 5482 (μιίά
671 5417 916 5487 templum
939 5437 1110 5477 meum
1138 5423 1336 5493 fecistis
1390 5431 1691 5500 speluncam
1714 5406 1805 5491 la-

227 5500 485 5555 tronum?
517 5501 632 5558 Non
691 5515 912 5579 tangant
956 5512 1120 5583 igitur
1163 5515 1285 5571 laici
1312 5518 1549 5577 christos
1572 5519 1801 5593 Domini,

229 5585 367 5641 licet
391 5604 509 5648 mos
557 5594 625 5650 sit
662 5596 1060 5658 Ravennatibus
1114 5605 1166 5660 in
1195 5611 1525 5667 contrarium
1582 5614 1634 5669 in
1663 5616 1806 5685 ejus-

1974 510 2106 565 pore
2132 497 2379 555 Urbanus
2403 501 2457 556 in
2491 505 2625 558 urbe
2652 506 2901 570 moritur,
2934 518 2988 561 et
3029 508 3223 565 Petrus
3252 512 3318 568 de
3346 514 3544 571 Toma~

1973 588 2125 643 cellis
2160 589 2226 645 de
2270 590 2487 660 Neapoli
2518 594 2570 647 in
2624 595 2956 651 Bonifacium
2993 599 3064 655 IX
3109 603 3408 658 ordinatur.
3438 606 3541 674 Qui

1972 677 2158 744 paucis
2207 679 2392 734 diebus
2442 681 2636 751 elapsis
2698 682 3009 741 Cosmatum
3058 690 3111 742 in
3162 695 3536 765 presbyterum

1972 764 2303 820 cardinalem
2346 770 2573 823 assumit
2601 768 2813 826 Sancta:
2838 772 3031 829 Crucis
3082 777 3136 831 in
3174 778 3533 849 Hierusalem,

1970 865 2027 910 et
2066 858 2115 911 ei
2167 857 2535 915 Ravennatem
2587 865 2923 917 commendat
2965 866 3281 935 Ecclesium,
3320 876 3416 942 qui
3446 876 3543 930 do-

1970 950 2115 1002 mino
2149 948 2393 1005 Guidone
2426 953 2491 1006 de
2520 953 2741 1009 Polcnta
2787 956 2853 1010 de
2891 956 3109 1013 domino
3168 962 3405 1019 civitatis
3435 967 3541 1024 Ra-

1970 1053 2155 1093 vennae
2187 1040 2429 1110 deposito
2453 1046 2675 1100 nuncios
2699 1062 2796 1115 pro
2833 1056 3014 1103 tenuta
3045 1053 3227 1106 mittit.
3260 1055 3380 1110 Filii
3411 1073 3538 1114 vero

1969 1130 2171 1186 domini
2198 1132 2461 1189 Guidonis
2504 1138 2766 1207 praedicti,
2818 1141 2908 1209 qui
2939 1142 3097 1209 paulo
3126 1153 3249 1198 ante
3277 1148 3433 1204 dicta:
3462 1153 3542 1205 ci-

1968 1220 2151 1275 vitatis
2176 1223 2497 1279 vicariatum
2535 1226 2839 1283 interventu
2889 1231 3089 1286 domini
3132 1233 3340 1291 Alberti
3394 1254 3537 1292 mar-

1970 1309 2176 1363 cltionis
2204 1311 2444 1369 Estensis
2471 1329 2656 1370 eorum
2688 1320 2933 1375 avunculi
2963 1337 2993 1375 a
3046 1323 3325 1380 Benifacio
3365 1328 3536 1398 impe—

1972 1405 2262 1464 traverant,
2319 1417 2413 1471 per
2460 1405 2782 1463 decennium
2831 1411 3092 1467 duntaxat
3142 1418 3537 1483 possessionem

1969 1487 2228 1544 Ecclesiae
2254 1496 2589 1549 manuteneri
2613 1500 2931 1567 permittunt
2962 1501 3314 1572 [Ravennatis
3343 1524 3534 1563 mann-

1968 1583 2154 1631 tenere
2182 1582 2545 1655 promittunt].
2599 1583 2882 1643 Cosmatus
2928 1589 3049 1645 inde
3075 1592 3144 1645 ad
3184 1607 3385 1660 paucos
3420 1597 3535 1652 dies

1969 1665 2269 1724 Barnabam
2303 1672 2369 1726 de
2420 1671 2676 1729 Leonissa
2732 1677 3070 1734 decretorum
3098 1682 3531 1740 doctoremvica-

1971 1757 2111 1811 rium
2166 1758 2433 1817 Ravenna:
2483 1763 2797 1831 destinavit,
2844 1767 3019 1822 virum
3070 1771 3255 1839 utique
3283 1786 3445 1827 sensu
3475 1783 3533 1829 et

1965 1851 2208 1918 corporis
2235 1853 2479 1921 audacia,
2512 1871 2611 1911 nec
2640 1873 2745 1912 non
2789 1866 2845 1912 et
2883 1874 3156 1916 armorum
3187 1863 3377 1932 peritia
3401 1880 3529 1921 cou-

1962 1940 2225 2009 spicuum.
2260 1945 2361 2012 Qui
2394 1946 2669 2003 Barnabas
2705 1958 2883 2004 castra
2929 1951 3254 2008 Ravennatis
3281 1955 3529 2017 Ecclesiae

1962 2031 2028 2085 de
2059 2034 2306 2088 manibus
2360 2036 2630 2104 Ubaldini,
2680 2048 2735 2093 et
2762 2040 2980 2095 Antonii
3028 2041 3094 2096 de
3147 2043 3446 2112 Ubaldinis,
3470 2054 3527 2103 et

1958 2119 2170 2192 Astorgi
2200 2122 2268 2179 de
2319 2124 2607 2182 Manfredis
2662 2128 2888 2184 viriliter
2935 2145 3096 2185 manu
3142 2144 3348 2187 armata
3376 2149 3523 2189 recu-

1957 2220 2130 2280 perat,
2158 2213 2360 2268 auxilio
2406 2224 2587 2271 tamen
2637 2217 2836 2284 Caroli,
2886 2229 2942 2274 et
2986 2219 3278 2276 Malatestac
3300 2222 3523 2278 fratrum

1954 2299 2020 2353 de
2049 2301 2363 2367 Malatestis,
2397 2321 2625 2375 quorum
2677 2307 2961 2365 Cosmstus
3006 2313 3139 2366 satis
3191 2314 3520 2370 domesticus

1955 2390 2072 2445 fuit.
2121 2393 2290 2459 Quem
2344 2406 2520 2452 tamen
2558 2399 2861 2456 Barnabam
2892 2405 2958 2457 ad
2989 2406 3305 2474 petitionem
3353 2424 3515 2461 :cmu-

1953 2477 2124 2534 lornm
2150 2487 2503 2551 quorumdam
2530 2498 2587 2542 et
2633 2490 2938 2546 inﬁmorum
2976 2494 3163 2549 brodia
3193 2497 3519 2551 manducan-

1952 2568 2108 2635 tium,
2168 2573 2237 2626 ab
2284 2573 2458 2630 oﬁicio
2491 2578 2783 2635 vicariatus
2817 2591 2872 2637 et
2919 2584 3325 2642 vicecomitatus
3352 2588 3519 2644 dicto-

1950 2674 2069 2717 rum
2103 2671 2405 2719 castrormn
2437 2679 2675 2724 removet
2701 2681 2965 2740 quantum
2991 2674 3045 2730 in
3074 2691 3139 2731 eo
3165 2675 3284 2732 fuit.
3312 2679 3514 2733 Barna-

1946 2748 2043 2804 bas
2071 2759 2249 2807 autem
2304 2755 2581 2811 discedere
2638 2774 2743 2813 non
2794 2761 3072 2830 disposuit,
3108 2766 3202 2819 sed
3248 2769 3519 2834 quendam

1944 2835 2061 2903 ejus
2098 2839 2333 2894 invidum
2372 2845 2621 2899 abbatem
2655 2846 2947 2903 Antonium
2974 2853 3041 2906 de
3069 2852 3323 2908 Loratino
3351 2870 3514 2911 cano-

1945 2926 2125 2981 nicum
2151 2928 2460 2999 Capuanum
2488 2934 2604 3003 ejus
2631 2937 2988 2993 detractorem
3016 2941 3381 2999 inhumaniter
3403 2956 3515 2999 tor-

1943 3024 2071 3083 quet
2092 3026 2148 3071 et
2190 3021 2413 3085 cruciat,
2438 3034 2492 3079 et
2512 3040 2610 3094 per
2648 3028 2921 3083 testiculos
2946 3033 3218 3100 appendit.
3258 3033 3359 3102 Qui
3391 3044 3510 3090 tan-

1941 3103 2061 3157 dem
2097 3105 2370 3165 Barnabas
2398 3128 2520 3167 cum
2552 3114 2695 3171 dicto
2744 3117 2995 3175 Cosmato
3018 3120 3070 3174 in
3103 3124 3335 3179 arbitros
3363 3140 3510 3181 com-

1940 3195 2224 3263 promittit,
2261 3200 2351 3268 qui
2381 3202 2704 3259 cardinalem
2734 3222 2831 3276 per
2870 3212 3192 3267 sententiam
3215 3214 3271 3269 in
3298 3218 3509 3287 magnis

1938 3283 2285 3348 pecuniarum
2342 3291 2731 3358 quantitatibus
2775 3297 3221 3356 condemnarunt.
3280 3303 3504 3361 Demum

1936 3369 2210 3429 Barnabas
2238 3376 2409 3433 literis
2438 3381 2701 3437 dictorum
2743 3384 2920 3441 Caroli
2962 3397 3017 3445 et
3065 3391 3354 3450 Malatestte
3377 3410 3507 3451 con—

1938 3458 2066 3516 ﬁsus
2102 3462 2326 3519 Romam
2349 3479 2623 3539 properat,
2650 3472 2830 3541 ibique
2870 3490 3087 3533 carcere
3117 3482 3367 3537 truditur.
3399 3482 3508 3543 Hu-

1924 3546 2014 3615 jus
2036 3553 2263 3624 exempli
2294 3557 2656 3624 meminerint,
2679 3575 2880 3629 quzeso,
2905 3565 2995 3633 qui
3021 3567 3359 3625 dominorum
3388 3587 3503 3627 ser-

1932 3637 2078 3694 vitiis
2101 3642 2376 3700 insistunt.
2405 3648 2572 3705 Amor
2617 3654 2762 3708 enim
2815 3657 3039 3725 domini,
3068 3661 3359 3733 vinumque
3384 3666 3503 3721 vasi

1933 3725 2122 3800 [vasis]
2172 3744 2453 3791 serotcnus
2513 3743 2773 3810 optimum
2827 3762 2994 3817 usque
3058 3766 3216 3806 mane
3256 3754 3501 3822 dimissa,

1929 3818 2161 3886 turpiter
2186 3837 2539 3883 evanescunt.
2583 3831 2751 3903 llujus
2779 3834 3016 3893 Cosmati
3048 3847 3287 3911 tempore
3311 3818 3502 3899 delun:-

1928 3919 2018 3966 cto
2041 3913 2261 3972 domino
2285 3918 2507 3976 Alberto
2544 3924 2754 3981 Estensi
2810 3929 3142 3998 Marchione,
3171 3934 3284 3991 Azo
3308 3936 3498 3993 Esten-

1926 4002 2002 4058 sis
2028 4009 2270 4063 marchio
2296 4010 2561 4069 hostiliter
2609 4016 2910 4076 Mutinense
2962 4024 3301 4081 territorium
3341 4028 3494 4083 inva-

1924 4093 2022 4159 dit,
2052 4095 2282 4167 indeque
2307 4100 2589 4161 discedens
2628 4122 2686 4163 se
2728 4110 2797 4164 ad
2821 4110 3072 4168 Barbiani
3122 4125 3359 4173 castrum
3389 4119 3499 4174 Ro-

1924 4185 2209 4243 mandiolze
2249 4191 2468 4249 ditionis
2519 4205 2646 4252 tunc
2695 4198 2919 4257 Joannis
2970 4206 3182 4262 comitis
3230 4209 3296 4263 de
3320 4209 3499 4267 Cuniu

1921 4278 2276 4342 personaliter
2305 4283 2582 4339 transfert.
2614 4287 2886 4346 Timentes
2913 4304 3095 4349 autem
3129 4296 3331 4354 domini
3363 4299 3489 4356 Plii—

1924 4363 2097 4433 lippus
2132 4369 2197 4422 de
2226 4370 2476 4429 Rubertis
2503 4384 2558 4431 et
2607 4377 2841 4437 Joannes
2876 4398 2906 4437 a
2929 4384 3053 4442 Sale
3100 4386 3299 4446 Azonis
3345 4408 3490 4448 mar-

1923 4453 2133 4511 chionis
2159 4458 2469 4529 adventum,
2512 4476 2784 4525 oratorem
2823 4475 3087 4541 quendam
3127 4477 3388 4537 Joannem
3419 4485 3496 4540 de

1925 4541 1983 4596 S.
2007 4543 2237 4618 Georgio
2262 4550 2329 4605 ad
2374 4552 2575 4611 dictum
2602 4555 2863 4617 Joannem
2901 4566 3150 4623 comitem
3199 4569 3489 4629 destinavit

1924 4631 2261 4712 [destinant],
2289 4653 2509 4701 orantes
2542 4656 2603 4702 ut
2623 4648 2862 4706 Azonem
2888 4657 3204 4724 prmdictum
3235 4661 3365 4717 velit
3403 4664 3489 4719 in-

1921 4723 2186 4794 terficere,
2237 4731 2321 4785 vel
2345 4735 2460 4801 ejus
2515 4739 2634 4793 neci
2663 4723 2987 4810 consentire,
3038 4750 3178 4818 quod
3212 4751 3258 4805 si
3306 4752 3487 4810 facere

1918 4814 2045 4868 velit
2094 4816 2192 4887 ipsi
2240 4832 2475 4878 castrum
2524 4826 2652 4883 Luci
2706 4840 2760 4885 et
2809 4814 3093 4893 Consilicis
3136 4842 3478 4908 promittunt.

1914 4901 2147 4961 Joannes
2176 4918 2356 4964 autem
2410 4912 2462 4967 id
2486 4918 2773 4984 promittit,
2821 4921 3059 4978 Azonem
3098 4901 3279 4982 tamen
3323 4930 3488 4996 hujus

1914 4992 1991 5045 rei
2017 4996 2291 5050 conscium
2346 4998 2509 5066 facit,
2550 5011 2604 5057 et
2656 5007 2923 5074 quendam
2974 5011 3295 5070 familiarem
3343 5017 3483 5072 dicti

1911 5080 2111 5137 Aznnis
2142 5083 2496 5145 Theotonium
2525 5094 2743 5150 nomine
2789 5100 3046 5156 occidunt
3077 5105 3319 5161 vestibus
3347 5106 3486 5162 dicti

1910 5169 2110 5227 Azonis
2167 5174 2430 5243 indutum,
2477 5183 2603 5237 etei
2652 5185 2883 5242 similem
2911 5194 3333 5248 non-modicum.
3373 5194 3482 5262 Qui

1909 5258 2145 5317 Joannes
2172 5265 2313 5320 dicta
2340 5277 2518 5324 castra
2546 5270 2676 5330 Luci
2733 5275 2933 5351 [Lugi],
2989 5290 3045 5338 et
3078 5282 3361 5341 Consilicis
3383 5258 3477 5341 7di-

1910 5358 1995 5406 cto
2023 5352 2221 5408 Joanni
2247 5358 2434 5413 comiti
2492 5364 2671 5419 tradit.
2705 5366 2930 5439 Negotia
2974 5386 3106 5428 vere
3134 5373 3479 5446 discooperto

1906 5438 2141 5498 Joannes
2165 5444 2232 5500 de
2268 5444 2324 5501 S.
2356 5446 2587 5522 Georgio
2624 5438 2858 5527 capitur,
2888 5469 2943 5515 et
2968 5476 3156 5517 omnes
3179 5438 3475 5534 stipendia-

1911 5528 1972 5581 rii
1999 5533 2200 5590 Nicolai
2224 5536 2455 5607 jnnioris
2483 5547 2813 5603 marcbionis
2836 5552 3004 5607 armis
3025 5561 3080 5608 et
3107 5555 3264 5611 bonis
3289 5558 3470 5612 omni-

1908 5624 2006 5679 bus
2052 5626 2317 5684 hostiliter
2369 5633 2687 5700 spoliantur.
2739 5638 2843 5696 Sed
2890 5644 3020 5707 quid
3057 5645 3127 5699 ad
3176 5647 3474 5704 laceratam
