3898 6178
379 347 477 405 807

1323 343 1414 397 AD
1450 341 1739 398 AGNELLI
1776 339 2222 397 PONTIFICALE
2258 338 2622 395 APPENDIX.

3490 344 3593 404 808

377 464 740 522 Ravennatem
793 456 1108 521 Eeclesiam,
1160 454 1313 524 cujus
1354 455 1494 509 bona
1549 451 1932 521 unusquisque,
1965 454 2013 511 Α
2041 449 2228 503 doctor
2250 451 2615 515 decretorum,
2653 450 2973 520 praepositus
3008 449 3164 518 hujus
3193 451 3347 508 alma:
3367 453 3603 511 Anasta-

379 558 540 622 prout
570 555 764 619 potest,
788 545 1037 600 invadit?
1073 544 1199 599 Inde
1222 545 1287 598 ad
1319 544 1430 597 dies
1453 542 1736 597 Cosmatus
1761 539 1941 595 Eccle-

381 644 475 698 siae
500 636 794 693 Ravennati
837 634 1126 697 renuntiat,
1162 640 1215 687 ct
1240 632 1497 687 Joannem
1547 630 1663 698 ejus
1691 638 1940 699 nepotem

378 745 477 801 per
501 724 835 780 Bonifacium
881 723 1117 777 ordinari
1148 722 1398 785 suiicitat,
1438 728 1492 774 et
1543 727 1819 789 procurat,
1849 717 1941 786 qui

381 817 518 872 forte
545 814 684 868 filius
711 813 827 883 ejus
854 811 968 865 fuit.
1015 811 1327 879 Mortuoque
1374 807 1647 862 Bonifacio
1671 807 1722 860 in
1750 819 1943 875 papam

381 905 721 963 Innocentius
741 903 828 959 Vll
858 903 1090 972 eligitur.
1145 901 1281 954 Ante
1309 901 1423 968 ejus
1467 898 1783 951 electionem
1832 895 1944 949 Ro-

384 1009 574 1048 manus
603 994 831 1062 populus
853 991 1146 1044 dominium
1171 990 1321 1042 urbis
1347 989 1412 1042 de
1441 1002 1601 1040 manu
1652 984 1946 1038 Innocentii

385 1083 647 1137 violenter
675 1084 902 1150 accepit,
934 1088 987 1134 et
1023 1079 1353 1149 populariter
1398 1086 1608 1147 regunt.
1656 1074 1781 1129 Post
1808 1089 1943 1143 pau-

386 1188 480 1228 cos
516 1187 642 1226 vero
672 1172 786 1225 dies
812 1171 937 1224 dum
961 1171 1105 1224 cives
1126 1168 1353 1223 Romani
1379 1184 1474 1221 xm
1533 1180 1756 1220 numero
1800 1165 1945 1219 Pon-

390 1262 661 1317 temollem
687 1277 716 1314 a
740 1275 878 1330 papa
908 1260 1169 1313 instanter
1187 1257 1477 1327 petierunt,
1505 1255 1807 1309 Ludovicus
1834 1251 1950 1321 ejus

389 1368 556 1422 nepos
576 1364 762 1406 omnes
790 1348 1048 1404 tredecim
1079 1347 1387 1411 trucidavit,
1420 1355 1475 1400 et
1496 1345 1768 1408 mactavit,
1798 1352 1852 1397 et
1884 1344 1951 1397 de

391 1446 644 1503 fenestris
671 1444 950 1498 domorum
970 1440 1140 1494 sancti
1170 1439 1393 1509 spiritus
1418 1438 1482 1491 de
1501 1437 1633 1491 urbe
1655 1435 1723 1489 ad
1750 1443 1947 1489 terram

391 1536 583 1606 dejecit
606 1551 621 1595 ;
653 1532 795 1586 unde
824 1537 1122 1585 commotus
1149 1528 1373 1597 populus
1392 1539 1579 1580 omnes
1600 1523 1800 1578 aulicos
1828 1536 1951 1591 spo-

390 1628 508 1691 liat,
535 1639 673 1696 papa
703 1635 833 1675 vero
880 1619 1158 1673 Viterhum
1189 1616 1343 1688 fugit,
1382 1623 1436 1671 et
1464 1617 1676 1670 demum
1714 1612 1871 1667 rediit
1897 1612 1951 1664 in

392 1719 593 1780 sedem,
620 1721 675 1768 et
701 1710 992 1766 dominium
1041 1707 1212 1773 urbis,
1235 1715 1286 1759 et
1319 1704 1669 1776 Campaniam
1705 1702 1952 1757 Ladislao

2044 542 2137 605 sis,
2168 555 2294 608 pars
2322 554 2515 610 magna
2553 540 2650 605 fui,
2681 555 2805 594 ecce
2859 541 3262 595 retributionem
3315 558 3478 612 quam
3517 544 3607 601 ille

2044 629 2382 696 gratissimus
2409 642 2505 698 per
2550 629 2898 698 antiphrasim
2926 628 3199 701 Bagatella
3257 633 3481 703 praebet.
3510 636 3607 689 Al-

2046 727 2161 772 tera
2193 718 2279 772 die
2332 727 2452 786 post
2497 716 2612 785 ejus
2664 719 3089 774 benedictionem
3142 736 3339 774 novum
3399 722 3612 777 zizania

2047 807 2279 862 seminat
2319 807 2372 860 in
2397 822 2504 872 me,
2532 814 2587 861 et
2616 815 2886 873 cantores,
2929 823 3157 877 quorum
3186 808 3363 865 fuerat
3387 809 3612 883 [confir-

2047 894 2266 966 matus],
2297 902 2492 949 etcum
2524 896 2798 950 canonicis
2850 906 3108 966 provocat
3136 898 3379 967 abbates,
3409 910 3471 955 ut
3491 918 3616 957 eam

2047 992 2295 1038 moveant
2338 984 2598 1038 adversus
2649 993 2898 1038 cantores
2951 985 3195 1051 dicendo,
3225 989 3368 1057 quod
3401 989 3456 1043 in
3485 1006 3618 1060 pro-

2046 1073 2381 1129 eessionibus
2409 1082 2660 1128 cantores
2706 1076 2962 1144 prosequi
2989 1078 3221 1134 debeant
3251 1079 3495 1145 abbates,
3524 1082 3619 1137 de.

2050 1164 2172 1218 inde
2199 1164 2518 1219 cardinales.
2558 1165 2674 1231 Quo
2696 1165 2839 1221 facto
2868 1177 3117 1225 cantores
3152 1170 3461 1237 condolent,
3492 1188 3619 1227 cum

2049 1268 2263 1324 semper
2315 1254 2522 1308 mixtim
2559 1270 2680 1308 cum
2732 1256 3093 1312 cardinalibus
3155 1258 3261 1313 sint
3306 1258 3387 1315 ire
3447 1262 3616 1317 soliti.

2050 1343 2219 1409 Quam
2245 1343 2393 1398 litem
2422 1344 2599 1399 dictus
2641 1343 2875 1401 Joannes
2924 1348 3362 1418 archiepiscopus
3388 1350 3621 1420 Angele-

2049 1434 2130 1487 rio
2154 1433 2219 1487 de
2250 1433 2425 1486 Monte
2478 1433 2625 1487 Fano
2650 1433 2856 1507 doctori
2888 1436 3226 1492 decretorum
3252 1436 3368 1505 ejus
3411 1440 3621 1496 vicario

2050 1524 2368 1579 audiendam
2398 1525 2641 1590 remittit,
2671 1525 2761 1594 qui
2787 1524 3054 1595 aliquibus
3106 1528 3320 1582 testium
3372 1538 3620 1584 vetusto~

2050 1630 2168 1669 rum
2197 1615 2427 1682 receptis
2458 1613 2823 1688 [testimoniis]
2851 1632 2947 1687 per
2980 1617 3095 1686 ejus
3133 1619 3341 1676 litteras
3368 1632 3622 1679 cantores

2053 1705 2107 1758 in
2136 1705 2289 1774 quasi
2317 1706 2657 1775 possessione
2697 1707 2953 1776 sequendi
2983 1710 3206 1765 abbates
3235 1711 3348 1767 fore
3376 1729 3623 1783 pronun—

393 1806 505 1876 ι·εεί
543 1802 749 1874 Apulia:
799 1807 988 1869 sponte
1038 1797 1262 1862 relaxat,
1318 1804 1372 1851 et
1398 1795 1450 1849 in
1481 1794 1598 1863 ejus
1628 1799 1948 1864 potestatem
1976 1793 2023 1851 B
2053 1792 2186 1858 tiat;
2217 1793 2359 1847 unde
2418 1792 2803 1865 cujuscunque,
2859 1804 2921 1849 ut
2942 1798 3110 1868 prius,
3144 1798 3453 1869 Servideus,
3486 1803 3617 1861 alia:

393 1900 634 1956 dimittit.
672 1897 800 1953 lude
824 1896 891 1950 ad
934 1907 1134 1964 paucos
1176 1892 1289 1946 dies
1317 1889 1565 1954 moritur,
1611 1886 1952 1957 scpultusque

395 1999 479 2046 est
506 1992 559 2045 in
607 1988 840 2059 quadam
894 1984 1096 2054 capella
1143 1981 1447 2055 [capellula]
1477 1996 1645 2050 prope
1697 1977 1953 2049 capellam

394 2080 697 2135 auditorum
728 2077 781 2130 in
830 2073 1056 2130 ecclesia
1086 2071 1146 2128 S.
1175 2072 1322 2127 Petri
1350 2072 1404 2126 in
1441 2072 1702 2127 Vaticano
1747 2070 1814 2123 ad
1843 2083 1956 2122 ma-

396 2186 523 2225 num
550 2169 823 2225 dexteram
856 2166 1131 2237 ingressus
1177 2164 1333 2219 dictae
1365 2162 1602 2232 capellae,
1639 2159 1791 2229 cujus
1838 2174 1957 2213 cor-

394 2275 499 2329 pus
524 2269 669 2313 terra
692 2257 909 2327 tegitur,
933 2263 988 2308 et
1015 2254 1260 2309 similiter
1280 2252 1541 2308 Bonifacii
1570 2250 1679 2305 Vlll
1706 2248 1820 2322 [IX]
1843 2248 1958 2319 ejus

395 2345 825 2416 prwdecessoris.

980 2433 1067 2488 DE
1092 2431 1370 2495 JOANNE,

885 2523 1275 2592 Archiepiscopo
1303 2519 1461 2575 XCV.

469 2610 705 2666 Joannes
731 2610 890 2675 XCV,
932 2607 1193 2680 [natione]
1228 2606 1599 2662 Sulmonensis
1643 2621 1809 2676 nepos
1834 2605 1963 2661 Cos-

400 2702 532 2757 mati
580 2700 989 2772 praadecessoris
1034 2700 1278 2771 proxime
1308 2697 1588 2754 nominati.
1622 2694 1839 2753 Statura
1866 2712 1964 2768 pu-

402 2795 570 2857 silus,
602 2793 789 2850 oculos
847 2792 1052 2848 habens
1096 2806 1314 2862 parvos,
1366 2806 1616 2861 magnum
1656 2806 1740 2856 os,
1767 2798 1823 2844 et
1851 2805 1963 2843 ma-

403 2900 537 2958 gnos
565 2883 754 2938 dentes
803 2883 1034 2948 habens,
1056 2882 1354 2937 variolosus
1384 2882 1436 2935 in
1484 2881 1638 2945 facie,
1686 2879 1791 2934 albi
1821 2880 1964 2934 colo-

405 2978 503 3044 ris,
532 2976 721 3031 doctor
748 2973 944 3043 legum,
1012 2970 1138 3025 licet
1187 2984 1372 3024 earum
1416 2969 1679 3025 modicam
1718 2968 1965 3022 habuerit

404 3065 673 3129 notitiam,
722 3062 942 3131 simplex
993 3060 1333 3128 simplicitate
1367 3073 1471 3113 non
1526 3066 1703 3111 tamen
1758 3057 1963 3111 colum-

2054 1880 2325 1953 Bagatella
2356 1883 2484 1938 risui
2510 1876 2693 1954 patet.'
2728 1885 2843 1956 Alia
2869 1887 3085 1957 quidem
3135 1899 3321 1959 postea
3366 1894 3620 1958 seminat,

2055 1975 2185 2030 etin
2214 1976 2461 2030 omnibus
2487 1976 2632 2031 velut
2666 1977 2903 2049 ignarus,
2931 1988 2986 2033 et
3029 1979 3311 2049 imperitus
3335 1983 3503 2048 cadit,
3532 1994 3622 2039 at—

2056 2081 2160 2136 que
2184 2066 2500 2121 succumbit.
2523 2066 2743 2120 Demum
2769 2066 3002 2123 Joannes
3030 2069 3084 2122 in
3113 2070 3438 2126 cardinalem
3465 2087 3621 2142 pres-

2056 2156 2303 2225 byterum
2371 2154 2582 2211 Sancta:
2628 2155 2816 2211 Crucis
2867 2157 2922 2211 in
2973 2157 3307 2214 Hierusalem
3354 2177 3453 2230 per
3507 2161 3625 2231 ejus

2059 2246 2377 2300 avunculum
2429 2245 2513 2300 vel
2561 2255 2811 2315 patruum
2858 2248 3165 2313 assumitur,
3213 2258 3270 2305 et
3298 2266 3330 2304 a
3382 2252 3620 2316 vinculo,

2058 2352 2165 2405 quo
2194 2336 2491 2391 Ravennati
2510 2318 2772 2391 Ecclesiae
2818 2337 3121 2403 tenebatur,
3153 2340 3470 2395 absolvitur.
3500 2342 3625 2397 Cle-

2061 2440 2153 2480 rus
2204 2424 2433 2494 denique
2472 2423 2805 2495 populusque
2856 2426 3140 2482 Ravennas
3187 2428 3290 2483 hoc
3344 2430 3627 2485 audientes

2061 2514 2414 2571 Bcrtrandum
2483 2514 2549 2568 de
2611 2513 2891 2569 Arnasano
2949 2516 3288 2572 decretorum
3325 2518 3622 2586 doctorem,

2063 2606 2348 2664 eminentis
2382 2607 2639 2671 scientiae,
2682 2607 2821 2662 sacri
2863 2607 3045 2677 palatii
3101 2610 3380 2680 apostolici
3411 2612 3622 2668 audito-

2062 2712 2201 2763 rem,
2229 2698 2281 2751 in
2308 2698 2765 2767 archiepiscopum
2789 2697 3011 2770 eligunt,
3029 2700 3117 2769 qui
3142 2699 3315 2755 fuerat
3341 2700 3505 2771 hujus
3528 2704 3627 2759 Ec-

2064 2789 2240 2844 clesia:
2268 2788 2598 2842 Ravennatis
2639 2789 2920 2859 presbyter
2971 2790 3280 2858 cardinalis,
3333 2792 3489 2861 cujus
3513 2794 3625 2850 ele-

2065 2874 2297 2933 ctionem
2327 2876 2668 2932 Innocentius
2713 2879 3033 2934 earnalitate
3083 2889 3262 2937 motus
3307 2882 3628 2939 continuare

2064 2968 2291 3033 distulit,
2347 2968 2655 3038 dictumque
2711 2968 3084 3034 Bertrandum,
3120 2981 3179 3026 ut
3233 2972 3425 3028 silendi
3461 2982 3627 3029 mate-

2066 3062 2202 3116 riam
2230 3061 2474 3127 baberet,
2499 3061 2882 3117 subdiaconum
2933 3062 3049 3130 ejus
3075 3062 3220 3131 fecit,
3251 3074 3306 3120 et
3331 3065 3502 3121 multa
3550 3068 3631 3122 ei-

406 3158 556 3221 hina,
587 3155 678 3211 sed
706 3129 867 3218 ultra,
890 3162 943 3207 et
972 3151 1167 3215 taliter,
1204 3151 1344 3219 quod
1382 3150 1561 3218 potius
1592 3149 1777 3202 vitium
1806 3163 1965 3217 quam
1994 3129 2037 3190 Ο
2071 3153 2190 3207 dem
2217 3150 2519 3222 [beneficia]
2571 3151 2815 3205 contulit.
2864 3129 2972 3207 llic
3010 3129 3243 3208 Joannes
3291 3155 3511 3210 molitus
3555 3166 3637 3212 est

407 3247 581 3300 virtus
592 3243 826 3315 potuerit
852 3239 1130 3311 appellari,
1156 3253 1419 3307 expensor
1433 3238 1697 3291 maximus
1708 3237 1989 3291 bonorumo

409 3331 686 3396 Ecclesize,
736 3329 914 3400 potius
965 3327 1173 3381 incuria
1219 3326 1566 3381 servientium
1621 3325 1690 3389 ei,
1747 3340 1968 3394 suaque,

411 3439 574 3495 quam
616 3419 1006 3493 prodigalitatis
1065 3416 1422 3489 [imminente]
1477 3416 1627 3470 vitio.
1685 3416 1784 3470 Hic
1827 3416 1973 3470 velut

412 3517 530 3587 ejus
551 3511 865 3576 avunculus,
897 3524 988 3564 seu
1019 3516 1262 3578 patruus,
1288 3507 1584 3561 Ecclesium
1612 3522 1763 3559 suam
1790 3521 1972 3576 perso-

412 3609 607 3664 naliter
656 3622 929 3675 nunquam
981 3602 1238 3668 visitavit,
1299 3603 1392 3657 sed
1442 3611 1535 3655 aut
1559 3601 1839 3667 Ferrariie,
1882 3611 1975 3656 aut

412 3697 685 3761 Bononize,
716 3704 809 3748 aut
835 3695 1018 3749 Roma:
1048 3708 1250 3747 moram
1304 3691 1489 3745 traxit.
1533 3690 1794 3761 Tempore
1820 3690 1975 3760 hujus

415 3790 651 3846 maxima
675 3794 759 3841 est
775 3793 893 3840 orta
915 3783 1189 3839 contentio
1241 3783 1384 3836 inter
1421 3790 1672 3836 cantores
1715 3791 1770 3835 et
1795 3783 1974 3836 cardi-

418 3880 569 3936 nales
600 3876 854 3932 Ecclesiae
880 3876 1171 3940 Ravennae,
1206 3874 1638 3929 asseverantibus
1669 3873 1977 3927 cantoribus

418 3986 479 4026 se
504 3971 579 4024 ita
624 3969 763 4023 sicut
809 3965 1110 4022 cardinales
1161 3965 1229 4019 ad
1275 3964 1444 4017 altare
1497 3971 1830 4033 argenteum,
1887 3963 1976 4017 ubi

418 4068 502 4116 est
527 4058 787 4114 civorium
813 4055 1047 4111 Victoris
1087 4054 1497 4124 archiepiscopi,
1558 4053 1647 4108 ubi
1693 4053 1980 4121 requiescit

419 4165 634 4221 corpus.
664 4188 679 4203 .
711 4188 724 4202 .
762 4188 775 4202 .
808 4186 823 4201 .
854 4186 868 4200 .
900 4187 914 4200 .
944 4146 1331 4215 archiepiscopi
1363 4146 1577 4209 debere,
1634 4156 1687 4198 et
1710 4159 1866 4214 posse
1896 4159 1980 4197 ce-

419 4241 667 4304 lebrare;
730 4236 879 4305 cujus
928 4237 1149 4291 zizania:
1200 4237 1494 4291 seminator
1543 4234 1643 4288 fuit
1694 4234 1984 4289 Servideus

419 4333 594 4403 primo
619 4339 808 4385 cautor
830 4328 1010 4400 [hujus
1032 4327 1317 4398 ecclesim].
1345 4344 1486 4382 nunc
1517 4344 1644 4382 vero
1680 4329 1848 4382 abbas
1873 4343 1985 4407 mo-

419 4420 640 4475 nasterii
665 4428 866 4474 sancta:
892 4417 1069 4471 Maria:
1096 4419 1148 4470 in
1177 4416 1501 4481 Cosmedim,
1551 4417 1867 4486 cognomine
1886 4432 1981 4470 vo-

421 4518 577 4565 catus
604 4508 651 4562 el
677 4507 966 4578 Bagatella,
992 4516 1211 4577 propter
1237 4507 1350 4576 ejus
1377 4508 1741 4564 cavillationes
1774 4509 1985 4563 umbra-

423 4592 567 4657 tiles,
596 4601 650 4646 et
673 4590 927 4660 pueriles,
964 4590 1048 4645 vel
1075 4591 1214 4659 quod
1239 4592 1383 4645 illam
1430 4601 1600 4646 artem
1655 4597 1864 4648 noverit
1886 4595 1983 4649 ba-

424 4681 686 4752 gattandi.
718 4679 817 4746 Qui
844 4678 1134 4733 Servideus
1157 4680 1222 4735 ad
1250 4681 1452 4735 dictum
1487 4680 1745 4737 Joannem
1777 4684 1986 4738 archie-

423 4772 703 4841 piscopum
734 4769 1031 4825 Bononiam
1061 4770 1323 4825 accedens
1367 4772 1704 4842 privilegium
1738 4789 1835 4843 pro
1861 4790 1986 4829 can-

426 4861 635 4916 toribus
662 4860 936 4930 impetrat,
965 4867 1025 4913 ut
1052 4859 1123 4913 ita
1161 4859 1301 4914 sicut
1357 4861 1658 4916 cardinales
1714 4862 1988 4918 celebrare

424 4951 659 5007 valeant.
689 4950 842 5018 Quod
864 4950 1141 5005 audientes
1184 4950 1490 5005 cardinales
1536 4951 1830 5007 Bononiam
1861 4969 1987 5023 pro-

425 5051 636 5115 perant,
694 5057 829 5112 quos
886 5042 1109 5096 audiens
1164 5042 1597 5112 archiepiscopus
1654 5043 1990 5113 privilegium

427 5134 579 5203 prius
602 5147 914 5188 concessum
942 5140 1178 5197 revocat,
1232 5133 1623 5204 mandaturque
1653 5135 1986 5198 cantoribus,

426 5224 573 5291 quod
618 5221 684 5276 de
729 5229 926 5276 caetero
970 5220 1041 5275 ibi
1071 5220 1343 5275 celebrare
1394 5237 1498 5276 non
1550 5223 1803 5286 audeant,
1848 5223 1986 5292 quod

428 5312 743 5367 mandatum
764 5311 896 5365 facit
919 5311 1093 5365 Lucas
1123 5311 1188 5364 de
1239 5312 1559 5367 Cantarcllis
1585 5314 1650 5367 de
1679 5313 1879 5383 Reggio
1907 5314 1990 5369 di-

431 5401 503 5454 eti
528 5398 750 5455 Joannis
798 5400 1052 5455 vicarius.
1113 5400 1328 5454 Furiata
1378 5388 1554 5470 potius
1603 5412 1798 5468 mente,
1829 5419 1989 5471 quam

436 5488 645 5543 solenni
695 5489 879 5544 habita
930 5489 1312 5544 deliberatione
1374 5490 1662 5544 Servidcus
1714 5492 1991 5560 imperitus

437 5578 673 5631 omnium
702 5579 832 5633 risui
887 5587 1034 5647 patet
1069 5579 1334 5632 omnibus.
1368 5580 1656 5648 Postquam
1688 5589 1866 5634 autem
1894 5581 1992 5633 ah-

442 5666 534 5722 bas
559 5666 804 5735 edicitur,
832 5671 984 5739 cujus
1011 5671 1359 5741 promotiunis
1387 5688 1485 5742 ego
1511 5672 1706 5725 Paulus
1740 5673 1987 5728 Scordilli

2066 3241 2357 3312 Argentam
2393 3250 2630 3296 castrum
2669 3243 2734 3297 de
2760 3244 3006 3298 manibus
3034 3245 3231 3300 domini
3258 3245 3465 3302 Nicolai
3493 3264 3637 3303 mar-

2069 3333 2278 3388 chionis
2303 3332 2564 3396 Estensis,
2592 3341 2648 3387 et
2693 3332 2822 3388 Luci
2851 3341 3087 3389 castrum
3138 3337 3205 3390 de
3252 3337 3506 3394 manibus
3532 3339 3637 3393 Lu-

2071 3423 2242 3479 dovici
2271 3431 2326 3478 et
2353 3421 2615 3476 Manfredi
2667 3423 2919 3477 comitum
2967 3423 3034 3478 de
3061 3423 3231 3480 Cunio
3260 3441 3359 3495 per
3404 3427 3635 3499 litigium

2070 3528 2262 3582 capere
2295 3511 2574 3585 [eripere],
2629 3514 2723 3568 sed
2774 3513 2990 3568 tandem
3019 3529 3183 3584 opera
3212 3515 3328 3584 ejus
3360 3519 3638 3574 redierunt

2072 3604 2126 3657 in
2152 3603 2396 3667 nihilum,
2433 3612 2714 3671 postquam
2762 3600 2905 3672 [post
2930 3602 3073 3674 quae]
3101 3604 3168 3659 ad
3215 3605 3517 3663 Romanam
3547 3626 3639 3665 cu-

2074 3692 2210 3747 riam
2254 3707 2313 3747 se
2369 3692 2686 3757 transtulit,
2732 3692 2911 3761 ibique
2956 3710 3126 3765 usque
3168 3696 3236 3750 ad
3282 3706 3517 3753 mortem
3551 3699 3637 3754 ln-

2074 3780 2310 3859 nocentii
2347 3781 2569 3834 resedit.
2629 3779 2838 3836 Mortuo
2868 3790 3048 3836 autem
3094 3783 3408 3840 Innocentio
3438 3789 3637 3842 substi-

2077 3871 2244 3925 tuitur
2278 3868 2569 3940 Gregorius
2614 3870 2726 3936 Xll,
2765 3872 2855 3940 qui
2882 3873 3032 3940 prius
3058 3875 3340 3947 presbyter
3392 3879 3640 3933 cardina-

2076 3962 2142 4016 lis
2169 3960 2352 4015 Sancti
2378 3960 2542 4017 Marci
2570 3960 2748 4017 fuerat
2777 3961 3019 4034 [nomine
3060 3964 3266 4035 Angelo
3297 3965 3554 4023 Correrio
3575 3968 3641 4022 de

2078 4052 2354 4125 Venetia],
2384 4054 2476 4123 qui
2531 4055 2742 4109 caeteris
2771 4056 3040 4125 promisit,
3067 4066 3123 4111 et
3174 4057 3326 4112 vovit
3359 4059 3645 4115 cardinali-

2080 4147 2181 4201 bus
2210 4152 2267 4201 et
2299 4144 2429 4209 Deo,
2464 4145 2606 4213 quod
2633 4147 2966 4201 renuntiaret
3014 4148 3252 4218 papatui,
3279 4150 3420 4206 unde
3453 4152 3647 4207 exinde

2084 4236 2208 4290 unio
2241 4243 2577 4305 sequeretur,
2610 4235 2932 4305 nuntiosque
2976 4237 3043 4291 ad
3067 4238 3415 4294 Benedictum
3442 4242 3650 4309 antipa-

2082 4342 2204 4395 pam
2236 4326 2374 4397 [Xll,
2425 4327 2638 4381 nomine
2670 4340 2794 4382 vero
2841 4326 3060 4382 Petrum
3102 4329 3170 4384 de
3204 4327 3377 4401 Luna]
3412 4330 3652 4386 solenni-

2089 4427 2170 4474 ter
2217 4417 2408 4483 mittit,
2436 4428 2491 4472 et
2511 4428 2768 4487 quantum
2824 4418 2959 4474 foris
2985 4420 3155 4475 videri
3180 4422 3356 4490 potuit
3379 4423 3570 4477 unioni
3596 4423 3651 4476 in

2088 4508 2350 4578 principio
2361 4521 2579 4575 operam
2595 4508 2760 4573 dedit,
2784 4510 3326 4580 renuntiareparatus
3355 4512 3409 4567 in
3434 4513 3657 4568 civitate

2092 4596 2290 4662 Saone,
2317 4611 2435 4665 qum
2467 4595 2652 4669 [quod]
2677 4606 2731 4651 et
2759 4598 3007 4668 antipapa
3037 4598 3216 4656 facere
3266 4612 3489 4669 paratus
3516 4612 3656 4657 erat.

2093 4687 2330 4741 Tandem
2359 4695 2535 4741 ostatu
2564 4686 2825 4760 [hortatu]
2859 4691 3202 4746 attinentium
3231 4708 3452 4748 suorum
3488 4694 3661 4749 Anto-

2091 4776 2166 4829 nii
2214 4775 2453 4831 Correrii
2486 4786 2540 4831 et
2570 4776 2837 4834 Gabrielis
2891 4779 3278 4847 Condulmerii,
3320 4792 3378 4837 et
3424 4782 3666 4838 Joannes

2094 4864 2358 4919 Dominici
2388 4866 2453 4921 de
2490 4867 2675 4922 ordine
2707 4868 3145 4935 Praedicatorum,
3192 4872 3665 4941 suggestionibus-

2099 4968 2203 5022 que
2233 4955 2468 5022 ipsorum
2499 4956 2752 5010 seductus
2807 4957 3025 5012 eosdem
3073 4957 3379 5014 Gabrielem
3417 4968 3473 5015 et
3497 4960 3671 5015 Joan-

2099 5059 2220 5098 nem
2249 5044 2605 5111 Dominicum,
2642 5055 2697 5100 et
2725 5046 2981 5104 Jacobum
3018 5050 3085 5104 de
3115 5050 3300 5114 Utino,
3333 5060 3523 5107 contra
3546 5051 3669 5105 for-

2101 5150 2243 5188 mam
2287 5137 2415 5199 voti,
2466 5137 2839 5205 promissionis
2890 5148 2946 5193 et
2987 5139 3302 5208 juramenti,
3361 5142 3674 5198 cardinales

2099 5233 2247 5277 creat
2292 5234 2347 5279 et
2385 5227 2529 5293 facit,
2557 5237 2611 5281 et
2638 5243 2669 5281 a
2699 5235 2845 5282 tanto
2898 5241 3084 5285 sancto
3115 5246 3277 5299 opere
3305 5233 3520 5289 unionis
3547 5233 3667 5287 dis-

2097 5316 2268 5379 cedit,
2329 5316 2380 5369 in
2435 5317 2642 5389 hocque
2695 5320 2894 5375 dictum
2957 5323 3230 5392 propheta:
3281 5324 3678 5392 psalmigraphi

2098 5407 2376 5461 moraliter
2421 5408 2714 5476 patefecit:
2749 5408 2808 5463 Si
2838 5410 2938 5462 mei
2988 5427 3089 5463 non
3135 5410 3331 5480 fuerint
3383 5412 3679 5480 dominari,

2097 5504 2218 5546 tunc
2253 5494 2617 5550 immaculatus
2666 5514 2773 5561 cro,
2815 5508 2862 5551 et
2911 5499 3231 5553 emundabor
3271 5518 3305 5553 a
3336 5501 3523 5555 delicto
3552 5517 3678 5553 ωηο

2095 5584 2256 5636 :rz’mo.
2287 5585 2514 5653 Propter
2549 5601 2708 5655 quam
2734 5602 2994 5643 novorum
3032 5590 3387 5645 cardinalium
3436 5591 3678 5646 creatio—

2100 5690 2219 5729 nem
2248 5674 2468 5742 factam,
2498 5676 2674 5735 czeteri
2712 5678 3017 5734 cardinales
3047 5680 3099 5733 in
3132 5680 3350 5736 civitate
3397 5680 3617 5734 Lucana
3644 5695 3681 5733 a
