1950 3089
125 120 179 150 809

571 125 753 154 ANAIJICTA
773 127 816 154 DE
836 126 1010 157 EPISCOPIS
1029 130 1304 162 RAVENNATIBUS.

1702 142 1754 172 8N

122 178 258 213 Gregorio
283 172 407 214 fugiunt?
426 180 502 208 etab
513 181 607 209 eodem
633 183 767 217 appellant
785 184 819 210 ad
831 183 911 210 Chri-
926 187 949 214 Α
964 186 1090 217 asseruit,
1116 186 1143 213 in
1161 189 1263 215 somnis
1275 197 1290 216 a
1310 189 1342 216 Β.
1357 190 1505 225 Apollinari
1532 198 1651 229 martyre
1675 195 1753 223 Chri-

123 228 208 256 stum,
224 227 253 251 et
266 224 300 251 ad
312 223 431 252 futurum
443 226 597 259 concilium,
613 235 645 255 ac
656 228 690 254 ad
700 235 798 263 papam
812 236 911 255 novum

121 268 256 300 futurum,
270 268 303 296 de
316 277 385 296 novo
411 270 573 305 eligendum,
587 276 615 299 et
631 280 645 298 a
661 280 729 307 papa
743 273 813 299 male
827 273 912 300 infor-

121 319 195 341 mato
210 315 245 341 ad
270 315 357 349 ipsum
374 316 470 343 melius
485 316 693 345 informandum.
721 318 769 346 Cui
793 320 911 354 appella-

121 359 189 386 tioni
203 359 348 394 Gregorius
374 367 426 387 non
443 360 538 393 defert,
565 362 685 396 quiuimo
698 371 792 390 omnes
806 368 909 392 secrete

119 406 210 440 privat
233 410 331 441 prater
361 406 507 434 Antonium
537 407 713 436 Tudertinum
740 410 923 438 cardinalem‘

119 450 309 486 presbyterum
322 450 428 478 Sancta:
450 451 588 484 Praxedis,
613 454 658 487 qui
672 454 744 481 solus
760 462 820 481 cum
834 455 907 483 dicto

118 495 251 531 Gregorio
265 497 404 524 remansit.
423 496 569 532 Gregorius
583 505 647 526 vero
671 498 756 526 Senas
767 504 904 535 properat,

118 541 151 567 de
166 540 244 567 Senis
256 540 417 568 Ariminum.
433 541 553 569 Audiens
568 543 656 570 clerus
669 544 835 579 populusque
849 545 905 572 Ra-

118 594 229 613 vcnnas.
249 605 255 611 .
274 606 280 612 .
299 606 305 612 .
323 606 329 611 .
346 606 352 612 .
371 607 378 612 .
410 585 522 614 Joannis
547 589 768 616 commendatarii
799 586 904 616 Raveni

117 631 187 657 natis
201 630 322 658 ecclesiae
348 632 422 665 prius
451 636 539 659 tamen
553 633 755 668 archiepiscopi,
779 643 820 662 me
835 635 904 662 Pau-

116 676 171 703 lum
188 675 302 704 Scordili
318 677 456 704 doctorem
471 678 650 711 decretorum,
664 682 838 715 przepositum
853 683 900 709 hu-

113 722 158 755 jus
172 721 305 754 ecclesiae,
319 727 412 757 rogatu
437 728 525 751 tamen
539 725 672 758 magniﬁci
689 726 788 753 domini
804 727 900 762 Opizo-

114 767 156 793 nis
169 767 201 793 de
225 766 346 799 Polenta,
374 768 399 794 in
425 769 653 804 archiepiscopum
672 771 835 799 Ravennatis
851 773 898 799 Ec-

112 811 201 838 clesia:
214 812 388 845 unanimiter,
404 818 430 840 ct
451 815 557 841 nemine
582 816 751 851 discrepanle
767 818 896 851 ipsorum,

963 229 995 256 sti
1010 230 1212 264 gloriosissimo,
1234 238 1263 260 ut
1279 242 1377 269 corpus
1402 236 1461 271 ejus
1475 236 1603 266 effoderet
1617 244 1644 267 et
1657 245 1750 269 notum

960 274 1072 307 faceret.
1087 277 1137 305 sub
1160 277 1238 305 altari
1262 278 1357 313 majori
1370 280 1432 308 dicti
1448 284 1604 316 monasterii
1618 284 1707 320 fregit,
1724 292 1750 313 et

960 320 1095 354 quoddam
1120 321 1242 350 foramen
1278 323 1354 356 fecit,
1380 329 1408 352 et
1434 326 1470 353 ibi
1498 329 1633 361 quandam
1657 337 1748 358 arcani

959 364 1075 399 ligneam
1087 367 1199 401 reperit,
1216 367 1242 394 in
1258 376 1311 403 qua
1335 377 1446 405 corpus,
1462 372 1518 399 sive
1531 374 1648 401 cadaver
1660 377 1747 409 quod-

958 409 1019 436 dam
1047 416 1183 445 repertum
1200 416 1242 439 est
1265 413 1368 442 habens
1393 416 1500 451 occiput
1518 419 1614 452 capitis
1636 420 1745 447 confra-

958 459 1043 488 ctum,
1054 461 1083 483 et
1109 460 1193 484 totum
1218 466 1316 494 corpus
1329 461 1441 489 sindone
1456 464 1572 498 quadam
1586 471 1745 501 coopertum

956 504 1024 531 erat,
1041 505 1067 527 et
1091 502 1141 528 sub
1163 503 1251 537 capite
1277 505 1343 532 dicti
1371 508 1510 536 cadaveris
1532 515 1592 537 erat
1618 513 1742 546 quaedam

955 545 1054 573 lamina
1069 547 1194 582 plumbea
1219 550 1277 577 visu
1295 553 1485 586 vetustissima,
1500 555 1527 581 in
1549 564 1600 590 qua
1625 545 1691 585 tales
1707 559 1742 586 li-

955 596 1020 618 tera:
1039 592 1110 620 intus
1125 594 1244 629 sculpta,
1265 601 1291 623 et
1308 603 1409 625 cavata:
1435 604 1511 627 erant
1533 602 1690 636 artiﬁciose,
1703 606 1743 632 vi-

954 636 1051 663 delicet
1065 647 1070 663 :
1095 638 1126 665 In
1138 639 1185 665 hoc
1200 642 1360 675 sarcophago
1373 644 1509 678 requiescit
1523 653 1617 681 corpus
1631 650 1742 675 sanctis-

953 683 1011 708 simi
1026 691 1056 708 ac
1076 684 1217 711 beatissimi
1232 688 1354 720 martyris
1373 687 1470 715 Christi
1486 691 1646 725 Apollinaris
1663 694 1741 729 depo-

952 727 1029 753 situm
1043 737 1058 753 (l
1072 728 1174 755 Joanne
1200 731 1403 767 archiepiscopo.
1433 734 1509 767 Quod
1537 738 1673 771 negotium
1695 727 1739 766 Vta-

952 777 1024 798 ctum
1051 780 1091 799 cst
1106 782 1185 808 supra
1201 776 1226 801 in
1251 777 1362 804 historia
1378 779 1561 808 translationis
1580 782 1663 816 ipsius
1676 784 1739 811 bea-

952 817 1047 844 tissimi
1062 819 1233 852 Apollinaris.
1252 821 1413 850 ‘Nunciatum
1439 824 1511 852 istud
1537 826 1614 854 fratri
1628 828 1738 858 Gualtc-

112 856 223 891 eligunt.
239 855 324 889 Quam
340 857 497 885 electionem
514 858 643 893 Gregorio
669 861 821 889 Ariminum
835 864 898 890 mis-
913 863 936 891 Β
951 864 991 891 rio
1005 865 1037 891 de
1053 865 1162 892 Galeata
1175 868 1279 894 ordinis
1303 869 1482 898 liremitarum
1504 873 1632 909 episcopo
1648 875 1737 904 Bono-

111 909 168 928 sam
192 902 243 929 sub
268 904 457 937 procuratione
484 903 595 932 Joannis
618 907 651 933 de
675 906 785 934 Refellis
809 908 897 944 legum

111 947 230 974 doctoris
251 945 418 984 [Gregorius]
435 949 595 977 confirmare
627 951 740 983 distulit,
761 951 897 987 negligem

109 992 144 1018 tia
162 996 251 1019 tamen
267 992 330 1020 dicti
359 993 479 1026 Joannis,
505 995 549 1028 qui
575 996 710 1023 abbatiam
738 999 895 1025 monasterii

106 1036 258 1065 Classensis
272 1046 321 1072 pro
342 1039 485 1066 Benedicto
499 1039 557 1072 ejus
571 1040 625 1068 filio
652 1043 819 1076 perquisiVit,
836 1052 893 1070 me-

107 1089 168 1109 mor
181 1082 254 1109 illius
267 1092 272 1108 :
289 1083 365 1117 ‘Agris
378 1085 489 1118 propriis
500 1085 656 1117 sitientibus,
675 1087 754 1114 alieni
766 1089 894 1122 irrigandt‘

106 1136 158 1154 non
183 1132 254 1155 sunt.
277 1127 424 1163 Gregorius
443 1134 533 1156 autem
549 1130 582 1157 de
607 1131 728 1158 Arimino
753 1133 893 1162 discedens

106 1172 218 1201 Utinum
242 1178 379 1208 properat,
409 1179 501 1201 contra
517 1183 596 1210 quem
620 1176 753 1205 Antonius
776 1179 891 1212 patriar-

103 1218 156 1245 cha
169 1218 347 1252 Aquileiensis
377 1226 501 1254 guerram
528 1221 663 1256 ingentem
677 1226 705 1248 ct
719 1223 833 1250 validam
849 1224 890 1250 fa-

104 1263 151 1290 cit.
180 1262 325 1298 Gregorius
348 1264 410 1291 inde
432 1264 582 1297 discedens,
604 1266 724 1300 Cajetam
753 1273 888 1302 properat.

102 1307 272 1342 Cardinales,
286 1316 347 1336 cum
357 1310 455 1344 quibus
466 1315 493 1337 et
506 1310 638 1339 Antonius
651 1312 813 1341 Tudertinns
827 1322 888 1342 car-

103 1352 203 1380 dinalis
222 1353 327 1381 Sancta:
355 1354 483 1382 Praxedis
501 1361 593 1383 contra
613 1356 772 1392 Gregorium
791 1367 889 1387 convo-

101 1403 164 1427 cato
175 1400 300 1433 conciiio,
317 1405 345 1427 ct
356 1401 439 1427 citato
467 1401 607 1436 Gregorio,
623 1408 650 1430 et
663 1404 788 1438 antipapa
804 1405 888 1432 Bene-

101 1444 185 1477 dicto,
208 1445 280 1480 ipsos
293 1450 320 1472 et
344 1447 465 1481 ipsorum
489 1448 635 1482 quemlibet
649 1449 768 1483 privatos
783 1451 887 1477 denun-

100 1490 186 1522 ciant,
211 1495 238 1517 et
248 1490 318 1518 Pisis
348 1491 529 1519 Alexandrum
553 1493 584 1523 ν.
607 1493 681 1527 prius
704 1493 814 1522 Petrum
827 1495 885 1527 Xll,

949 909 1034 935 niensi
1049 918 1080 936 ac
1096 910 1197 938 vicario
1228 914 1345 946 generali
1372 914 1435 942 dicti
1462 915 1583 950 Joannis,
1598 921 1733 955 negotium

948 954 1023 981 vidit.
1050 954 1116 982 Cum
1136 964 1190 990 quo
1204 965 1254 992 ego
1272 958 1372 986 Paulus
1392 959 1517 988 Scordilli
1532 962 1627 990 doctor
1638 954 1735 992 decre-

947 1005 1046 1032 torum,
1071 1003 1232 1036 praepositus
1249 1005 1326 1031 (Πευο
1352 1006 1472 1034 ecclesia:
1496 1008 1661 1038 Ravennatis
1683 1011 1731 1043 fui.

944 1049 972 1071 et
995 1046 1071 1073 multi
1085 1047 1130 1073 alii
1146 1049 1319 1083 quamplures
1342 1051 1444 1079 clerici.
1469 1052 1565 1082 Frater
1579 1054 1731 1084 Gualtcrius

944 1097 1001 1116 rem
1024 1089 1120 1118 Joanni
1148 1092 1256 1120 domino
1284 1102 1333 1121 suo
1349 1096 1477 1130 nunciat;
1494 1097 1613 1126 Joannes
1626 1108 1690 1128 vero
1703 1110 1731 1128 sc

943 1136 1114 1169 provisurum
1129 1139 1230 1172 optime
1246 1147 1295 1174 per
1323 1141 1417 1170 literas
1443 1143 1595 1177 pollicetur.
1612 1145 1729 1174 Tandem

943 1180 1007 1206 nihil
1025 1182 1089 1216 agit,
1104 1186 1131 1209 et
1150 1183 1189 1210 sic
1203 1185 1339 1218 negotium
1358 1187 1458 1214 mansit
1471 1188 1610 1216 infectum.

978 1225 1015 1251 De
1029 1225 1130 1253 Thoma
1142 1227 1343 1264 archiepiscopo
1355 1230 1444 1259 XCVI.

974 1364 1027 1392 Pro
1044 1364 1206 1399 Appendicis
1222 1366 1301 1401 hujus
1315 1367 1443 1395 coronide
1461 1375 1595 1402 apponere
1611 1369 1655 1396 hic
1670 1374 1729 1398 tan-

939 1400 998 1426 dcm
1021 1401 1090 1426 volui
1108 1405 1224 1436 quatuor
1243 1402 1321 1427 aereis
1336 1402 1443 1429 laminis
1457 1400 1618 1436 chcriptam
1636 1404 1727 1432 sedem

937 1435 1094 1468 pontiﬁcum
1114 1435 1317 1469 Itavenpatum,
1338 1443 1418 1469 quam
1433 1436 1484 1462 vidi
1500 1436 1528 1462 in
1546 1435 1658 1464 archivo
1684 1446 1727 1464 ar-

937 1468 1146 1506 chiepiscopalis
1171 1468 1299 1496 ecclesiae.
1326 1468 1364 1496 Ea
1383 1470 1474 1506 lignea
1503 1475 1543 1497 est
1566 1470 1727 1506 imaginibus

939 1504 1129 1546 anaglliphti’cd
1147 1509 1347 1546 operenornata
1365 1505 1424 1546 ejus
1441 1506 1576 1546 materiae,
1587 1540 1592 1546 '
1603 1504 1663 1546 qua:
1686 1506 1727 1533 fa-

99 1534 290 1569 Apostolorum
312 1536 500 1571 presbyterum
525 1537 687 1565 cardinalem
715 1534 827 1575 eligunt,
840 1542 886 1575 qui
901 1538 923 1568 C
939 1534 1071 1575 cile'eb'ur
1085 1534 1205 1575 imiteiur
1217 1538 1346 1575 albicans.
1366 1534 1498 1575 linagines
1512 1534 1648 1568 lemniscis
1662 1549 1726 1569 con-

99 1579 253 1607 Alexander
281 1581 418 1609 Cretensis
443 1582 551 1609 natione
580 1583 631 1610 fuit
657 1592 689 1611 ex
703 1586 830 1619 progenie
851 1585 885 1613 de

99 1624 226 1657 Filardis,
241 1629 269 1652 et
282 1625 315 1652 de
336 1626 431 1653 ordine
446 1622 587 1654 Minorum.
607 1628 656 1660 Qui
671 1628 823 1657 Alexander
839 1639 885 1658 vc-

98 1670 178 1697 niens
191 1670 338 1698 Bononiam
354 1679 437 1706 parvo
463 1676 582 1707 tempore
597 1679 694 1708 papatu
706 1675 825 1710 gaudens
834 1675 884 1702 Bn—

98 1715 187 1742 nonia:
200 1715 270 1742 diem
284 1721 432 1743 extremum
453 1717 564 1749 claudit,
577 1723 602 1745 et
615 1718 640 1744 in
653 1718 784 1746 Minorum
798 1721 884 1748 eccle—

98 1760 136 1786 sia
151 1759 244 1787 Sancti
261 1760 396 1788 Francisci
412 1761 558 1789 tumulatur
571 1771 655 1797 usque
680 1764 706 1790 in
725 1765 883 1792 hodiernum

97 1804 177 1831 diem.
193 1804 257 1832 Post
272 1806 328 1832 haec
343 1806 491 1833 cardinales
505 1814 534 1834 se
547 1807 573 1834 in
586 1808 704 1835 conclavi
718 1808 884 1837 includentes

97 1850 283 1878 Baldassarem
296 1851 407 1879 Cassam
431 1854 464 1880 de
476 1853 589 1889 Neapoli
605 1854 746 1882 diaconum
760 1857 884 1884 cardina-

96 1895 150 1923 lem
163 1895 264 1924 Sancti.
275 1897 413 1925 Eustachii
432 1899 458 1925 in
482 1898 614 1926 Joannem
628 1908 722 1935 papam
734 1900 817 1929 XXIII
831 1902 881 1929 eli-

95 1945 173 1976 gunt.
186 1941 253 1969 Post
263 1942 339 1976 cujus
362 1943 519 1971 electionem
542 1944 658 1972 Joannes
673 1947 817 1975 cardinalis
832 1955 881 1975 no-

95 1991 153 2012 ster
172 1988 426 2020 commendatarius,
447 1989 535 2023 primo
549 1993 638 2017 tamen
652 1991 880 2026 archiepiscopus,

93 2031 179 2057 vitam
192 2036 232 2058 est
245 2033 378 2060 universa:
391 2034 481 2061 carnis
495 2034 643 2069 ingressus,
671 2039 698 2061 et
713 2036 740 2062 in
755 2037 879 2064 sacristia

94 2075 206 2110 majoris
221 2076 342 2104 ecclesiae
361 2077 535 2105 Bononiensis
548 2077 641 2114 [nova]
654 2079 791 2113 sepelitur,
807 2080 880 2107 vilis-

93 2121 172 2149 simis
186 2122 252 2148 satis
269 2129 316 2157 pro
329 2122 412 2157 ipsius
425 2123 520 2149 animae
534 2123 769 2151 commendatione
780 2125 882 2158 paratis

93 2168 233 2205 [peractis]
260 2169 390 2204 exequiis.
408 2168 472 2196 Post
496 2169 554 2204 ejus
569 2169 709 2196 decessum
737 2169 879 2197 Malatesta

938 1572 1083 1610 cluduntur
1094 1573 1176 1600 variis
1186 1571 1343 1601 animalium
1354 1571 1498 1609 aviumque
1508 1575 1601 1610 figuris
1610 1575 1726 1603 circurn-

937 1609 1016 1636 datr.

971 1665 1071 1701 Tabula
1080 1665 1168 1699 prima
1182 1665 1287 1700 signata
1298 1665 1318 1692 lc.
1332 1666 1466 1701 integram
1478 1665 1569 1693 sedem
1583 1674 1646 1694 cum
1663 1667 1722 1697 suis

935 1699 1146 1728 ditncnsionibus
1161 1699 1345 1735 repraesentat.

969 1756 1071 1783 Tabula
1093 1757 1210 1784 secunda
1233 1757 1336 1791 signata
1353 1757 1373 1783 F
1387 1762 1490 1791 partetn
1507 1766 1655 1786 convertam
1675 1767 1723 1787 ex-

936 1791 1061 1828 teriorem
1085 1792 1203 1828 exhibet.
1231 1792 1270 1828 Ex
1298 1792 1460 1828 imaginibus
1483 1798 1635 1828 supersunt,
1660 1801 1719 1828 qua;

935 1826 1020 1861 tribus
1034 1826 1143 1852 alveolis
1166 1826 1346 1861 continentur.
1365 1825 1392 1851 In
1415 1825 1546 1861 superiori
1563 1825 1687 1855 Christus
1704 1837 1719 1855 a

933 1859 1035 1887 Joanne
1048 1860 1197 1894 baptizatur
1217 1861 1243 1886 in
1256 1859 1386 1892 Jordane;
1404 1861 1429 1887 in
1444 1859 1503 1889 aliis
1525 1862 1629 1889 duobus
1647 1863 1717 1890 idem

933 1902 1015 1929 panes
1030 1895 1169 1929 piscesque
1184 1894 1352 1929 multiplicat,
1368 1899 1394 1922 et
1417 1901 1476 1929 post
1492 1898 1717 1924 resurrectionem

933 1937 993 1966 cum
1017 1930 1153 1966 discipulis
1181 1938 1242 1966 man
1255 1934 1334 1966 .ucat.
1365 1930 1508 1964 Conjector
1531 1932 1569 1966 in,
1587 1939 1618 1958 ea
1647 1932 1719 1958 sedis

932 1964 1009 2025 partel
1024 1964 1124 1992 Christi
1139 1964 1244 1991 Domini
1255 1964 1338 1991 vitam
1349 1971 1514 1999 expressam,
1528 1965 1605 2000 cujus
1617 1971 1718 1994 caetera

933 2005 1002 2025 eXClt
1012 2006 1067 2025 ere.

933 2005 1067 2026 excutere.

968 2053 1068 2080 Tabula
1095 2054 1172 2080 tertia
1197 2054 1300 2088 signata
1314 2054 1336 2081 G
1350 2054 1470 2081 continet
1494 2055 1556 2081 bina
1576 2055 1660 2082 latera
1677 2063 1719 2082 sc—

932 2088 984 2120 dis,
1001 2089 1026 2115 in
1042 2089 1139 2123 quibus
1163 2088 1273 2122 Josephi
1291 2090 1404 2116 historia
1417 2097 1465 2127 per
1486 2095 1576 2124 partes
1591 2097 1717 2125 expressa

932 2128 983 2150 est.

967 2180 1066 2207 Tabula
1080 2185 1173 2215 quarta
1185 2181 1289 2214 signata
1305 2180 1329 2207 Η
1341 2179 1422 2207 habet
1435 2184 1540 2214 partem
1561 2180 1718 2209 inferiorem

92 2215 127 2242 de
152 2214 299 2241 Malatestis
325 2214 462 2242 Cresenam
491 2214 634 2241 dominans
661 2219 781 2242 castrum
806 2215 880 2250 Ripae
895 2219 918 2248 1)
931 2216 1012 2247 sedis,
1026 2220 1054 2242 et.
1077 2216 1103 2242 in
1117 2216 1204 2242 medio
1216 2215 1353 2242 Christum
1378 2215 1530 2247 Dominum,
1547 2216 1592 2249 qui
1607 2216 1716 2242 dextera

94 2259 204 2288 Urriani
220 2259 375 2296 [Ursiante],
400 2264 427 2287 et
439 2259 591 2292 Trideroni,
605 2264 633 2286 et
649 2259 797 2288 Surciuolzc
814 2261 880 2296 [Tu-

92 2306 197 2336 derani,
209 2310 235 2331 et
247 2304 400 2341 Surivolaj’,
414 2309 440 2332 et
455 2305 506 2332 alia
517 2305 642 2340 subripit,
655 2305 751 2333 exinde
761 2312 881 2333 ammoto

92 2350 252 2378 vicecomite
285 2350 449 2378 Ravennatis
478 2351 615 2379 Ecclesiae.
642 2352 763 2380 Profecit
788 2359 878 2380 autem

92 2397 144 2423 iste
163 2395 291 2429 Joannes,
319 2396 429 2431 ejusque
444 2397 665 2430 avunculus,,vel
684 2403 797 2432 patruus
812 2399 880 2426 Cos-

92 2446 182 2468 matus
211 2440 445 2477 [modicissimum]
472 2442 551 2476 hujus
566 2442 702 2475 Ecclesia,
722 2443 879 2477 fructusque

91 2486 222 2523 [tantum]
232 2488 413 2522 permaximos
423 2487 585 2521 habuerunt,
599 2489 678 2516 aliter
692 2493 783 2517 tamen
797 2497 877 2524 quam

89 2540 166 2560 nunc
191 2538 254 2560 ante
278 2533 430 2560 districtum
457 2532 574 2567 judicem
590 2534 622 2561 de
645 2530 878 2561 administratione

88 2578 208 2606 reddunt
228 2578 370 2606 rationem.
386 2579 577 2606 Verumtamen
599 2583 661 2613 opto
676 2579 795 2613 ipsorum
817 2579 875 2605 ani-

87 2633 161 2657 mus,
175 2629 203 2651 et
229 2624 341 2652 aliorum
367 2623 553 2652 defunctorum
579 2631 654 2651 more
677 2623 831 2651 Christiano
843 2625 877 2651 ad

85 2670 230 2697 caelestem
247 2669 413 2696 Hierusalem
435 2668 553 2696 evolare.
580 2667 665 2702 Hujus
678 2667 791 2695 Joannis
807 2671 875 2695 tem-

84 2724 157 2752 pore
175 2716 340 2751 Apollinaris
353 2717 386 2743 de
410 2715 539 2743 Gracchis
554 2715 710 2751 [Gnacnbis]
724 2716 807 2743 abbas
822 2723 878 2743 mo-

85 2764 204 2792 nasterii
223 2764 316 2791 Sancti
328 2764 490 2798 Apollinaris
502 2763 578 2797 Novi,
593 2763 746 2799 inspiratus,
763 2768 791 2791 ut
805 2763 875 2791 idem

253 2823 386 2852 Ρηιιιιι.
420 2822 494 2852 (ἸἸ.

933 2251 1077 2281 benedicit,
1091 2250 1200 2277 sinistra
1213 2258 1275 2277 vero
1286 2250 1434 2277 orbiculum
1454 2255 1537 2280 tenet,
1550 2250 1576 2276 in
1591 2257 1644 2284 quo
1659 2253 1717 2278 ovi-

932 2286 1003 2314 cula.
1018 2284 1129 2312 Prmfert
1142 2290 1230 2312 autem
1245 2286 1362 2319 pastoris
1381 2289 1407 2311 et
1427 2286 1576 2311 sacerdotis
1592 2287 1715 2319 ﬁguram.

932 2321 972 2348 Ad
987 2320 1044 2355 ejus
1064 2320 1148 2346 latera
1163 2321 1214 2347 duo
1230 2321 1302 2350 hinc,
1319 2321 1424 2354 duoque
1448 2319 1510 2346 inde
1531 2321 1714 2355 evangelistm.

933 2356 1018 2391 Supra
1042 2355 1191 2391 Salvatoris
1210 2359 1289 2391 caput
1314 2359 1356 2381 est
1378 2362 1589 2391 tuonogramma,
1605 2363 1638 2381 ex
1663 2363 1716 2389 quo

932 2389 997 2419 mihi
1013 2390 1105 2417 videor
1117 2390 1208 2417 videre
1223 2389 1301 2416 facile
1313 2389 1430 2423 exsculpi
1446 2396 1523 2423 posse
1537 2389 1641 2416 litteras
1656 2398 1715 2423 qtae

933 2425 1076 2463 conﬁciant
1086 2460 1091 2463 _
1102 2420 1535 2463 MAXIMIANIJSEI‘ISCUPUS.
1557 2424 1651 2457 Operis
1665 2420 1716 2451 ἰο-

933 2461 986 2487 tius
1004 2460 1138 2493 ingenium
1160 2461 1180 2486 si
1198 2459 1277 2498 periti
1296 2459 1329 2485 ad
1343 2458 1655 2498 cjtts:.cpiscopi_a:tatei_ii
1670 2466 1714 2498 re-_

929 2496 993 2522 ferri
1022 2492 1099 2527 pos-se
1123 2492 1296 2524 crediderint,
1322 2492 1476 2527 gratulabor
1500 2493 1565 2518 mihi
1593 2493 1652 2526 ipsi,
1667 2493 1712 2527 qui

929 2537 985 2557 rem
999 2537 1048 2556 acu
1064 2529 1207 2563 tetigerim.

967 2586 1034 2613 Pars
1054 2586 1148 2613 intima
1162 2585 1226 2612 satis
1243 2584 1388 2618 conspicua
1402 2588 1442 2610 est
1455 2583 1483 2610 in
1505 2583 1590 2618 priori
1613 2583 1713 2616 tabula,

951 2629 985 2648 ua
1007 2625 1081 2655 patet
1104 2621 1206 2657 ﬁguras
1230 2619 1364 2657 periisse,
1379 2624 1489 2657 et_qu_:e
1516 2623 1656 2657 remanent
1680 2620 1712 2645 ad

951 2629 985 2648 ua
1007 2629 1081 2655 patet
1109 2629 1206 2655 tlguras
1230 2629 1354 2654 perttsse,
1379 2629 1405 2646 ct
1429 2629 1489 2653 qua:
1516 2629 1656 2657 remanent.
1680 2629 1712 2645 nu

933 2629 1033 2683 Ebristi
1057 2655 1222 2692 nativitatem
1240 2654 1392 2692 referenda.
1408 2654 1440 2681 Et
1462 2654 1520 2681 base
1534 2653 1607 2679 brevi
1633 2660 1712 2692 manu

933 2691 1049 2718 notanda
1074 2689 1185 2727 eruditis
1208 2689 1317 2727 salivam
1335 2696 1443 2727 movere
1457 2692 1593 2727 poterttut,
1608 2689 1715 2727 uthinti-

932 2726 1002 2752 mins
1018 2726 1043 2752 in
1058 2730 1161 2759 tempus
1179 2724 1315 2758 inquirant
1331 2731 1384 2758 quo
1399 2720 1476 2750 sedes
1500 2720 1650 2757 hujusmodi
1666 2729 1712 2756 pa-

932 2766 988 2788 rata
1002 2761 1059 2787 fait.

1424 2814 1462 2844 26
