3900 6178
401 315 501 372 851

397 516 554 557 roses
576 502 852 565 exhibeat,
883 501 1023 570 quod
1046 500 1232 570 procul
1261 498 1424 570 dubio
1452 514 1659 570 magnae
1681 500 1978 570 antiquita-

399 573 468 625 tis
489 572 746 626 indicium
774 585 897 626 esse
919 569 1162 627 veterum
1196 569 1441 626 codicum
1471 569 1660 639 peritis
1699 569 1833 624 viris
1860 583 1983 639 per-

396 656 617 696 suasum
637 641 751 710 jam
778 649 882 695 est.

466 710 622 776 Quod
639 707 898 764 ultimum
917 720 1177 774 remanet.
1203 710 1435 765 lectores
1456 708 1690 763 monitos
1710 707 1978 774 volumus,

396 779 638 843 lacunas,
670 794 805 848 quas
834 780 887 834 in
921 790 1108 835 nostro
1147 779 1394 849 exemplo
1445 777 1795 849 oll'endimus,
1819 792 1981 846 quas-

396 864 500 917 que
528 849 596 921 ab
622 850 956 921 autographo
975 851 1089 921 jam
1121 859 1247 904 tunc
1264 848 1579 921 roblitterato
1604 848 1837 921 exscribi
1872 862 1978 921 non

434 919 638 974 otuisse
664 917 921 976 credibile
947 917 1049 984 est,
1079 936 1108 974 a
1149 920 1304 974 nobis
1333 920 1610 973 restitutas
1652 917 1849 975 fuisse.
1882 918 1979 970 ad-

418 990 568 1043 tibito
597 998 773 1044 tamen
798 990 1019 1046 alterius
1039 990 1226 1045 formae
1246 990 1579 1044 charactere.
1596 1002 1664 1041 ne
1685 986 1979 1041 lectoribus

396 1058 575 1112 lucum
610 1057 788 1113 facere
820 1061 1141 1116 videremur.
1196 1060 1307 1114 Hoc
1339 1059 1574 1112 maxime
1604 1057 1976 1111 necessarium

395 1127 498 1181 fuit
527 1130 669 1183 circa
699 1131 859 1184 ﬁnem
891 1131 1066 1191 bullae.
1087 1132 1139 1184 in
1162 1130 1394 1184 secunda
1420 1127 1799 1198 claronologica
1823 1137 1974 1198 nota,

392 1198 729 1278 quaeiucipit
756 1200 987 1278 patum;
1032 1201 1316 1278 eaetenitn
1343 1239 1359 1263 ,
1410 1206 1623 1278 utpote
1669 1196 1973 1276 graciliori,

393 1270 535 1337 quod
566 1271 1048 1339 suprainnuimus,
1073 1272 1390 1326 charactere
1416 1270 1615 1339 scripta
1645 1307 1659 1339 ,
1715 1270 1976 1339 majorem

392 1336 648 1407 temporis
674 1337 923 1411 injuriam
953 1356 1204 1411 perpessa
1228 1348 1333 1403 est,
1351 1353 1414 1392 ac
1444 1346 1502 1391 ιιι
1522 1336 1808 1411 plurimum
1838 1336 1975 1411 adeo

392 1358 648 1407 temporis
674 1358 923 1406 lnjlll'lllm
953 1358 1049 1411 per
1085 1358 1204 1396 essu
1228 1358 1333 1403 esti,
1351 1358 1414 1392 ac
1444 1358 1502 1391 tu
1522 1358 1808 1405 plurimum
1838 1358 1975 1391 aueo

391 1416 689 1471 attenuata,
716 1419 776 1463 nt
802 1410 988 1464 oculos
1039 1358 1235 1479 Krgiat:
1272 1424 1340 1462 ne
1368 1419 1548 1479 tamen
1576 1407 1781 1479 absque
1812 1406 1978 1479 ratio-

392 1492 463 1530 ne
489 1492 586 1531 nos
626 1493 745 1532 eam
778 1481 1080 1536 restituisse
1101 1476 1432 1542 'credamur,
1480 1477 1779 1544 litterisque
1808 1491 1874 1529 ac
1903 1476 1976 1530 si-

389 1546 493 1615 glis
514 1563 621 1601 non
649 1563 850 1619 veram,
877 1550 972 1605 sed
995 1552 1062 1605 ad
1093 1549 1290 1619 ingenii
1328 1546 1496 1601 nostri
1534 1546 1790 1619 placitum
1814 1544 1974 1600 eﬂ‘or—

388 1611 592 1687 {natam
623 1611 1070 1687 signiﬁcationem
1122 1611 1395 1681 tribuisse,
1427 1611 1649 1672 consule
1684 1615 1857 1687 bullas
1878 1631 1976 1687 eo-

395 1686 516 1758 dem
547 1683 744 1742 saeculo
780 1697 835 1742 et
885 1689 1310 1758 prtecedentibus
1350 1688 1524 1750 datas,
1574 1687 1629 1740 in
1658 1686 1848 1754 primis
1866 1683 1975 1758 ,Βε-

389 1756 588 1829 [redigi
614 1773 766 1827 papa:
797 1758 860 1813 lll
873 1754 897 1823 ,“
913 1764 1052 1829 apud
1079 1758 1350 1813 Mabillon.
1373 1770 1515 1826 part.
1535 1772 1603 1829 Au,
1776 1771 1830 1829 tv
1848 1754 1969 1829 Act.

390 1823 495 1898 SS.
519 1823 821 1892 Benedict.,
846 1823 1006 1898 quain
1056 1831 1247 1883 iterum
1275 1823 1495 1898 exhibet
1532 1827 1586 1880 in
1634 1825 1771 1898 libro
1799 1825 1973 1898 defle

390 1895 757 1968 diplomatica,
784 1894 902 1968 pag.
934 1898 1062 1962 459,
1096 1899 1148 1952 in
1181 1914 1287 1968 qua
1317 1897 1558 1968 invenies
1584 1913 1597 1949 :
1631 1894 1975 1968 DaturnNoj

386 1979 483 2017 nas
534 1964 811 2039 Octuorias
856 1964 949 2039 per
969 1964 1590 2039 manum-Theopltilacti
1633 1964 1975 2039 secundicerii

388 2045 585 2088 sancta
614 2037 751 2108 sedis
780 2035 1098 2108 apostolicw,
1127 2035 1411 2108 imperante
1450 2036 1518 2089 D.
1544 2046 1719 2090 nostra
1738 2035 1974 2105 piissimo

386 2114 633 2181 perpetuo
661 2106 896 2177 Augusto
943 2106 1220 2181 Hlothario
1270 2125 1303 2161 a
1329 2106 1441 2161 Deo
1485 2116 1734 2160 coronato
1782 2120 1972 2181 magno

385 2173 699 2245 imperatore
720 2173 858 2231 anno
887 2179 1148 2233 tricesimo
1177 2194 1313 2231 nono
1335 2218 1350 2242 ,
1400 2185 1449 2230 et
1473 2185 1586 2245 post
1638 2173 1971 2245 consulatum

383 2241 499 2309 ejus
529 2260 668 2300 anno
692 2247 953 2302 tricesimo
995 2262 1149 2309 nono,
1181 2248 1272 2301 sed
1301 2256 1349 2301 et
1380 2241 1687 2300 ﬂludovico
1709 2260 1838 2298 novo
1858 2244 1971 2296 'im-

381 2324 619 2380 peratore
640 2316 754 2385 ejus
749 2317 903 2441 “filio
928 2335 1065 2372 anno
1089 2318 1331 2388 septimo,
1354 2316 1641 2385 indictione
1670 2323 1881 2385 quarta.

457 2381 592 2440 Vide
639 2393 697 2441 et
802 2387 912 2441 iam
978 2387 1201 2441 Honorii
1257 2400 1409 2441 pana:
1456 2386 1478 2441 ι
1549 2385 1619 2441 ad
1673 2398 1881 2441 cannon

457 2381 592 2440 Vide
639 2381 697 2441 et
749 2381 912 2443 aliam
978 2381 1201 2444 Honorii
1256 2381 1409 2458 papa:
1456 2386 1478 2441 ι
1536 2381 1619 2441 ’δὰ
1673 2381 1971 2455 cognomen

1363 312 1456 369 AD
1490 310 1788 370 AGNELLI
1826 310 2275 371 PONTIFICALE
2310 311 2673 370 APPENDIX.
2738 308 2745 319 ’

397 446 509 486 non
534 444 691 488 secus
708 445 773 487 ac
801 429 976 487 cultro
996 428 1227 494 excisos,
1261 430 1549 500 atramenti
1585 429 1839 485 acredine
1858 444 1980 486 cor-
2006 434 2056 495 Α
2083 444 2237 485 suum
2262 429 2729 486 Doroberneusem
2760 427 3069 500 qviseopum
3089 469 3105 500 ,
3144 444 3176 485 a

3546 318 3657 375 83!

3252 431 3287 487 d
3321 429 3523 488 Bedam
3561 434 3658 490 lib.

2082 515 2148 564 ιι,
2170 514 2300 570 cap.
2324 501 2409 562 18,
2433 516 2596 570 quam
2623 515 2692 555 ex
2719 499 3055 555 correctiOne
3074 499 3325 570 Chiﬂletii
3348 510 3408 556 et
3429 501 3666 559 Mabillo-

2080 570 2157 623 nii
2183 569 2264 643 sic
2288 569 2437 643 legas
2464 569 2707 643 :_D_atum
2751 571 2840 624 die
2883 569 3232 643 quarto‘ldlus
3248 571 3471 643 lunias,
3496 574 3664 643 inape-

2080 639 2317 711 rantibus
2350 639 2591 711 'dominis
2630 645 2819 695 nostris
2862 639 3111 711 piissimis
3137 640 3387 711 Augustis
3416 639 3667 700 Heraclio

2080 725 2234 780 anno;
2255 709 2496 780 vigesimo
2520 719 2729 779 quarto,
2758 718 2872 780 post
2896 709 3487 780 consulatum'ejusdem
3524 730 3665 768 am

2080 777 2322 859 vigesimo
2354 777 2541 860 tertio,
2562 788 2715 849 atque
2759 777 3110 861 contamina
3155 777 3281 849 [ilio
3314 781 3480 861 ipsius
3526 798 3668 861 anno

2079 848 2327 917 vigesimo
2357 849 2527 912 tertio,
2558 859 2608 902 et
2628 848 2948 902 consulatus
2976 850 3089 919 ejus
3111 866 3249 904 anno
3281 848 3459 916 tertio,
3482 853 3578 905 sed
3619 865 3667 907 et

2080 915 2328 990 Heraclio
2364 918 2685 990 [mlieissimo
2719 912 2974 990 Cmsare,
3024 919 3079 990 id
3129 929 3207 973 est
3233 919 3346 990 ﬁlio
3377 920 3496 990 ejus
3524 939 3667 976 anno

2080 987 2253 1058 tertio,
2284 983 2568 1058 indictione
2604 990 2840 1058 septima.
2877 983 2979 1044 Ubi
3004 983 3244 1044 adverte'
3279 983 3581 1046 clausulam
3614 993 3669 1046 id

2078 1065 2153 1110 est
2179 1056 2288 1124 ﬁlio
2313 1056 2429 1129 ejus
2460 1056 2599 1112 forte
2626 1056 2842 1129 a‘_Beda
2878 1058 3263 1129 interpositam
3313 1060 3499 1116 fuisse.
3536 1060 3667 1117 Vide

2078 1134 2134 1180 et
2178 1142 2339 1180 unam
2384 1125 2626 1194 ejusdem
2666 1126 2943 1182 Paschalis
2990 1125 3152 1182 I'PP.
3209 1130 3275 1184 ad
3331 1130 3665 1185 Bernardum

2078 1194 2438 1267 Viennensem
2465 1198 2781 1259 antistitem,
2813 1199 2954 1267 apud
2984 1198 3344 1253 Mabillonium
3371 1241 3387 1265 ,
3434 1216 3562 1256 smc.
3611 1216 3666 1254 tv

2233 1264 2330 1350 SS.
2355 1265 2656 1350 Benedicta
2688 1276 2827 1350 part.
2849 1263 2915 1330 ἰι,
2938 1284 3060 1350 pag.
3090 1269 3233 1350 59'],
3279 1263 3444 1350 quam
3472 1272 3541 1324 de
3585 1269 3667 1325 Re

2079 1334 2380 1408 diplomat.,
2406 1351 2527 1407 pag.
2557 1334 2789 1400 183,'sic
2834 1334 3056 1408 corrigit
3084 1358 3096 1391 :
3132 1334 3325 1392 Datum
3373 1341 3667 1408 imperante

2078 1403 2289 1459 domino
2311 1403 2501 1460 nostra.
2514 1418 2759 1477 perpetuo
2784 1403 3016 1477 Augusto
3039 1407 3300 1462 Ludovico
3323 1426 3355 1460 a
3381 1403 3492 1463 Deo
3515 1427 3668 1463 coro-

2078 1484 2203 1526 nato
2228 1491 2417 1548 magno
2456 1486 2504 1548 et
2543 1478 2629 1546 pio
2660 1478 3150 1548 imperatoreganno
3199 1488 3419 1548 quarto.
3463 1490 3512 1532 et
3551 1490 3666 1548 post

2078 1543 2407 1616 consulatum
2427 1543 2552 1616 ejus'
2575 1563 2712 1600 anno
2731 1543 2947 1616 'quarto.
2984 1546 3115 1602 Vide
3158 1543 3222 1602 et'
3238 1547 3374 1602 alias
3404 1549 3459 1603 in
3492 1543 3666 1602 bulla-

2076 1612 2174 1667 riis
2218 1628 2380 1682 supra
2428 1612 2729 1681 recensitis,
2749 1612 2816 1671 'et
2845 1617 2985 1687 apud
3043 1615 3425 1684 Sirmundum,
3470 1618 3668 1690 Ugbel-

2078 1680 2208 1747 lum,
2240 1683 2546 1758 Dubletum,
2570 1684 2846 1758 Baluzium
2868 1726 2883 1751 ,
2927 1696 2983 1741 et
3007 1698 3252 1758 creteros,
3281 1703 3418 1758 quas
3448 1689 3494 1743 si
3540 1705 3663 1743 cum

2193 1723 2208 1747 ς
2241 1723 2546 1750 uua-Villii],
2571 1723 2846 1741 ull-uuln!"
2868 1726 2883 1751 ς
2927 1723 2983 1741 υ.
3008 1723 3157 1743 υιωι
3171 1723 3252 1751 υο,

2004 1781 2048 1841 Β
2076 1755 2926 1841 nostracorrectione‘congeras,
2965 1755 3419 1841 null‘usprolecto
3448 1759 3666 1841 dubita-

2078 1822 2213 1877 tioni
2241 1821 2390 1895 locus
2412 1826 2732 1881 remanebit.
2760 1825 2866 1881 Sed
2892 1828 3021 1895 quid
3059 1821 3261 1883 diutius
3295 1844 3577 1884 moramur
3609 1830 3660 1889 in

2079 1907 2140 1947 re
2175 1893 2490 1968 tam_clara,_
2506 1903 2563 1950 et
2613 1912 2680 1968 ne
2724 1897 2790 1968 iis
2816 1893 3031 1968 quidem
3062 1898 3243 1968 ignota
3273 1900 3367 1968 qui
3396 1898 3663 1953 eruditio-

2080 1977 2204 2039 nem
2230 1962 2383 2039 vel_a
2412 1966 2588 2033 primo
2629 1962 3199 2039 limine'salutarunt?
3249 1962 3363 2039 Age
3414 1983 3565 2038 ergo,
3596 1969 3661 2023 ad

2075 2030 2276 2087 bullam
2324 2030 2495 2103 ipsam
2526 2037 2829 2109 veniamus,
2854 2053 3016 2106 quam
3046 2039 3122 2109 ita
3176 2030 3414 2109 imprimi
3444 2030 3661 2092 curavi-

2076 2117 2215 2178 mus,
2245 2110 2305 2178 ut
2346 2119 2378 2159 e
2418 2106 2793 2178 nostrigtextus
2818 2108 3038 2178 regione
3084 2106 3272 2164 Rubei'
3286 2116 3467 2163 textus
3496 2123 3661 2178 appo-

2074 2172 2330 2248 situs_sit_,
2361 2190 2468 2244 quo
2496 2174 2710 2248 facilius
2738 2172 3015 2248 utriusque
3043 2178 3337 2233 discrimen
3365 2172 3659 2248 cognosca-

2078 2250 2184 2318 tur.
2212 2241 2666 2318 Qrthograpbiam
2698 2261 2827 2302 vero
2847 2241 3189 2304 AuIbrosiani
3212 2241 3659 2318 exempliquam—

2073 2312 2158 2366 vis
2184 2312 2364 2370 minus
2391 2312 2707 2371 accuratam
2732 2357 2748 2384 ,
2801 2318 3022 2374 omnino
3056 2312 3419 2385 retinendam,
3445 2312 3658 2390 putavi-

2075 2396 2218 2437 mus.

1558 2594 2114 2678 PASCHALIS
2203 2600 2359 2678 PP.
2435 2597 2472 2677 Ι

1238 2764 1347 2818 ADd
1362 2764 1821 2811 PETRONACIUH
1863 2765 2178 2811 RAVENNE
2221 2766 2791 2814 ARCHIEPISCOPUI.

593 2971 697 3027 Ms.
726 2971 994 3044 exeruplar
1024 2971 1343 3028 bibliothecae
1364 2971 1747 3027 Ambrosiante.

2317 2974 2405 3030 Ea;
2432 2974 2600 3030 Βαὺοὶ
2623 2974 2825 3029 Hister.
2858 2972 3093 3031 Roma.
3127 2993 3249 3048 pag.
3275 2979 3403 3036 257.

448 3061 738 3117 Paschales
776 3063 1061 3132 episcopus
1106 3075 1296 3116 servus
1341 3076 1620 3117 servorum
1663 3060 1760 3116 Dei
1807 3074 1961 3116 reve-
1992 3081 2039 3146 α
2139 3064 2419 3122 Paschalis
2462 3066 2764 3137 episcopus,
2794 3080 2985 3121 servus
3036 3081 3319 3124 servorum
3364 3069 3495 3137 Dei,
3539 3087 3651 3131 rev.

344 3152 545 3210 ~rendo
566 3161 621 3208 et
649 3152 992 3208 sanctissimo
1026 3149 1525 3207 fratriPetronacio
1554 3150 1963 3221 archiepiscopo

373 3254 597 3300 sanctae
631 3244 960 3299 Ravennatis
1014 3242 1291 3298 Ecclesiae
1344 3250 1401 3297 et
1451 3256 1550 3311 per
1587 3249 1641 3296 te
1682 3242 1740 3297 in
1778 3242 1961 3297 eadem

374 3337 614 3392 Ecclesia
647 3337 702 3391 in
732 3345 1071 3407 perpetuum.
1244 3392 1257 3403 η

443 3429 578 3485 Cum
619 3429 740 3500 piae
770 3428 1055 3484 desideriis
1097 3425 1375 3482 voluntate
1402 3433 1460 3481 et
1483 3423 1751 3481 laudande
1797 3424 1963 3481 devo-

373 3520 537 3575 tionis
567 3520 795 3576 intentio
823 3517 1133 3589 apostolicis
1153 3519 1226 3573 sit
1252 3532 1464 3588 semper
1485 3518 1675 3572 studiis
1702 3517 1961 3588 adjuvan-

371 3611 463 3676 da,
489 3625 619 3665 cura
657 3618 742 3665 est
766 3609 1143 3665 sollicitudinis
1166 3608 1492 3675 adhibenda,
1515 3616 1577 3663 ut
1596 3622 1681 3676 ea,
1708 3622 1850 3679 quae
1879 3607 1958 3663 le-

370 3702 565 3772 galiter
613 3710 875 3773 geruntur
922 3709 978 3757 et
1030 3701 1258 3773 equitati
1299 3717 1553 3772 personae
1595 3701 1955 3769 conveniunt,

371 3796 516 3851 nulla
551 3797 731 3852 valeat
758 3796 1118 3868 refragatione
1164 3802 1506 3865 perturvare.
1530 3795 1626 3850 sed
1655 3793 1957 3866 inrel’raga-

373 3887 480 3943 vile
498 3887 622 3957 jure
649 3889 760 3943 Deo
780 3888 948 3943 valeat
975 3902 1298 3957 permanere
1326 3893 1381 3941 et
1423 3885 1495 3941 ob
1519 3886 1623 3942 hoc
1646 3886 1957 3957 apostolicis

367 3978 722 4051 promulgatis
759 3978 1128 4033 sanctionibus
1152 3976 1371 4048 propria
1415 3990 1555 4046 quae
1587 3976 1807 4059 rationis
1832 3991 1959 4047 sup-

367 4079 560 4141 petunt
588 4071 672 4127 l‘as
705 4072 872 4143 exigit
899 4071 1223 4142 possidenda
1249 4070 1581 4127 conﬁrmari.
1630 4068 1802 4142 Igitur
1820 4086 1954 4140 quo-

368 4163 516 4216 niam
544 4162 761 4232 quidem
789 4163 1026 4218 fraterna
1053 4162 1313 4218 sanctitas
1337 4170 1431 4217 tua
1453 4161 1652 4218 direxit
1678 4161 1835 4217 nobis
1854 4176 1954 4232 per

370 4252 619 4325 Sergium
650 4253 962 4324 religiosum
992 4253 1273 4309 diaconem
1320 4259 1542 4307 sanctae
1584 4260 1708 4307 tuae
1736 4251 1951 4307 Raven-

367 4345 513 4399 natis
538 4344 812 4400 Ecclesiae
841 4344 1171 4415 privilegium
1200 4343 1403 4400 domini
1428 4342 1651 4398 Adriani
1677 4343 1947 4412 quondam

2066 3158 2412 3219 sanctissimo
2437 3157 2593 3212 fratri
2606 3157 2923 3213 Petronaclo
2937 3158 3344 3233 archiepiscopo
3365 3161 3425 3218 S.
3442 3163 3651 3222 Raven.

2063 3248 2344 3315 Ecclesiae,
2370 3258 2426 3305 et
2449 3265 2548 3319 per
2577 3259 2630 3304 te
2658 3250 2714 3305 in
2739 3250 2927 3306 eadem
2952 3250 3195 3308 Ecclesia
3225 3254 3278 3309 in
3304 3265 3648 3327 perpetuum.

2134 3340 2267 3398 Cum
2292 3343 2395 3412 piae
2441 3341 2696 3397 desiderii
2732 3342 3061 3409 voluntates,
3091 3352 3148 3399 et
3177 3344 3462 3404 laudanda:
3487 3351 3652 3408 devo-

2062 3433 2227 3489 tionis
2251 3433 2498 3499 intentio,
2532 3432 2842 3504 appstolicis
2886 3433 2959 3489 sit
2999 3448 3214 3506 semper
3253 3438 3452 3495 studiis
3499 3441 3651 3512 adju-

2059 3525 2259 3591 vanda,
2287 3540 2417 3581 cura
2463 3532 2549 3582 est
2574 3524 2956 3581 sollicitudinis
3002 3526 3325 3594 adhibenda,
3352 3539 3415 3585 ut
3439 3546 3504 3587 ea
3531 3548 3650 3603 qua

2058 3615 2303 3686 legaliter
2328 3623 2607 3687 geruntur,
2634 3623 2690 3671 et
2715 3615 2958 3686 aequitati
2998 3631 3229 3686 persona
3276 3622 3610 3678 conveniunt
3629 3662 3647 3685 .

2057 3707 2207 3762 nulla
2232 3706 2411 3764 valeat
2461 3705 2827 3778 refragatione
2868 3707 3175 3776 perturbari
3215 3710 3311 3765 sed
3349 3710 3647 3785 inrelraga-

2056 3797 2165 3854 bile
2190 3796 2314 3867 jure
2338 3797 2406 3852 de
2430 3812 2517 3853 eo.
2538 3835 2553 3850 .
2574 3834 2590 3849 .
2610 3835 2626 3851 .
2645 3836 2661 3850 .
2678 3831 2697 3849 .
2739 3805 2797 3851 at
2841 3811 3179 3866 permanere,
3203 3806 3261 3853 et
3298 3800 3371 3855 ob
3396 3799 3506 3857 hoc
3528 3817 3650 3873 apo-

2057 3888 2264 3945 stolicis
2310 3886 2664 3959 promulgatis
2691 3887 3063 3943 sanctionibus
3086 3889 3304 3958 propria
3332 3905 3456 3960 quae
3484 3894 3644 3948 ratio-

2055 3959 2661 4047 nis.....'ssuppetunt,
2725 3976 2808 4032 fas
2853 3977 3023 4047 exigit
3069 3959 3396 4048 possidenda
3445 3982 3644 4038 contir-

2054 4068 2212 4124 mari.
2230 4066 2452 4139 Legitur
2478 4068 2733 4137 quoniam
2756 4067 2971 4139 quidem
2998 4066 3237 4123 fraterna
3263 4071 3528 4127 sanctitas
3554 4081 3638 4127 tua

2054 4162 2254 4218 direxit
2275 4161 2431 4217 nobis
2453 4176 2550 4232 per
2573 4159 2822 4232 Sergium
2852 4160 3168 4231 religiosum
3199 4162 3484 4220 diaconem
3518 4178 3639 4221 san-

2051 4263 2153 4311 ctae
2176 4262 2280 4310 tua:
2302 4252 2634 4309 Ravennatis
2667 4251 2943 4309 Ecclesiae.
2964 4292 2979 4307 .
3003 4292 3017 4307 .
3041 4291 3056 4308 .
3075 4293 3090 4307 .
3111 4293 3125 4306 .
3157 4255 3414 4322 eundem,
3440 4257 3636 4313 Adsis-

2052 4345 2107 4421 ni
2141 4345 2285 4415 quod
2325 4359 2478 4414 papa:
2517 4343 2936 4414 prmdecessoris
2965 4345 3167 4410 nostri,
3218 4346 3273 4400 in
3299 4362 3412 4417 quo
3440 4349 3639 4405 conﬁr-

366 4447 539 4503 papae
579 4432 1012 4502 praedecessoris
1057 4432 1259 4497 nostri,
1313 4432 1368 4485 in
1396 4446 1505 4500 quo
1545 4431 1889 4487 conﬁrmabit
1921 4444 1948 4473 ει
1976 4431 2029 4490 D
2054 4437 2522 4508 mabitprivilegia
2544 4436 2759 4502 Leonis,
2788 4438 2931 4506 quod
2959 4439 3088 4509 imp.
3122 4438 3264 4494 facta
3290 4442 3362 4496 ab
3398 4442 3636 4513 Epipha-

367 4522 646 4593 privilegia
669 4519 859 4576 Leonis
888 4520 1152 4592 quondam
1197 4521 1539 4591 imperatoris
1567 4520 1709 4577 facta
1734 4523 1803 4578 ab
1824 4523 1951 4592 Epi-

366 4614 567 4684 phanio
599 4614 869 4684 quondam
897 4612 1149 4683 religioso
1176 4614 1390 4669 notario
1410 4613 1459 4680 ι’,
1487 4624 1543 4670 et
1585 4615 1871 4670 scriniario
1895 4625 1946 4681 ο,

368 4713 426 4761 et
449 4704 800 4773 apocrisiario
820 4703 848 4744 δ
886 4711 1101 4759 sanctae
1146 4702 1474 4760 Ravennatis
1516 4704 1791 4761 Ecclesiae
1812 4746 1828 4772 ,
1853 4706 1948 4777 qui

438 4896 464 4956 9
499 4881 840 4956 Conﬁrmabit
874 4866 974 4956 pro
1020 4884 1365 4956 conﬁrmavit,
1383 4891 1603 4956 mutata
1627 4901 1676 4956 Aa
1721 4884 1776 4940 in
1800 4887 1851 4951 ι,
1886 4895 1948 4943 ut

366 4953 504 5028 infra
534 4953 697 5028 etiam
726 4953 1233 5028 verhogpostuiabit,
1257 4955 1401 5027 quod
1449 4954 1733 5028 legendum
1768 4966 1947 5028 postu-

365 5024 735 5099 lavit._Contra
764 5026 968 5099 in__aliis
1000 5025 1180 5099 verbis
1204 5024 1237 5099 ρ
1262 5024 1592 5099 mutatur'in
1631 5042 1682 5092 υ,
1710 5024 1778 5082 «δι’
1809 5026 1942 5099 legi-

366 5110 486 5149 mus
511 5094 879 5169 inrefragavile
927 5109 1027 5169 pro
1074 5095 1467 5169 inrefragabile,
1496 5104 1796 5169 perturvare
1844 5094 1945 5168 pro

364 5165 690 5234 perturbare,
719 5165 1132 5221 corovorationis
1161 5180 1260 5234 pro
1278 5165 1709 5231 coroborationis,
1730 5165 1944 5222 venera-

364 5233 478 5289 vilis
505 5250 613 5308 pro
630 5234 959 5308 venerabilis,
979 5233 1220 5308 juvemus
1244 5250 1344 5306 pro
1359 5236 1627 5306 jubemus,
1650 5239 1941 5308 etc.,quod

363 5304 652 5375 cosmculo
682 5304 1197 5375 frequentissimum.

434 5372 462 5412 ι»
500 5372 846 5448 Notariorum
874 5376 1025 5448 varia
1052 5372 1421 5448 fuitdignitas
1462 5390 1562 5448 pro
1600 5377 1755 5432 vario
1804 5384 1943 5448 tem-

361 5455 556 5509 porum
585 5460 646 5499 ac
676 5445 914 5500 locorum
941 5445 1270 5517 discrimine.
1295 5445 1522 5517 Notati-ii
1571 5463 1704 5503 vero
1733 5447 1943 5517 episco-

361 5524 553 5586 porum
582 5523 739 5586 erant
761 5530 950 5570 eorum
984 5516 1194 5580 scribae,
1215 5515 1307 5586 qui
1334 5526 1396 5571 ut
1414 5516 1707 5586 plurimum
1737 5515 1803 5571 ex
1832 5518 1941 5574 cle-

264 5613 286 5637 ρ
363 5579 597 5651 ricgrum
619 5584 808 5640 ordine
835 5579 1275 5651 assumebanturi;
1319 5579 1538 5642 eos-alia
1566 5586 1728 5642 etiam
1756 5587 1940 5643 munia

364 5645 420 5700 in
446 5648 704 5724 Ecclesiis
735 5654 933 5724 abiisse
958 5655 1237 5724 colligitur,
1261 5645 1337 5710 ex
1379 5656 1518 5713 libro
1566 5656 1940 5713 Sacramenta-

366 5730 484 5771 rutn
509 5718 573 5774 D.
616 5719 858 5790 Gregorii
888 5737 902 5776 :
940 5741 959 5774 ι
995 5723 1061 5778 Et
1087 5718 1199 5780 tum
1225 5723 1595 5783 illuminantur
1624 5727 1727 5783 duo
1755 5729 1945 5796 cerei,

2051 4528 2164 4591 nio,
2188 4527 2331 4597 quod
2356 4526 2608 4598 religioso
2650 4526 2881 4590 notario,
2911 4535 2968 4582 et
2994 4527 3300 4594 scriniario,
3332 4538 3390 4585 et
3419 4533 3633 4600 apocri—

2050 4619 2198 4673 sario
2225 4617 2554 4673 Ravennatis
2605 4616 2879 4681 Ecclesim,
2914 4617 3008 4686 qui
3041 4618 3273 4673 disertus
3302 4618 3373 4673 ab
3396 4619 3489 4674 bo.
3521 4635 3632 4675 me-

2048 4707 2236 4763 moriae
2273 4705 2535 4761 Damiano
2565 4705 2992 4787 archiepiscopo.
3017 4745 3033 4761 .
3052 4744 3070 4763 .
3089 4744 3105 4762 .
3126 4747 3139 4763 .
3176 4715 3268 4762 tus
3295 4707 3632 4765 conﬁrmata

2047 4905 2184 4973 quos
2209 4895 2394 4973 tenent
2420 4888 2829 4973 duonotariix'»
2866 4897 2972 4971 etc.
3143 4888 3210 4944 iis
3248 4887 3373 4944 vide
3420 4887 3629 4946 Ducari-

2046 4957 2192 5034 gium
2216 4960 2272 5014 in
2302 4957 2601 5023 Glossario,
2628 4958 3016 5024 Mabillonium,
3043 4967 3149 5015 etc.

2119 5042 2143 5071 ο
2185 5028 2463 5085 Scriniarii
2489 5035 2646 5098 erant
2674 5028 2765 5098 qui
2792 5028 2847 5082 in
2886 5029 3099 5084 scriniis
3122 5042 3341 5098 operam
3374 5042 3527 5084 suam
3545 5027 3626 5082 lo-

2045 5100 2282 5182 cabant,
2325 5092 2963 5182 etnscriptoruin‘yicesn
2984 5092 3233 5182 agebant.
3288 5098 3424 5182 Vide
3474 5098 3629 5182 Cuia»

2045 5171 2212 5237 cium,
2242 5168 2612 5232 Gotofredum,
2641 5177 2696 5223 et
2729 5168 2882 5224 alios.
2930 5168 3141 5224 Scrinia
3177 5175 3333 5224 erant
3375 5168 3627 5223 recondi-

2044 5242 2184 5310 toria
2214 5240 2539 5310 scriptorum
2567 5238 2941 5310 publicorum.
2968 5247 3030 5292 ut
3074 5239 3227 5310 apud?
3266 5237 3626 5294 Scholiastem

2043 5309 2242 5366 Iuliani
2270 5308 2523 5365 Anteces.
2554 5308 2688 5364 Cod.
2727 5308 2992 5365 Theodos.
3023 5318 3078 5363 et
3096 5309 3319 5373 Justin.,
3342 5314 3451 5363 etc.

2056 5428 2081 5451 ρ
2112 5379 2141 5420 ει
2179 5379 2578 5451 Apocrisarius,
2601 5393 2694 5434 seu
2726 5380 3127 5451 apocrisiarius,
3150 5393 3257 5433 non
3276 5379 3445 5451 unius
3463 5375 3625 5451 ollicii

2044 5445 2242 5506 nomen
2264 5458 2367 5506 est.
2404 5449 2676 5520 lnterdum
2700 5445 2939 5520 sumitur
2954 5464 3060 5520 pro
3108 5447 3478 5520 cancellario,
3530 5445 3624 5516 qui

2044 5520 2276 5589 sigillum
2309 5519 2569 5590 principis
2598 5527 2799 5590 servat,
2830 5526 2885 5575 et
2913 5518 3223 5590 diplomata
3242 5518 3391 5589 regia
3421 5518 3622 5587 signat,

2043 5588 2111 5643 ut
2133 5591 2273 5660 apud
2312 5588 2470 5646 Ioan.
2503 5588 2571 5645 de
2597 5588 2768 5660 Ianua
2796 5607 2811 5643 :
2847 5606 2867 5640 ι
2898 5588 3329 5660 Apocrisiarius,
3380 5594 3620 5660 secreta-

2044 5655 2183 5725 rius,
2205 5659 2565 5726 consiliarius,
2581 5659 2667 5715 vel
2692 5659 2859 5714 etiam
2883 5655 3083 5713 dicitur
3107 5658 3482 5721 cancellaﬁus,
3497 5655 3623 5726 quia

2045 5723 2265 5799 ipse'ost
2293 5723 2615 5785 secretarius
2658 5728 2824 5799 regis,
2853 5728 2934 5784 vel
2982 5728 3321 5798 imperatoris
3346 5768 3362 5793 ,
3409 5735 3465 5782 et
3508 5723 3626 5795 eius
