3900 6178
255 268 367 328 833

1154 268 1521 329 ANALECTA
1563 271 1649 329 DE
1686 266 2041 327 EPlSCOPlS
2082 267 2637 330 MVENNATIBUS.

3429 275 3533 334 8541

254 387 503 445 directus
523 391 611 440 est
635 396 667 438 a
691 381 1029 457 reserandae
1058 386 1350 441 memoriae
1382 386 1645 441 Damiano
1669 383 1846 441 archi-
1872 387 1923 446 Α
1948 393 2119 435 sacra:
2167 388 2353 436 essent
2397 380 2768 450 praecedentes
2817 379 3077 437 formulas
3125 380 3201 438 ab
3240 382 3330 455 pio
3357 383 3539 444 Leone

255 478 539 549 episcopo,
558 482 620 530 ut
649 473 1002 531 conﬁrmatae
1025 490 1212 531 sacrae
1253 484 1438 531 essent
1465 474 1852 547 praecedentes

255 567 524 626 formulas
556 566 625 620 ab
646 566 762 636 ipso
783 564 964 620 Leone
989 566 1314 637 imperatore
1334 575 1442 619 tam
1469 564 1621 620 divae
1649 578 1855 619 memo-

258 660 377 715 riae
407 656 572 728 prisci
606 655 896 712 Iustiniani
944 642 1216 727 quamque
1241 658 1438 713 ceteris
1466 656 1725 727 piissimis
1753 656 1854 710 im-

259 751 605 824 peratoribus
675 751 957 823 privilegia
1024 763 1239 807 sanctae
1300 760 1518 808 vestrae
1581 752 1855 821 Ecclesiae

258 842 590 916 praelargita
614 842 671 897 in
696 842 893 912 quibus
917 850 972 898 et
998 843 1121 899 aliis
1158 844 1263 915 piis
1291 843 1540 913 capitulis
1564 850 1621 898 et
1649 851 1708 897 ut
1737 842 1854 898 sine

258 934 554 1006 sacrilegio
581 933 665 989 vel
694 932 871 990 {eritis
908 935 1129 1007 rapinae
1179 933 1297 1003 ejus
1325 935 1460 990 ﬁnes
1495 934 1854 1005 praelargitae

260 1037 390 1082 sunt
422 1034 479 1082 et
496 1023 958 1096 promulgationes
984 1024 1280 1096 postulabit
1326 1041 1533 1096 quoque
1568 1025 1725 1080 nobis
1763 1035 1854 1081 tua

259 1113 483 1168 almitas
526 1113 714 1168 eadem
757 1113 872 1182 ipsa
921 1127 1018 1182 per
1047 1122 1261 1169 nostros
1296 1112 1625 1183 apostolicos
1673 1112 1854 1183 apices

262 1206 579 1265 ﬁrmitatem
623 1205 883 1276 accipere.
935 1203 1090 1261 Unde
1138 1214 1438 1261 annuentes
1485 1205 1856 1275 praeparatius

263 1299 543 1353 sancimus
569 1304 626 1352 et
648 1296 1036 1353 conﬁrmamus
1061 1297 1240 1351 omnia
1268 1312 1581 1367 quocunque
1599 1306 1721 1350 sunt
1744 1295 1857 1365 pri-

260 1388 458 1458 vilegia
506 1387 648 1443 edita
690 1388 745 1441 in
790 1395 976 1441 sancta
1019 1395 1200 1442 vestra
1242 1388 1573 1443 Ravennatis
1612 1388 1854 1443 Ecclesia

262 1488 378 1533 tam
413 1479 886 1549 praedecessorum
935 1490 1238 1533 nostrorum
1287 1479 1597 1549 pontiﬁcum
1648 1481 1854 1535 scilicet

260 1572 484 1626 sanctae
514 1569 905 1624 recordationis
946 1569 1205 1625 Hadriani
1234 1579 1292 1625 et
1326 1571 1523 1626 Leonis
1566 1586 1661 1626 seu
1701 1585 1853 1641 prae-

257 1661 607 1716 decessorum
638 1658 851 1713 illorum
882 1676 1155 1730 quamque
1184 1663 1569 1731 imperatorum
1598 1662 1680 1717 vel
1711 1663 1851 1729 dona

1952 470 2082 540 imp.
2111 477 2223 524 tam
2245 469 2381 525 divae
2402 471 2689 525 memoria}
2705 471 2868 540 prisci
2895 470 3210 540 Justiniani,
3236 489 3397 545 quam
3416 492 3539 547 qua:

1953 561 2148 616 ceteris
2172 561 2430 631 piissimis
2455 563 2870 633 imperatoribus
2892 565 3172 637 privilegia
3199 577 3400 625 sancta:
3447 584 3542 625 ve-

1953 664 2082 710 strae
2108 654 2363 710 Ecclesia:
2401 655 2714 726 prelargita,
2749 658 2803 711 in
2831 657 3024 727 quibus
3049 667 3107 715 et
3152 660 3276 716 aliis
3305 661 3409 730 piis
3448 677 3543 717 ca-

1951 745 2135 815 pitulis
2162 764 2176 799 :
2224 755 2279 800 et
2304 755 2364 801 ut
2392 747 2511 800 sine
2556 746 2860 817 sacrilegio.
2881 788 2895 801 .
2913 788 2928 803 .
2951 788 2965 802 .
2984 786 2999 802 .
3019 789 3032 802 .
3061 750 3146 805 vel
3174 738 3362 807 feretis
3383 793 3399 817 ,
3454 766 3542 807 ra-

1953 837 2093 909 pina:
2120 836 2239 906 ejus
2267 838 2403 892 ﬁnes
2431 838 2738 909 prelargitte
2770 849 2927 906 sunt,
2976 850 3031 896 et
3082 846 3541 915 promulgationes

1950 928 2246 999 postulabit
2284 944 2498 998 quoque
2535 938 2625 984 tua
2656 930 2871 987 almitas
2924 932 3156 999 eademi,
3189 952 3400 1006 prapazs
3442 952 3542 993 ne.

1951 1029 2097 1078 atros
2124 1022 2451 1093 apostolicos
2495 1023 2683 1093 apicus
2716 1023 3029 1081 ﬁrmitatem
3075 1029 3363 1099 accipere;
3398 1030 3564 1086 unde‘

1954 1122 2255 1169 annuentes
2295 1114 2658 1184 praaparacius
2690 1116 3003 1181 sancimus,
3055 1127 3112 1172 et
3156 1119 3544 1179 conﬁrmamus

1953 1204 2135 1261 omnia
2165 1218 2518 1274 qutecumque
2571 1212 2701 1259 sunt
2731 1206 3010 1277 privilegia
3049 1209 3196 1264 edita
3249 1210 3303 1264 in
3353 1221 3542 1267 sancta

1953 1302 2136 1349 vestra
2167 1293 2466 1347 Ravennati
2507 1293 2767 1358 Ecclesia,
2795 1304 2906 1349 tam
2952 1298 3393 1366 predecessorum
3438 1317 3540 1356 no-

1953 1391 2193 1437 Strorum
2236 1380 2550 1450 pontiﬁcum
2580 1421 2597 1448 ,
2651 1382 2858 1438 scilicet
2901 1395 3103 1440 sanctae
3153 1390 3544 1446 recordationis

1955 1472 2235 1537 Hadriani,
2275 1481 2331 1528 et
2394 1472 2596 1530 Leonis
2640 1475 2723 1530 sui
2777 1475 3220 1544 predecessorum
3274 1497 3543 1553 quamque

1954 1565 2120 1636 impp.
2151 1565 2238 1621 vel
2266 1567 2406 1621 dona
2446 1582 2656 1636 regum,
2684 1575 2781 1620 aut
2802 1582 2832 1620 a
2855 1566 3177 1625 Christianis
3230 1574 3539 1630 hominibus

1952 1658 2451 1728 perdonationibus,
2476 1658 2560 1712 vel
2594 1658 3031 1722 vendicionibus,
3065 1676 3161 1716 seu
3207 1668 3541 1722 testamentis

256 1759 450 1818 regum
489 1757 584 1803 aut
609 1763 640 1802 a
669 1746 954 1804 Cristianis
981 1750 1287 1806 hominibus
1331 1767 1429 1821 per
1475 1751 1850 1806 donationibus
1879 1751 1926 1810 B
1953 1736 2156 1814 oblata,
2173 1748 2327 1817 juxta
2362 1750 2606 1805 ordinem
2634 1753 2978 1820 generaliter,
3005 1763 3060 1808 et
3086 1755 3398 1821 specialiter
3424 1771 3527 1810 om-

256 1830 345 1892 vel
371 1836 768 1893 venditionibus
795 1854 890 1893 seu
918 1840 1259 1896 testamentis
1281 1839 1460 1895 oblata
1483 1840 1632 1909 justo
1661 1841 1852 1895 ordine

257 1926 590 1998 generaliter
634 1916 695 1981 et}
727 1928 1036 1996 specialiter
1067 1930 1307 1984 omnium
1334 1938 1554 1986 sanctae
1600 1939 1724 1985 tuae
1751 1930 1855 1985 Ec-

257 2017 460 2073 clesiae
491 2016 797 2084 largitatem
818 2020 1288 2077 conrovorationis
1309 2021 1620 2077 ﬁrmitatem
1652 2023 1705 2077 in
1728 2037 1855 2092 per-

256 2118 482 2179 petuum
514 2111 718 2165 habere
756 2110 1121 2193 praecepimus
1141 2119 1198 2167 et
1234 2112 1621 2168 conﬁrmamus
1647 2121 1707 2167 ut
1733 2112 1855 2167 nul-

256 2201 371 2256 lum
402 2201 578 2257 locum
601 2202 814 2289 aut/jus
846 2201 1216 2291 subjacentem
1246 2204 1347 2258 sub
1371 2203 1585 2260 dicione
1626 2212 1853 2258 sanctae

256 2301 383 2345 tuae
409 2290 686 2355 Ecclesiae
711 2307 808 2362 per
833 2292 1075 2363 quolibet
1107 2290 1505 2350 adinventionis
1532 2304 1854 2366 argumento

259 2376 503 2449 potentia
533 2381 913 2450 quoquomodo
935 2382 1168 2438 audente
1209 2382 1445 2453 judicari
1471 2368 1852 2459 suﬁultumci-

258 2468 354 2524 vili
378 2478 472 2524 aut
502 2469 721 2525 militari
770 2471 1083 2541 praecincto
1108 2474 1359 2542 usurpari
1396 2473 1482 2529 vel
1533 2475 1855 2531 subtrahere

258 2568 355 2613 aut
382 2559 584 2614 violare
610 2558 691 2614 vel
741 2560 1027 2615 novatione
1059 2561 1415 2617 ediﬁcationis
1450 2563 1725 2632 inducere,
1759 2566 1855 2621 sed

257 2656 307 2710 si
333 2657 455 2726 quis
478 2666 724 2711 corutum
760 2667 854 2713 aut
884 2644 1166 2715 cadentem
1195 2662 1447 2732 templum
1474 2680 1733 2721 renovare
1760 2675 1855 2720 aut

258 2748 515 2803 etliﬁcare
545 2749 891 2818 temptaverit
930 2765 1038 2805 non
1066 2752 1266 2808 habere
1295 2752 1567 2809 licentiam
1601 2764 1725 2811 ante
1750 2757 1855 2812 hoc

258 2854 425 2910 agere
451 2841 554 2894 nisi
600 2842 750 2911 prius
778 2858 872 2911 per
906 2842 1121 2897 solitam
1148 2843 1576 2901 benedictionem
1625 2856 1854 2917 paterna

265 2930 542 2984 sanctitati
573 2938 781 2985 vestrae
805 2941 991 2987 sancta
1031 2942 1086 2987 et
1124 2934 1445 2989 veneravilis
1467 2951 1599 2991 crux
1624 2937 1697 2991 ibi
1726 2938 1855 3010 ﬁga-

259 3029 351 3076 tur
378 3037 551 3092 neque
571 3023 661 3091 qui
693 3038 761 3078 ex
786 3023 892 3078 alio
917 3024 1229 3094 episcopato
1262 3024 1476 3080 dicione
1502 3036 1596 3080 aut
1620 3028 1854 3085 civitatis

1956 1839 2105 1893 nium
2136 1846 2338 1895 sancta:
2382 1847 2485 1894 tute
2516 1840 2770 1896 Ecclesiae
2813 1841 3117 1913 largitatem
3148 1847 3543 1902 corroboratioo

1955 1931 2041 1986 nis
2066 1930 2376 1987 ﬁrmitatem
2407 1932 2461 1986 in
2488 1943 2808 2003 perpetuum
2854 1936 3054 1989 habere
3097 1937 3459 2006 praecipimus,
3487 1948 3544 1993 et

1954 2021 2357 2088 conﬁrmamus,
2389 2030 2448 2078 ut
2481 2023 2685 2077 nullum
2712 2024 2914 2089 locum,
2944 2034 3038 2080 aut
3062 2028 3148 2092 jus
3174 2026 3540 2095 su-‘jacentem

1955 2113 2057 2169 sub
2086 2115 2297 2171 dicione
2325 2124 2528 2171 sach
2556 2123 2660 2170 tua:
2710 2116 2969 2172 Ecclesiae
2994 2132 3095 2186 pro
3117 2118 3359 2188 quolibet
3388 2121 3544 2173 adin-

1952 2207 2222 2261 ventionis
2250 2214 2567 2276 argumento
2614 2206 2854 2276 potentia
2897 2210 3276 2277 quoquomoxlo
3307 2209 3541 2279 judicari

1954 2294 2228 2352 suﬁ'ultum
2255 2297 2440 2363 civili,
2490 2306 2586 2352 aut
2614 2298 2837 2353 militari
2878 2300 3132 2369 precinas
3182 2302 3429 2370 usurpari
3457 2302 3543 2356 vel

1954 2385 2306 2451 subtrahere,
2344 2395 2437 2442 aut
2476 2386 2681 2442 violare
2707 2404 2760 2441 u.
2781 2426 2795 2441 .
2817 2426 2833 2442 .
2855 2427 2870 2441 .
2888 2428 2902 2442 .
2928 2427 2942 2442 .
2971 2388 3317 2446 innovatione
3370 2391 3541 2447 aedili-

1955 2475 2187 2531 cationis
2218 2475 2490 2532 inducere.
2529 2476 2636 2533 Sed
2664 2476 2726 2533 si
2778 2478 2921 2547 quis.
2946 2518 2959 2531 .
2980 2518 2995 2533 .
3018 2518 3033 2532 .
3054 2519 3068 2533 .
3089 2519 3103 2533 .
3135 2490 3227 2535 aut
3256 2482 3541 2537 cadentem
3606 2542 3614 2549 ,

1954 2565 2212 2635 templum
2232 2581 2514 2633 renovare,
2559 2578 2652 2622 aut
2700 2568 2971 2625 aediﬁcare
3002 2574 3386 2642 temptaverit,
3436 2591 3544 2631 non

1955 2655 2158 2712 habere
2192 2655 2464 2711 licentiam
2494 2665 2620 2713 ante
2643 2659 2747 2714 hoc
2772 2674 2933 2729 agere
2957 2700 2971 2724 ,
3018 2661 3123 2734 nisi
3148 2663 3298 2732 prius
3334 2679 3430 2734 per
3456 2680 3546 2720 so-

1956 2739 2104 2798 litam
2139 2744 2569 2801 benedictionem
2622 2756 2847 2817 paterna
2882 2732 3157 2805 sanctitati
3201 2732 3395 2809 vestrae
3424 2770 3547 2809 san-

1954 2842 2056 2889 ctae
2079 2875 2095 2901 ,
2147 2844 2203 2890 et
2229 2836 2555 2891 venerabilis
2580 2840 2762 2891 coram
2805 2837 2877 2892 ibi
2932 2838 3157 2909 ﬁgatur,
3196 2857 3264 2896 nc
3286 2859 3372 2912 q..
3395 2883 3407 2896 .
3440 2859 3546 2914 que

1953 2938 2023 2978 ex
2052 2922 2160 2979 alio
2181 2925 2494 2995 episcopatu
2528 2925 2744 2980 dicione
2768 2967 2783 2991 ,
2832 2938 2926 2980 aut
2956 2928 3193 2984 civitatis
3225 2932 3421 2987 ibidem
3450 2950 3547 2988 ve-

1957 3017 2193 3084 nientes,
2218 3026 2274 3073 et
2293 3029 2695 3076 eommorantes
2732 3022 2840 3077 Deo
2869 3023 3127 3079 amabiles
3154 3026 3381 3083 clericos
3412 3044 3547 3099 prte-

257 3114 462 3169 ibidem
488 3115 767 3170 venientes
795 3124 851 3170 et
884 3123 1286 3171 commorantes
1314 3117 1426 3171 Deo
1452 3117 1703 3173 amabiles
1739 3120 1851 3175 cle.
1876 3103 1923 3165 C
1953 3122 2169 3164 sumere
2196 3110 2250 3164 in
2292 3108 2697 3178 subjaeentibus
2723 3112 2879 3167 nobis
2914 3113 3170 3169 Ecclesiis
3197 3117 3313 3172 sine
3342 3134 3546 3187 pecce-

260 3202 409 3257 ricos
445 3217 794 3271 praesumere
827 3204 883 3258 in
936 3202 1340 3275 subjacentihus
1396 3206 1551 3263 vobis
1588 3207 1852 3268 Ecclesiis

259 3292 381 3347 sin‘c
411 3292 845 3363 praeceptionem
866 3301 1101 3349 vestram
1154 3294 1542 3351 sacerdotalem
1567 3312 1730 3370 agere
1756 3302 1852 3357 mi-

258 3385 571 3451 nisterium,
600 3386 774 3457 magis
811 3393 990 3442 autem
1019 3395 1075 3442 et
1120 3403 1310 3477 omnes
1351 3372 1681 3447 advenarum
1717 3394 1841 3450 reli-

256 3475 598 3544 giosissimos
626 3477 857 3532 clericos
899 3477 1099 3535 limites
1122 3475 1285 3551 atque
1337 3483 1578 3539 actiones
1610 3495 1848 3544 vestram

256 3565 602 3621 sanctitatem
642 3566 901 3622 obaudire
940 3584 1003 3623 ac
1033 3568 1261 3625 deﬁnire
1301 3579 1357 3627 et
1378 3576 1675 3630 secundum
1709 3578 1848 3634 divi-

256 3671 450 3711 narum
479 3656 655 3729 legum
684 3666 739 3713 et
767 3659 1255 3725 sacratissimarum
1303 3662 1612 3733 regularum
1656 3675 1846 3725 tenore

255 3745 508 3801 eﬂ‘ectum
564 3748 621 3801 in
670 3748 752 3803 eis
813 3746 1018 3802 inferre
1072 3752 1402 3807 monasterio
1457 3763 1634 3809 vestro
1656 3748 1659 3752 ’
1685 3759 1853 3813 sancti

257 3837 421 3905 primi
465 3837 707 3893 martiris
733 3836 993 3907 Stephani
1024 3839 1117 3908 qui
1164 3839 1246 3895 sic
1292 3842 1601 3897 nominatur
1655 3842 1853 3901 funda-

260 3936 447 3982 menta
475 3935 527 3982 et
546 3926 745 3996 rejacet
789 3929 945 3999 juxta
984 3928 1245 3999 palatium
1267 3946 1387 3985 cum
1408 3932 1658 3990 omnibus
1675 3936 1853 3991 eidem

255 4018 654 4088 pertinentibus
696 4018 965 4089 religiosis
1007 4019 1288 4075 monachis
1328 4022 1511 4076 omnia
1544 4027 1852 4081 veneranda

255 4108 479 4181 oracula
510 4124 572 4162 ac
612 4109 939 4164 monasteria
965 4116 1022 4164 et
1058 4118 1270 4164 ceteros
1309 4113 1653 4168 venerandos
1704 4113 1852 4171 locos

256 4199 359 4254 sub
385 4198 671 4268 parrochia
698 4199 993 4255 existentes
1043 4200 1319 4256 sanctitati
1367 4209 1585 4257 vestrae
1634 4204 1735 4259 sub
1775 4202 1855 4260 di-

255 4288 420 4344 cione
441 4297 499 4344 et
535 4296 802 4359 potestate
846 4290 1123 4345 sanctitati
1146 4297 1360 4345 vestrae
1398 4291 1744 4361 subiaceant,
1795 4302 1855 4349 et

256 4394 360 4450 per
390 4387 443 4434 te
493 4388 712 4435 sanctae
756 4389 883 4436 tuae
923 4380 1198 4436 Ecclesiae
1224 4387 1282 4435 et
1313 4395 1650 4453 quecumque
1685 4385 1882 4453 sacris,

1950 3200 2192 3271 ptiouem
2242 3207 2484 3255 nostram
2533 3202 2924 3257 sacerdotalem
2978 3219 3138 3274 agere
3187 3207 3546 3265 ministerium

1952 3290 2126 3362 magis
2163 3299 2369 3356 autem,
2400 3300 2457 3345 et
2503 3306 2693 3348 omnes
2731 3294 3062 3348 advenarum
3110 3294 3548 3366 religiosissimos

1950 3380 2181 3438 clericos
2216 3383 2415 3448 mites,
2469 3391 2529 3437 ut
2573 3398 2640 3438 ne
2664 3384 2880 3441 aciones
2921 3394 3156 3441 vestram
3203 3389 3543 3445 sanctitatem

1951 3472 2229 3538 obaudire,
2260 3488 2325 3527 ac
2364 3472 2610 3541 deﬁnire,
2643 3482 2698 3529 et
2744 3490 2844 3530 nec
2891 3474 3186 3530 secundum
3238 3478 3543 3534 divinarum

1950 3563 2127 3634 legum
2152 3603 2167 3629 ,
2205 3572 2258 3620 et
2291 3565 2782 3620 sacratissimarum
2824 3565 3130 3636 regularum
3178 3575 3364 3624 tenore
3412 3569 3542 3624 eil‘e-

1951 3660 2097 3707 ctum
2147 3653 2200 3707 in
2247 3654 2328 3708 eis
2374 3654 2593 3708 inferre.
2634 3653 2959 3709 Monasterio
3004 3670 3135 3710 vero
3179 3658 3350 3712 sancti
3384 3659 3543 3728 primi

1951 3742 2208 3813 martyris
2238 3740 2519 3813 Stephani,
2550 3742 2643 3812 qui
2694 3743 2773 3797 sic
2820 3743 3113 3800 nominatis
3158 3742 3541 3813 fundamenta,

1951 3841 2007 3889 et
2032 3849 2091 3889 se
2120 3833 2270 3903 jacet
2310 3832 2466 3901 juxta
2502 3833 2794 3903 palacium,
2832 3842 2888 3888 et
2916 3835 3168 3890 omnibus
3199 3836 3342 3890 idem
3369 3839 3541 3906 perti-

1951 3926 2203 3981 nentibus
2234 3926 2500 3996 religiosis
2545 3926 2825 3981 monachis
2855 3927 3036 3980 omnia
3086 3918 3392 3983 venerenda
3419 3944 3545 3984 ora-

1951 4018 2074 4072 cula
2101 4017 2187 4073 vel
2210 4018 2558 4084 monasteria,
2591 4027 2647 4073 et
2667 4026 2881 4074 ceteros
2902 4021 3239 4075 venerandos
3271 4020 3418 4077 locos
3439 4024 3540 4078 sub

1951 4109 2209 4176 parochia
2261 4109 2558 4164 existentes
2601 4109 2877 4164 sanctitati
2920 4118 3112 4166 vestrae
3167 4113 3269 4168 sub
3294 4113 3535 4181 dicione,

1951 4207 2008 4254 et
2023 4207 2290 4269 potestate
2321 4200 2597 4255 sanctitati
2626 4210 2823 4256 vestrae
2854 4200 3170 4269 subjaceant
3197 4244 3213 4270 ,
3263 4215 3320 4259 et
3346 4220 3444 4281 per
3487 4216 3541 4263 te

1951 4296 2153 4345 sancta:
2177 4298 2282 4344 tuae
2306 4288 2584 4345 Ecclesiae.
2628 4290 2695 4344 Et
2722 4305 3059 4361 quecumque
3105 4301 3232 4348 sunt
3255 4295 3337 4349 eis
3372 4296 3538 4365 privi-

1950 4379 2105 4451 legiis
2132 4378 2186 4435 in
2215 4380 2428 4451 integro
2451 4381 2806 4436 observandis
2832 4396 2994 4451 super
3026 4382 3113 4438 his
3140 4398 3241 4440 nec
3262 4425 3278 4450 ,
3329 4386 3533 4441 nullum

256 4446 341 4524 eis
367 4468 662 4540 privilegiis
689 4469 743 4524 in
775 4470 985 4541 integro
1032 4446 1385 4526 observandis
1442 4446 1608 4541 super
1634 4471 1720 4528 bis
1738 4487 1841 4530 nec
1874 4446 1926 4507 Ῐ)
1951 4471 2220 4539 molestia,
2250 4480 2345 4527 aut
2368 4473 2643 4544 angarias,
2672 4481 2766 4527 aut
2809 4475 3123 4544 gravamina
3151 4484 3245 4531 aut
3277 4478 3537 4534 excubias

255 4560 467 4616 nullum
489 4561 733 4617 molestia
765 4570 858 4616 aut
887 4561 1139 4633 angarias
1159 4572 1186 4603 ι
1224 4570 1321 4618 aut
1356 4564 1668 4634 gravamina
1691 4605 1706 4631 ,
1750 4574 1845 4621 aut

256 4703 470 4749 secreta
493 4694 613 4749 scit.
651 4714 671 4747 ›
695 4693 802 4749 Pro
845 4694 1211 4750 referendario
1238 4695 1438 4762 etiam,
1474 4704 1536 4751 ut
1569 4698 1845 4754 contendit

254 4763 485 4820 Carolus
507 4763 768 4819 Dufresne
813 4765 866 4819 in
916 4764 1210 4821 Glossario.
1243 4764 1356 4822 Hoc
1398 4774 1578 4821 tamen
1606 4766 1721 4822 loco
1755 4768 1841 4822 in-

255 4833 707 4908 telligendusest
726 4849 823 4908 pro
849 4834 1180 4908 internuntio
1208 4835 1598 4908 archiepiscopi
1626 4837 1840 4908 Raven-

254 4902 593 4984 nati‘snapud
618 4902 854 4984 orientis
900 4905 1027 4984 imp.
1069 4902 1355 4984 Leonem;
1394 4902 1563 4984 quod
1607 4907 1844 4984 maxime

328 4972 605 5029 ntiﬁcibus
630 4983 685 5030 et
707 4972 1034 5045 patriarchis
1064 4982 1191 5030 tunc
1219 4984 1326 5030 tem
1365 4972 1477 5031 oris
1506 4976 1559 5030 in
1588 4992 1687 5031 usu
1716 4976 1838 5031 fuit.

252 4988 461 5098 Eorum
493 5043 546 5097 id
575 5045 815 5098 muneris
835 5053 974 5098 erat.
1002 5053 1064 5098 ut
1096 5059 1184 5098 res
1224 4990 1590 5098 Eccresiarum
1620 5061 1838 5098 suarum

341 5058 461 5097 rum
493 5043 546 5097 id
575 5043 815 5100 muneris
835 5053 974 5107 erat,
1002 5053 1064 5098 ut
1096 5059 1184 5099 res
1224 5043 1590 5100 Ecclesiarum
1620 5061 1843 5101 suarum

252 5114 600 5183 peragerent,
622 5122 676 5170 et
695 5116 759 5170 de
785 5114 852 5184 iis
890 5114 958 5184 ad
992 5114 1288 5184 principem
1334 5115 1621 5180 referrent,
1652 5116 1700 5171 si
1744 5116 1844 5171 ali-

253 5197 363 5253 qua
387 5194 686 5253 emergeret
728 5183 1012 5239 diilicultas
1040 5184 1095 5237 in
1142 5183 1303 5238 rebus
1332 5183 1734 5253 ecclesiasticis
1773 5186 1843 5241 ad

251 5252 503 5324 politiam
524 5252 945 5324 pertinentibus,
967 5268 1087 5324 quae
1113 5268 1144 5307 a
1170 5252 1412 5324 principe
1431 5254 1643 5324 deﬁniri
1674 5255 1842 5311 debe-

253 5321 362 5393 ret.
397 5321 538 5393 Vide
559 5321 753 5380 Justin.
794 5321 1051 5393 novelfﬁ,
1082 5338 1131 5393 c.
1161 5321 1197 5376 2
1232 5331 1288 5377 et
1307 5321 1373 5389 3’;
1402 5324 1466 5379 D.
1486 5322 1730 5393 ,Gregor.
1765 5323 1839 5378 Μ.

252 5392 352 5449 lib.
389 5407 450 5447 tu
490 5392 654 5459 Dial.,
677 5408 727 5448 c.
766 5392 855 5448 56.
889 5392 1011 5448 Fuit
1036 5392 1201 5462 etiam
1242 5408 1437 5448 nomen
1463 5392 1741 5462 dignitatis
1786 5395 1841 5450 in

252 5463 379 5534 aula
411 5477 595 5534 regum
643 5469 698 5517 et
731 5463 980 5534 imperat.
1009 5460 1164 5530 cujus
1187 5471 1305 5534 erat
1353 5460 1548 5534 munus
1577 5463 1723 5518 circa
1754 5478 1844 5521 res

253 5532 679 5603 ecclesiasticas,
706 5532 924 5603 undaret
953 5551 971 5583 ι
1000 5532 1328 5603 responsalis
1373 5532 1736 5603 negotiorum;
1753 5547 1843 5589 ec-

254 5601 685 5659 clesiasticarum
721 5623 738 5654 ι
771 5602 970 5659 dicitur
1015 5600 1107 5657 ab'
1130 5601 1418 5657 Hincmaro
1448 5600 1563 5658 'lib.
1614 5603 1680 5658 de
1706 5600 1837 5658 0rd.

262 5669 496 5739 Palatii,
554 5687 672 5744 cap.
703 5672 791 5739 15,
829 5672 988 5745 idque
1024 5669 1181 5728 officii
1211 5673 1461 5744 gerebat,
1512 5671 1654 5743 quod
1704 5671 1842 5731 Con-

1948 4562 2174 4634 quilibet
2200 4562 2404 4619 inferre
2438 4565 2580 4635 parti
2623 4574 2824 4621 sanctae
2852 4572 2956 4619 tua:
2980 4565 3236 4623 Ecclesia:
3278 4580 3382 4624 nec
3427 4583 3534 4625 non

1946 4693 2291 4768 stantinopoli
2339 4694 2724 4764 apocrisiarius
2770 4693 3029 4768 Romana:
3074 4696 3350 4768 Ecclesiae,
3380 4698 3536 4768 cujus

1946 4763 2122 4821 instar
2149 4763 2283 4840 erat,
2309 4763 2484 4835 neque
2514 4774 2690 4840 tamen
2715 4781 2747 4818 a
2775 4765 2910 4840 sede
2932 4767 3228 4840 apostolica
3260 4763 3531 4840 deligeba-

1948 4842 2056 4899 tur,
2084 4835 2180 4889 sed
2224 4849 2255 4887 a
2305 4850 2451 4906 rege.
2514 4834 2659 4906 idem
2714 4849 2834 4904 cap.
2880 4835 2957 4906 id
2982 4853 3003 4906 :7
3030 4854 3049 4885 ι
3099 4834 3528 4906 Apocrisra'rius,

1946 4919 2106 4976 quem
2135 4903 2408 4959 nostrates
2429 4904 2763 4976 capellanum
2810 4903 2895 4956 vel
2921 4905 3105 4976 palatii
3131 4903 3409 4976 custodem
3431 4923 3531 4976 ap-

1946 4973 2165 5043 pellant,
2197 4989 2411 5028 omnem
2439 4973 2644 5027 clerum
2685 4973 2786 5026 sub
2811 4987 2942 5027 cura
2978 4982 3033 5026 et
3058 4974 3408 5043 dispositione
3432 4973 3529 5029 sua
3632 5016 3637 5021 κ

1948 5044 2187 5113 regebat.
2224 5043 2320 5100 Cui
2353 5044 2663 5113 sociabatur
2696 5056 2940 5097 summus
2974 5043 3347 5113 cancellarius,
3378 5045 3469 5113 qui
3497 5059 3530 5098 a

1946 5111 2172 5170 secretis
2195 5113 2323 5168 olim
2351 5111 2742 5182 appellabatur,
2763 5120 3026 5183 erantque
3054 5111 3128 5183 illi
3150 5113 3376 5183 subjecti
3396 5111 3497 5183 pru

1946 5184 2152 5245 dentes,
2184 5191 2240 5238 et
2268 5179 2645 5252 intelligentes,
2678 5196 2743 5237 ac
2767 5179 2954 5252 ﬁdeles
2977 5181 3101 5252 viri,
3126 5179 3525 5252 quifprazc'epta

1945 5254 2095 5325 regia
2124 5254 2329 5322 absque
2369 5251 2723 5325 immoderata
2749 5251 3062 5325 cupiditatis
3087 5251 3375 5307 venalitate
3395 5254 3532 5308 scri-

1943 5320 2156 5388 berem,
2184 5320 2252 5377 et
2269 5332 2480 5377 secreta
2508 5320 2652 5376 illius
2676 5320 3032 5377 custodirent.
3073 5341 3092 5373 ι

2017 5405 2043 5434 α
2080 5393 2350 5462 Augurite,
2390 5407 2527 5461 quas
2569 5406 2712 5462 nunc
2756 5390 3103 5462 pro_injustis
3128 5390 3527 5462 exactionibus,

1945 5459 2336 5525 coactionibus,
2365 5459 2429 5516 ac
2454 5459 2913 5530 compulsionibtis
2940 5459 3129 5531 vulgus
3152 5461 3367 5529 accipit,
3383 5462 3524 5531 apud

1947 5543 2157 5590 veteres
2178 5540 2337 5587 erant
2362 5531 2604 5596 servitia,
2627 5546 2749 5602 quae
2775 5532 2899 5602 quis
2942 5530 3047 5585 vel
3076 5531 3129 5584 in
3160 5530 3525 5600 persona,’vel

1945 5604 2001 5659 in
2026 5617 2104 5669 te,
2124 5602 2305 5658 facere
2327 5602 2628 5673 tenebatur.
2646 5600 2825 5673 Onera
2846 5616 2994 5673 nunc
3016 5615 3365 5667 vocaremus;
3394 5611 3528 5673 quot

1946 5682 2154 5741 autem,
2190 5682 2245 5727 et
2275 5670 2430 5742 cujus
2470 5672 2681 5745 generis
2719 5670 2923 5730 fuerint
2955 5669 3168 5742 longum
3211 5681 3355 5728 esset
3385 5669 3520 5727 assi-
