3900 6178
386 290 501 343 -855

1343 279 1443 334 ἈΒ
1476 277 1771 335 ΑΕΝΕΙᾸΛ
1808 274 2253 333 ΡΟΝἨΠΟΑΙᾸΞ
2290 271 2649 327 ΑΡΡΕΝῡίΧ.
2730 260 2737 273 ’

3546 269 3649 322 εππ

395 398 651 455 excuvias
681 408 707 437 α
741 394 960 466 quilibet
1000 392 1202 448 inferre
1229 392 1369 461 parti
1398 399 1614 446 sanetae
1643 398 1766 444 tuae
1790 388 1970 443 Eccle-
1996 389 2042 449 Λ
2072 383 2308 448 colonus,
2338 393 2430 438 aut
2466 398 2552 454 pa.
2575 424 2587 436 .
2608 420 2623 435 .
2644 422 2656 435 .
2677 421 2691 434 .
2743 396 2830 435 res
2859 395 2955 435 vos
2989 380 3329 449 subjacentes
3354 379 3501 450 parti
3530 393 3655 434 san—

397 494 537 559 siae,
553 505 761 547 necnon
789 487 1009 543 colonos
1027 494 1119 540 aut
1142 485 1426 556 partiarios
1449 484 1478 523 ι’
1507 489 1561 536 et
1581 496 1767 537 servos
1787 481 1959 536 subia-

2067 483 2172 529 etze
2190 483 2384 529 vestra:
2410 473 2684 538 Ecclesiae,
2717 487 2747 525 a
2786 471 3026 541 qmlibet
3053 471 3293 525 omnium
3325 470 3394 523 ad
3418 470 3658 524 militau-

400 590 586 640 centes
606 580 744 651 parti
764 587 982 633 sanctae
1006 584 1219 631 vestrae
1245 575 1516 629 Ecclesiae
1544 589 1575 627 a
1597 572 1837 642 quolibet
1862 585 1972 625 om-
2070 562 2197 618 dum
2233 564 2573 651 subtrahere,
2607 562 2702 617 sed
2731 561 2776 616 si
2808 561 3023 615 militati
3044 560 3263 651 fuerint,
3279 574 3374 614 eos
3404 559 3658 635 discingi,

398 674 546 728 nium
569 671 635 725 ad
650 668 996 724 militandum
1035 666 1377 730 subtrahere,
1420 665 1513 719 sed
1544 664 1588 719 si
1618 663 1831 718 militati
1860 662 1973 717 fue-

398 764 618 816 rinteos
645 758 869 827 discingi
905 764 960 812 et
1000 755 1311 810 desmilitari
1355 755 1604 824 juvemus
1637 763 1847 807 vestrae
1881 767 1976 807 ve-

393 849 667 905 nerandae
693 846 956 903 redituros
982 845 1142 916 parti,
1173 853 1232 898 ut
1268 844 1313 899 si
1352 843 1474 913 quis
1496 844 1622 898 talia
1645 850 1975 898 temeranter

394 938 763 1010 praevaricari
799 935 1140 1006 temptaverit
1191 933 1258 989 de
1304 933 1390 988 bis
1416 947 1555 1003 quae
1604 948 1635 987 a
1676 932 1831 988 nobis
1853 932 1975 1003 piae

398 1026 605 1087 sancita
629 1039 756 1084 sunt
779 1036 834 1083 et
852 1026 999 1095 juste
1031 1041 1060 1080 a
1086 1026 1242 1081 nobis
1259 1024 1487 1096 petistis
1510 1033 1564 1080 et
1597 1040 1697 1095 per
1724 1040 1976 1097 praesen-

348 1100 508 1175 Jtem
569 1126 811 1174 nostram
848 1117 1192 1187 apostolicam
1246 1115 1552 1171 continetur
1595 1116 1819 1185 formula
1868 1130 1975 1170 non

397 1211 569 1270 solum
598 1209 1085 1280 nihil'praevaleat,
1115 1208 1208 1263 sed
1238 1209 1400 1262 etiam
1429 1222 1529 1278 pro
1555 1208 1715 1263 talem
1741 1216 1976 1263 atrocem

401 1302 684 1358 audaciam
718 1308 775 1355 et
802 1300 1039 1355 omnium
1063 1313 1279 1354 suarum
1304 1298 1611 1354 facultatum
1634 1298 1978 1353 ammissione

398 1390 666 1447 faciantur
700 1404 907 1445 necnon
953 1397 1009 1444 et
1054 1389 1355 1443 animarum
1409 1388 1742 1443 adversionis
1766 1389 1980 1458 pericu-

398 1482 510 1537 lum
532 1482 755 1537 minime
775 1480 1048 1536 declinare
1072 1481 1309 1549 poterint
1327 1478 1713 1535 suﬁlcientibus
1731 1479 1979 1533 omnibus

399 1572 455 1627 in
491 1572 802 1628 ostensione
834 1570 950 1625 sola
993 1568 1152 1639 hujus
1176 1569 1507 1640 apostolicae
1541 1578 1759 1623 nostrae
1790 1582 1980 1623 exara-

407 1662 604 1719 cionis.
639 1660 697 1717 Si
722 1661 846 1732 quis
868 1675 1001 1716 vero
1016 1668 1205 1716 contra
1233 1660 1335 1715 hoc
1360 1667 1606 1714 nostrum
1626 1656 1979 1728 apostolicum

2070 661 2128 708 et
2157 650 2726 721 dismilitarijubemus
2764 663 2963 707 nostra:
2987 650 3311 707 veneranda
3350 651 3663 707 reddituros

2073 744 2231 812 parti,
2262 753 2322 799 ut
2348 746 2393 799 si
2437 745 2559 815 quis
2587 745 2709 799 talia
2740 750 3068 799 temerantes
3143 752 3459 812 prevertere
3489 750 3664 798 tenta-

2074 836 2232 901 verit,
2259 837 2327 891 de
2352 837 2437 890 his
2455 851 2575 905 qum
2606 850 2637 889 a
2665 835 2821 890 nobis
2846 836 2934 903 pie
2967 834 3176 889 sancita
3205 841 3367 898 sunt,
3414 840 3473 887 et
3507 830 3666 901 juxta

2076 942 2107 980 a
2135 927 2291 982 nobis
2314 928 2546 997 petistis,
2577 937 2637 980 ut
2675 942 2773 997 per
2799 935 3117 996 praesentem
3170 934 3481 980 nostrarum
3531 940 3669 995 apo-

2076 1016 2321 1072 stolicam
2357 1017 2665 1072 continetur
2685 1016 2935 1080 formula,
2963 1030 3071 1071 non
3096 1014 3267 1070 solum
3291 1015 3428 1070 nihil
3456 1029 3669 1084 preva-

2077 1106 2203 1172 leat,
2227 1107 2321 1161 sed
2343 1106 2506 1161 etiam
2534 1122 2632 1177 pro
2660 1106 2768 1161 tale
2795 1106 3078 1161 matricem
3123 1103 3425 1169 audaciam,
3448 1114 3509 1159 et
3539 1119 3667 1160 om-

2079 1197 2167 1252 nia
2205 1211 2425 1251 suarum
2477 1197 2795 1252 facultatum
2845 1196 3137 1251 amissione
3193 1195 3467 1249 faciantur
3491 1233 3508 1258 ,
3562 1209 3669 1249 nec

2077 1304 2205 1352 non,
2226 1295 2283 1342 et
2304 1288 2604 1342 animarum
2632 1287 2978 1342 adversiones
3028 1285 3271 1355 periculo
3294 1284 3524 1339 minime
3560 1285 3663 1339 de.

2079 1377 2283 1433 eliuare
2346 1376 2585 1446 poterint
2633 1376 3021 1430 sullicientibus
3070 1373 3403 1430 omnibusin
3433 1387 3670 1429 conces-

2078 1467 2231 1522 sione
2257 1466 2370 1522 sola
2401 1464 2559 1534 hujus
2601 1465 2911 1536 apostolica:
2955 1472 3153 1520 nostra
3193 1463 3549 1519 exarationis.
3609 1461 3669 1518 Si

2076 1559 2201 1629 quis
2249 1572 2377 1613 vero
2415 1567 2605 1613 contra
2631 1560 2734 1613 hoc
2764 1564 3010 1612 nostrum
3055 1555 3409 1627 apostolicum
3462 1568 3673 1623 praeco-

2078 1660 2262 1722 ptum.
2284 1691 2297 1705 .
2316 1689 2330 1703 .
2352 1692 2365 1705 .
2383 1690 2397 1704 .
2446 1651 2638 1722 egerit,
2672 1656 2960 1720 componat
2987 1649 3105 1702 auri
3145 1647 3281 1702 briei
3312 1645 3482 1700 libras
3503 1645 3670 1714 quil-

397 1760 745 1823 praeceptum
807 1750 981 1823 egerit
1038 1759 1326 1820 componat
1370 1750 1487 1804 auri
1533 1749 1694 1805 obriti
1737 1759 1760 1787 ε
1814 1747 1979 1801 libras
2007 1734 2051 1793 Β
2079 1755 2198 1810 quae
2226 1741 2462 1810 insuper,
2503 1748 2560 1794 et
2595 1739 2953 1794 anathematis
2981 1737 3211 1792 vinculis
3237 1738 3310 1791 sit
3337 1736 3667 1798 innodatus,

400 1844 640 1913 quinque
674 1842 898 1912 insuper
923 1847 982 1897 et
1010 1840 1370 1894 anathematis
1395 1839 1626 1894 vinculis
1654 1838 1725 1893 sit
1768 1837 1985 1892 innoda-

399 1938 488 1987 tus
513 1938 570 1987 et
613 1938 911 2002 perpetuae
953 1929 1416 1986 condemriationis
1450 1927 1789 1984 summissus.
1831 1925 1984 1994 Quod

397 2028 746 2090 praeceptum
796 2019 1221 2076 conﬁrmationis
1257 2034 1289 2073 a
1316 2020 1473 2074 nobis
1502 2017 1700 2073 factum
1741 2017 1985 2072 scriven-

400 2113 529 2168 dum
553 2113 931 2183 praecepimus
960 2112 1244 2167 Timotheo
1269 2111 1481 2168 notario
1504 2117 1561 2165 et
1591 2108 1878 2164 scriniario
1894 2123 1983 2163 se—

400 2204 486 2260 dis
510 2212 728 2260 nostrae
758 2205 814 2259 in
846 2218 1032 2260 mense
1053 2201 1195 2261 Julio
1238 2203 1530 2259 indictione
1577 2201 1895 2258 duodecima
1920 2205 1980 2264 >14

401 2292 548 2350 Bene
576 2293 752 2349 valete
782 2299 867 2358 >14.

472 2386 670 2441 Datum
700 2401 735 2441 ν
770 2386 896 2442 ldus
930 2383 1101 2440 Iulias
1126 2400 1223 2455 per
1250 2400 1469 2440 manum
1502 2383 1675 2453 Sergii
1705 2382 1987 2438 bibliothe-

402 2479 538 2534 carii
563 2486 784 2534 sanctae
805 2478 950 2534 sedis
971 2477 1295 2547 apostolicae
1323 2476 1618 2545 imperante
1646 2474 1864 2530 domino
1890 2488 1985 2528 no-

402 2577 521 2624 stro
542 2577 786 2639 perpetuo
810 2565 1056 2638 Augusto
1085 2565 1382 2621 Hludovico
1403 2582 1433 2620 a
1454 2566 1567 2621 Deo
1594 2573 1852 2621 coronato
1873 2581 1987 2619 ma-

403 2673 514 2730 gno
549 2657 775 2730 pacifica
801 2658 1126 2729 imperatore
1172 2670 1313 2720 anno
1337 2664 1492 2711 sexto
1534 2654 1562 2696 τι
1598 2663 1655 2711 et
1690 2664 1815 2726 post
1857 2670 1985 2711 con-

406 2829 603 2885 gnare;
632 2831 759 2870 nam
807 2815 1034 2871 diversae
1059 2828 1157 2885 pro
1182 2813 1412 2885 diversis
1434 2812 1790 2885 temporibus,
1815 2821 1869 2867 et
1886 2826 1987 2883 pro

406 2883 554 2938 varia
606 2885 909 2955 principum
946 2883 1191 2947 avaritia,
1222 2884 1307 2938 vel
1335 2883 1636 2940 clementia.
1665 2883 1988 2955 Plerumque

406 2960 589 3009 tamen
610 2953 727 3009 hoc
752 2953 968 3009 nomine
1007 2954 1230 3009 veniunt
1260 2955 1478 3009 servitia
1530 2969 1648 3023 qua:
1678 2969 1797 3009 cum
1833 2953 1987 3023 plau-

405 3024 552 3087 stris,
584 3025 759 3095 equis,
795 3024 976 3090 mulis,
1008 3025 1194 3095 asinis,
1231 3039 1295 3077 ac
1314 3026 1563 3095 personis
1591 3024 1821 3094 quisque
1846 3039 1987 3093 prae-

406 3082 553 3149 stare
579 3082 861 3149 tenebatur
881 3094 934 3149 in
957 3082 1191 3163 transitu
1226 3082 1409 3164 regum
1432 3103 1486 3155 et
1512 3082 1785 3151 Cceéaruiu
1809 3134 1824 3157 ,
1846 3082 1985 3148 'tum
2012 3082 2057 3143 C

406 3164 676 3234 praecipue
702 3158 1058 3229 exercituum,
1091 3179 1155 3219 ac
1198 3158 1376 3217 bellici
1430 3175 1720 3234 apparatus
1747 3173 1989 3218 transve-

408 3233 610 3287 ctione.
641 3233 805 3287 Plura
833 3233 1041 3288 videbis
1066 3235 1120 3288 in
1145 3232 1542 3288 Canitularibus
1579 3232 1756 3287 Caroli
1787 3233 1983 3288 Magni.

408 3248 610 3287 ettone.
642 3248 805 3287 Plura
833 3248 1041 3288 vmems
1066 3249 1120 3288 ιιι
1145 3248 1542 3303 Capitutarwus
1579 3248 1756 3287 Carou
1787 3248 1983 3301 magni,

528 3318 569 3367 ι,
600 3317 719 3374 cap.
746 3304 809 3359 8i
837 3320 851 3369 ;
1002 3319 1101 3369 vn,
1123 3318 1242 3383 cap:
1406 3302 1587 3383 Capit.
1613 3302 1986 3383 caroli_Calvi.

407 3372 494 3426 tit.
525 3371 682 3436 nm;
720 3389 841 3442 cap.
873 3371 968 3438 l4;
1009 3374 1149 3442 apud
1192 3371 1511 3428 'Goldastum
1538 3373 1686 3427 Cart.
1740 3372 1985 3442 Alcman.

407 3389 494 3426 ιιι.
525 3389 681 3436 nm,
720 3389 783 3427 ea
826 3412 841 3426 .
873 3389 968 3438 is;
1009 3389 1149 3442 apud
1200 3389 1511 3428 uoraasrum
1538 3389 1686 3427 Carr.
1740 3389 1985 3427 Alcman.

406 3456 529 3525 cap.
554 3442 653 3525 4:2”;
687 3389 1111 3525 Cotg‘Tl’ieodos.
1133 3442 1403 3525 ‘deIeursu
1442 3443 1569 3524 pub.
1603 3442 1657 3525 in
1696 3441 1826 3524 leg._
1847 3440 1990 3496 Visi-

405 3510 555 3584 goth.
586 3511 679 3567 lib.
704 3526 761 3584 v,
786 3513 867 3584 tit.
877 3512 943 3584 β,
967 3512 994 3584 §
1014 3513 1073 3584 5,
1096 3520 1151 3566 et
1182 3511 1311 3584 alibi
1334 3510 1576 3584 'passim.
1628 3510 1988 3583 Angariarum

406 3581 572 3637 etiam
599 3581 847 3638 meminit
863 3581 1175 3639 Guntherus
1208 3582 1469 3654 Ligurini,
1491 3582 1584 3637 lib.
1615 3596 1656 3637 ιι
1685 3599 1698 3636 :

531 3713 687 3780 Ijujus
706 3714 767 3780 ab
790 3716 988 3780 antiquo
1009 3714 1299 3780 Comitatum
1332 3716 1381 3765 in
1404 3713 1586 3780 finibus
1605 3714 1741 3765 urbis

531 3774 675 3839 solus
700 3779 758 3825 ab
777 3774 990 3839 angariis
1013 3778 1240 3839 Italorum
1264 3789 1395 3839 pene
1419 3777 1609 3839 solutus

532 3837 765 3888 Prasidto
791 3835 1021 3900 Ligurum
1042 3837 1199 3889 Guido
1218 3835 1580 3887 Blaudratensis
1604 3835 1833 3887 habebat.

481 3950 508 3980 ι
546 3936 810 4009 Εφεᾳρὶασ
836 3952 936 4007 pro
959 3938 1225 4004 excubias,
1258 3937 1399 4006 quod
1431 3937 1518 3993 hic
1542 3952 1648 3992 non
1678 3954 1778 4009 pro
1815 3944 1993 4009 custo-

410 4007 537 4063 dum
563 4006 781 4090 vigiliis,
802 4006 879 4090 ut.
899 4023 1004 4090 vos
1045 4016 1257 4090 sonat,
1404 4022 1529 4090 pro
1555 4006 1745 4090 quovis
1791 4008 1990 4090 injuste

410 4077 742 4149 gravamine,
772 4077 1041 4149 molestia,
1076 4078 1296 4149 servitio
1340 4077 1745 4149 intelligendum
1792 4087 1897 4140 est.
1927 4087 1990 4134 ut

410 4147 614 4220 optime
638 4147 1288 4220 ad_vertitDueangius,_et
1326 4147 1657 4220 nosciturex
1687 4148 1823 4220 Leg.
1855 4149 1991 4220 Lan-

411 4216 634 4288 gobard.
678 4216 774 4272 lib.
806 4232 900 4281 ιιι,
953 4217 1033 4271 tit.
1063 4216 1189 4283 952,
1220 4216 1276 4271 in
1301 4217 1505 4288 quarde
1547 4216 1652 4273 illis
1680 4216 1989 4275 hominibus

412 4286 518 4360 Qui
543 4300 633 4360 res
655 4301 783 4360 suas
822 4288 1196 4360 alienaverunt
1224 4304 1236 4339 :
1282 4305 1301 4338 ι
1335 4286 1669 4360 Ubicumque
1694 4304 1856 4360 super
1894 4304 1989 4345 eas

412 4355 672 4429 resident,
696 4356 980 4429 distringat
1000 4371 1099 4429 eos
1114 4372 1297 4429 comes
1321 4371 1419 4426 per
1436 4355 1692 4429 eseubias
1717 4355 1985 4427 publicas,

2081 1843 2137 1887 et
2165 1841 2439 1903 perpetua:
2463 1831 2900 1887 eondemuationi
2925 1830 3269 1885 summissus.
3285 1827 3440 1895 Quod
3471 1840 3671 1896 praece-

2080 1933 2233 1993 ptum
2256 1923 2682 1979 confirmationis
2708 1939 2738 1977 a
2772 1924 2927 1979 nobis
2953 1922 3153 1979 factum
3183 1962 3198 1987 ,
3255 1919 3668 1975 rescribendum

2081 2015 2434 2086 praecepimus
2480 2014 2802 2071 Thimotheo
2847 2016 3079 2080 notario,
3117 2022 3173 2068 et
3215 2012 3504 2067 scriniario
3527 2011 3670 2066 sedis

2083 2115 2283 2161 nostrai
2340 2108 2395 2161 in
2448 2120 2635 2164 mense
2660 2106 2802 2163 Julio
2834 2108 3066 2177 indictio
3117 2123 3214 2161 xu.
3272 2105 3420 2159 Bene
3469 2104 3666 2159 valete.

2083 2200 2288 2256 Guidus
2315 2198 2488 2255 Julius
2507 2215 2604 2270 per
2628 2214 2845 2254 manum
2869 2201 3001 2272 regi.
3021 2241 3034 2254 .
3054 2242 3066 2253 .
3087 2240 3100 2252 .
3118 2238 3132 2252 .
3165 2198 3353 2255 biblio.
3375 2238 3391 2251 .
3414 2237 3429 2250 .
3446 2237 3462 2250 .
3481 2234 3496 2250 .
3526 2196 3670 2251 sedis

2083 2290 2387 2362 apostolica:
2408 2291 2538 2363 imp.
2564 2290 2892 2363 Augustinus
2922 2290 3228 2347 Hludowic.
3250 2328 3263 2343 .
3282 2329 3297 2343 .
3319 2330 3333 2342 .
3356 2329 3369 2342 .
3396 2287 3595 2344 bendo.

2086 2818 2419 2886 autographa
2454 2816 2795 2872 consulentes
2828 2815 3147 2871 invenimus.
3198 2814 3254 2869 ln
3293 2823 3481 2886 nostro
3524 2827 3669 2872 certe

2086 2885 2333 2957 exemplo
2361 2887 2480 2939 auri
2520 2886 2675 2940 obriti
2719 2886 2879 2957 lectio
2906 2886 3186 2956 perspicua
3217 2893 3318 2939 est.
3343 2885 3492 2957 iAuri
3512 2888 3671 2941 obriti

2089 2956 2416 3013 mentionem
2464 2958 2643 3027 habet,
2664 2964 2734 3027 ut
2758 2956 2907 3027 edita
2925 2958 3274 3027 omittamus,
3323 2956 3556 3027 diploma
3584 2956 3671 3010 [le-

2090 3028 2325 3098 rengarii
2363 3027 2546 3098 favore
2561 3025 2861 3098 'l‘icinensis
2892 3026 3254 3098 Parthenonis
3268 3025 3470 3098 sancue
3491 3026 3670 3080 Maria!

2089 3095 2381 3154 Theodotus
2409 3097 2574 3167 (nunc
2601 3096 2758 3167 vulgo
2801 3097 3116 3167 indigitatur
3136 3096 3202 3149 ad
3226 3095 3589 3167 Posterulam,
3610 3112 3670 3152 ea

2088 3168 2321 3222 fortasse
2342 3164 2595 3221 de‘causa
2625 3164 2767 3236 quod
2810 3164 2962 3235 juxta
2994 3165 3215 3235 antiqua
3247 3164 3406 3220 Urbis
3438 3168 3668 3230 mania,

2087 3248 2142 3293 et
2168 3252 2332 3307 prope
2361 3252 2522 3289 unam
2552 3252 2618 3290 ex
2650 3236 2948 3291 minoribus
2989 3251 3096 3307 seu~
3137 3236 3531 3307 posterioribus
3554 3252 3672 3306 por-

2086 3305 2182 3372 tis,
2211 3305 2348 3376 quas
2390 3314 2517 3359 tunc
2554 3307 2814 3375 temporis
2863 3305 3167 3373 pusterulas
3247 3305 3327 3376 vel
3377 3305 3670 3376 poster-clas

2086 3374 2438 3440 vocabantur,
2457 3374 2754 3431 mdillcatus
2778 3375 2869 3442 sit)
2898 3376 3007 3430 dat.
3037 3388 3070 3428 v
3118 3376 3242 3430 ldus
3267 3374 3445 3429 Martii
3473 3395 3492 3427 ι
3534 3390 3671 3430 anno

2085 3446 2483 3503 lncarnationis
2509 3446 2721 3501 Domini
2746 3447 2871 3503 899.
2895 3461 3038 3501 anno
3078 3460 3211 3499 vero
3239 3447 3445 3501 domini
3474 3446 3670 3501 Beren-

2086 3519 2221 3589 garii
2248 3516 2619 3589 gloriosissimi
2649 3516 2909 3589 regisl'é,
2946 3532 3041 3586 per
3058 3516 3409 3589 iudietionem
3445 3516 3501 3570 3.
3540 3536 3559 3567 ι

2158 3589 2225 3643 Et
2247 3585 2475 3642 alterum
2508 3585 2764 3641 Ludovici
2802 3586 3143 3656 imperatoris
3184 3585 3411 3640 Bosouis
3462 3586 3671 3656 provin-

2087 3658 2186 3714 ciae
2215 3658 2356 3726 regis
2383 3656 2479 3710 filii
2510 3672 2608 3725 pro
2646 3656 2835 3710 eodem
2873 3655 3230 3718 Parthenone,
3272 3655 3471 3726 datum
3501 3655 3670 3723 Papiae

2094 3746 2113 3779 ι
2146 3745 2179 3781 v
2213 3725 2335 3781 ldus
2360 3725 2537 3779 Martii
2558 3741 2701 3779 anno
2737 3725 3126 3779 lncarnationis
3149 3725 3360 3779 Domini
3383 3725 3511 3787 98l,
3536 3740 3671 3779 anno

2086 3813 2215 3852 vero
2242 3796 2443 3851 domini
2496 3795 2775 3865 Hludoviei
2810 3794 3185 3865 gloriosissimi
3234 3796 3581 3865 imperatoris
3606 3798 3667 3859 1,

2086 3882 2185 3937 per
2206 3865 2554 3937 indictionem
2582 3865 2636 3937 4.
2676 3885 2693 3916 ι
2728 3864 2996 3937 Czcterum
3030 3865 3283 3936 frequens
3326 3865 3380 3937 io
3412 3865 3668 3937 diploma-

2087 3933 2254 3999 tibus,
2283 3935 2554 4004 praecipue
2577 3936 2859 3999 Caesareis,
2891 3936 3004 3989 hac
3046 3933 3148 3989 voi
3174 3974 3189 3998 ,
3236 3943 3294 3987 ut
3336 3933 3668 4003 frequentior

2088 4006 2253 4060 etiam
2288 4006 2408 4075 auri
2434 4006 2587 4070 cocti,
2633 4005 2755 4058 auri
2784 4006 2926 4075 puri,
2951 4006 3071 4057 auri
3091 4004 3385 4075 purissimi,
3412 4006 3535 4075 auri
3561 4020 3667 4073 ραι

2089 4074 2378 4147 fectissimi,
2410 4076 2529 4147 auri
2557 4073 2932 4147 probatissimi,
2960 4084 3009 4127 et
3032 4073 3153 4127 auri
3178 4074 3388 4147 optimi.
3422 4074 3560 4129 Illud
3588 4075 3667 4128 itt-

2088 4142 2248 4202 terim
2299 4142 2591 4198 notandum
2620 4152 2744 4209 est,
2794 4145 3018 4215 multam
3062 4142 3438 4215 pecuniariam
3489 4152 3665 4215 contra

2088 4224 2539 4299 transgressores,
2565 4229 2684 4299 qum
2728 4214 2782 4268 in
2808 4213 3080 4299 Caesarum
3106 4221 3163 4267 et
3199 4228 3388 4299 regum
3411 4213 3669 4299 Italiaa‘di-

2087 4283 2417 4357 plumatibus
2440 4283 2603 4357 nouo;
2622 4294 2677 4339 et
2714 4285 3066 4357 sequentibus
3105 4283 3316 4357 saeculis
3354 4284 3670 4357 frequentis-

2091 4299 2417 4357 ptomaunus
2440 4299 2584 4340 nouo
2622 4299 2677 4339 et
2714 4299 3066 4354 sequentibus
3105 4299 3316 4338 saeuus
3354 4299 3373 4338 ι
3478 4299 3670 4340 uenus-

2091 4356 2228 4412 sima
2255 4364 2359 4417 est,
2392 4354 2447 4409 in
2476 4355 2637 4410 bullis
2662 4354 2978 4424 pontificiis,
3011 4354 3331 4424 canet-isque

412 4425 553 4480 sicut
578 4422 663 4477 lex
693 4421 950 4482 continet.
984 4445 1003 4478 ι
1038 4426 1139 4481 Ubi
1166 4421 1390 4482 Glossa:
1426 4445 1446 4478 ι
1481 4425 1537 4480 ld
1575 4435 1660 4482 est
1706 4421 1987 4484 servitium
2013 4421 2066 4482 D
2092 4425 2171 4481 cis
2198 4425 2585 4490 monumentis,
2615 4421 2791 4480 rarius
2816 4439 3104 4481 occurrere
3125 4464 3141 4489 ,
3187 4421 3257 4478 et
3291 4423 3527 4479 fortasse
3560 4434 3670 4478 tau-

414 4494 480 4549 ad
505 4499 697 4562 pontes
722 4496 1120 4550 restaurandos.
1156 4514 1175 4548 ι

453 4562 822 4686 1.1;).Partiarii,
875 4579 1159 4619 servorum
1208 4579 1418 4637 genus,
1467 4565 1533 4619 de
1572 4566 1768 4636 quibus
1820 4566 1992 4624 fusius

475 4649 489 4685 ι
531 4648 569 4685 ι.

418 4645 569 4685 aIIDl.

487 4699 741 4775 ¢_Obritl,
766 4702 1094 4775 sequbrizi_,
1142 4703 1288 4775 quod
1321 4718 1535 4772 purum,
1570 4705 1829 4775 optimum
1862 4747 1875 4771 ,
1937 4718 1993 4762 et

415 4771 702 4896 Lmbatum
740 4772 1025 4854 significat.
1055 4771 1361 4855 Dueangiu’s
1384 4774 1451 4828 ad
1477 4771 1699 4829 verbum
1724 4772 1988 4858 Obryzum

487 4841 581 4895 bet
624 4851 944 4896 sequentia:
982 4860 1000 4892 ι
1034 4843 1377 4896 Attrtbricum
1427 4854 1676 4896 corrunte
1727 4852 1889 4896 etiam
1935 4848 1988 4896 in

487 4841 581 4895 bet
624 4841 903 4909 sequentia
932 4859 944 4894 :
976 4841 1000 4892 ἰ
1034 4841 1377 4898 Αιιιίὺνὶἐιιπι
1427 4854 1676 4909 corrupte
1727 4841 1889 4899 etiam
1918 4842 1990 4900 ‘in

414 4909 706 4984 diplomate
739 4910 1147 4984 Langobardieo
1183 4913 1459 4968 Paschalis
1487 4915 1507 4968 ι
1537 4909 1645 4968 PP.
1676 4928 1774 4984 pro
1799 4915 1990 4971 Eccle-

415 4979 496 5053 sia
523 4979 883 5053 Ravennensi'.
926 5001 946 5034 ι
983 4981 1040 5037 Si
1075 4983 1143 5038 de
1167 4992 1350 5038 nostra
1374 4984 1514 5038 l.ulla
1543 4979 1807 5053 loquitur,
1850 4986 1993 5041 unde

414 5051 558 5124 hanc
604 5051 887 5124 lectionem
931 5053 1317 5124 desumpserit,
1393 5056 1548 5109 nobis
1597 5051 1703 5109 non
1759 5064 1989 5111 constat.

418 5118 769 5193 Rubeus,_qui
786 5122 994 5193 primus
1050 5118 1170 5178 eam
1197 5123 1449 5193 vulgavit,
1471 5126 1524 5178 in
1545 5124 1995 5181 editioneVeneta

418 5137 654 5185 nuneus,
669 5137 761 5244 ιόιιι
786 5137 994 5190 pnmus
1050 5138 1170 5178 eam
1197 5137 1449 5193 vulgavit,
1471 5141 1524 5178 tu
1545 5137 1780 5180 editione
1795 5137 1995 5181 Veneta

417 5189 544 5271 anni
573 5190 692 5271 158.
719 5230 741 5271 ,_
757 5192 922 5271 ῥίψει
953 5192 1292 5271 ouribriti,_i_n
1311 5195 1639 5271 prmeedenti
1659 5196 1864 5271 pariter
1886 5197 1997 5271 γε·

419 5267 543 5335 neta
569 5260 695 5313 anni
721 5260 860 5314 1572
882 5262 1024 5315 nulla
1047 5272 1133 5335 est
1154 5260 1539 5335 bullae'mentio
1563 5306 1577 5330 ,
1626 5260 1736 5322 imo
1762 5265 1995 5335 plurima

419 5327 633 5394 desunt,
656 5344 777 5401 quae
800 5339 985 5401 postea
1014 5331 1095 5385 vel
1117 5332 1339 5397 addidit,
1366 5334 1451 5388 vel
1486 5327 1744 5397 correxit,
1764 5327 1825 5388 ut
1851 5335 1992 5389 inter

418 5404 636 5476 caetera,
670 5400 985 5476 Petronaois
1011 5400 1349 5476 electionem,
1370 5416 1565 5476 quam,
1595 5404 1855 5476 Paschale
1884 5404 1988 5476 PP.

413 5470 526 5547 jam
552 5475 783 5547 mortuo,
807 5470 1070 5525 accidisse
1106 5471 1340 5547 dixerat.
1369 5470 1625 5547 Ughellus
1644 5484 1757 5547 tam
1802 5475 1853 5527 in
1882 5473 1994 5547 edi:

421 5536 566 5618 tione
594 5536 857 5618 Romana,
887 5554 1048 5618 quam
1104 5542 1159 5594 in
1207 5536 1633 5618 recentiVeneta
1675 5544 1834 5618 habet
1874 5545 1994 5597 auri

420 5605 561 5685 boni,
591 5617 842 5676 corrupte
864 5605 1102 5685 quidem,
1137 5612 1273 5664 utin
1304 5615 1512 5685 caeteris
1537 5614 1699 5667 etiam
1730 5614 1992 5685 diploma—

422 5672 587 5737 tibus,
624 5672 1189 5744 qtue—amauuensium
1221 5696 1407 5736 errore
1437 5683 1752 5752 plerumque
1783 5672 1993 5749 vitiata,

2097 4496 2372 4551 tummodo
2392 4494 2453 4565 in
2489 4495 2593 4549 illis
2615 4511 2735 4565 qua:
2773 4496 2914 4549 intra
2963 4502 3161 4565 sancta:
3189 4494 3333 4565 sedis
3381 4494 3667 4565 dominium

2094 4564 2450 4633 exsequendm
2478 4564 2653 4630 erant,
2689 4566 2766 4619 uti
2810 4573 2997 4619 nostra
3044 4564 3159 4618 haec
3201 4564 3481 4619 Paschalis
3508 4565 3668 4633 letia

2094 4632 2324 4691 concilio
2354 4634 2597 4689 Romano
2625 4636 2725 4689 sub
2764 4634 3027 4689 Silvestre
3070 4634 3171 4688 PP.
3216 4634 3272 4687 in
3298 4649 3409 4702 quo
3445 4632 3667 4702 cmnobii

2094 4704 2342 4761 Perusini
2391 4705 2654 4759 asseritur
2712 4705 3061 4768 immunitas,
3116 4714 3168 4758 et
3223 4701 3484 4759 statuitur
3537 4722 3558 4755 α
3608 4701 3672 4758 Ut

2094 4777 2402 4845 quicunque
2449 4773 2725 4829 Perusina:
2755 4774 3012 4829 Ecclesiae
3041 4775 3325 4845 episcopus
3364 4774 3511 4828 hanc
3546 4772 3669 4845 deli—

2095 4843 2262 4899 nitam
2286 4845 2433 4898 litem
2477 4860 2739 4899 renovare
2768 4843 3085 4909 tentaverit,’
3100 4844 3282 4899 decem
3314 4843 3483 4899 libras
3508 4844 3670 4909 puris-

2093 4916 2212 4969 simi
2236 4915 2352 4968 auri
2376 4914 2724 4985 Lateranensi
2746 4914 3250 4985 palatioeomponat
3281 4933 3298 4966 ι
3332 4915 3477 4985 apud
3498 4914 3671 4985 Labbo

2093 4985 2297 5039 Concil.
2332 4993 2462 5038 tom.
2488 4984 2582 5050 IX,
2614 4985 2719 5040 col.
2747 4982 2914 5039 ⁷1247.
2943 4982 3269 5053 Plerumque
3294 4982 3477 5039 tamen
3490 4982 3672 5054 ponti-

2095 5054 2223 5110 lices
2258 5055 2402 5125 solas
2426 5055 2838 5125 imprecationes
2865 5055 3159 5125 adhibuere
3198 5062 3391 5109 contra
3418 5052 3672 5125 infracto-

2095 5140 2204 5186 res,
2231 5124 2299 5179 iis
2332 5123 2517 5195 autem
2547 5126 2640 5195 qui
2687 5139 2872 5179 eorum
2902 5123 3152 5195 mandata
3200 5133 3487 5179 servarent
3513 5123 3670 5177 vitam

2095 5204 2355 5266 aeternam
2383 5208 2413 5247 τι
2439 5193 2667 5250 Domino
2695 5195 3071 5266 deprecantes.
3106 5193 3307 5266 Harum
3334 5207 3669 5266 veroexem-

2095 5265 2199 5334 pla,
2234 5279 2354 5334 quas
2378 5267 2579 5333 passim
2608 5266 2749 5336 apud
2768 5264 3033 5320 auctores
3062 5265 3331 5328 invenies,
3375 5279 3445 5319 ne
3472 5264 3673 5335 longio-

2097 5351 2186 5390 res
2209 5336 2396 5396 simus,
2435 5335 2681 5391 consulto
2708 5337 3026 5392 omittimus.

2166 5404 2192 5444 ά
2241 5404 2498 5460 Ludovici
2545 5421 2720 5460 annus
2756 5406 2967 5475 imperii
3028 5413 3213 5460 sextus
3272 5418 3462 5459 mense
3501 5402 3669 5467 Julia,

2100 5491 2273 5529 anuus
2315 5484 2399 5528 est
2439 5475 2653 5529 Domini
2695 5476 2937 5531 decimus
2979 5490 3153 5530 nonus
3199 5490 3362 5545 supra
3391 5476 3668 5545 octingen—

2100 5546 2385 5606 tesimum;
2441 5560 2564 5600 eum
2609 5546 2753 5600 enim
2797 5562 2827 5599 a
2868 5546 3059 5601 Carolo
3098 5552 3256 5615 patre
3303 5561 3355 5598 .n
3404 5553 3668 5599 conventu

2099 5615 2425 5686 Aquisgrani
2481 5616 2666 5670 habito
2716 5615 2964 5671 Ctesareo
3011 5617 3314 5669 diademate
3361 5615 3671 5686 insignitum

2103 5684 2291 5749 fuisse,
2337 5694 2390 5739 et
2417 5686 2627 5756 imperii
2657 5694 2961 5742 consortem
2990 5686 3321 5742 declaratum
3357 5700 3503 5740 anno
3546 5684 3667 5747 815.
