3900 6178
264 267 372 326 845

1545 260 1818 316 ΝΟΊΊἹΊᾹ
1860 261 2244 318 lllSTORlCA.

3428 253 3532 308 826

265 392 496 450 corpora
516 378 734 450 humata
769 372 1041 450 miraculis
1068 388 1131 450 ac
1158 375 1446 450 virtutibus
1482 373 1844 450 pollent.‘i_lis
1879 379 1923 431 Α
1951 374 2131 450 valvas
2159 373 2325 450 ipsius
2359 370 2617 450 ecclesia}.
2649 367 2982 450 lternvelum
3021 366 3299 450 modicum.
3323 367 3529 450 deplo-

266 444 448 523 ἰεὶιίη·Δ
473 444 729 523 perlectis
756 444 1031 511 operibus,
1056 445 1122 497 ad
1143 444 1246 497 alia
1280 453 1498 523 repente
1520 444 1845 523 venerabilis

264 512 509 591 p‘ontil'ek
561 515 799 591 animu__m
832 523 895 591 et
937 523 1169 591 mentem
1216 512 1498 591 convertit.
1559 515 1655 584 (a)
1688 512 1845 591 ,ξείνη

265 583 552 647 ecclesiam
584 592 709 638 tunc
732 584 793 636 Β.
824 583 987 637 Marci
1023 583 1348 638 confessoris
1372 592 1533 652 atque
1554 584 1842 653 pontiﬁcis,

267 673 434 730 quam
470 652 1028 735 tempore‘sacerd‘otii
1069 654 1149 707 sui
1182 655 1469 735 regendam
1510 652 1843 735 susceperat,

265 722 322 784 et
348 739 630 795 usquequo
663 723 728 776 ad
749 722 1091 795 pontiﬁcatus
1119 722 1362 795 pervenit
1388 723 1637 793 gratiam,
1664 722 1715 777 in
1748 737 1846 777 suo

259 802 387 870 jure
423 793 488 849 ac
517 794 719 847 ditione
739 793 1054 870 permansit,
1070 808 1189 860 qua:
1206 794 1274 848 ob
1289 794 1509 870 nimiam
1527 801 1845 870 vetustatem

266 861 462 925 crebro
499 878 691 919 casura
716 861 834 917 esse
869 862 1168 925 videbatur,
1200 879 1322 917 cum
1347 862 1730 931 omnipotentis
1754 861 1846 914 Dei

266 936 672 1009 opitulationea
689 931 1050 1009 fundamentis
1063 932 1211 1009 prius
1229 933 1405 1009 ejecit,
1431 943 1484 986 et
1506 933 1843 1009 postmodum

265 1002 426 1064 novis
447 1004 667 1059 fabricis
700 1012 867 1057 totam
890 1003 955 1055 ad
984 1003 1257 1056 meliorem
1284 1004 1486 1057 cultum
1513 1011 1674 1069 atque
1697 1002 1847 1055 deco-

268 1095 387 1134 rem
419 1074 698 1145 perduxit,
741 1072 1090 1145 absidamque
1116 1073 1283 1145 ipsius
1317 1074 1718 1145 praenominatze
1748 1072 1845 1125 ba-

266 1141 434 1204 silicae
483 1144 689 1197 musivo
749 1141 929 1195 aureis
977 1142 1359 1211 superinducto
1411 1141 1677 1196 coloribus
1722 1156 1846 1195 cum

268 1232 479 1273 summa
511 1213 866 1281 gratulatione
893 1212 1148 1280 depinxit.
1190 1212 1341 1266 Fecit
1364 1228 1491 1266 vero
1526 1221 1672 1265 sarta
1706 1218 1847 1265 tecta

266 1288 388 1354 ejus
422 1285 615 1354 omnia
635 1298 791 1344 nova,
823 1289 876 1335 et
911 1283 1170 1350 quidquid
1201 1283 1252 1335 in
1269 1297 1338 1354 ea
1368 1289 1492 1354 ante
1520 1283 1622 1336 vile
1650 1295 1847 1350 cogno-

268 1352 442 1415 verat,
482 1353 775 1422 pretiosum
812 1364 995 1418 postea
1034 1366 1152 1405 esse
1176 1353 1380 1422 maluit.
1410 1352 1578 1422 Igitur
1598 1367 1849 1407 consum-

270 1427 433 1481 matis
456 1424 705 1477 omnibus
731 1423 816 1475 his
842 1436 938 1491 pro
959 1422 1194 1475 remedio
1218 1431 1270 1475 et
1292 1421 1470 1475 futura
1498 1422 1848 1476 retributione

270 1498 468 1550 anima:
502 1509 635 1552 sum,
679 1491 874 1544 obtulit
915 1490 966 1544 in
1002 1490 1114 1559 jam
1144 1506 1286 1560 sarpe
1321 1493 1594 1545 nominata
1616 1491 1847 1546 ecclesia

271 1565 473 1618 futuris
496 1561 823 1628 temporibus
834 1561 1193 1627 perntanenda
1215 1562 1346 1631 haec.
1370 1562 1610 1631 Regnum
1627 1576 1849 1614 aureum

271 1650 465 1693 unum,
495 1647 601 1700 quo
625 1633 637 1683 l
667 1645 835 1698 usque
856 1631 1014 1683 hodie
1037 1645 1199 1698 super
1225 1630 1394 1685 altare
1416 1630 1703 1700 (iependet,
1726 1646 1848 1684 cum

271 1699 683 1769 αοςιιίιλὶςγτιιιιο
712 1699 947 1768 optimis.
976 1701 1177 1753 habens
1204 1702 1255 1754 in
1279 1701 1455 1754 medio
1483 1699 1703 1755 auream
1728 1716 1848 1754 cru-

271 1791 393 1829 cem
426 1786 549 1826 cum
596 1770 821 1839 gemmis
862 1770 1063 1836 pariter
1109 1770 1375 1837 pretiosis.
1428 1772 1557 1824 ltem
1590 1773 1852 1840 gabathas

271 1860 338 1898 ex
369 1857 502 1895 auro
516 1840 803 1908 purissimo
825 1847 935 1891 tres
957 1840 1249 1906 pendentes
1263 1849 1387 1893 ante
1407 1840 1852 1907 pneuominatum

272 1914 470 1966 altare.
498 1911 564 1963 Et
588 1908 848 1978 gabathas
876 1908 1207 1963 interrasiles
1231 1911 1297 1963 de
1319 1918 1542 1975 argento
1572 1909 1854 1963 duodecim

272 1981 594 2051 angelorum
640 1992 804 2051 opere
831 1987 1185 2051 constructas.
1223 1978 1290 2030 Et
1323 1980 1456 2051 alias
1486 1978 1745 2051 gabathas
1771 1979 1853 2032 in-

278 2048 562 2106 termsiles
593 2048 828 2115 quinque
857 2061 978 2100 cum
1010 2048 1235 2117 pedibus
1257 2050 1388 2103 suis.
1422 2049 1550 2102 Item
1574 2048 1663 2101 ubi
1694 2062 1856 2117 supra

272 2121 474 2174 obtulit
503 2117 935 2188 thymiamateria
962 2132 1125 2170 aureo
1161 2117 1340 2173 colore
1361 2119 1575 2188 perfusa
1598 2118 1700 2170 tria
1718 2157 1733 2179 ,
1765 2134 1855 2171 ea-

275 2192 451 2244 nistra
488 2189 552 2242 de
570 2186 812 2255 argento
841 2186 1142 2257 duodecim.
1175 2186 1414 2242 Coronas
1440 2195 1721 2257 argenteas
1744 2203 1856 2240 ma.

268 2261 423 2329 jores
453 2267 508 2312 et
548 2257 780 2329 minores
814 2270 1025 2329 novem.
1058 2255 1260 2311 Cruces
1289 2258 1354 2329 de
1379 2255 1605 2324 argento
1632 2266 1771 2329 tres.
1804 2268 1860 2309 et

277 2325 619 2397 unaquzeque
648 2326 806 2379 habet
840 2325 1030 2397 libram
1060 2342 1239 2380 unam.
1279 2326 1590 2381 Cerosmtas
1626 2327 1858 2397 desuper

277 2394 595 2467 arge'ntatas
617 2405 866 2467 quatuor.
901 2394 1055 2467 Fecit
1076 2406 1129 2449 et
1154 2396 1417 2467 ciborium
1444 2398 1511 2467 ad
1545 2396 1753 2451 laudem
1777 2406 1856 2448 at-

279 2464 389 2538 que
417 2469 666 2522 decorem
696 2464 1024 2538 confessoris
1038 2465 1367 2538 iamsi-pius
1392 2466 1516 2520 dicti
1543 2482 1607 2518 ex
1632 2475 1857 2538 argento

278 2534 576 2607 purissimo
603 2550 838 2607 pensans
871 2534 1036 2607 libras
1076 2535 1237 2607 mille.
1277 2536 1462 2591 Altare
1488 2534 1859 2604 quoque‘cjus—

280 2604 409 2662 iletn
454 2605 724 2673 argenteis
771 2604 1019 2658 similiter
1065 2606 1261 2661 tabulis
1300 2607 1600 2668 exornavit,
1639 2607 1860 2674 cupiens

280 2693 381 2747 per
399 2675 965 2747 rerum_temporalium_
986 2675 1244 2729 exercitia
1264 2684 1463 2747 teterna
1484 2676 1620 2747 ccelo
1637 2675 1858 2747 pnemia

280 2743 527 2817 adipisci.
569 2743 861 2798 PaL-dictus
896 2744 1059 2817 etiam
1089 2745 1408 2817 venerabilis
1435 2744 1671 2817 pontifes
1707 2745 1861 2799 obtu-

284 2812 491 2878 litfubi
538 2829 720 2883 supra,
756 2822 960 2867 vestem
1002 2812 1067 2866 de
1119 2813 1336 2867 l‘un'lato
1377 2812 1539 2868 unam
1574 2813 1860 2870 habentem

286 2899 574 2953 mucrones
619 2897 714 2953 per
748 2883 1049 2953 circuitum.
1083 2884 1234 2938 Fecit
1268 2895 1323 2938 et
1360 2885 1518 2937 aliam
1558 2891 1760 2937 vestem
1794 2884 1861 2937 de

282 2957 510 3012 elevem
563 2951 928 3025 [boloserico]
991 2968 1194 3015 unam,
1242 2953 1524 3025 habentem
1577 2953 1630 3006 in
1682 2953 1860 3025 medio

285 3040 554 3096 gemmas,
566 3022 639 3077 ’et
673 3022 815 3096 mala
840 3022 1021 3086 aurea,
1057 3032 1113 3096 et
1139 3038 1236 3096 per
1269 3024 1553 3096 circuitum
1578 3036 1767 3076 zonam
1793 3023 1861 3096 de

1955 459 2076 496 vero
2118 435 2324 495 habens
2364 442 2417 494 in
2454 440 2626 493 medio
2663 438 2933 492 hominem
2973 452 3094 491 cum
3128 435 3357 492 caballo.
3400 439 3530 496 Vela

1947 528 2067 564 cum
2110 521 2335 579 argento
2387 509 2636 578 spanisco
2674 507 3106 579 quatuordecim.
3148 506 3278 561 Vela
3318 509 3534 564 modica

1949 581 2037 635 ubi
2081 577 2240 650 supra
2272 582 2335 634 de
2372 577 3085 650 ol'overo,_pdecem_habens
3103 579 3529 646 unumquodque

1951 646 2390 704 vorum'anates.
2451 649 2547 702 llic
2596 648 2775 700 divina
2844 646 3195 713 inspiratione
3254 658 3533 714 protectus

1947 720 2142 773 ontulit
2187 721 2239 773 in
2263 719 2375 787 jam
2404 719 2549 772 dicta
2578 717 2800 771 basilica
2827 715 3182 784 aquazmanile
3210 716 3276 771 de
3305 728 3533 788 argento

1949 805 2134 842 unum.

2019 859 2215 913 Verum
2247 860 2409 913 etiam
2438 858 2565 912 fecit.
2591 858 2644 909 in
2675 855 2902 910 ecclesia
2938 855 3217 910 beatorum
3244 854 3455 912 Cosma:
3477 867 3542 913 et

1950 929 2188 983 Damiani
2220 939 2515 1000 martyrum
2543 935 2749 1000 vestem
2782 925 2845 1000 de
2879 924 3100 979 fundato
3126 941 3289 1000 unam
3325 927 3534 1000 baben-

1949 1008 2056 1052 tem
2099 1000 2152 1052 in
2182 994 2670 1054 medio'historiam
2703 994 2971 1065 depictam
3004 996 3535 1065 cumgchrysoclavo.

1948 1068 2006 1121 ln
2036 1070 2260 1124 ecclesia
2307 1069 2449 1122 beati
2496 1065 2764 1136 Abbacyﬁri
2806 1063 2969 1136 [abba
3003 1063 3186 1136 Cyri],
3237 1063 3399 1135 atque
3444 1083 3544 1121 ar-

1949 1139 2191 1209 changeli
2229 1139 2295 1193 ad
2319 1134 2839 1209 Alefaﬁntumxﬂiea
2867 1136 2975 1209 Deo
3002 1134 3205 1209 eleotus
3225 1136 3543 1209 etprazcla—

1950 1224 2044 1262 rus
2071 1204 2297 1264 a'ntistes
2335 1208 2530 1262 obtulit
2570 1207 2624 1260 in
2660 1204 2884 1259 basilica
2910 1205 3055 1259 beati
3086 1204 3359 1258 Eustachii
3391 1222 3541 1260 mar-

1949 1280 2084 1349 tyris
2118 1288 2319 1333 vestem
2359 1279 2423 1332 de
2459 1277 2680 1349 fundato
2719 1290 2881 1330 unam
2933 1276 3221 1329 habentem
3260 1273 3316 1328 in
3357 1277 3540 1330 medio

1951 1346 2229 1403 historiam
2256 1350 2322 1403 de
2350 1346 2722 1418 chrysoclavo.

2020 1417 2169 1474 Fecit
2191 1420 2302 1489 jam
2333 1413 2527 1486 smpius
2558 1417 2863 1471 nominatus
2898 1413 3288 1489 pnzesulaliant
3325 1425 3535 1489 vestem

1950 1491 2002 1544 in
2029 1478 2252 1544 ecclesia
2281 1478 2560 1555 beatorum
2601 1478 2915 1555 martyrum:
2944 1478 3116 1555 Scrgii
3145 1494 3201 1555 et
3238 1484 3438 1540 Bacchi
3469 1488 3538 1541 de

1951 1542 2384 1613 l'unDd—atoiunhm.
2414 1556 2540 1610 Pari
2564 1555 2723 1610 modo
2747 1542 2875 1609 vero
2900 1551 3027 1609 leeit
3047 1542 3113 1608 ἴθι
3136 1554 3299 1608 aliam
3331 1564 3537 1610 vestem

1950 1630 2015 1683 de
2040 1628 2262 1682 fundato
2284 1628 2338 1681 in
2358 1627 2587 1681 ecclesia
2608 1624 2781 1681 sancti
2805 1623 3052 1679 Silvestri
3071 1624 3248 1693 posita
3272 1623 3328 1677 in
3355 1634 3540 1680 monte

1883 1723 1927 1781 Β
1956 1698 2187 1781 εοείιοξί.

2027 1767 2154 1822 Post
2190 1765 2452 1836 completa
2478 1780 2608 1836 vero
2634 1765 2749 1819 hzec
2778 1764 2969 1836 omnia
2997 1772 3055 1820 et
3090 1763 3380 1836 diligenter
3415 1780 3544 1835 per-

1955 1847 2095 1901 acta,
2124 1837 2251 1891 fecit
2290 1834 2344 1890 in
2383 1835 2611 1891 ecclesia
2654 1835 2798 1888 beati
2830 1835 2975 1888 Petri
3016 1834 3247 1904 apostoli
3272 1834 3387 1889 vela
3413 1851 3542 1891 eum

1954 1907 2305 1978 chrysoclago
2330 1920 2557 1978 numero
2582 1905 2991 1978 quatuordecim
3017 1904 3271 1978 habentia
3291 1905 3540 1978 diversas

1956 1974 2212 2031 historias
2243 1974 2677 2046 Evangeliorum,
2718 1982 2774 2028 et
2800 1975 3082 2046 passiones
3110 1975 3254 2046 beati
3291 1974 3438 2037 Petri
3458 1990 3542 2046 ac

1955 2047 2136 2110 Pauli,
2170 2060 2268 2100 nec
2294 2044 2415 2101 non
2436 2044 2665 2101 Andreat
2694 2045 2942 2113 apostoli,
2972 2060 3091 2112 quae
3121 2045 3428 2112 dependent
3452 2045 3544 2099 in-

1959 2127 2040 2171 ter
2061 2116 2323 2185 imagines
2350 2129 2482 2169 auro
2504 2123 2836 2186 argentoque.
2865 2113 3014 2169 fusas
3042 2114 3098 2171 in
3125 2114 3281 2186 trabe
3307 2115 3546 2186 desuper

1957 2183 2255 2266 argentata,
2303 2183 2593 2266 antequam
2647 2183 2811 2266 adeas
2854 2199 3067 2266 sacram
3122 2183 3544 2266 confessionem,

1958 2254 2201 2325 speciosa
2234 2255 2390 2309 valde
2416 2254 2622 2309 visibus
2647 2255 2920 2325 humanis,
2953 2263 3113 2325 atque
3144 2255 3435 2325 praacipua.

2029 2325 2179 2397 Fecit
2207 2332 2387 2397 autem
2404 2332 2478 2397 Aet
2512 2325 2568 2378 in
2615 2323 2848 2397 ecclesia
2876 2323 3254 2397 beatiiChristi
3289 2323 3549 2397 martyris

1958 2396 2177 2465 Georgii
2212 2392 2530 2465 magniﬁcus
2556 2393 2757 2465 praesul
2797 2396 2926 2449 hinc
2952 2396 3075 2450 inde
3100 2395 3376 2465 porticus,
3410 2392 3550 2464 quas

1958 2464 2123 2519 etiam
2164 2465 2232 2518 ad
2276 2464 2615 2519 decessorem
2647 2464 2815 2533 ipsius
2849 2465 3086 2519 basilicae
3120 2464 3285 2519 Variis
3328 2465 3550 2520 ornavit

1959 2535 2204 2605 picturis.
2248 2532 2509 2605 Absidatn
2538 2532 2679 2588 vero
2713 2534 2951 2605 ejusdem
2997 2534 3257 2605 diaconiae
3290 2550 3322 2589 a
3354 2533 3551 2589 funda-

1962 2603 2158 2659 mentis
2173 2603 2468 2657 auxiliante
2483 2603 2712 2658 Domino
2725 2603 2848 2659 cum
2862 2619 3074 2658 summo
3087 2604 3266 2659 studio
3293 2605 3545 2673 compsit.

1965 2674 2061 2729 Hie
2102 2675 2235 2729 adeo
2264 2673 2511 2727 amabilis
2549 2673 2791 2744 pontifex
2819 2674 2945 2729 dum
2977 2674 3262 2744 diligenter
3300 2685 3553 2729 cerneret

1962 2745 2106 2814 quod
2143 2744 2383 2813 ejusdem
2409 2743 2735 2798 venerabilis
2764 2743 3023 2798 diaconia:
3055 2743 3405 2798 secretarium
3435 2760 3551 2814 pra:

1961 2815 2127 2868 nimia
2157 2824 2459 2882 temporum
2487 2820 2758 2868 vetustate
2783 2821 3175 2874 marcesceret,
3202 2814 3415 2867 noviter
3445 2829 3547 2882 pro

1963 2883 2133 2952 ipsius
2164 2896 2351 2953 amore
2377 2881 2468 2953 vel
2500 2883 2675 2953 gratia
2701 2882 2932 2936 aliorum
2958 2883 3039 2953 ad,
3062 2882 3344 2936 meliorem
3367 2881 3549 2938 erexit

1965 2951 2242 3008 honorem.
2294 2951 2521 3022 Obtulit'
2558 2951 2741 3019 itaque
2795 2952 3171 3008 sanctissimus
3217 2968 3390 3022 papa,
3454 2956 3549 3008 ubi

1965 3037 2149 3092 supra,
2174 3021 2479 3092 hazcdona.

284 3080 681 3165 chrysoclavm
701 3092 812 3146 lmo
853 3107 983 3147 vero
1010 3080 1220 3165 'obttilit
1256 3092 1630 3165 sanctissimus
1663 3093 1862 3165 pragsul
1889 3080 1933 3141 C
2033 3080 2348 3165 'Vestem_dc
2382 3090 2604 3165 fundato
2628 3108 2789 3165 unam
2819 3108 2942 3147 cum
2964 3091 3313 3165 chrysoclavo
3344 3092 3552 3165 haben-

286 3162 501 3219 vestem
542 3163 609 3217 de
634 3162 850 3216 olovero
875 3178 996 3216 cum
1026 3164 1244 3232 grypbis
1272 3172 1327 3218 et
1366 3163 1731 3218 unicornibus.
1762 3162 1865 3216 Ve-

284 3245 427 3289 stem
457 3246 671 3303 quoque
714 3232 873 3303 aliam
911 3222 1410 3303 cum'cb'rysoelavo
1434 3248 1542 3303 per
1572 3232 1860 3303 circuitum

284 3301 593 3359 habentem
620 3302 675 3355 in
714 3301 887 3356 medio
936 3301 1384 3358 resurrectionem
1428 3301 1639 3357 Domini
1692 3304 1862 3357 nostri

282 3374 416 3428 Jesu
452 3372 672 3427 Christi.
713 3371 865 3441 Scepe
893 3371 1006 3441 jam
1030 3372 1205 3442 dictus
1233 3372 1557 3427 venerabilis
1600 3387 1737 3442 papa
1771 3373 1865 3425 ob-

285 3444 413 3497 tulit
443 3443 496 3495 in
521 3443 903 3511 pnenominata
931 3441 1153 3496 ecclesia
1180 3452 1385 3497 vestem
1413 3457 1535 3496 cum
1560 3441 1781 3511 gryphis
1809 3449 1864 3495 et

281 3511 639 3582 chrysoclavo
660 3525 763 3582 per
779 3511 1084 3582 circuitnrn,
1113 3512 1399 3582 habentem
1435 3511 1495 3582 in
1520 3511 1696 3565 medio
1723 3511 1861 3563 nati-

283 3579 512 3637 vitatem
558 3580 768 3634 Domini
818 3580 989 3634 nostri
1033 3579 1160 3634 Jesu
1202 3580 1423 3635 Christi.
1479 3581 1610 3634 Item
1657 3588 1863 3634 vestem

286 3653 453 3705 aliam
482 3666 603 3704 cum
621 3650 985 3720 ichrysoelavo
1009 3651 1296 3703 habentem
1323 3663 1421 3718 per
1444 3649 1695 3720 medium,
1716 3659 1863 3720 rotas

284 3720 354 3774 de
387 3719 745 3789 chrysoclavo
771 3726 1020 3789 quatuor,
1049 3729 1109 3789 et
1139 3720 1664 3789 nativitatcmatque
1686 3719 1862 3787 bapti-

286 3805 469 3844 smum
493 3787 713 3842 'Domiui
738 3787 906 3843 nostri
930 3787 1055 3841 Jesu
1086 3787 1306 3842 Christi.
1338 3788 1544 3842 Obtulit
1568 3787 1696 3842 vero
1723 3803 1863 3857 pra:-

287 3859 601 3913 nominatus
623 3858 861 3925 pontifex
887 3868 1088 3912 vestem
1119 3858 1279 3912 aliam
1313 3874 1433 3913 cum
1465 3858 1729 3923 leonibus,
1764 3858 1863 3910 ha-

288 3930 509 3984 bentem
545 3930 995 3982 resurrectionem
1025 3928 1231 3982 Domini
1261 3929 1328 3981 de
1361 3928 1731 3997 chrysoelavo.
1766 3927 1867 3981 Ve-

285 4008 405 4054 stes
422 3998 489 4052 de
511 3996 730 4051 fundato
750 3999 987 4052 minores
1013 4006 1156 4062 octo,
1184 4012 1304 4067 qua:
1327 3996 1585 4067 altaribus
1612 4010 1868 4066 superpo-

288 4076 516 4130 nuntur,
556 4082 676 4136 quae
729 4082 824 4136 per
859 4069 1146 4122 circuitum
1196 4066 1434 4136 ejusdem
1479 4066 1721 4121 ecclesia:
1745 4080 1866 4120 esse

289 4146 608 4191 noscuntur.
647 4137 769 4191 Vela
815 4136 934 4192 alba
973 4138 1146 4192 serica
1184 4146 1433 4206 quatuor,
1469 4151 1633 4189 unum
1662 4136 1867 4190 habens

290 4206 531 4277 undique
554 4206 775 4277 Tyrium
794 4249 808 4271 ,
834 4215 893 4277 et
928 4208 978 4261 in
1007 4208 1185 4261 medio
1208 4205 1427 4261 crucem
1450 4215 1511 4277 et
1531 4205 1865 4277 gammadias

290 4278 361 4330 de
404 4274 772 4346 chrysoclavo.
816 4275 993 4330 Alium
1021 4278 1088 4331 de
1114 4277 1346 4330 stauraci
1375 4276 1577 4346 habens
1607 4274 1660 4328 in
1677 4277 1864 4346 _r_nedio

290 4343 517 4415 crucem
544 4346 610 4400 de
638 4346 876 4409 olovero,
899 4355 953 4400 et
975 4347 1305 4415 gammadias
1334 4346 1399 4400 de
1433 4345 1648 4399 olovero
1675 4343 1859 4415 Tyrio,

1966 3172 2073 3218 tem
2104 3159 2725 3233 imaginemusalvatoris
2749 3171 2804 3217 et
2838 3159 3092 3233 martyris
3120 3162 3446 3225 Sebastiani.
3474 3172 3553 3218 at-

2005 3249 2071 3288 ue
2099 3230 2335 3299 Georgii.
2385 3230 2513 3286 Vela
2561 3234 2628 3287 de
2659 3232 2877 3287 fundato
2918 3230 3123 3299 majora
3160 3234 3288 3296 duo,
3334 3234 3551 3288 minora

1964 3250 2150 3357 aecem
2181 3307 2236 3356 et
2263 3308 2405 3356 octo.
2439 3300 2589 3356 Fecit
2613 3311 2793 3357 autem
2819 3303 2871 3356 in
2897 3302 3236 3357 confessione
3260 3303 3430 3357 ipsius
3460 3305 3551 3357 ba-

2001 3317 2150 3357 ecem
2181 3307 2236 3356 et
2263 3308 2405 3356 octo.
2439 3300 2589 3356 Fecit
2613 3311 2793 3357 autem
2819 3303 2871 3356 in
2897 3302 3236 3358 confessione
3260 3303 3430 3371 ipsius
3460 3305 3552 3357 ba-

1966 3373 2129 3428 silicm
2154 3385 2317 3440 rugas
2348 3371 2413 3424 de
2445 3382 2669 3442 argento
2694 3388 2756 3427 ex
2788 3388 2922 3427 auro
2941 3372 3207 3441 perfusas.
3237 3372 3359 3428 Pari
3388 3376 3546 3428 modo

1966 3458 2105 3513 vero
2123 3450 2271 3513 sarta
2301 3448 2442 3513 tecta
2473 3442 2707 3496 basilica)
2741 3443 2880 3513 beati
2914 3442 3140 3496 Adriani
3173 3444 3425 3513 martyris
3454 3459 3553 3513 po—

1966 3513 2068 3567 sita
2097 3512 2150 3565 in
2171 3511 2265 3580 via
2284 3509 2476 3572 Sacra,
2511 3527 2634 3579 qua:
2665 3527 2774 3580 pra:
2803 3512 2968 3565 nimia
2991 3518 3258 3566 vetustate
3304 3509 3551 3567 uitareue-

1966 3590 2106 3642 rant,
2140 3579 2359 3651 naviter
2382 3579 2729 3651 restauravit.
2752 3580 2964 3651 Verum
2993 3581 3156 3651 etiam
3189 3581 3319 3635 fecit
3356 3582 3407 3635 in
3448 3598 3549 3651 pa-

1967 3650 2227 3704 triarchio
2257 3650 2605 3704 Laterancnsi
2646 3650 2938 3704 triclinium
2982 3650 3131 3720 mira:
3160 3650 3550 3720 magnitudinis

1967 3721 2278 3774 decoratum
2307 3733 2431 3772 cum
2458 3719 2644 3774 absida
2669 3722 2735 3775 de
2772 3720 2999 3774 musivo.
3039 3717 3145 3773 Sed
3171 3730 3227 3774 et
3251 3717 3384 3774 alias
3406 3721 3551 3777 absi-

1966 3789 2066 3844 das
2094 3789 2227 3859 duas
2255 3787 2447 3843 dextra
2471 3789 2711 3858 kevaque
2730 3791 2938 3858 positas
2964 3790 3103 3843 infra
3130 3790 3549 3859 paraeellarium

1966 3859 2133 3913 variis
2174 3858 2416 3912 historiis
2460 3859 2718 3927 depictas.
2765 3859 2914 3913 Fecit
2963 3860 3125 3914 etiam
3174 3861 3599 3915 sanctissimus~

1966 3943 2105 3997 papa
2150 3934 2205 3980 et
2222 3927 2290 3997 fin
2330 3927 2554 3982 ecclesia
2587 3929 2733 3983 beati
2770 3927 3064 3983 Clementis
3094 3929 3423 3985 confessoris
3458 3946 3552 3985 ve-

1968 4007 2104 4120 ste'm
2130 3998 2194 4051 de
2215 3996 2435 4051 fundato
2461 4012 2582 4051 cum
2622 3998 2888 4064 leonibus,
2920 4007 2975 4053 et
2998 3998 3284 4069 periclysin
3308 4000 3376 4054 de
3401 4010 3553 4055 octa-

1968 4085 2036 4120 nu
2061 4082 2112 4120 o.

1968 4082 2112 4138 puto.

2044 4136 2217 4192 Simili
2242 4138 2409 4210 modo
2433 4137 2568 4210 etin
2597 4138 2842 4210 diaconia
2869 4137 3012 4210 beati
3052 4138 3319 4194 Theodori
3344 4148 3552 4210 marty-

1971 4208 2047 4293 ris
2069 4208 2359 4293 vestem‘de
2386 4206 2606 4293 [nodato
2627 4207 2816 4291 leones
2836 4208 3118 4293 habentem
3148 4225 3270 4293 eum
3297 4206 3552 4293 pericly'si

1968 4277 2035 4331 de
2074 4278 2343 4348 octapulo.
2386 4277 2535 4348 Fecit
2580 4289 2762 4333 autem
2804 4279 2856 4333 in
2889 4278 3119 4333 ecclesia
3167 4277 3312 4335 beati
3346 4277 3551 4336 Christi

1971 4347 2225 4418 martyris
2251 4347 2546 4408 Laurentii,
2572 4363 2692 4416 quae
2716 4349 2932 4418 ponitur
2959 4348 3090 4403 foris
3116 4365 3320 4412 nmros,
3345 4359 3549 4405 vestem

294 4414 515 4468 tertium
560 4423 615 4468 et
655 4424 904 4485 quartum
942 4414 1208 4488 similiter.
1255 4415 1382 4488 Vela
1427 4416 1492 4468 de
1520 4414 1867 4488 rodino'qua-
1896 4416 1945 4474 D
1971 4414 2379 4488 chrysoelavam
2410 4414 2698 4488 habentem
2718 4414 3001 4473 historiam
3029 4419 3292 4475 Zacchtei.
3324 4420 3475 4475 Fecit
3496 4430 3555 4475 et

298 4493 443 4546 tuor,
501 4499 620 4552 quae
665 4500 876 4539 sacrum
925 4485 1095 4540 altare
1145 4486 1479 4540 circumdant
1522 4502 1534 4536 :
1572 4499 1638 4537 ex
1675 4486 1869 4551 quibus

294 4568 466 4625 tntum
506 4555 667 4625 habet
702 4569 915 4608 crucem
956 4556 1024 4625 de
1058 4554 1425 4625 chrysoclavo.
1476 4554 1605 4607 Vela
1649 4554 1716 4607 de
1748 4553 1868 4608 fun-

297 4624 428 4675 dato
470 4622 655 4692 viginti
695 4639 824 4693 ses,
864 4632 919 4677 et
953 4624 1087 4678 linea
1142 4622 1408 4686 similiter,
1468 4639 1587 4693 qua:
1642 4624 1877 4692 pendent

294 4707 398 4760 per
443 4706 627 4760 arcus,
659 4692 919 4746 ecclesiae.
979 4694 1104 4748 Vela
1156 4692 1516 4748 Alexandrina
1575 4693 1708 4757 tria,
1749 4702 1874 4748 ante

295 4759 486 4832 portas
532 4759 761 4832 majores
800 4763 1097 4832 pendentia.
1144 4765 1398 4818 habentia
1431 4764 1674 4817 homines
1706 4773 1761 4818 et
1785 4780 1874 4818 ca-

301 4829 493 4883 ballos.
522 4829 813 4885 Cortinam
827 4833 1240 4890 Alexandrinam
1273 4849 1455 4894 unam,
1494 4834 1611 4886 vela
1638 4833 1742 4887 alia
1773 4835 1871 4888 ha-

297 4900 483 4971 bentia
508 4914 790 4955 mucrones
809 4902 874 4955 de
900 4901 1121 4956 fundato
1146 4914 1393 4971 quatuor.
1426 4902 1612 4957 Velum
1635 4903 1701 4956 de
1726 4912 1874 4957 octa-

300 4968 430 5040 pulo
459 4985 646 5040 unum.
682 4971 809 5040 Vela
850 4971 952 5024 alia
988 4973 1054 5024 de
1087 4968 1306 5025 fundato
1335 4981 1459 5027 octo
1490 4972 1738 5026 habentia
1777 4987 1875 5040 per

302 5038 605 5109 circuitum
642 5039 928 5109 periclysiu
977 5040 1043 5094 de
1102 5041 1309 5094 blattin.
1356 5042 1421 5095 Et
1460 5042 1563 5094 alia
1611 5041 1727 5095 vela
1778 5038 1874 5096 sex

301 5121 429 5180 c_um_
466 5108 658 5180 aqnilis
703 5108 950 5163 habentia
997 5124 1095 5180 per
1143 5110 1427 5164 circuitum
1476 5110 1758 5180 periclysin
1806 5112 1873 5164 de

303 5176 489 5248 :I'yrio.
541 5177 664 5233 Vela
705 5180 970 5248 simulque
998 5176 1101 5232 alia
1146 5180 1212 5233 de
1255 5176 1736 5248 fuutlato‘quinque
1776 5180 1872 5232 ha—

303 5243 488 5318 bentia
538 5248 719 5303 leones
777 5258 833 5302 et
885 5243 1180 5318 'periclysin
1239 5250 1303 5302 de
1350 5243 1532 5318 Tyrio.
1589 5243 1714 5301 vela
1773 5249 1874 5303 alia

301 5313 683 5387 Alexandrina,
713 5334 778 5373 ex
809 5313 1005 5387 quibus
1033 5313 1196 5371 unum
1226 5313 1429 5372 habens
1461 5326 1607 5371 rotas
1637 5328 1691 5370 et
1728 5334 1881 5372 rosas

306 5383 360 5436 in
391 5388 597 5452 medio,
630 5397 685 5443 et
706 5383 849 5442 aliud
886 5389 1107 5442 arbores
1146 5396 1199 5440 et
1231 5398 1404 5451 rotas,
1436 5388 1725 5457 pendentia
1754 5398 1881 5442 ante

384 5524 458 5583 (η)
487 5520 625 5575 Nam
657 5521 923 5576 ecclesiam
957 5530 1079 5575 tunc
1107 5521 1241 5575 beati
1274 5520 1603 5591 confessoris.
1653 5521 1709 5575 ln
1737 5522 1879 5576 hunc

312 5593 484 5646 sancti
537 5591 700 5645 Marci
776 5594 986 5645 titulum
1030 5592 1320 5661 Gregorius
1367 5610 1396 5645 a
1446 5608 1503 5645 se
1548 5592 1876 5661 nobilissima

314 5668 582 5715 smn-tura
620 5669 935 5715 exornatum
979 5660 1157 5715 intulit
1182 5678 1374 5727 corpus
1412 5662 1580 5715 sancti
1615 5660 1880 5714 εει-νευρῆς

1974 4486 2133 4559 aliaat
2160 4497 2361 4559 vestem
2392 4486 2671 4559 fundatam
2687 4503 2810 4559 eum
2833 4489 3055 4559 gryphis
3076 4490 3129 4543 iu
3150 4491 3407 4544 honorem
3429 4506 3555 4543 san-

1974 4567 2073 4628 ctze
2103 4558 2193 4610 Dei
2232 4557 2508 4627 genitricis
2535 4556 2615 4610 Ad
2655 4556 2935 4628 Martyres.
2979 4558 3089 4612 Nec
3115 4574 3217 4612 non
3244 4569 3298 4614 et
3326 4560 3379 4613 in
3410 4560 3556 4614 beati

1976 4626 2251 4696 Stephani
2290 4628 2708 4697 protomartyris
2743 4626 2808 4681 in
2837 4628 3001 4684 leio
3038 4639 3218 4681 monte
3246 4637 3449 4683 vestem
3488 4631 3555 4682 de

1976 4697 2199 4750 fundato
2225 4697 2704 4765 cumgammadiis.
2739 4698 2938 4752 Verum
2963 4697 3193 4752 etiamet
3222 4700 3273 4752 in
3303 4699 3551 4752 diaeonia

1977 4766 2147 4820 beaue
2196 4767 2290 4820 Dei
2333 4766 2608 4835 genitricis
2655 4767 2708 4820 in
2761 4769 2847 4821 via
2899 4769 3031 4821 Lata
3078 4766 3206 4821 leeit
3251 4776 3457 4823 vestem
3489 4769 3557 4820 de

1978 4836 2213 4890 stauraci
2250 4851 2371 4889 eum
2401 4836 2652 4904 perielysi
2681 4837 2747 4889 de
2781 4837 2997 4889 blattin.

2048 4905 2219 4959 Simili
2255 4903 2415 4959 modo
2453 4914 2509 4975 et
2546 4903 2625 4975 in_
2648 4903 2874 4975 ecclesia
2918 4907 3098 4975 beata:
3131 4905 3227 4958 Dei
3275 4904 3556 4975 genitricis

1976 4990 2294 5043 semperque
2324 4973 2545 5043 virginis
2578 4972 3015 5043 .‘llarimidomiua:
3054 4984 3251 5027 nostrm
3281 4972 3367 5027 'Ad
3405 4974 3553 5025 Prae-

1976 5060 2101 5113 sepe
2123 5042 2250 5098 fecit
2266 5042 2467 5097 vestem
2486 5058 2617 5094 auro
2634 5042 2870 5113 textilem
2893 5043 3553 5104 habentemnativitatem,

1978 5111 2324 5183 baptismum,
2348 5111 2816 5183 pnesentantionetn
2850 5120 2909 5183 et
2937 5113 3389 5183 resurrectionem
3419 5130 3432 5164 :
3463 5113 3556 5165 ha—

1979 5180 2192 5237 bentem
2224 5183 2276 5235 iu
2316 5182 2491 5250 capite
2524 5180 2690 5248 ipsius
2726 5181 2962 5235 historia:
2999 5196 3239 5251 gemmas
3267 5180 3417 5235 albas
3447 5190 3555 5235 tre-

1978 5262 2161 5306 centas
2183 5260 2234 5306 et
2257 5251 2586 5321 octuaginta,
2605 5250 2980 5319 hyacinthinus
3000 5250 3409 5321 quinquaginta,
3432 5266 3556 5320 pra-

1983 5323 2130 5375 sinas
2160 5323 2346 5391 viginti
2371 5323 2523 5391 duas,
2547 5329 2601 5374 et
2627 5322 2679 5374 in
2707 5321 2931 5391 circuitu
2959 5321 3228 5376 alvaviras
3257 5322 3465 5391 legente
3487 5324 3556 5376 de

1986 5394 2200 5446 nomine
2222 5390 2407 5445 domui
2433 5390 2680 5459 Gregorii
2712 5390 2778 5445 IV
2806 5406 2974 5458 papan

1988 5522 2256 5591 martyris.
2305 5521 2508 5591 Quibus
2533 5537 2663 5581 vero
2706 5520 2980 5574 miraculis
3024 5520 3263 5588 ejus-lem
3301 5521 3559 5591 martyris

1986 5590 2553 5643 articulusinﬁalliam
2587 5602 2634 5645 tr
2653 5591 2878 5645 mslatus
2906 5592 3084 5653 fuerit,
3116 5592 3278 5647 refert
3304 5590 3562 5655 Eziuharc

1987 5664 2086 5713 dus
2124 5661 2211 5712 lib.
2246 5677 2315 5719 tv,
2348 5676 2464 5725 cap.
2499 5664 2587 5714 Ἡ.
2619 5665 2742 5715 ':‘~t:v.
2776 5662 2890 5715 BIN.
