3900 6178
416 310 513 364 851

1465 305 1787 361 οηιῑϐοιιξι
1826 306 1892 362 lV'
1934 303 2304 358 PON'FlFlClS
2345 302 2604 356 [ὶῖΜᾹῗ-ῐι

3565 306 3672 360 8‘52

418 419 590 474 sancti
632 419 904 473 Laurentii
937 426 1128 487 cuneta
1159 433 1278 487 quae
1307 426 1464 470 erant
1491 427 1671 470 vetera
1720 425 1991 469 rcstaura-
2020 422 2066 477 Α
2096 415 2276 487 tasad
2309 415 2610 487 legitimum
2641 415 2802 487 tutius
2841 415 3058 469 fabrica:
3097 413 3254 468 linem
3283 417 3540 485 perducta
3567 431 3668 484 est,

417 491 514 544 vit.
548 489 614 542 Et
653 489 757 542 alia
802 503 937 541 nova
971 486 1186 555 adjecit,
1235 488 1288 542 in
1316 488 1514 556 quibus
1549 497 1656 540 tres
1693 490 1992 540 eannatas

417 560 533 615 tieri
560 559 741 628 jussit.

488 626 784 682 Renovavit
829 628 936 681 imo
981 637 1037 681 et
1073 627 1324 681 balneum
1351 626 1491 696 quod
1519 626 1670 694 juxta
1701 626 1995 692 paracclla-

417 699 560 752 rium
588 698 751 752 situm
771 705 855 750 est
887 715 917 750 a
945 697 1308 751 fundamentis
1335 711 1430 765 per
1454 705 1646 756 totum,
1671 703 1726 747 et
1756 711 1993 765 marmo-

415 767 570 822 rihus
587 766 905 833 cmterisque
919 767 1270 835 placabilibus
1282 763 1534 834 operibus
1547 765 1838 835 decoravit.
1858 763 1990 816 Nam

414 837 568 913 prius
593 832 876 913 vetustatis
905 832 1659 913 longitudinecasurumesse
1688 832 1989 913 videbatur,

415 903 521 962 nisi
551 921 704 961 mens
727 905 810 960 vel
835 903 1095 974 Optimum
1128 907 1260 960 tanti
1293 904 1564 974 pontiﬁcis
1595 903 1833 974 studium
1864 903 1992 974 illud

414 975 486 1030 ad
516 975 752 1045 priorem
781 971 982 1030 statum
1015 975 1274 1030 reducere
1294 971 1645 1045 decrevisset.
1679 971 1804 1045 liari
1835 973 1994 1045 modo

413 1053 471 1100 et
497 1041 551 1099 in
579 1045 804 1100 ecclesia
831 1045 1155 1108 Salvatoris,
1201 1059 1321 1114 qua:
1359 1041 1658 1114 appellatur
1687 1042 1996 1114 Constanti-

415 1116 598 1178 niana,
625 1114 751 1169 fecit
771 1125 974 1170 vestem
1003 1112 1362 1168 auritextilem
1394 1113 1678 1167 habentem
1709 1112 1990 1166 historiam

414 1184 737 1256 palmarum,
761 1193 814 1238 et
840 1200 1052 1256 caenam
1086 1183 1315 1238 Domini.

488 1254 622 1308 Item
661 1256 714 1308 in
745 1254 1034 1308 venerabili
1064 1254 1390 1308 monasterio
1422 1262 1622 1307 sancta:
1649 1253 1739 1306 Dei
1767 1253 1994 1321 genitri-

417 1324 498 1394 cis
519 1340 836 1394 semperque
863 1324 1082 1393 virginis
1106 1323 1323 1394 Μαι-ἰαὶ.
1371 1333 1426 1378 et
1468 1321 1641 1394 sancti
1676 1322 1906 1394 Cornelii
1939 1332 1994 1375 et

415 1392 647 1458 Callisti,
667 1392 828 1464 quam
858 1392 1052 1448 vocant
1073 1393 1246 1448 Trans
1272 1392 1542 1464 Tiberim,
1589 1392 1718 1464 fecit
1755 1393 1991 1464 canistra

415 1479 643 1519 numero
686 1462 823 1528 sex,
873 1480 993 1532 qua:
1047 1473 1273 1532 pensant
1324 1463 1539 1517 insimul
1590 1462 1752 1516 libras
1806 1462 1992 1516 decem

415 1541 474 1587 et
517 1544 662 1588 octo.
719 1533 990 1604 Scyphum
1053 1549 1217 1604 unum
1275 1542 1593 1604 pensantem
1651 1533 1816 1604 libras
1871 1542 1995 1604 octo

415 1611 473 1656 et
524 1603 712 1658 uncias
761 1601 1010 1673 quatuor.
1062 1601 1334 1673 Canthara
1387 1617 1509 1656 cum
1560 1601 1994 1673 thymiamaterio

415 1673 701 1796 pensanda
729 1671 897 1728 libras
925 1683 1055 1728 tres.
1088 1671 1360 1728 Siclonem
1387 1688 1551 1726 unum
1586 1679 1900 1742 pensantem
1932 1672 1994 1725 li-

457 1757 548 1796 ras
572 1751 703 1796 tres.

457 1757 548 1796 ras
572 1751 703 1797 tres.

487 1811 749 1890 Perfectis
776 1813 1066 1890 autembis
1093 1813 1341 1890 omnibus
1368 1821 1539 1890 atque
1557 1811 1883 1868 examussim
1905 1827 1996 1890 pa-

417 1882 575 1936 tratis
599 1921 615 1948 ,
661 1882 920 1953 quoniam,
958 1882 1108 1952 jam.
1159 1883 1300 1953 sicut
1346 1882 1691 1953 smpedictum
1727 1891 1840 1944 est,
1880 1882 1996 1953 ejus

416 1960 625 2021 saneta,
653 1952 954 2006 veneranda
988 1968 1051 2008 ac
1077 1952 1356 2006 recolemla
1387 1952 1720 2021 simplicitas,
1754 1959 1919 2019 utque
1943 1952 1996 2004 in

416 2020 510 2074 Dei
549 2029 669 2074 erat
711 2021 1096 2090 omnipotentis
1137 2037 1350 2090 semper
1378 2020 1580 2076 intenta
1621 2023 1876 2084 servitio,
1921 2021 1996 2074 ita

413 2104 631 2160 quoque
663 2091 729 2145 de
749 2091 928 2159 populi
959 2091 1136 2145 futura
1171 2091 1343 2146 salute
1376 2102 1430 2147 et
1465 2093 1782 2146 liberatione
1812 2092 1997 2160 patria:

416 2159 789 2215 indifferenter
825 2170 945 2215 erat
983 2161 1234 2226 sollicita,
1271 2176 1338 2215 ne
1366 2164 1433 2216 ab
1464 2163 1707 2216 hostibus
1744 2159 1852 2214 Deo
1891 2177 1995 2214 non

417 2229 764 2302 permittente
781 2245 998 2302 quoquo
1020 2231 1178 2302 modo
1206 2241 1529 2300 caperentur
1543 2233 1639 2302 (a).
1659 2231 1722 2284 Et
1743 2231 1996 2302 quoniam

418 2297 576 2366 hujus
606 2297 958 2372 sacratissimi
995 2301 1166 2372 patris
1196 2297 1443 2372 acipapa:
1470 2297 1800 2370 temporibus
1839 2301 1996 2369 impia

417 2377 581 2448 atque
623 2369 864 2448 nefaria,
907 2379 962 2424 et
1000 2369 1110 2425 Deo
1144 2369 1766 2448 odibilis'Agarenorum
1800 2385 1931 2448 gens
1967 2385 1995 2422 a

417 2437 618 2510 ﬁnibus
635 2439 749 2493 suis
763 2454 1095 2510 consurgens
1110 2455 1248 2508 pene
1265 2437 1671 2495 omttes'insulas
1689 2449 1744 2492 et
1756 2437 1996 2510 omnium

418 2505 674 2578 regiones
716 2505 991 2562 terrarum
1029 2505 1331 2574 circuiens,
1369 2510 1792 2578 deprmdatioues
1827 2508 2001 2561 homi-

417 2589 548 2628 num
578 2584 634 2629 et
661 2576 899 2630 locorum
932 2578 1293 2634 desolationes
1320 2576 1574 2632 atrociter
1595 2577 1856 2642 faciebat,
1881 2592 2000 2632 cas-

416 2659 524 2712 que
561 2643 825 2716 hactenus
873 2645 1054 2701 facere
1097 2648 1400 2701 nullatenus
1439 2658 1647 2709 cessat;
1689 2648 1756 2700 de
1806 2647 2000 2716 quibus

417 2729 634 2786 quoque
654 2713 887 2770 insolitis
913 2727 1074 2786 atque
1101 2719 1354 2772 cavendis
1378 2717 1650 2786 periculis,
1687 2713 2000 2772 misericor-

457 2783 889 2857 issimuspraasul
907 2783 1158 2856 maguum
1177 2783 1392 2842 habens
1407 2787 1674 2842 timorem.
1696 2802 1762 2841 ne
1776 2787 2002 2857 p0pulus

419 2868 452 2925 ξι
486 2852 597 2908 Deo
620 2852 724 2909 sibi
751 2865 807 2910 et
831 2856 989 2910 beato
1000 2852 1177 2910 'l’etro
1201 2858 1522 2912 commissus
1543 2852 1806 2925 apostolo,
1829 2852 1918 2922 qui
1942 2857 1996 2910 in

417 2921 704 2980 Portuensi
739 2925 822 2980 vel
846 2925 1078 2982 Ostiensi
1103 2928 1411 2981 civitatibus
1441 2921 1735 2991 habitavit,
1780 2942 1810 2980 a
1841 2921 2000 2979 Sara-

419 2993 572 3065 cenis
617 2993 1018 3065 nefandissimis
1060 2996 1423 3051 tribulatiottis
1465 3011 1530 3051 ac
1578 2997 2000 3065 depraedationis

419 3063 701 3134 sentirent
711 3062 981 3132 jacturam
1003 3107 1017 3130 ,
1057 3066 1247 3120 intimo
1286 3068 1504 3120 trahens
1533 3083 1596 3121 ex
1626 3062 1788 3121 corde
1825 3067 1998 3134 suspi-

421 3131 538 3203 ria,
569 3131 735 3201 coepit
771 3134 1066 3203 prudenter
1103 3135 1375 3203 inquirere
1415 3139 1685 3203 quomodo
1723 3131 1996 3190 civitatem

421 3198 729 3272 Ostiensem
769 3198 1040 3272 fadjuvare
1093 3198 1448 3258 ac'libcrare'
1481 3205 1760 3272 potuisset.
1797 3205 1854 3258 ln
1887 3204 2002 3272 ejus

419 3270 973 3340 statimomnipotens
1015 3272 1155 3326 Deus
1182 3272 1286 3326 hoc
1318 3274 1464 3327 dedit
1483 3270 1656 3328 corde
1694 3270 1997 3337 consilium,

422 3347 486 3412 ut
521 3339 797 3412 civitatem
835 3341 1032 3396 ibidem
1073 3357 1180 3410 qua
1217 3342 1468 3412 p0pulum
1510 3343 1720 3398 salvare
1769 3343 1926 3398 vellet
1968 3361 2000 3397 a

422 3406 786 3480 fundamentis
819 3411 1028 3466 noviter
1052 3406 1369 3466 construere
1402 3413 1702 3476 debuisset,
1745 3414 1998 3480 quoniam

423 3492 634 3560 eaquae
659 3479 827 3560 priori
869 3489 1106 3560 tempore
1139 3479 1804 3560 :cdilicamnfueratlongo
1839 3499 2000 3551 quas-

425 3553 541 3600 sata
563 3550 716 3602 senio
739 3564 882 3604 nunc
909 3550 1184 3606 videretur
1226 3567 1348 3607 esse
1383 3551 1583 3606 diruta.
1627 3550 1775 3606 Fecit
1817 3550 1998 3606 autem

415 3615 570 3691 juxta
601 3618 744 3691 quod
789 3619 838 3691 ei
874 3618 1063 3691 fuerat
1093 3621 1346 3676 divinitus
1386 3623 1734 3691 iuspiratum;
1777 3623 1828 3676 in
1861 3637 1999 3690 pne-

424 3685 569 3740 dicta
598 3685 742 3742 enim
780 3689 1000 3744 civitate
1033 3689 1268 3746 Ostiensi
1307 3685 1577 3746 civitatem
1609 3685 1772 3746 aliain
1809 3709 1838 3744 a
1861 3685 1998 3745 ~solo

423 3755 580 3831 valde
607 3755 957 3831 fortissimam
977 3801 990 3822 ,
1023 3761 1194 3815 muris
1222 3776 1436 3830 quoque
1467 3761 1748 3816 altioribus
1773 3802 1788 3824 ,
1829 3762 1999 3831 portis

423 3824 608 3900 simul,
637 3841 702 3900 ac
728 3829 888 3894 seris,
909 3839 965 3884 et
985 3824 1296 3893 cataractis,
1322 3824 1440 3886 eam
1468 3832 1702 3899 undique
1727 3824 1998 3900 peruium-

422 3895 520 3950 vit.
544 3904 600 3949 et
612 3897 938 3972 desuper-ad
965 3900 1231 3964 inimicos,
1253 3901 1297 3954 si
1321 3901 1590 3972 venerint,
1617 3895 1998 3972 expugnandos

423 3965 692 4040 petrarias
719 3965 883 4022 nobili
911 3980 1028 4040 arte
1059 3971 1387 4040 composuit,
1417 3979 1472 4024 et
1493 3986 1524 4022 a
1551 3965 1812 4025 foris'no'n
1839 3970 1997 4040 longe

423 4033 493 4088 ab
547 4035 749 4110 eisdem
800 4039 969 4110 muris
1003 4033 1198 4110 ipsam
1241 4033 1516 4094 civitatem
1565 4040 1744 4094 altiori
1796 4033 1998 4094 fossato

463 4104 734 4197 Ee‘cipxit,
786 4121 854 4161 ne
907 4104 1122 4164 facilius
1175 4125 1368 4197 muros.
1412 4111 1504 4164 isti
1549 4111 1862 4180 contingere
1905 4125 1995 4164 va-

445 4182 618 4227 (ξι-θυι.

447 4310 459 4321 ο
491 4241 716 4308 Quando
737 4255 914 4321 autem
946 4248 1228 4321 Stepedicta
1253 4249 1442 4303 civitas
1468 4266 1622 4321 nova?
1644 4248 1864 4304 fabrica:
1893 4249 1998 4304 ini-

420 4316 808 4388 tiummeruit,
839 4317 955 4386 ipse
996 4318 1190 4388 ibidem
1232 4320 1604 4373 sanctzssiatus
1638 4335 1776 4388 papa
1815 4335 1909 4388 per
1936 4334 1994 4374 se

419 4380 605 4436 multis
644 4380 885 4456 residens
913 4386 1099 4440 diebus
1133 4397 1340 4454 partem
1380 4380 1667 4456 quamdam
1709 4380 1992 4442 murorum

2099 486 2292 537 tnttltns
2322 485 2516 538 exinde
2551 485 2758 537 labores
2791 486 2843 538 in
2873 502 2970 539 suo
2995 496 3182 538 saneto
3207 495 3427 552 pectore
3449 489 3532 541 vel
3557 505 3673 543 eer-

2097 557 2295 607 tamiua
2327 555 2690 608 indesinenter
2718 555 2994 608 sustinuit.
3033 553 3131 608 Cui
3169 556 3330 608 etiam
3362 559 3574 611 noviter
3597 561 3671 613 ci-

2093 624 2242 677 vitati
2275 633 2602 694 constructa:
2629 625 2729 694 hoc
2759 641 2951 677 nomen
2983 624 3036 677 in
3066 626 3456 694 sempiternum
3487 631 3673 686 statuit

2091 693 2537 762 permanendum,
2568 692 2772 748 scilicet
2803 703 2862 746 ut
2891 695 2958 747 ab
2983 692 3236 748 omnibus
3257 698 3371 749 sive
3395 696 3670 760 Romanis,

2091 765 2204 816 sive
2233 763 2355 816 aliis
2382 762 2713 825 nationibus,
2740 779 2770 816 a
2789 764 3009 833 proprio
3039 765 3183 832 quod
3219 766 3268 819 ei
3297 774 3419 818 erat
3439 768 3670 828 nomine,

2093 833 2143 885 id
2191 841 2274 886 est
2317 833 2753 901 Gregoriopolis,
2787 841 3090 889 vocaretur.
3136 835 3201 888 Et
3248 850 3434 888 revera
3483 839 3675 891 merito

2093 903 2196 958 hoc
2217 918 2247 975 ξι
2268 903 2563 975 conditoris
2585 903 2666 975 sui
2683 904 2898 975 nomine
2911 903 3242 975 vocabulum
3256 905 3502 972 sumpsit,
3527 908 3674 975 quia,

2093 973 2234 1043 quod
2285 973 2488 1026 nullam
2543 973 2770 1042 legimus
2823 973 3014 1043 fecisse
3062 973 3396 1043 pontiﬁcem,
3440 973 3558 1029 iste
3582 977 3674 1032 Dei

2091 1042 2488 1116 omnipotentis
2509 1043 2732 1116 auxilio,
2766 1042 3030 1116 simulque
3059 1042 3262 1116 Virtute
3287 1045 3552 1106 munitus,
3577 1062 3674 1116 pro

2091 1112 2288 1180 populo
2331 1127 2395 1165 ac
2435 1112 2753 1182 liberatione
2792 1113 2982 1182 patria:
3019 1123 3146 1167 ante
3178 1113 3291 1182 jam
3337 1112 3671 1170 nominatum

2093 1197 2242 1253 opus
2262 1181 2493 1236 mirabili
2522 1183 2716 1237 decem
2746 1181 2966 1239 fabrica:
2991 1181 3296 1238 construxit
3330 1192 3494 1253 atque
3531 1202 3676 1241 eom-

2129 1252 2293 1306 osuit.

2090 1267 2486 1391 pOfililsldtaque
2531 1322 2585 1376 in
2633 1321 2746 1376 suis
2794 1321 2928 1378 locis
2966 1323 3309 1377 manentibus
3357 1321 3483 1376 fecit
3531 1324 3672 1379 idem

2093 1391 2436 1462 coangelicus
2463 1401 2624 1462 atque
2659 1391 3125 1462 eximiusprzesul
3149 1394 3201 1447 in
3231 1391 3454 1446 basilca
3487 1393 3674 1449 Salva-

2095 1461 2480 1516 toris’Domini
2511 1461 2682 1516 nostri
2718 1461 2846 1516 Jesu
2884 1461 3086 1516 Christi
3107 1461 3261 1530 juxta
3289 1463 3673 1531 patriarchium

2095 1531 2702 1602 Laterauenservestem
2744 1547 2867 1585 eum
2907 1532 3260 1602 chrysoclavo
3303 1532 3596 1588 habentem
3625 1535 3674 1588 in

2095 1600 2273 1656 fronte
2330 1601 2521 1672 altaris
2578 1601 2858 1672 historiam
2918 1600 3357 1672 beatissimorum
3424 1603 3672 1672 Baptista:

2098 1680 2260 1740 atque
2287 1670 2629 1740 evangelistm
2656 1669 2897 1725 Joannis.
2937 1671 3006 1726 Et
3041 1688 3138 1740 per
3173 1672 3366 1726 altaris
3389 1669 3672 1727 circuitum

2097 1741 2344 1795 similiter
2364 1757 2472 1794 uno
2501 1755 2728 1810 corpore
2753 1741 3156 1802 coluerentiam,
3193 1742 3348 1810 quasi
3383 1743 3495 1795 vela
3525 1743 3674 1797 simi-

2097 1811 2219 1866 liter
2245 1811 2311 1864 de
2339 1811 2710 1880 chrysoclavo,
2741 1819 2797 1865 et
2821 1813 3078 1880 quasdam
3101 1812 3338 1880 picturas
3361 1812 3672 1866 habentium

2099 1882 2152 1952 in
2204 1880 2418 1952 modum
2461 1879 3045 1952 A-gryphonnn‘cornua
3092 1879 3171 1952 in
3199 1881 3466 1936 frontibus
3492 1883 3674 1952 picta.

2099 1949 2249 2004 Fecit
2269 1951 2434 2020 etiam
2457 1950 2511 2002 in
2535 1949 2862 2020 monasterio
2883 1950 3178 2020 beatissimi
3202 1951 3458 2020 martyris
3476 1949 3674 2006 Christi

2098 2019 2393 2080 Laurentii,
2426 2019 2568 2087 quod
2597 2019 2796 2074 dicitur
2836 2019 3152 2083 Pallaeinis,
3200 2019 3440 2074 canistra
3481 2020 3550 2076 de
3593 2039 3676 2074 ar-

2098 2101 2258 2158 gento
2291 2105 2410 2151 sex,
2438 2097 2493 2142 et
2520 2099 2789 2143 cerostata
2819 2090 2924 2160 duo
2955 2091 3194 2155 inducta,
3221 2091 3486 2160 scyphum
3513 2108 3675 2145 unum

2099 2167 2435 2230 argenteum,
2463 2169 2728 2230 etantam
2757 2159 3004 2214 similiter
3033 2161 3098 2214 de
3129 2159 3374 2230 argento.

2213 2229 2315 2298 eeit
2346 2228 2509 2298 etiam
2531 2229 2582 2282 in
2609 2230 2848 2283 oratorio
2870 2228 3379 2298 sanctissimi—papa-
3404 2228 3666 2297 Gregorii,

2097 2299 2201 2351 sito
2229 2297 2367 2353 infra
2402 2297 2682 2352 ecclesiam
2712 2300 2852 2352 beati
2878 2297 3022 2352 Petri
3047 2297 3308 2368 apostoli,
3330 2299 3673 2353 columnellas

2097 2376 2381 2440 argenteas
2419 2376 2650 2438 quatuor
2690 2370 2954 2424 habentes
2990 2369 3156 2424 libras
3198 2369 3414 2440 argenti
3451 2385 3673 2424 numero

2097 2438 2470 2508 quadraginta.

2167 2507 2292 2561 Post
2329 2509 2442 2562 htec
2479 2515 2658 2560 autem
2704 2509 2883 2562 omnia
2927 2509 3041 2578 ipse
3070 2508 3399 2563 venerabilis
3439 2509 3674 2577 pontifex

2099 2578 2151 2632 in
2177 2585 2327 2631 curte
2364 2592 2482 2646 quae
2511 2578 2924 2646 cognominatur
2967 2578 3258 2641 Draconis,
3291 2579 3508 2632 domum
3549 2581 3673 2644 satis

2097 2647 2312 2714 dignam
2343 2647 2577 2714 undique
2612 2647 2908 2715 porticibus
2943 2663 3006 2701 ac
3043 2649 3261 2702 solariis
3288 2649 3672 2702 citcuunlatzna

2098 2732 2128 2769 a
2157 2717 2270 2788 solo
2297 2717 2509 2788 noviter
2535 2716 2650 2788 ﬁeri
2668 2718 2883 2788 statuit,
2911 2718 2964 2771 in
2987 2733 3092 2786 qua
3117 2727 3226 2771 tam
3253 2719 3389 2786 ipse,
3407 2735 3670 2788 quamque

2097 2786 2261 2840 etiam
2300 2786 2468 2841 futuri
2502 2786 2784 2854 pontifices
2826 2803 2946 2840 cum
2983 2789 3232 2841 omnibus
3271 2788 3364 2856 qui
3397 2786 3476 2841 eis
3519 2789 3672 2841 obse-

2097 2865 2352 2924 quuntur.
2377 2857 2629 2924 quamdiu
2659 2857 2739 2910 eis
2767 2856 3028 2925 placuerit
3049 2897 3064 2919 ,
3096 2858 3291 2910 ibidem
3315 2859 3555 2925 spatiose
3585 2859 3674 2910 im-

2099 2925 2298 2979 morari
2342 2927 2577 2979 valeant.
2623 2925 2773 2980 Fecit
2813 2937 2992 2981 autem
3033 2927 3281 2980 similiter
3325 2937 3379 2980 et
3424 2929 3477 2980 in
3525 2938 3673 2981 curte

2099 2995 2222 3059 alia,
2253 3010 2372 3064 qua:
2391 2995 2606 3050 Galeria
2634 2997 2920 3060 vocitatur,
2948 2997 3169 3050 domum
3197 2996 3354 3049 aliam
3386 2997 3586 3066 largam
3609 3015 3670 3050 ac

2099 3066 2412 3132 spatiosam,
2444 3066 2683 3135 satisque
2705 3067 3032 3134 prmcipuam
3069 3068 3136 3119 ad
3173 3083 3307 3135 opus
3337 3075 3497 3134 atque
3528 3068 3646 3120 utili

2102 3143 2264 3188 tatem
2299 3134 2645 3204 pontificum,
2693 3136 2781 3188 ubi
2817 3136 3072 3206 obediens
3099 3134 3462 3206 opportunum
3499 3137 3674 3198 fuerit,

2099 3213 2304 3276 ut_cum
2341 3206 2596 3276 omnibus
2623 3205 2725 3276 qui
2740 3207 2824 3276 eis
2859 3204 3189 3276 famulantur
3216 3206 3548 3276 amplissime
3585 3208 3676 3259 ho-

2097 3274 2382 3344 spitentur.
2399 3273 2533 3326 ltcm
2556 3275 2876 3344 saepedictus
2898 3275 3038 3329 idem
3059 3275 3234 3330 almus
3253 3273 3492 3344 pontifex
3517 3285 3672 3344 atque

2137 3343 2385 3396 neelarus
2420 3343 2656 3412 superno
2684 3359 2868 3399 amore
2901 3343 3264 3399 exardesrens
3291 3344 3420 3400 fecit
3453 3349 3505 3399 in
3541 3343 3672 3399 Laist-

2121 3414 2200 3466 ica
2225 3422 2426 3484 sanctae
2442 3413 2769 3484 intacneque
2790 3415 3015 3483 virginis
3035 3415 3129 3468 Dei
3150 3415 3432 3484 genitricis
3453 3417 3670 3469 domin-2

2099 3490 2297 3556 nostra:
2322 3481 2524 3546 Marim,
2561 3481 3119 3556 quzecognoininatur
3141 3481 3223 3539 5d
3257 3484 3560 3556 Martyres,
3602 3485 3672 3556 ci-

2098 3551 2308 3606 borium
2353 3567 2418 3605 ex
2465 3560 2689 3622 argento
2734 3551 3070 3676 purissimo,
3121 3569 3355 3624 pensans
3400 3551 3565 3609 simul
3613 3555 3671 3606 li-

2099 3621 2225 3676 bras
2250 3623 2688 3676 uuadrinaentas.
2734 3655 2746 3673 ι
2777 3622 2906 3676 inml
2946 3632 3000 3676 et
3035 3639 3287 3676 coronam
3333 3641 3402 3676 ex
3453 3633 3667 3676 argento

2099 3621 2225 3694 bras
2250 3621 2688 3694 quadringentas.
2734 3621 2906 3676 Simul
2946 3632 3000 3694 et
3035 3621 3287 3677 coronam
3333 3641 3402 3678 ex
3453 3633 3667 3694 argento

2096 3692 2388 3759 purissimo
2415 3708 2576 3744 unam
2599 3703 2913 3761 pensantem
2943 3692 3111 3746 libras
3131 3694 3316 3747 decent
3347 3705 3401 3748 et
3421 3692 3602 3748 semis.

2169 3761 2430 3814 Similiter
2455 3769 2636 3814 autem
2660 3762 2788 3815 fecit
2806 3763 2858 3816 in
2883 3762 3100 3817 basilica
3123 3763 3264 3817 beati
3289 3763 3531 3818 Marcelli
3555 3779 3670 3816 con-

2097 3829 2318 3884 fessoris
2341 3840 2503 3898 atque
2527 3831 2796 3903 pontificis
2815 3847 3044 3887 coronas
3061 3848 3128 3886 ex
3149 3843 3374 3903 argento
3393 3833 3668 3902 purissimo

2100 3909 2210 3952 tres
2239 3908 2525 3968 pensantes
2554 3901 2713 3953 simul
2741 3901 2999 3956 libras....
3033 3903 3144 3957 lmo
3171 3901 3302 3958 vero
3329 3901 3476 3958 et’in
3500 3905 3670 3957 diaco-

2096 3971 2184 4041 nia
2207 3970 2345 4024 beati
2368 3968 2584 4041 Georgii
2613 3973 2866 4041 martyris
2889 3972 3018 4027 fecit
3038 3973 3212 4026 velum
3230 3974 3664 4032 Alexandrinum,

2097 4039 2302 4095 habeas
2333 4039 2624 4112 phasianos
2650 4039 2929 4096 duodecim
2950 4083 2966 4106 ν
2996 4051 3048 4096 et
3077 4043 3194 4096 vela
3240 4052 3370 4098 ante
3395 4044 3588 4112 januas
3613 4044 3667 4094 li-

2098 4125 2254 4162 neutu
2307 4109 2604 4183 plumatum
2649 4125 2836 4183 unum.
2893 4113 2994 4178 Qui
3044 4109 3412 4168 beatissimus
3441 4113 3663 4183 poatifex

2096 4191 2379 4251 postquam
2434 4181 2614 4251 sedem
2661 4178 2960 4235 Romanam
3012 4191 3066 4236 ct
3113 4178 3468 4251 apostolicam
3509 4197 3666 4236 annos

2097 4250 2367 4302 snxtiecim
2399 4249 2783 4317 gloriosissime
2812 4252 2969 4314 rexit,
2997 4268 3064 4306 ex
3096 4249 3195 4306 hac
3222 4252 3342 4306 luce
3364 4255 3666 4308 subtractus

2098 4319 2457 4390 3‘J_2L‘l0fll3lll
2497 4319 3051 4390 migravit_requiem.
3100 4321 3252 4375 Fecit
3307 4323 3665 4377 ordinationes

2097 4388 2330 4456 quinque
2364 4403 2459 4456 per
2488 4404 2727 4442 mensem
2765 4388 3016 4444 Martium
3058 4401 3114 4444 et
3154 4391 3504 4446 Decembrem
3526 4434 3541 4454 ,
3577 4407 3660 4444 seu

419 4464 528 4532 non
554 4453 826 4532 modicam
864 4471 986 4532 cum
1018 4453 1462 4532 suishominibus
1506 4462 1659 4526 quasi
1706 4457 1760 4512 in
1791 4469 1992 4514 sortem
2026 4459 2072 4518 D
2098 4453 2323 4532 septem,
2346 4453 2692 4532 presbyteros
2847 4461 3104 4532 diaconos
3269 4463 3554 4532 episcopus
3575 4477 3660 4530 pe'

419 4520 724 4588 percipiens
745 4538 776 4575 a
799 4522 1164 4578 fundamentis
1191 4528 1388 4580 erexit.

491 4586 698 4657 De'qua
719 4591 910 4656 donec,
937 4592 1045 4647 Deo
1065 4607 1434 4663 prosperante,
1463 4597 1654 4652 crebro
1685 4597 1827 4652 dicta
1859 4597 1992 4651 civi-

490 4719 566 4798 (ᾳ)
604 4720 864 4786 Quoniam
909 4726 1070 4798 Itttjus
1111 4729 1423 4798 sanctissimi
1467 4745 1616 4797 papa:
1652 4730 1987 4798 temporibus.

417 4789 618 4845 Eadem
633 4807 718 4872 es
739 4809 899 4872 causa
926 4789 1244 4872 Gregorius,
1267 4807 1400 4872 teste
1431 4789 1728 4872 Sigeberto,
1755 4789 1988 4872 alterius

419 4875 570 4934 ttovze
599 4862 831 4934 civitatis
865 4862 1205 4920 fundamenta
1226 4865 1378 4934 jecit,
1407 4877 1466 4920 ut
1492 4862 1773 4922 basilicam
1803 4871 1981 4922 sancti

415 4927 581 5006 E’etri
599 4940 751 4986 extra
781 4933 976 5006 Urbem
1019 4927 1246 5006 positam
1294 4927 1463 4992 tutam
1503 4937 1768 4993 redderet.
1822 4938 1988 4992 Addit

416 4997 873 5080 [tenuinamnesse
899 4997 1117 5080 dictam,
1146 5007 1431 5080 ideoqupd
1463 5017 1694 5080 emptam
1733 5024 1764 5061 a
1788 5007 1989 5077 Grego-

419 5069 516 5147 rio:
559 5069 777 5147 Leo_lV
806 5069 1111 5147 perfecerit.
1155 5069 1328 5131 Verba
1351 5069 1617 5147 Sigebei‘ti
1667 5079 1780 5132 haec
1825 5069 1980 5132 sunt:

423 5155 442 5189 ι
471 5136 760 5212 Gregorius
785 5136 920 5213 papa
945 5145 1132 5202 dolens
1152 5147 1358 5202 crebris
1386 5136 1780 5202 S'araccnorum
1805 5148 1986 5202 incur-

2099 4527 2308 4581 diversa
2345 4527 2460 4580 loca
2493 4542 2716 4582 numero
2739 4544 2969 4584 CLxxxv.
3003 4530 3255 4588 Seoultus
3289 4527 3421 4587 vero
3449 4527 3506 4586 in
3533 4527 3664 4586 bast-

2099 4595 2200 4650 lica
2229 4596 2371 4650 beati
2399 4597 2543 4652 Petri
2573 4599 2820 4666 apostoli.

2098 4731 2340 4785 sionihus
2364 4732 2547 4785 vexari
2575 4740 2630 4786 et
2665 4743 2866 4787 vastari
2897 4735 3210 4789 suburbium
3238 4737 3389 4790 urbis
3422 4736 3664 4789 llomazne

2095 4801 2241 4874 circa
2264 4801 2546 4874 ecclesiam
2579 4803 2716 4856 beati
2736 4803 2878 4856 Petri
2898 4805 3258 4872 apostolorum
3286 4806 3564 4874 principis,
3591 4806 3666 4856 in-

2097 4871 2268 4924 tendit
2296 4871 2401 4942 illic
2425 4871 2610 4942 urbem
2640 4889 2831 4926 novam
2852 4871 3151 4939 aediﬁcare;
3178 4875 3246 4928 ad
3273 4871 3416 4942 quoi
3447 4871 3664 4929 consilio

2093 4949 2150 4993 et
2197 4941 2397 4994 auxilio
2434 4941 2778 5008 imperatoris
2823 4943 3112 5006 animatus,
3163 4941 3360 4998 novam
3410 4945 3659 4997 fabricam

2093 5009 2241 5072 fecit,
2269 5011 2363 5063 sed
2392 5027 2496 5064 non
2523 5011 2780 5082 perfecit;
2815 5011 2924 5067 Leo
2943 5014 3088 5082 enim
3113 5011 3228 5079 ejus
3254 5015 3490 5068 nominis
3508 5028 3661 5082 quar~

2091 5087 2179 5200 tius
2207 5089 2444 5147 coeptum
2469 5095 2604 5148 Opus
2630 5081 2878 5136 absolvit.
2925 5104 2942 5136 ο
3007 5081 3130 5138 Haec
3157 5082 3488 5153 Sigebertus.
3530 5081 3655 5136 ’Stzv.

2139 5163 2207 5200 ιχ.

2139 5163 2207 5200 l.\'.
