3898 6178
1704 334 2075 409 Erasmus.

3421 350 3535 406 85L

286 472 3535 507 _____________________________________________________________

776 618 1453 734 GBEGORII
1538 622 1935 733 PAP/E
2024 626 2176 740 IV
2261 628 3053 771 EPISTOLKE.

774 926 1108 981 EPISTULA
1146 927 1378 981 PRIMA.

703 1033 771 1071 AD
811 1034 963 1072 UNIV’E
972 1034 1096 1073 RSOS
1134 1032 1430 1072 El’lSCOl'OS.

272 1127 353 1183 De
395 1128 612 1181 Aldrico
656 1126 1035 1181 Cenomanensi
1088 1127 1325 1195 episcopo
1370 1141 1473 1177 non
1524 1123 1661 1195 alibi;
1699 1140 1855 1195 quam

346 1199 489 1267 apud
526 1196 700 1252 sedem
740 1196 1077 1265 apostolicam
1108 1193 1422 1258 accusando,
1459 1204 1505 1247 et
1546 1195 1609 1247 de
1633 1193 1857 1247 Κοπιαηὶ

342 1267 609 1339 pontiﬁcis
636 1275 909 1337 potestate.

346 1382 731 1438 Dilectissimis
759 1380 1018 1435 fratribus
1067 1379 1336 1434 universis
1384 1379 1716 1448 ccepise0pis
1764 1393 1859 1447 per

270 1475 533 1538 Calliam,
577 1472 947 1534 Germaniam,
1002 1471 1292 1540 Europam,
1340 1478 1392 1523 et
1439 1485 1536 1538 per
1579 1469 1859 1522 universas

277 1565 587 1637 provincias
616 1563 943 1627 constitutis,
967 1561 1261 1632 Gregorius
1290 1560 1461 1632 [Edil.
1508 1558 1658 1613 Rom.
1689 1559 1854 1622 addit,

271 1653 590 1725 episcopus]
622 1669 812 1711 servus
840 1668 1115 1708 servorum
1141 1651 1256 1704 Dei.

346 1745 563 1801 Divinis
590 1744 877 1815 praeceptis
905 1752 960 1799 et
986 1742 1294 1813 apostolicis
1323 1740 1691 1795 saluberrimis
1723 1740 1858 1794 inei-

276 1849 468 1893 tamur
515 1837 757 1901 monitis,
804 1844 862 1889 ut
905 1851 1002 1904 pro
1045 1834 1285 1889 onmium
1312 1832 1678 1887 Ecclesiarum
1717 1839 1860 1885 statu

272 1927 515 1997 impigro
541 1923 712 1996 [Edit.
746 1922 891 1976 Rom.
918 1940 1023 1976 om.
1054 1920 1303 1992 impigro]
1332 1920 1612 1991 vigilemus
1641 1918 1856 1973 affectu.

276 2019 336 2074 Et
370 2018 503 2087 quia
532 2024 848 2071 cunctarum
873 2013 1051 2067 divina
1074 2012 1470 2081 dispensatione
1496 2009 1859 2064 Ecclesiarum

274 2120 472 2162 curam
500 2106 761 2176 gerimus,
789 2101 1039 2157 omnibus
1069 2110 1254 2157 nostra
1282 2100 1630 2171 poscentibus
1673 2097 1863 2154 suffra-

274 2198 362 2267 gia
398 2195 699 2266 apostolica
745 2193 1065 2248 auctoritate
1091 2192 1378 2247 subvenire
1404 2199 1670 2261 optamus.
1715 2189 1862 2256 Quo-

280 2264 657 2339 niamidivina:
688 2284 900 2337 virtutis
931 2298 995 2337 ac
1023 2282 1355 2337 infirmitatis
1380 2281 1628 2335 humana:
1652 2279 1862 2335 sanctio
1889 2264 1935 2322 Β

267 2386 375 2440 est,
416 2385 478 2431 ut
500 2376 742 2431 omnium
766 2374 1128 2429 Eeclesiarum
1158 2373 1371 2444 negotia
1396 2373 1462 2427 ad
1492 2380 1688 2427 nostrm
1710 2386 1865 2442 repa-

269 2466 511 2521 rationis
539 2465 762 2519 tendant
806 2462 1081 2517 allectum.
1114 2474 1139 2502 α
1171 2461 1509 2530 Quapropter
1534 2460 1634 2515 has
1671 2460 1740 2513 ad
1771 2475 1866 2514 vos

271 2556 493 2611 litteras
539 2554 895 2618 destinamus,
924 2553 1120 2623 quibus
1154 2552 1372 2607 decreto
1418 2560 1605 2605 nostro
1630 2558 1864 2605 vestram

276 2654 539 2720 rogantes
566 2645 886 2701 eliaritatem
936 2642 1273 2708 mandamus,
1304 2649 1363 2696 ut
1399 2641 1444 2695 si
1478 2639 1692 2709 aliquis.
1724 2639 1866 2707 quod

277 2756 385 2795 non
437 2745 710 2807 optamus,
758 2751 983 2790 suorum
1028 2733 1344 2788 mmulorum
1377 2731 1653 2785 Aldricum
1688 2728 1865 2784 Ceno-

276 2832 508 2888 manicae
547 2827 802 2883 Ecclesiae
847 2828 1156 2898 episcopum
1203 2841 1459 2881 accusare
1490 2822 1869 2879 damnabiliter

279 2922 657 2986 attentavc'rit,
703 2928 761 2974 ut
808 2920 1113 2975 honoretur
1153 2919 1296 2974 beati
1330 2917 1476 2972 Petri
1505 2915 1868 2986 apostolorum

278 3011 554 3082 principis
598 3011 880 3076 memoria,
924 3010 1288 3079 Ecclesiaeque
1317 3008 1576 3062 Romana)
1611 3005 1698 3059 Col
1732 3020 1868 3075 pra:-

276 3101 420 3155 sedit
442 3100 803 3171 privilegium,
825 3110 881 3154 ct
895 3100 1064 3154 nostri
1090 3098 1324 3152 nominis
1348 3097 1678 3161 auctoritas;
1708 3095 1872 3150 liceat

278 3191 356 3244 illi
386 3197 516 3260 post
544 3190 871 3245 auditionem
898 3189 1191 3258 prima-nun
1227 3188 1546 3253 dimceseos,
1572 3188 1619 3242 si
1651 3202 1871 3242 necesse

277 3283 467 3347 fuerit,
494 3298 595 3336 nos
621 3281 916 3351 appellare,
946 3289 1002 3335 et
1030 3288 1220 3335 nostra
1252 3280 1596 3346 auctoritate,
1626 3290 1717 3333 aut
1744 3288 1871 3333 ante

278 3390 405 3439 nos,
444 3381 544 3427 aut
577 3380 705 3426 ante
736 3371 940 3441 legatos
966 3378 1153 3425 nostro
1177 3384 1245 3424 ex
1272 3369 1439 3424 latere
1468 3369 1679 3431 missos,
1714 3368 1871 3439 juxta

278 3462 507 3519 l‘atnun
536 3462 754 3516 decreta
778 3475 905 3514 suas
933 3474 1189 3514 exercere
1227 3469 1388 3527 atque
1414 3458 1569 3513 linire
1595 3457 1865 3512 actiones:

280 3551 576 3620 nullusque
608 3549 756 3602 illum
786 3556 911 3605 ante
944 3549 1059 3603 haec
1081 3547 1303 3619 judicet,
1341 3556 1435 3602 aut
1453 3546 1700 3616 judicare
1728 3562 1857 3616 prm-
1899 3602 1941 3621 η

276 3651 481 3697 sumat.
534 3643 562 3681 δ
614 3640 719 3696 Sed
753 3641 796 3696 si
828 3640 979 3710 quid,
1006 3641 1149 3710 quod
1177 3640 1336 3702 absit,
1367 3654 1529 3709 grave
1574 3639 1865 3693 intoleran-

271 3734 524 3802 dumque
551 3733 602 3787 ei
636 3732 904 3802 objectum
934 3731 1117 3797 fuerit,
1149 3739 1334 3785 nostra
1362 3731 1467 3786 erit
1510 3728 1869 3799 exspectanda

272 3840 541 3889 censum,
576 3831 636 3878 ut
675 3823 807 3878 nihil
848 3824 997 3893 prius
1026 3823 1093 3878 de
1127 3840 1191 3879 eo
1226 3823 1320 3893 qui
1364 3823 1431 3878 ad
1463 3823 1639 3877 sinum
1671 3830 1871 3898 sancta:

277 3914 548 3970 Ecclesiae
577 3913 832 3968 Romanae
861 3912 1125 3985 confugit,
1153 3912 1379 3985 ejusque
1428 3914 1678 3984 implorat
1721 3914 1873 3967 auxi-

277 4004 436 4069 lium,
469 4005 812 4070 decernatur,
843 4020 1003 4073 quam
1036 4006 1104 4060 ab
1131 4003 1373 4074 ejusdem
1403 4005 1656 4059 Ecclesia:
1684 4012 1870 4058 aucto-

281 4096 449 4151 ritate
488 4094 665 4150 fuerit
710 4105 1037 4165 praeceptum
1067 4113 1081 4150 ;
1114 4112 1234 4165 quae
1278 4097 1357 4151 sic
1401 4097 1547 4151 vices
1599 4112 1725 4151 suas
1753 4095 1873 4150 aliis

280 4187 587 4257 impertivit
616 4186 889 4253 Eoclesiis,
926 4196 986 4241 ut
1024 4188 1080 4241 in
1105 4195 1312 4257 partem
1345 4187 1455 4242 sint
1480 4196 1686 4241 vocata:
1723 4185 1871 4240 solli-

277 4282 569 4347 citudinis,
602 4298 707 4336 non
747 4283 801 4337 in
840 4283 1236 4353 plenitudinem
1278 4282 1585 4352 potestatis.
1639 4278 1875 4334 Proinde

279 4374 509 4431 dilectio
536 4382 741 4437 vestra,
771 4390 999 4442 quorum
1028 4373 1313 4428 devotione
1341 4372 1659 4440 gaudemus,
1682 4369 1877 4441 jungat

278 4481 477 4519 curam
516 4480 671 4518 suam
702 4464 1142 4533 dispositionibus
1177 4462 1397 4527 nostris,
1428 4471 1483 4517 et
1516 4463 1606 4516 det
1631 4477 1873 4531 operam,

278 4566 344 4610 ut
380 4571 495 4610 non
526 4553 844 4624 cujusquam
878 4553 1299 4624 praesumptione
1329 4552 1474 4607 circa
1518 4560 1875 4605 memoratum

274 4647 541 4708 fratrem,
569 4653 747 4698 vestra
778 4644 1104 4713 provisione,
1138 4643 1221 4697 vel
1250 4658 1627 4698 successorum
1672 4649 1877 4698 vestro-

280 4752 434 4795 rum.
463 4735 512 4790 si
543 4735 655 4805 ipse
689 4743 968 4804 superstes
994 4734 1183 4801 fuerit,
1211 4736 1368 4790 aliter
1394 4751 1554 4804 quam
1588 4735 1677 4790 hic
1707 4736 1878 4789 inser-

280 4834 405 4880 tum
431 4833 519 4879 est
548 4824 653 4878 ullo
684 4825 842 4879 modo
872 4823 1225 4890 decernatur;
1254 4826 1347 4879 sed
1373 4826 1489 4880 haec
1515 4842 1634 4896 qum
1664 4826 1732 4880 ad
1762 4827 1879 4897 ejus

1891 925 1940 985 A
1969 944 2182 995 cerare,
2216 942 2272 986 et
2299 935 2439 1002 quod
2473 935 2573 990 sibi
2604 937 2720 992 ﬁeri
2758 938 2963 1004 nolunt,
2987 939 3115 995 aliis
3158 939 3358 997 inferre
3399 957 3535 1012 prte-

1958 1032 2191 1076 sumant.
2245 1022 2357 1078 Nec
2413 1027 2698 1097 quisquam
2745 1029 2969 1085 frivolus
3013 1039 3112 1086 aut
3143 1034 3531 1097 contentiosus,

1959 1110 2071 1165 sive
2117 1121 2426 1177 contumax,
2459 1116 2572 1171 lucc
2607 1135 2706 1173 nos
2754 1120 3196 1177 irrationabiliter
3240 1125 3537 1194 praecipere

1960 1201 2266 1265 contendat,
2314 1220 2435 1259 cum
2473 1214 2527 1261 et
2560 1209 2880 1264 auctoritate
2929 1225 3218 1276 canonum,
3247 1220 3301 1266 et
3334 1213 3540 1280 prmdc-

1959 1304 2232 1346 cessorum
2288 1302 2591 1350 nostrorum
2639 1297 2873 1353 decretis
2921 1299 3186 1354 sancitum
3218 1300 3381 1353 situt
3422 1302 3536 1369 epi-

1959 1392 2152 1449 scopus
2196 1391 2498 1446 accusatus,
2554 1384 2598 1439 si
2653 1384 2914 1450 voluerit,
2974 1387 3206 1457 appellet
3239 1387 3541 1443 Romanum

1959 1474 2292 1543 pontificem,
2323 1486 2377 1529 et
2410 1476 2476 1529 ad
2507 1492 2652 1541 eum,
2683 1477 2727 1532 si
2754 1478 2990 1544 libuerit,
3025 1477 3321 1549 confugiat,
3350 1486 3441 1532 aut
3470 1480 3538 1532 ab

1959 1582 2024 1621 eo
2049 1566 2164 1635 ejus
2187 1568 2438 1622 audiatur
2462 1584 2645 1634 causa,
2673 1577 2765 1622 aut
2806 1570 2922 1638 ipse
2969 1584 2999 1622 a
3022 1569 3192 1623 latere
3215 1584 3316 1624 Suo
3338 1569 3541 1640 legatos

1960 1657 2049 1725 qui
2078 1672 2197 1712 eam
2228 1657 2447 1712 audiant
2471 1659 2669 1725 mittat,
2704 1660 2795 1728 qui
2820 1659 2964 1729 juste
2994 1674 3115 1713 cum
3142 1659 3395 1714 omnibus
3425 1662 3539 1729 cpi—-

1960 1748 2134 1817 scopis
2174 1748 2712 1818 comprovincialibus
2740 1747 2854 1816 ejus
2900 1749 3220 1802 auctoritate
3261 1749 3531 1819 judicent.

1961 1838 2091 1905 Qum
2151 1840 2333 1894 omnia
2400 1840 2490 1894 bic
2555 1854 2777 1894 necesse
2847 1846 3082 1893 nonest
3153 1838 3413 1904 inserere,
3474 1855 3541 1892 ne

1960 1931 2263 1999 proditores
2296 1932 2467 2002 magis
2497 1947 2657 2001 quam
2698 1938 3058 2001 praeceptores
3096 1946 3217 1986 esse
3242 1931 3541 1986 videamur.

1962 2020 2029 2074 Et
2058 2028 2258 2074 sanctae
2300 2020 2692 2074 recordationis
2721 2019 3061 2073 bmocentius
3109 2027 3423 2074 antecessor
3449 2034 3545 2073 no-

1962 2118 2076 2163 stcr
2104 2108 2246 2162 inter
2269 2117 2465 2175 cetera
2499 2109 2578 2164 sic
2608 2109 2683 2162 ait
2717 2126 2730 2162 :
2772 2108 2828 2162 Si
2857 2106 3093 2177 majores
3117 2122 3296 2164 causa:
3326 2108 3381 2162 in
3421 2123 3538 2162 meo

1963 2197 2051 2253 dio
2082 2196 2284 2252 fuerint
2319 2197 2600 2261 deminuo,
2632 2197 2697 2251 ad
2742 2197 2925 2251 sedem
2958 2197 3329 2265 apostolicam,
3363 2203 3424 2251 ut
3454 2196 3547 2271 Ni-

1964 2302 2112 2340 eaena
2165 2286 2404 2356 synodus
2452 2286 2712 2352 definivit,
2759 2293 2813 2342 et
2867 2287 3167 2342 inveterata
3215 2286 3547 2343 consuetudo

1965 2378 2164 2446 exegit,
2194 2376 2449 2432 referant.
2492 2378 2560 2432 Et
2590 2378 2755 2433 multa
2788 2378 2914 2443 alia,
2944 2394 3064 2448 qua:
3090 2380 3146 2433 in
3175 2380 3287 2434 suis
3313 2381 3545 2436 auctori-

1965 2470 2066 2523 bus
2094 2468 2325 2539 pleniter
2359 2470 2726 2525 inveniuntur.
2771 2470 2881 2525 Nec
2907 2470 3067 2525 alicui
3095 2469 3249 2524 fratri
3285 2471 3399 2525 lucc
3421 2486 3543 2541 gra-

1968 2562 2050 2615 via
2083 2568 2178 2615 aut
2224 2560 2434 2616 inutilia
2476 2562 2649 2616 videri
2697 2562 2937 2616 debent:
2968 2562 3222 2631 quoniam
3252 2562 3391 2617 sicut
3414 2578 3551 2632 prae-

1967 2653 2109 2707 dicto
2149 2651 2303 2706 fratri
2342 2652 2514 2707 sancti
2547 2651 2693 2706 Petri
2728 2660 2783 2706 et
2818 2660 3016 2706 nostrae
3051 2652 3196 2707 sedis
3231 2651 3550 2705 auctoritate

1968 2745 2357 2808 succurrimus,
2395 2743 2469 2796 ita
2509 2743 2761 2797 omnibus
2802 2742 2997 2811 quibus
3038 2757 3258 2796 necesse
3301 2741 3464 2796 fuerit
3491 2751 3548 2795 et

1968 2833 2230 2887 debemus
2258 2831 2566 2895 subvenire,
2600 2831 2825 2900 impigre
2851 2830 3114 2883 volumus.
3142 2830 3209 2884 Et
3235 2829 3374 2884 sicut
3396 2830 3547 2897 quis-

1969 2937 2130 2992 quam
2168 2921 2271 2976 sibi
2304 2920 2593 2975 subvenire
2641 2920 2810 2988 cupit,
2862 2921 2932 2972 ita
2986 2928 3041 2972 et
3093 2918 3257 2972 alium
3291 2916 3549 2985 adjuvare

1970 3012 2147 3077 debet,
2172 3021 2227 3067 et
2255 3026 2362 3065 non
2388 3009 2504 3079 ejus
2531 3008 2788 3063 auxilium
2814 3008 3036 3062 moleste
3061 3007 3225 3072 ferre,
3258 3022 3381 3061 cum
3402 3008 3550 3077 Apo-

1972 3102 2140 3157 stolus
2170 3107 2386 3153 moneat
2414 3112 2603 3152 omnes
2625 3094 2866 3151 Gaudere
2890 3112 3008 3149 cum
3035 3094 3400 3166 gaudentibus,
3429 3098 3553 3165 ﬂere

1972 3209 2087 3245 tum
2117 3192 2359 3261 ﬂentibus
2393 3189 2565 3262 (Rom.
2600 3188 2720 3259 xu).
2774 3187 2884 3242 Nos
2928 3203 3058 3242 vero
3099 3187 3166 3241 ad
3215 3188 3358 3242 hunc
3392 3188 3556 3241 linem

1972 3298 2185 3337 omnem
2226 3291 2471 3336 nostrum
2514 3277 2767 3334 effectum
2808 3294 3103 3349 curamque
3144 3279 3450 3351 dirigimus,
3496 3289 3556 3334 ut

1972 3374 2114 3443 quod
2142 3374 2209 3427 ad
2237 3371 2619 3427 exaltatiouem
2651 3378 2851 3424 sancta:
2884 3369 2982 3424 Dei
3022 3369 3305 3436 Ecclesim,
3332 3378 3386 3424 et
3410 3372 3552 3439 quod

1973 3466 2037 3519 ad
2086 3464 2381 3518 custodiam
2429 3471 2485 3517 et
2528 3461 2828 3531 profectum
2881 3462 3117 3529 pertinet
3187 3456 3589 3525 sacerdotum,

1975 3557 2117 3611 nulla
2170 3553 2509 3609 dissensione
2569 3552 2817 3616 violetur,
2875 3550 3019 3604 nulla
3057 3551 3262 3606 desidia
3317 3552 3555 3623 negliga—

1976 3657 2063 3700 tur
2085 3645 2133 3698 ἀ.
2166 3645 2339 3715 Super
2367 3644 2562 3713 quibus
2588 3643 2633 3697 si
2661 3644 2782 3712 quis
2807 3658 3035 3711 arguere
3056 3642 3228 3714 [Edit.
3246 3643 3397 3697 Rom.
3424 3646 3552 3697 add.

1970 3737 2089 3808 nos]
2126 3735 2374 3799 voluerit,
2408 3743 2500 3789 aut
2523 3743 2674 3789 extra
2703 3734 3087 3788 auctoritatem
3115 3734 3296 3790 facere
3324 3745 3550 3790 conten-

1969 3827 2130 3892 derit,
2150 3827 2328 3880 veniat
2352 3826 2419 3880 ad
2447 3825 2630 3881 sedem
2658 3824 3027 3895 apostolicam,
3046 3840 3152 3894 quo
3175 3826 3357 3881 omnia
3382 3826 3556 3880 eccle-

1971 3918 2188 3973 siastica
2212 3916 2448 3987 negotia,
2467 3916 2531 3970 de
2559 3915 2753 3984 quibus
2769 3916 2996 3985 qu:estio
3022 3916 3270 3981 habetur,
3287 3913 3561 3970 confluere

1968 4009 2114 4079 iussa
2166 4017 2311 4073 sunt,
2362 4018 2420 4063 ut
2460 4007 2533 4061 ibi
2583 4015 2708 4062 ante
2755 4006 3152 4062 confessionem
3198 4007 3371 4061 sancti
3411 4005 3555 4059 Petri

1975 4116 2182 4155 mecum
2213 4100 2356 4170 juste
2388 4097 2648 4165 decertet,
2680 4106 2945 4169 quatenus
2975 4096 3106 4151 inibi
3144 4112 3286 4151 unus
3314 4112 3381 4151 ex
3408 4096 3558 4151 vobis

1972 4193 2298 4245 sententiam
2345 4189 2609 4259 suscipiat
2644 4203 2820 4243 suam.
2878 4188 2983 4242 Vos
3027 4186 3229 4241 fratres
3274 4187 3559 4241 hortamur

1973 4294 2027 4337 et
2054 4298 2355 4347 inoncmus,
2390 4290 2448 4335 ut
2474 4297 2595 4351 qua:
2643 4297 2674 4335 a
2707 4281 2863 4335 nobis
2890 4279 2977 4350 pie
3005 4279 3161 4334 vobis
3186 4278 3330 4333 circa
3358 4278 3556 4349 praedi-

1973 4385 2118 4429 ctum
2148 4374 2371 4427 fratrem
2399 4372 2652 4427 mandata
2683 4379 2828 4433 sunt,
2855 4368 3079 4438 ejusque
3108 4384 3207 4438 pro
3239 4368 3558 4438 simplicita—

1978 4466 2045 4519 tis
2092 4462 2405 4518 defensione
2442 4461 2733 4516 salubriter
2779 4461 3030 4515 ordinata
3081 4466 3244 4528 atque
3293 4456 3554 4527 injuncta,

1978 4556 2118 4610 nulla
2170 4553 2575 4608 concertatione
2612 4552 2922 4615 turbentur,
2954 4549 3209 4619 quoniam
3243 4562 3351 4602 non
3395 4546 3560 4601 inter-

1977 4648 2123 4703 venit
2167 4644 2442 4700 temeritas
2484 4640 2952 4713 pimsumptionis,
2994 4638 3084 4693 ubi
3127 4646 3211 4693 est
3257 4635 3553 4705 diligentia.

1979 4736 2145 4791 Nemo
2170 4743 2408 4790 vestrum
2446 4731 2590 4802 quod
2615 4746 2772 4785 suum
2802 4736 2885 4783 est
2918 4734 3147 4797 qumrat,
3181 4725 3273 4781 sed
3307 4724 3448 4795 quod
3483 4723 3560 4777 al-

1980 4826 2147 4881 terius
2177 4833 2281 4891 est,
2312 4831 2366 4879 et
2407 4822 2551 4892 quod
2576 4818 2867 4887 Apostolus
2914 4816 3089 4885 inquit
3129 4829 3143 4867 :
3195 4811 3559 4882 Unusquisque

279 4919 579 4973 tuitionem
621 4927 785 4986 atque
832 4916 1199 4972 defensionem
1247 4918 1503 4985 praedicta
1550 4918 1641 4988 llic
1689 4928 1876 4973 aucto-
1902 4950 1954 5010 Β
1979 4919 2214 4989 proximo
2245 4933 2339 4970 suo
2361 4914 2563 4985 placeat
2591 4912 2648 4963 in
2669 4912 2880 4973 bonum,
2917 4915 2973 4961 et.
3005 4906 3207 4973 reliqua
3241 4903 3412 4976 (llam.
3442 4902 3552 5001 xu).

282 5011 452 5065 ritate
481 5017 735 5078 suggesta
770 5020 915 5073 sunt,
946 5025 1011 5062 ac
1040 5008 1327 5063 salubriter
1353 5010 1622 5074 ordinata,
1669 5010 1874 5079 absque

282 5101 396 5154 ulla
426 5099 676 5170 apologia
700 5099 929 5170 pleuiter
967 5098 1312 5169 impleantur.
1362 5112 1383 5139 ο
1418 5100 1475 5155 Si
1502 5110 1705 5166 autem,
1730 5102 1875 5171 quod

280 5208 399 5246 non
428 5189 783 5255 arbitramur,
814 5206 845 5244 a
873 5206 1145 5259 quoquam
1168 5205 1324 5245 secus
1349 5200 1732 5262 praisumptum
1763 5192 1878 5247 fue-

282 5283 383 5344 rit,
416 5290 474 5336 et
508 5282 578 5334 al)
612 5280 787 5335 cilicio
811 5280 943 5336 cieri
973 5280 1272 5347 submotus,
1311 5292 1367 5336 ct
1401 5282 1720 5351 injuriarum
1754 5299 1879 5339 reus

279 5375 359 5431 ab
384 5375 641 5429 omnibus
660 5373 959 5457 judicctup
988 5389 1055 5428 ne
1084 5372 1213 5443 lupi,
1242 5374 1334 5443 qui
1363 5375 1463 5428 sub
1494 5374 1670 5442 specie
1694 5356 1878 5430 ovium

282 5466 697 5530 subinlraruut,
721 5464 936 5519 bestiali
963 5463 1169 5519 szevitia
1197 5478 1439 5533 quosque
1469 5464 1703 5519 audeant
1744 5465 1879 5519 dila-

367 5615 403 5711 ἓ
436 5601 616 5724 ἰητιιι.
649 5600 702 5664 6,
734 5600 884 5724 Dicin
916 5610 1124 5665 nostro;
1164 5600 1275 5663 lvo,
1312 5606 1453 5666 part.
1488 5615 1538 5665 ν,
1570 5614 1688 5669 cap.
1714 5599 1837 5656 549.

485 5690 541 5724 m
562 5710 599 5724 ..
632 5687 750 5724 can.
811 5697 815 5701 ν
847 5709 861 5723 .
1458 5716 1469 5724 .

485 5690 541 5725 ill.

584 5710 599 5733 ,
626 5687 750 5755 vesp.
778 5671 861 5755 ll.

370 5753 400 5781 ε
442 5742 599 5807 lbid.,
622 5741 653 5809 ᾗ
681 5741 737 5795 Si
761 5751 947 5796 autem.

1987 5020 2010 5047 ο
2035 5006 2323 5076 Prmceptis
2346 5019 2473 5073 ergo
2501 4998 2810 5069 apostolicis
2837 5013 2944 5051 non
2974 4995 3107 5049 dura
3136 4993 3387 5062 superbia
3420 4991 3555 5044 resi-

1984 5107 2178 5160 statur,
2222 5095 2316 5148 sed
2343 5108 2441 5163 per
2476 5087 2839 5144 obedientiam
2888 5100 3007 5155 qua:
3038 5099 3068 5136 a
3098 5090 3282 5137 saneta
3313 5080 3554 5134 Romana

1985 5186 2154 5259 [ΕΔΗ.
2198 5183 2346 5237 Rom.
2381 5180 2505 5235 add.
2539 5175 2802 5248 Ecclesia]
2832 5184 2887 5230 et
2912 5173 3205 5245 apostolica
3237 5171 3558 5226 auctoritate

1980 5278 2126 5347 jussu
2158 5282 2285 5329 sunt
2322 5269 2599 5327 salutifere
2646 5268 2989 5338 impleantur,
3018 5265 3063 5318 si
3092 5261 3330 5330 ejusdem
3359 5271 3560 5316 sancta:

1989 5366 2081 5419 Dei
2149 5363 2337 5436 [Edit.
2388 5359 2536 5413 Rom.
2596 5375 2700 5412 om.
2760 5353 2896 5426 Dei]
2960 5352 3249 5414 Ecclesim,
3304 5366 3423 5421 quae
3475 5360 3559 5405 est

1982 5463 2142 5524 caput
2190 5460 2449 5515 vestrum,
2491 5445 2925 5503 communionem
2972 5443 3173 5497 habere
3216 5440 3553 5497 desideratis.

2052 5604 2076 5643 ει
2119 5604 2173 5664 2,
2204 5619 2294 5669 qu.
2325 5602 2380 5662 7,
2414 5600 2473 5655 Si
2498 5601 2613 5670 quis
2649 5613 2885 5667 arguere.

2059 5688 2078 5713 υ
2123 5665 2255 5726 Dial.
2292 5671 2368 5736 l2,
2406 5665 2683 5740 l’ra‘ceptis
2707 5665 3051 5739 apostolicis.-
