3898 6178
431 272 534 326 8ὲό

1488 273 1810 328 GREGORII
1851 275 1918 329 Π
1958 275 2333 330 PONTIFlClS
2369 278 2627 334 ROMANI

3590 289 3687 343 95E

431 392 530 458 Qui
577 399 753 443 autem
804 404 861 443 se
908 389 1087 441 sciunt
1132 386 1449 454 quibusdam
1498 402 1616 440 esse
1665 390 2002 457 prtepositos,
2036 392 2081 448 Α
2111 406 2379 458 quoquam
2412 408 2532 447 csse
2573 409 2679 447 non
2704 395 2983 447 dubitatur
3017 414 3029 447 :
3059 395 3184 463 quia
3220 394 3441 463 majoris
3470 414 3689 454 excom-

431 500 537 538 nou
568 482 743 538 ferant
773 481 996 535 moleste
1025 480 1259 552 aliquem
1290 483 1391 537 sibi
1426 498 1544 538 esse
1576 484 1877 553 prwlatutn,
1908 487 2000 539 sel

398 558 789 628 obedientiam
849 586 1010 638 quam
1066 571 1288 641 exigunt
1339 573 1501 626 etiam
1556 573 1655 641 ipsi
1714 573 2001 627 defendant

432 662 601 735 [Ειιὶι.
639 661 816 726 Rom,
843 661 1187 733 dependant].
1246 661 1395 717 Unde
1443 662 1612 731 liquet
1658 664 1799 732 quod
1855 666 1999 717 omni

429 755 607 809 studio
658 741 956 808 devotionis
1006 754 1289 808 unanimes
1349 754 1543 808 divinis
1590 764 1645 808 et
1694 751 2002 823 apostolicis

426 844 875 913 praeceptionibus
917 859 1112 913 parere
1154 845 1413 906 debeatis,
1455 851 1509 896 et
1541 845 1593 897 in
1625 844 1770 897 nullo
1820 845 2003 898 inobe-

425 936 656 1001 dientes,
689 935 830 1005 quod
860 935 1019 1000 absit,
1054 934 1212 990 ellici.
1268 947 1295 976 ι
1326 935 1458 989 Nam
1511 936 1638 990 licet
1685 936 1999 1007 plerumque

426 1024 675 1079 acridant
722 1024 775 1079 in
815 1024 1183 1080 sacerdotibus
1210 1040 1330 1093 quae
1368 1034 1494 1079 sunt
1537 1027 1997 1094 reprehendenda,

422 1114 542 1183 plus
571 1122 746 1168 tamen
782 1129 903 1183 erga
929 1114 1275 1185 corrigendos
1300 1122 1426 1185 agat
1444 1114 1813 1170 benevolentia
1837 1132 1998 1184 quant

423 1204 700 1266 severitas,
739 1203 857 1273 plus
900 1204 1202 1259 cohortatio
1229 1220 1390 1275 quam
1439 1205 1786 1259 comminatio
1826 1202 1995 1275 [Ειίῑι.

420 1292 952 1365 llam.,commotio],
974 1293 1093 1365 plus
1134 1296 1372 1350 Charitas
1395 1310 1557 1365 quam
1586 1305 1847 1366 potestas,
1876 1312 1997 1349 cum

421 1400 580 1441 nemo
605 1395 847 1441 nostrum
878 1387 992 1443 sine
1038 1390 1458 1458 reprehensione
1502 1399 1595 1444 aut
1625 1391 1743 1445 sine
1777 1400 1998 1461 peccato

420 1475 584 1530 vivat.
616 1477 645 1517 ιι
686 1476 821 1531 Nam
852 1478 896 1532 si
926 1478 1183 1534 Dominus
1230 1480 1414 1535 statim
1444 1490 1565 1549 post
1605 1483 1801 1536 trinam
1837 1499 1999 1553 nega-

422 1568 617 1622 tionem
651 1568 865 1623 beatum
891 1568 1110 1625 Petrum
1144 1573 1445 1641 apostolum
1488 1582 1875 1643 praeceptorem
1903 1590 1997 1628 no-

418 1665 590 1711 strum
624 1658 937 1729 iudicasset,
972 1678 1076 1715 non
1110 1670 1318 1717 tantum
1361 1679 1427 1718 ex
1477 1679 1541 1718 eo
1571 1664 1828 1728 fructum,
1859 1665 2000 1719 sicut

418 1746 567 1810 fecit,
598 1749 912 1819 recepisset.
946 1750 1305 1820 Exspectandi
1333 1768 1460 1824 ergo
1488 1762 1649 1823 atque
1694 1755 1995 1824 corrigenli

416 1838 588 1907 magis
613 1847 737 1893 sunt
765 1849 1005 1896 rectores
1024 1836 1297 1908 ECclcsite,
1323 1850 1482 1913 quam
1510 1846 1691 1900 statim
1718 1854 1771 1899 ct
1797 1846 1998 1916 absque

418 1941 603 1987 nostro
648 1934 894 1991 consulto
925 1936 1224 2006 judicandi,
1264 1952 1383 1991 cum
1416 1939 1622 2009 majora
1671 1939 1907 2009 negotia,
1944 1949 1997 1993 ct

413 2020 742 2078 difficiliores
766 2040 1050 2079 causarum
1078 2027 1277 2092 exitus,
1305 2036 1613 2083 sanctorum
1640 2029 1866 2083 Patrum
1902 2044 1994 2083 ca-

413 2127 586 2168 nones
612 2114 801 2182 spiritu
828 2114 921 2170 Dei
955 2116 1178 2183 conditi,
1206 2125 1261 2170 et
1286 2119 1451 2174 totius
1481 2120 1663 2174 mundi
1694 2122 1996 2174 reverentia

411 2204 715 2258 consecrati
759 2203 929 2276 [Edit.
976 2206 1154 2271 Rom.,
1207 2210 1559 2282 conservati],
1615 2209 1841 2279 jubeant
1896 2212 1997 2267 sub

411 2300 612 2348 nostra:
641 2297 931 2351 sententiae.
959 2282 1362 2367 exspectatione
1391 2303 1669 2372 suspendi,
1701 2311 1997 2371 nostroque

411 2384 783 2441 moderamine
830 2386 992 2442 ﬁniri.
1048 2389 1200 2445 Unde
1248 2407 1473 2447 necesse
1520 2402 1604 2447 est
1650 2394 1766 2447 iure
1795 2401 1847 2447 et
1893 2392 1994 2446 alia

411 2474 780 2531 ecclesiastica
864 2495 1089 2548 qumque
1174 2484 1425 2549 negotia,
1505 2492 1626 2551 post
1704 2482 1993 2537 multarum

414 2566 781 2633 experimenta
825 2583 1135 2637 causarum,
1182 2573 1464 2627 sollicitius
1490 2574 1748 2644 prospici,
1789 2582 1843 2628 et
1878 2575 1998 2628 dili-

409 2656 622 2724 gentius
648 2660 965 2727 prmcaveri,
998 2672 1267 2731 quatenus
1301 2679 1398 2733 per
1427 2665 1997 2734 spiritumcharitatis

406 2751 465 2800 et
486 2745 635 2815 pacis
661 2749 837 2803 omnis
860 2751 1115 2808 materies
1141 2754 1538 2820 scandalorum,
1569 2765 1625 2809 et
1648 2759 1994 2828 praesumptio

412 2839 743 2909 invidorum,
770 2852 933 2914 atque
949 2848 1232 2916 oppressio
1264 2848 1589 2918 simplicium
1618 2848 1784 2921 [Edit.
1812 2850 1991 2916 Rom.,

408 2929 737 2998 simplicium
769 2932 1022 3008 fratrum]
1051 2938 1116 2991 de
1139 2937 1392 2993 Ecclesiis
1418 2939 1627 2993 Domini
1657 2941 1988 2996 auferantur.

406 3019 476 3073 Et
504 3020 643 3075 sicut
674 3036 781 3076 non
810 3024 924 3077 vult
955 3026 1241 3096 quisquam
1272 3027 1500 3082 fratrum
1546 3045 1604 3084 se
1631 3029 1860 3084 aliorum
1905 3030 1993 3099 jn-

405 3111 549 3165 dicio
578 3115 931 3183 prmgravari,
967 3117 1038 3170 ita
1086 3134 1192 3171 non
1239 3119 1435 3173 audeat
1467 3120 1587 3175 aliis
1624 3120 1825 3176 inferre
1851 3123 1993 3191 quod

408 3198 514 3253 sibi
552 3216 658 3255 non
707 3202 822 3256 vult
852 3203 992 3267 fieri,
1040 3208 1397 3262 reminiscens
1426 3220 1751 3279 praeceptum
1780 3210 1993 3266 Domini

409 3287 731 3356 Salvatoris,
756 3307 864 3362 quo
892 3294 967 3347 ait
990 3312 1003 3346 :
1031 3294 1209 3350 Nolite
1221 3296 1489 3365 judicare,
1521 3308 1569 3351 et
1598 3316 1699 3352 non
1721 3300 1993 3369 judicabi-

403 3380 536 3434 mini
568 3380 732 3453 [Etlit.
766 3383 948 3451 Rom.,
987 3395 1043 3439 ut
1084 3404 1187 3441 non
1220 3388 1590 3462 judicemini];
1624 3392 1679 3444 in
1710 3408 1812 3462 quo
1852 3396 1992 3447 enim

402 3470 608 3538 judicia
629 3472 1016 3541 judicaveri:is,
1040 3476 1408 3541 judicabimini
1436 3479 1650 3549 (Matth.
1682 3480 1803 3553 vn),
1829 3492 1885 3536 et
1909 3499 1993 3536 re-

402 3559 571 3631 liqua.
599 3561 741 3618 Nibil
764 3579 894 3636 ergo
937 3581 1035 3636 per
1074 3576 1315 3623 nostram
1359 3569 1676 3628 facilitatem
1710 3575 1991 3630 tribunali.

404 3652 605 3708 excelsi
637 3653 806 3723 judici
843 3656 1103 3728 derogare
1133 3659 1411 3727 debemus,
1453 3678 1578 3717 cum
1611 3663 1698 3718 illa
1732 3665 1841 3720 sint
1872 3678 1988 3720 rata

403 3759 526 3814 qua:
554 3745 662 3815 pia,
693 3761 814 3816 qua:
836 3763 985 3815 vera,
1017 3764 1138 3819 qua:
1160 3751 1307 3821 justa
1334 3761 1487 3821 sunt;
1526 3763 1582 3810 et
1607 3756 1765 3812 aliter
1797 3773 1988 3814 neces-

404 3837 602 3903 sitatis,
631 3838 789 3895 aliter
814 3842 1098 3897 tractanda
1135 3851 1218 3898 est
1248 3845 1387 3899 ratio
1422 3845 1734 3902 voluntatis.
1774 3846 1987 3902 Nullum

406 3927 552 3980 enim
583 3927 963 3985 intemeratum
989 3932 1207 4003 reliquit
1234 3934 1504 4000 inimicus,
1538 3935 1740 3991 idcirco
1763 3951 1987 3992 succur~

401 4019 631 4074 rendam
660 4029 745 4075 est
776 4021 1033 4086 irretitis;
1067 4027 1431 4082 conterendus
1468 4042 1599 4099 ergo
1634 4037 1717 4083 est
1742 4029 1989 4083 venantis

401 4105 652 4177 laqueus,
703 4119 763 4165 ut
807 4110 1003 4182 fugatis
1050 4114 1544 4182 lamentationibus,
1596 4127 1706 4173 tam
1748 4118 1801 4172 in
1833 4116 1987 4187 justo

399 4200 795 4270 moderamine,
831 4211 991 4274 quam
1038 4209 1455 4276 compunctione
1489 4211 1726 4281 pietatis,
1766 4225 1986 4282 aposto-

401 4288 504 4345 lica
535 4293 857 4349 auctoritate
891 4296 968 4350 sol
990 4296 1213 4366 justitia:
1242 4299 1297 4352 in
1330 4300 1500 4355 oculis
1551 4301 1832 4370 splendeat
1861 4319 1984 4357 cor-

400 4383 692 4437 ruentium.
726 4396 747 4423 ε
782 4385 893 4441 Nec
935 4389 1115 4457 pigeat
1161 4387 1388 4445 forsitan
1418 4401 1512 4445 aut
1539 4393 1742 4463 pudeat
1784 4396 1986 4450 nostris
2016 4430 2064 4488 Ι)

399 4474 622 4529 obedire
674 4477 963 4544 mandatis,
1014 4487 1109 4532 aut
1152 4480 1461 4547 apostolicae
1504 4484 1647 4537 sedis
1689 4483 1981 4540 observare

399 4573 693 4633 praecepta,
739 4568 862 4636 quia
893 4569 1185 4625 humilibus
1214 4571 1307 4625 dat
1338 4573 1588 4643 gratiam,
1655 4591 1762 4630 non
1791 4592 1981 4646 super-

401 4654 487 4709 bis
513 4673 526 4708 :
550 4654 575 4694 d
610 4671 735 4709 nam
781 4656 910 4711 nulli
948 4657 1028 4713 fas
1073 4668 1158 4713 est
1195 4660 1278 4714 vel
1322 4660 1456 4716 velle
1487 4663 1571 4717 vel
1610 4679 1771 4734 posse
1807 4674 1983 4721 trans.

405 4744 558 4813 gredi
593 4746 902 4815 apostolica:
945 4749 1087 4805 sedis
1127 4760 1416 4821 przeccpta,
1446 4769 1548 4808 nec
1575 4762 1773 4809 nostra:
1801 4756 1981 4826 dispo-

402 4833 616 4889 sitionis
656 4836 1035 4902 ministerium,
1082 4840 1227 4911 quod
1274 4852 1512 4897 vestram
1564 4846 1720 4915 sequi
1771 4856 1982 4917 oportet

401 4923 744 4980 cbaritatcm.
794 4924 879 4981 Sit
920 4942 1048 4999 ergo
1092 4930 1259 4985 ruinm
1304 4947 1415 4986 suae
1459 4933 1643 4987 dolore
1680 4943 1988 5003 prostratus

400 5012 648 5083 quisquis
677 5016 984 5084 apostolicis
1014 5019 1242 5074 voluerit
1297 5023 1566 5078 contraire
1597 5024 1851 5091 decretis,
1885 5043 1984 5080 nec

398 5104 579 5161 locum
615 5107 870 5179 deinceps
918 5110 1062 5165 inter
1089 5114 1398 5169 sacerdotes
1429 5116 1649 5183 habeat,
1678 5119 1773 5173 sed
1801 5130 1985 5174 exter-

399 5197 477 5252 ris
525 5214 555 5251 a
606 5208 794 5254 sancto
840 5201 1143 5257 ministerio
1190 5202 1301 5269 fiat,
1354 5221 1455 5261 nec
1494 5207 1573 5273 {de
1620 5206 1737 5277 ejus
1776 5209 1983 5278 judicio

397 5291 680 5359 quisquam
712 5301 900 5362 postea
928 5308 1111 5347 curam
1151 5295 1368 5360 habeat,
1400 5299 1653 5366 quoniam
1684 5297 1797 5367 jam
1831 5300 1980 5355 dam-

396 5388 556 5434 natus
596 5395 626 5434 a
672 5391 857 5436 sancta
892 5392 945 5438 ct
975 5384 1266 5454 apostolica
1294 5385 1533 5442 Ecclesia
1588 5390 1689 5444 hac
1741 5391 1977 5445 auctori-

398 5478 525 5533 tate,
576 5487 673 5527 sua
720 5474 787 5528 de
837 5474 1197 5531 inobedientia
1241 5486 1404 5546 atque
1454 5481 1892 5551 prmsumptione,
1948 5501 1975 5537 a

468 5594 492 5658 ξι
533 5583 667 5658 _l)ist.
693 5585 781 5649 45,
814 5585 951 5640 Licet
981 5586 1302 5658 plerumque.

467 5650 493 5688 ιλ
532 5652 643 5716 ivo,
680 5665 817 5722 part.
853 5672 901 5721 v,
950 5650 1067 5726 cap.
1100 5650 1222 5711 5158'.

2108 480 2485 535 inunicationis
2534 482 2830 551 dejectione
2866 492 2951 537 est
2989 485 3308 554 exigendus,
3356 487 3443 541 cui
3488 501 3690 543 sancta:

2107 572 2363 627 Ecclesia:
2393 575 2679 628 commissa
2705 574 2868 629 fuerit
2906 575 3212 645 disciplina,
3240 577 3331 645 qui
3379 593 3486 632 non
3515 582 3691 635 solum

2105 662 2341 732 pnefataz
2368 672 2569 719 sancta:
2595 664 2850 719 Ecclesim
2891 665 3225 734 jussionibus
3253 682 3450 736 parere
3478 667 3689 733 debuit,

2105 753 2199 809 sed
2226 754 2390 809 etiam
2419 754 2539 809 aliis
2565 769 2631 809 ne
2659 756 2998 825 praeterirent
3024 757 3323 823 insinuare,
3350 768 3531 828 Sitque
3558 763 3694 818 alie-

2106 861 2206 899 nus
2240 861 2269 898 a
2296 845 2493 899 divinis
2514 854 2568 899 et
2588 845 2987 913 pontificalibus
3011 847 3204 901 officiis
3227 848 3322 916 qui
3349 848 3522 903 noluit
3550 866 3695 920 prm-

2104 934 2274 1003 ccptis
2311 934 2620 1004 apostolicis
2659 932 3058 1004 obtemperare.
3112 934 3325 989 Maneat
3367 936 3552 1005 itaque
3579 955 3695 993 tne-

2103 1032 2347 1078 moratus
2368 1023 2622 1078 Aldricus
2671 1024 2774 1078 bac
2824 1023 3119 1093 apostolica
3163 1026 3487 1081 auctoritate
3520 1044 3695 1098 usque

2104 1115 2169 1168 ad
2194 1115 2536 1183 praesentiam
2580 1114 2725 1170 sedis
2765 1115 3070 1184 apostolicae
3117 1130 3334 1185 semper
3380 1118 3692 1188 episcopus,

2103 1219 2224 1267 nec,
2262 1212 2553 1274 antequam
2583 1204 2687 1260 huc
2718 1205 2922 1271 veniat,
2947 1204 3130 1258 talium
3167 1213 3262 1259 aut
3306 1204 3535 1260 aliorum
3562 1224 3681 1262 ver-

2101 1296 2184 1349 bis
2220 1296 2465 1350 intendat
2506 1297 2738 1361 nocivis,
2775 1311 2951 1366 neque
2980 1311 3171 1352 eorum
3206 1299 3523 1353 succumbat
3545 1298 3692 1367 judi-

2102 1385 2210 1449 cio,
2242 1394 2336 1438 aut
2364 1385 2526 1439 ullam
2556 1400 2753 1440 saevam
2784 1385 3042 1456 suscipiat
3086 1387 3431 1453 sententiam,
3462 1404 3565 1443 nec
3596 1406 3693 1443 nn-

2099 1476 2184 1531 bis
2213 1477 2356 1531 sicut
2393 1476 2502 1542 illi,
2533 1477 2675 1546 quod
2720 1476 2947 1531 minime
2984 1476 3335 1541 arbitramur,
3369 1476 3693 1534 inobediens

2100 1567 2319 1621 cxistat.
2349 1567 2628 1622 Praedicta:
2664 1566 2977 1636 apostolica:
3003 1566 3147 1620 sedis
3174 1575 3395 1630 sancta},
3430 1567 3475 1619 si
3507 1568 3691 1623 volue-

2102 1657 2172 1709 rit
2198 1665 2252 1712 et
2281 1672 2500 1711 necesse
2528 1655 2711 1721 fuerit,
2753 1656 2983 1726 appellet
3024 1656 3319 1709 antistitem
3363 1665 3418 1708 et
3464 1658 3533 1710 ad
3560 1672 3685 1711 eum

2032 1736 2073 1794 Β
2102 1752 2270 1808 libere
2314 1752 2516 1822 absque
2559 1751 2719 1806 ullius
2765 1760 2956 1822 pergat
3003 1750 3406 1820 impedimento.
3466 1751 3534 1804 Et
3565 1767 3688 1805 cum

2102 1859 2200 1899 nec
2230 1843 2493 1913 colligari,
2524 1859 2626 1897 nec
2656 1841 2889 1910 judicari
2909 1882 2922 1904 ,
2969 1856 3070 1896 nec
3100 1842 3347 1895 damnari
3395 1857 3427 1895 a
3459 1843 3688 1911 quibus—

2103 1937 2225 1991 dam
2267 1936 2475 2006 possint
2509 1936 2794 2007 episcopis,
2844 1934 2935 2004 qui
2982 1932 3292 2004 apostolicis
3327 1932 3531 1987 fuerint
3572 1932 3688 1989 fulti

2103 2026 2544 2091 auctoritatibus;
2604 2034 2807 2095 quanto
2863 2023 3043 2078 minus
3089 2025 3157 2078 ab
3212 2022 3317 2078 illis
3365 2023 3412 2078 si
3456 2022 3683 2090 factum,

2102 2115 2244 2185 quod
2274 2114 2391 2170 fieri
2438 2129 2547 2168 non
2578 2114 2870 2174 credimus,
2905 2112 3092 2176 fuerit,
3124 2114 3216 2181 qui
3259 2126 3452 2167 eorum
3502 2113 3687 2173 inobe-

2102 2206 2302 2261 dientia
2331 2213 2492 2275 atque
2520 2205 2792 2275 protervia
2840 2203 2982 2258 facta
3015 2203 3126 2273 jam
3166 2211 3292 2257 sunt
3315 2202 3564 2258 damnati
3591 2219 3685 2258 au-

2101 2297 2399 2354 ctoritate?
2447 2295 2582 2364 Quia
2630 2311 2739 2350 non
2787 2295 2949 2350 aliter
2998 2302 3375 2365 persecutores
3429 2292 3685 2360 fratrum,

2100 2404 2261 2459 quam
2292 2388 2437 2443 sedis
2466 2396 2667 2443 sanctae
2700 2386 3053 2458 jussionibus,
3086 2385 3175 2441 cui
3203 2385 3379 2440 omnis
3405 2385 3561 2441 orbis
3601 2402 3689 2441 ca-

2098 2487 2193 2550 put
2218 2479 2462 2544 inclinat,
2487 2478 2857 2535 inobedientes
2881 2478 3155 2548 corrigere
3201 2491 3293 2532 seu
3324 2492 3515 2549 regere
3535 2479 3684 2549 juxta

2099 2569 2516 2638 prtecedeutium
2557 2568 2779 2623 Patrum
2832 2567 3076 2639 exempla
3111 2582 3424 2637 possumus,
3454 2569 3559 2623 nisi
3596 2584 3684 2623 eos

2101 2658 2216 2713 zelo
2246 2657 2369 2713 fidei
2401 2659 2697 2715 Dominica:
2725 2673 3141 2729 persequamur,
3174 2666 3229 2712 et
3253 2674 3283 2713 a
3311 2659 3462 2714 sanis
3491 2661 3685 2715 menti-

2098 2749 2218 2814 bus,
2259 2763 2327 2803 ne
2367 2749 2537 2819 pestis
2575 2749 2692 2804 haec
2734 2748 2897 2804 latius
2924 2748 3248 2820 divulgetur,
3289 2748 3344 2802 in
3393 2749 3682 2804 severitate

2098 2855 2203 2909 qua
2233 2856 2519 2911 possumus
2544 2841 2941 2897 abscindamus.
2971 2840 3228 2910 Quisquis
3259 2850 3497 2910 namQue
3523 2855 3682 2896 cona-

2099 2940 2186 2985 tus
2212 2930 2374 2985 fuerit
2408 2938 2619 2986 tentare
2656 2931 2951 3000 prohibita,
2985 2931 3183 2986 sentiet
3221 2945 3513 2985 censuram
3541 2931 3685 2986 sedis

2099 3022 2407 3092 apostolicae
2430 3022 2653 3076 minime
2684 3020 3008 3103 defuturam.
3037 3022 3105 3075 Et
3128 3022 3219 3092 qui
3249 3022 3474 3076 monitis
3503 3022 3688 3077 nolue-

2022 3084 2066 3145 Ο
2099 3084 2172 3168 rit
2211 3112 2433 3169 obedire
2478 3098 2828 3183 apostolicis,
2876 3127 3100 3169 necesse
3146 3084 3233 3168 est
3272 3122 3332 3167 ut
3374 3114 3687 3169 severitatis

2099 3204 2281 3273 regula
2322 3203 2647 3269 vindicetur,
2691 3219 2760 3258 ne
2804 3203 3000 3273 aliquis
3044 3203 3150 3258 hoc
3197 3203 3384 3270 faciat,
3425 3212 3523 3258 aut
3566 3203 3684 3259 fieri

2095 3295 2269 3360 sinat,
2328 3295 2470 3349 unde.
2502 3294 2667 3348 alium
2715 3295 2800 3349 vel
2852 3295 3113 3365 capiendo
3167 3294 3421 3367 decipiat,
3476 3295 3685 3365 sibique

2095 3400 2287 3440 causas
2316 3394 2561 3456 generet,
2593 3386 2788 3454 quibus
2826 3400 2953 3440 reus
2979 3385 3289 3441 constitutis
3314 3386 3681 3439 decretalibus

2095 3476 2209 3530 ﬁat.
2240 3476 2459 3542 Cavete,
2498 3475 2719 3542 fratres,
2753 3477 3025 3548 negligere
3049 3476 3292 3548 prazfata,
3336 3486 3528 3532 cavete
3571 3486 3681 3532 ten-

2095 3576 2208 3621 tare
2236 3567 2530 3637 prohibita,
2558 3582 2623 3621 ne
2647 3567 2918 3636 praedictis
2957 3568 3303 3622 involvamini
3348 3568 3680 3623 retinaculis.

2095 3657 2269 3714 Nolite
2313 3660 2662 3729 smpedictum
2706 3658 2931 3713 fratrem
2970 3660 3173 3728 absque
3209 3668 3420 3721 nostra,
3454 3667 3515 3713 ut
3546 3675 3684 3729 pta!-

2094 3750 2295 3803 dictum
2336 3760 2439 3815 cst,
2483 3749 2771 3819 praesentia
2810 3759 2903 3802 aut
2944 3748 3271 3804 auctoritate
3304 3748 3573 3819 judicare,
3602 3746 3684 3799 vel

2093 3842 2471 3902 condemnare,
2501 3849 2595 3894 aut
2631 3855 2879 3909 gravare.
2914 3838 3042 3904 Sed,
3083 3840 3223 3894 sicut
3251 3837 3565 3909 apostolicis
3603 3845 3684 3892 est

2094 3928 2333 3983 munitus
2361 3928 2647 3999 ptmsidiis,
2681 3929 2753 3983 ita
2789 3929 2987 3983 vestris
3023 3927 3277 3982 fulciatur
3304 3926 3547 3991 auxiliis.
3580 3927 3681 3982 sit-

2090 4036 2195 4088 que
2224 4019 2292 4074 ab
2338 4020 2514 4074 omnis
2551 4018 2918 4074 sacerdotalis
2941 4017 3171 4089 catalogi
3214 4017 3431 4087 laqueo,
3463 4025 3561 4070 aut
3588 4032 3683 4084 op-

2090 4110 2389 4180 pressione,
2414 4110 2498 4164 vel
2539 4111 2742 4181 judicio
2773 4111 3028 4173 humano,
3065 4110 3301 4163 intactus
3334 4116 3391 4162 et
3416 4108 3558 4162 liber
3584 4123 3681 4163 us-

2090 4216 2195 4270 que
2244 4200 2309 4255 ad
2348 4212 2613 4267 nostrum,
2655 4210 2713 4254 ut
2749 4199 3030 4270 prmfatum
3083 4208 3193 4262 est,
3237 4199 3543 4268 judicium,
3589 4196 3681 4266 qui

2090 4292 2235 4346 beati
2285 4292 2547 4363 principis
2590 4291 2960 4363 apostolorum
2997 4289 3148 4344 Petri
3202 4288 3403 4343 meruit
3449 4287 3680 4357 adipisci

2091 4381 2370 4435 auxilium.
2419 4380 2619 4436 Contra
2650 4388 2823 4450 caput
2862 4395 2993 4451 ergo
3031 4379 3199 4434 nolite
3241 4394 3337 4434 vos
3389 4378 3678 4432 extollere.

2091 4472 2267 4528 Nolite
2286 4474 2429 4530 beati
2459 4473 2709 4545 clavigeri
2742 4474 2907 4538 Petri,
2937 4472 3092 4542 cujus
3118 4472 3237 4528 vice
3279 4470 3551 4541 legatione
3580 4484 3683 4539 pro

2091 4563 2306 4619 Christo
2352 4562 2646 4634 fungimur,
2682 4562 2884 4626 sedem,
2928 4561 3153 4632 ejusque
3197 4560 3344 4615 sedis
3384 4560 3684 4614 auctorita-

2093 4664 2199 4709 tem
2245 4669 2518 4726 spernere,
2568 4670 2634 4709 nc
2682 4654 2799 4723 ejus
2841 4652 3120 4722 patiamini
3160 4651 3536 4715 oﬂ‘ensionem,
3586 4659 3683 4704 aut

2058 4748 2405 4803 scandalum
2455 4745 2711 4800 Ecclesia:
2758 4744 3046 4815 generetis,
3101 4743 3193 4799 sed
3244 4743 3419 4812 magis
3462 4740 3683 4797 solliciti

2089 4855 2188 4910 pro
2219 4838 2446 4893 fratrum
2478 4837 2650 4892 salute
2682 4845 2735 4890 et
2761 4834 3083 4890 liberatione
3118 4843 3310 4898 estote,
3339 4841 3396 4888 et
3422 4848 3523 4903 pro
3550 4848 3684 4887 san—

2090 4940 2192 5009 ctae
2219 4928 2600 4984 Dei-Ecclesia:
2639 4927 2814 4983 salute
2867 4941 3213 4995 summopere
3258 4925 3521 4979 laborate.
3574 4923 3684 4978 Ar-

2090 5020 2311 5073 mamini
2344 5019 2631 5082 cbaritate,
2664 5034 2768 5072 non
2799 5017 3110 5081 severitate,
3148 5016 3400 5070 omnibus
3428 5014 3586 5068 vobis
3617 5028 3684 5068 ac

2088 5110 2361 5183 sigillatim
2419 5117 2674 5165 occurrat
2711 5109 2968 5173 Charitas,
2995 5117 3051 5162 et
3085 5105 3339 5170 vinculis,
3382 5120 3503 5175 quae
3524 5102 3683 5157 mille

2088 5204 2260 5257 modis
2316 5217 2345 5255 a
2392 5202 2610 5257 Christo
2660 5200 2962 5263 solvantur,
3022 5199 3298 5253 vobiscum
3354 5197 3567 5266 pariter
3624 5196 3682 5250 in

2088 5305 2405 5363 perpetuum
2451 5307 2692 5348 connexa
2744 5292 2954 5347 lzetetur
3002 5291 3055 5343 in
3098 5289 3344 5343 Domino.
3395 5286 3674 5342 Craterum

2086 5386 2440 5440 insectatores
2481 5383 2709 5438 fratrum
2763 5383 3132 5438 ecclesiastica
3187 5380 3469 5450 disciplina
3508 5394 3677 5433 eom-

2084 5478 2318 5546 primcrc
2353 5485 2407 5532 et
2432 5477 2648 5531 erudire
2674 5475 2903 5538 debetis,
2936 5474 3025 5544 qui
3063 5482 3256 5528 statum
3289 5471 3458 5546 [EdiL
3480 5468 3678 5534 Rom.,

2161 5600 2183 5625 ο
2221 5588 2375 5651 lbid.,
2405 5602 2524 5656 cap.
2561 5589 2645 5641 ll.

2152 5660 2174 5697 *ι
2219 5660 2347 5712 Dist.
2380 5659 2479 5723 19,
2503 5656 2653 5711 Nulli
2676 5658 2756 5727 fus
2780 5667 2870 5712 cst.
