  <div class='ocr_page' id='page_1' title='image "/cluster/home/n/w/nwhite01/storage/ocr_20150623/106/hvd.32044054759717/434.png"; bbox 0 0 3898 6178; ppageno 0'>
   <div class='ocr_carea' id='block_1_1' title="bbox 239 305 339 363">
    <p class='ocr_par' dir='ltr' id='par_1_1' title="bbox 239 305 339 363">
     <span class='ocr_line' id='line_1_1' title="bbox 239 305 339 363; baseline -0.06 0"><span class='ocrx_word' id='word_1_1' title='bbox 239 305 339 363; x_wconf 79' lang='lat'><strong>857</strong></span> 
     </span>
    </p>
   </div>
   <div class='ocr_carea' id='block_1_2' title="bbox 1675 285 2056 345">
    <p class='ocr_par' dir='ltr' id='par_1_2' title="bbox 1675 285 2056 345">
     <span class='ocr_line' id='line_1_2' title="bbox 1675 285 2056 345; baseline -0.008 -1"><span class='ocrx_word' id='word_1_2' title='bbox 1675 285 2056 345; x_wconf 67' lang='lat' dir='ltr'><strong>EPISTOL.‘E.</strong></span> 
     </span>
    </p>
   </div>
   <div class='ocr_carea' id='block_1_3' title="bbox 3404 291 3508 348">
    <p class='ocr_par' dir='ltr' id='par_1_3' title="bbox 3404 291 3508 348">
     <span class='ocr_line' id='line_1_3' title="bbox 3404 291 3508 348; baseline 0 -1"><span class='ocrx_word' id='word_1_3' title='bbox 3404 291 3508 348; x_wconf 71' lang='lat'><strong>8&#39;38</strong></span> 
     </span>
    </p>
   </div>
   <div class='ocr_carea' id='block_1_4' title="bbox 240 402 3508 495">
    <p class='ocr_par' dir='ltr' id='par_1_4' title="bbox 240 402 3508 495">
     <span class='ocr_line' id='line_1_4' title="bbox 240 402 3508 495; baseline -0.005 -14"><span class='ocrx_word' id='word_1_4' title='bbox 240 422 466 495; x_wconf 82' lang='lat' dir='ltr'><strong>statuta]</strong></span> <span class='ocrx_word' id='word_1_5' title='bbox 499 435 764 491; x_wconf 59' lang='lat' dir='ltr'><strong>majorum</strong></span> <span class='ocrx_word' id='word_1_6' title='bbox 796 431 904 473; x_wconf 86' lang='lat' dir='ltr'><strong>non</strong></span> <span class='ocrx_word' id='word_1_7' title='bbox 948 425 1214 479; x_wconf 86' lang='lat' dir='ltr'><strong>tenentes,</strong></span> <span class='ocrx_word' id='word_1_8' title='bbox 1249 414 1341 468; x_wconf 89' lang='lat' dir='ltr'><strong>Dei</strong></span> <span class='ocrx_word' id='word_1_9' title='bbox 1384 410 1693 468; x_wconf 82' lang='lat' dir='ltr'><strong>sacerdotes</strong></span> <span class='ocrx_word' id='word_1_10' title='bbox 1741 417 1824 461; x_wconf 84' lang='lat' dir='ltr'><strong>at-</strong></span> <span class='ocrx_word' id='word_1_11' title='bbox 1853 413 1898 471; x_wconf 78' lang='grc' dir='ltr'>Α</span> <span class='ocrx_word' id='word_1_12' title='bbox 1928 410 2249 474; x_wconf 83' lang='lat' dir='ltr'><strong>exspectare</strong></span> <span class='ocrx_word' id='word_1_13' title='bbox 2292 402 2573 472; x_wconf 73' lang='lat' dir='ltr'><strong>judicium.</strong></span> <span class='ocrx_word' id='word_1_14' title='bbox 2618 403 2696 457; x_wconf 74' lang='lat' dir='ltr'><strong>Ad</strong></span> <span class='ocrx_word' id='word_1_15' title='bbox 2739 403 2893 473; x_wconf 82' lang='lat' dir='ltr'><strong>cujus</strong></span> <span class='ocrx_word' id='word_1_16' title='bbox 2932 405 3008 461; x_wconf 87' lang='lat' dir='ltr'><strong>rei</strong></span> <span class='ocrx_word' id='word_1_17' title='bbox 3041 405 3508 466; x_wconf 82' lang='lat' dir='ltr'><strong>confirmationem</strong></span> 
     </span>
    </p>
   </div>
   <div class='ocr_carea' id='block_1_5' title="bbox 236 502 1821 588">
    <p class='ocr_par' dir='ltr' id='par_1_5' title="bbox 236 502 1821 588">
     <span class='ocr_line' id='line_1_5' title="bbox 236 502 1821 588; baseline -0.014 -16"><span class='ocrx_word' id='word_1_18' title='bbox 236 532 342 588; x_wconf 88' lang='lat' dir='ltr'><strong>que</strong></span> <span class='ocrx_word' id='word_1_19' title='bbox 385 523 629 570; x_wconf 85' lang='lat' dir='ltr'><strong>sanctam</strong></span> <span class='ocrx_word' id='word_1_20' title='bbox 657 509 975 573; x_wconf 85' lang='lat' dir='ltr'><strong>Ecclesiam,</strong></span> <span class='ocrx_word' id='word_1_21' title='bbox 1023 522 1142 576; x_wconf 72' lang='lat' dir='ltr'><strong>qua:</strong></span> <span class='ocrx_word' id='word_1_22' title='bbox 1181 506 1233 559; x_wconf 91' lang='lat' dir='ltr'><strong>in</strong></span> <span class='ocrx_word' id='word_1_23' title='bbox 1280 502 1654 559; x_wconf 71' lang='lat' dir='ltr'><strong>sacerdotibus</strong></span> <span class='ocrx_word' id='word_1_24' title='bbox 1704 514 1821 553; x_wconf 87' lang='lat' dir='ltr'><strong>ma-</strong></span> 
     </span>
    </p>
   </div>
   <div class='ocr_carea' id='block_1_6' title="bbox 238 592 1824 671">
    <p class='ocr_par' dir='ltr' id='par_1_6' title="bbox 238 592 1824 671">
     <span class='ocr_line' id='line_1_6' title="bbox 238 592 1824 671; baseline -0.013 -9"><span class='ocrx_word' id='word_1_25' title='bbox 238 607 384 661; x_wconf 77' lang='lat' dir='ltr'><strong>xime</strong></span> <span class='ocrx_word' id='word_1_26' title='bbox 412 611 647 662; x_wconf 86' lang='lat' dir='ltr'><strong>constat,</strong></span> <span class='ocrx_word' id='word_1_27' title='bbox 678 600 983 671; x_wconf 83' lang='lat' dir='ltr'><strong>principum</strong></span> <span class='ocrx_word' id='word_1_28' title='bbox 1018 605 1073 651; x_wconf 90' lang='lat' dir='ltr'><strong>et</strong></span> <span class='ocrx_word' id='word_1_29' title='bbox 1107 596 1426 665; x_wconf 85' lang='lat' dir='ltr'><strong>populorum</strong></span> <span class='ocrx_word' id='word_1_30' title='bbox 1471 592 1708 645; x_wconf 86' lang='lat' dir='ltr'><strong>favorem</strong></span> <span class='ocrx_word' id='word_1_31' title='bbox 1740 603 1824 641; x_wconf 83' lang='lat' dir='ltr'><strong>se-</strong></span> 
     </span>
    </p>
   </div>
   <div class='ocr_carea' id='block_1_7' title="bbox 237 679 1823 766">
    <p class='ocr_par' dir='ltr' id='par_1_7' title="bbox 237 679 1823 766">
     <span class='ocr_line' id='line_1_7' title="bbox 237 679 1823 766; baseline -0.014 -15"><span class='ocrx_word' id='word_1_32' title='bbox 237 704 487 766; x_wconf 86' lang='lat' dir='ltr'><strong>quentes,</strong></span> <span class='ocrx_word' id='word_1_33' title='bbox 515 702 572 748; x_wconf 91' lang='lat' dir='ltr'><strong>et</strong></span> <span class='ocrx_word' id='word_1_34' title='bbox 594 691 688 746; x_wconf 91' lang='lat' dir='ltr'><strong>Dei</strong></span> <span class='ocrx_word' id='word_1_35' title='bbox 729 689 994 760; x_wconf 88' lang='lat' dir='ltr'><strong>judicium</strong></span> <span class='ocrx_word' id='word_1_36' title='bbox 1034 702 1140 740; x_wconf 90' lang='lat' dir='ltr'><strong>non</strong></span> <span class='ocrx_word' id='word_1_37' title='bbox 1175 687 1444 744; x_wconf 70' lang='lat' dir='ltr'><strong>ﬁnientes,</strong></span> <span class='ocrx_word' id='word_1_38' title='bbox 1498 697 1593 737; x_wconf 88' lang='lat' dir='ltr'><strong>sua</strong></span> <span class='ocrx_word' id='word_1_39' title='bbox 1624 679 1823 766; x_wconf 72' lang='lat' dir='ltr'><strong>violare</strong></span> 
     </span>
    </p>
   </div>
   <div class='ocr_carea' id='block_1_8' title="bbox 237 756 1825 855">
    <p class='ocr_par' dir='ltr' id='par_1_8' title="bbox 237 756 1825 855">
     <span class='ocr_line' id='line_1_8' title="bbox 237 756 1825 855; baseline -0.011 -14"><span class='ocrx_word' id='word_1_40' title='bbox 237 756 751 855; x_wconf 76' lang='lat' dir='ltr'><strong>nituntur</strong></span> <span class='ocrx_word' id='word_1_41' title='bbox 795 779 1238 850; x_wconf 70' lang='lat' dir='ltr'><strong>prmsumptione.</strong></span> <span class='ocrx_word' id='word_1_42' title='bbox 1302 775 1395 829; x_wconf 88' lang='lat' dir='ltr'><strong>llis</strong></span> <span class='ocrx_word' id='word_1_43' title='bbox 1424 790 1553 844; x_wconf 83' lang='lat' dir='ltr'><strong>ergo</strong></span> <span class='ocrx_word' id='word_1_44' title='bbox 1600 789 1700 827; x_wconf 81' lang='lat' dir='ltr'><strong>nec</strong></span> <span class='ocrx_word' id='word_1_45' title='bbox 1743 756 1825 824; x_wconf 48' lang='lat' dir='ltr'><strong>fa;</strong></span> 
     </span>
    </p>
   </div>
   <div class='ocr_carea' id='block_1_9' title="bbox 237 856 1824 935">
    <p class='ocr_par' dir='ltr' id='par_1_9' title="bbox 237 856 1824 935">
     <span class='ocr_line' id='line_1_9' title="bbox 237 856 1824 935; baseline -0.008 -7"><span class='ocrx_word' id='word_1_46' title='bbox 237 875 356 935; x_wconf 88' lang='lat' dir='ltr'><strong>etis,</strong></span> <span class='ocrx_word' id='word_1_47' title='bbox 400 888 501 927; x_wconf 90' lang='lat' dir='ltr'><strong>nec</strong></span> <span class='ocrx_word' id='word_1_48' title='bbox 537 870 795 935; x_wconf 86' lang='lat' dir='ltr'><strong>consiliis,</strong></span> <span class='ocrx_word' id='word_1_49' title='bbox 831 884 932 923; x_wconf 89' lang='lat' dir='ltr'><strong>nec</strong></span> <span class='ocrx_word' id='word_1_50' title='bbox 968 866 1289 927; x_wconf 84' lang='lat' dir='ltr'><strong>manifestis,</strong></span> <span class='ocrx_word' id='word_1_51' title='bbox 1323 881 1422 920; x_wconf 88' lang='lat' dir='ltr'><strong>nec</strong></span> <span class='ocrx_word' id='word_1_52' title='bbox 1457 856 1700 923; x_wconf 84' lang='lat' dir='ltr'><strong>occultis,</strong></span> <span class='ocrx_word' id='word_1_53' title='bbox 1729 876 1824 915; x_wconf 84' lang='lat' dir='ltr'><strong>vos</strong></span> 
     </span>
    </p>
   </div>
   <div class='ocr_carea' id='block_1_10' title="bbox 238 953 1824 1034">
    <p class='ocr_par' dir='ltr' id='par_1_10' title="bbox 238 953 1824 1034">
     <span class='ocr_line' id='line_1_10' title="bbox 238 953 1824 1034; baseline -0.008 -15"><span class='ocrx_word' id='word_1_54' title='bbox 238 973 451 1034; x_wconf 89' lang='lat' dir='ltr'><strong>oportet</strong></span> <span class='ocrx_word' id='word_1_55' title='bbox 470 964 714 1033; x_wconf 64' lang='lat' dir='ltr'><strong>pneltere</strong></span> <span class='ocrx_word' id='word_1_56' title='bbox 747 974 1095 1023; x_wconf 88' lang='lat' dir='ltr'><strong>consensum,</strong></span> <span class='ocrx_word' id='word_1_57' title='bbox 1125 958 1338 1013; x_wconf 88' lang='lat' dir='ltr'><strong>dicente</strong></span> <span class='ocrx_word' id='word_1_58' title='bbox 1368 957 1595 1011; x_wconf 89' lang='lat' dir='ltr'><strong>Domino</strong></span> <span class='ocrx_word' id='word_1_59' title='bbox 1620 974 1633 1008; x_wconf 90' lang='lat'>:</span> <span class='ocrx_word' id='word_1_60' title='bbox 1667 953 1824 1008; x_wconf 77' lang='lat' dir='ltr'><strong>Vide-</strong></span> 
     </span>
    </p>
   </div>
   <div class='ocr_carea' id='block_1_11' title="bbox 237 1045 1823 1124">
    <p class='ocr_par' dir='ltr' id='par_1_11' title="bbox 237 1045 1823 1124">
     <span class='ocr_line' id='line_1_11' title="bbox 237 1045 1823 1124; baseline -0.01 -13"><span class='ocrx_word' id='word_1_61' title='bbox 237 1059 325 1111; x_wconf 78' lang='lat' dir='ltr'><strong>bas</strong></span> <span class='ocrx_word' id='word_1_62' title='bbox 346 1055 543 1124; x_wconf 81' lang='lat' dir='ltr'><strong>furem,</strong></span> <span class='ocrx_word' id='word_1_63' title='bbox 569 1063 618 1108; x_wconf 85' lang='lat' dir='ltr'><strong>et</strong></span> <span class='ocrx_word' id='word_1_64' title='bbox 640 1053 885 1106; x_wconf 81' lang='lat' dir='ltr'><strong>currebas</strong></span> <span class='ocrx_word' id='word_1_65' title='bbox 910 1067 1027 1105; x_wconf 84' lang='lat' dir='ltr'><strong>cum</strong></span> <span class='ocrx_word' id='word_1_66' title='bbox 1056 1068 1116 1104; x_wconf 87' lang='lat' dir='ltr'><strong>eo</strong></span> <span class='ocrx_word' id='word_1_67' title='bbox 1146 1047 1322 1119; x_wconf 85' lang='lat' dir='ltr'><strong>(Psal.</strong></span> <span class='ocrx_word' id='word_1_68' title='bbox 1353 1045 1525 1119; x_wconf 76' lang='lat' dir='ltr'><strong>xux).</strong></span> <span class='ocrx_word' id='word_1_69' title='bbox 1555 1045 1671 1100; x_wconf 76' lang='lat' dir='ltr'><strong>Non</strong></span> <span class='ocrx_word' id='word_1_70' title='bbox 1705 1053 1823 1098; x_wconf 83' lang='lat' dir='ltr'><strong>tan-</strong></span> 
     </span>
    </p>
   </div>
   <div class='ocr_carea' id='block_1_12' title="bbox 236 1136 1820 1217">
    <p class='ocr_par' dir='ltr' id='par_1_12' title="bbox 236 1136 1820 1217">
     <span class='ocr_line' id='line_1_12' title="bbox 236 1136 1820 1217; baseline -0.011 -14"><span class='ocrx_word' id='word_1_71' title='bbox 236 1158 349 1203; x_wconf 88' lang='lat' dir='ltr'><strong>tum</strong></span> <span class='ocrx_word' id='word_1_72' title='bbox 382 1148 476 1217; x_wconf 90' lang='lat' dir='ltr'><strong>qui</strong></span> <span class='ocrx_word' id='word_1_73' title='bbox 525 1144 749 1209; x_wconf 87' lang='lat' dir='ltr'><strong>faciunt,</strong></span> <span class='ocrx_word' id='word_1_74' title='bbox 801 1143 894 1198; x_wconf 89' lang='lat' dir='ltr'><strong>sed</strong></span> <span class='ocrx_word' id='word_1_75' title='bbox 938 1143 1031 1212; x_wconf 89' lang='lat' dir='ltr'><strong>qui</strong></span> <span class='ocrx_word' id='word_1_76' title='bbox 1081 1140 1407 1196; x_wconf 75' lang='lat' dir='ltr'><strong>facientibus</strong></span> <span class='ocrx_word' id='word_1_77' title='bbox 1453 1136 1820 1199; x_wconf 88' lang='lat' dir='ltr'><strong>consentiunt,</strong></span> 
     </span>
    </p>
   </div>
   <div class='ocr_carea' id='block_1_13' title="bbox 237 1232 1823 1294">
    <p class='ocr_par' dir='ltr' id='par_1_13' title="bbox 237 1232 1823 1294">
     <span class='ocr_line' id='line_1_13' title="bbox 237 1232 1823 1294; baseline -0.009 -1"><span class='ocrx_word' id='word_1_78' title='bbox 237 1257 308 1294; x_wconf 57' lang='lat' dir='ltr'><strong>rei</strong></span> <span class='ocrx_word' id='word_1_79' title='bbox 345 1245 619 1293; x_wconf 89' lang='lat' dir='ltr'><strong>tenentur.</strong></span> <span class='ocrx_word' id='word_1_80' title='bbox 661 1235 793 1290; x_wconf 86' lang='lat' dir='ltr'><strong>lllud</strong></span> <span class='ocrx_word' id='word_1_81' title='bbox 823 1237 1083 1288; x_wconf 80' lang='lat' dir='ltr'><strong>duntaxat</strong></span> <span class='ocrx_word' id='word_1_82' title='bbox 1120 1232 1281 1287; x_wconf 81' lang='lat' dir='ltr'><strong>debet</strong></span> <span class='ocrx_word' id='word_1_83' title='bbox 1317 1241 1553 1284; x_wconf 89' lang='lat' dir='ltr'><strong>mentem</strong></span> <span class='ocrx_word' id='word_1_84' title='bbox 1585 1238 1823 1281; x_wconf 72' lang='lat' dir='ltr'><strong>vestram</strong></span> 
     </span>
    </p>
   </div>
   <div class='ocr_carea' id='block_1_14' title="bbox 239 1315 1824 1381">
    <p class='ocr_par' dir='ltr' id='par_1_14' title="bbox 239 1315 1824 1381">
     <span class='ocr_line' id='line_1_14' title="bbox 239 1315 1824 1381; baseline -0.007 -3"><span class='ocrx_word' id='word_1_85' title='bbox 239 1325 611 1381; x_wconf 67' lang='lat' dir='ltr'><strong>vehementius</strong></span> <span class='ocrx_word' id='word_1_86' title='bbox 651 1323 914 1381; x_wconf 74' lang='lat' dir='ltr'><strong>excitare,</strong></span> <span class='ocrx_word' id='word_1_87' title='bbox 950 1331 1009 1374; x_wconf 90' lang='lat' dir='ltr'><strong>ut</strong></span> <span class='ocrx_word' id='word_1_88' title='bbox 1035 1320 1103 1373; x_wconf 87' lang='lat' dir='ltr'><strong>ab</strong></span> <span class='ocrx_word' id='word_1_89' title='bbox 1124 1320 1269 1374; x_wconf 88' lang='lat' dir='ltr'><strong>omni</strong></span> <span class='ocrx_word' id='word_1_90' title='bbox 1300 1317 1420 1373; x_wconf 88' lang='lat' dir='ltr'><strong>labe</strong></span> <span class='ocrx_word' id='word_1_91' title='bbox 1444 1316 1625 1372; x_wconf 61' lang='lat' dir='ltr'><strong>seaculi</strong></span> <span class='ocrx_word' id='word_1_92' title='bbox 1666 1315 1824 1369; x_wconf 77' lang='lat' dir='ltr'><strong>istius</strong></span> 
     </span>
    </p>
   </div>
   <div class='ocr_carea' id='block_1_15' title="bbox 238 1407 1821 1482">
    <p class='ocr_par' dir='ltr' id='par_1_15' title="bbox 238 1407 1821 1482">
     <span class='ocr_line' id='line_1_15' title="bbox 238 1407 1821 1482; baseline -0.008 -9"><span class='ocrx_word' id='word_1_93' title='bbox 238 1420 507 1473; x_wconf 86' lang='lat' dir='ltr'><strong>immunes</strong></span> <span class='ocrx_word' id='word_1_94' title='bbox 551 1426 676 1470; x_wconf 84' lang='lat' dir='ltr'><strong>ante</strong></span> <span class='ocrx_word' id='word_1_95' title='bbox 718 1415 809 1469; x_wconf 86' lang='lat' dir='ltr'><strong>Dei</strong></span> <span class='ocrx_word' id='word_1_96' title='bbox 860 1419 1206 1482; x_wconf 82' lang='lat' dir='ltr'><strong>conspectum</strong></span> <span class='ocrx_word' id='word_1_97' title='bbox 1254 1419 1308 1464; x_wconf 92' lang='lat' dir='ltr'><strong>et</strong></span> <span class='ocrx_word' id='word_1_98' title='bbox 1349 1409 1526 1464; x_wconf 88' lang='lat' dir='ltr'><strong>securi</strong></span> <span class='ocrx_word' id='word_1_99' title='bbox 1575 1407 1821 1461; x_wconf 81' lang='lat' dir='ltr'><strong>invenia-</strong></span> 
     </span>
    </p>
   </div>
   <div class='ocr_carea' id='block_1_16' title="bbox 238 1486 1823 1573">
    <p class='ocr_par' dir='ltr' id='par_1_16' title="bbox 238 1486 1823 1573">
     <span class='ocr_line' id='line_1_16' title="bbox 238 1486 1823 1573; baseline -0.007 -9"><span class='ocrx_word' id='word_1_100' title='bbox 238 1510 401 1573; x_wconf 88' lang='lat' dir='ltr'><strong>mini;</strong></span> <span class='ocrx_word' id='word_1_101' title='bbox 439 1518 500 1563; x_wconf 89' lang='lat' dir='ltr'><strong>ut</strong></span> <span class='ocrx_word' id='word_1_102' title='bbox 534 1507 856 1562; x_wconf 87' lang='lat' dir='ltr'><strong>charitatem</strong></span> <span class='ocrx_word' id='word_1_103' title='bbox 895 1520 1001 1559; x_wconf 90' lang='lat' dir='ltr'><strong>non</strong></span> <span class='ocrx_word' id='word_1_104' title='bbox 1046 1504 1373 1566; x_wconf 79' lang='lat' dir='ltr'><strong>amittentes,</strong></span> <span class='ocrx_word' id='word_1_105' title='bbox 1403 1486 1823 1561; x_wconf 54' lang='lat' dir='ltr'><strong>etsust&#39;entatoo</strong></span> 
     </span>
    </p>
   </div>
   <div class='ocr_carea' id='block_1_17' title="bbox 237 1588 1818 1664">
    <p class='ocr_par' dir='ltr' id='par_1_17' title="bbox 237 1588 1818 1664">
     <span class='ocr_line' id='line_1_17' title="bbox 237 1588 1818 1664; baseline -0.009 -9"><span class='ocrx_word' id='word_1_106' title='bbox 237 1615 323 1655; x_wconf 88' lang='lat' dir='ltr'><strong>res</strong></span> <span class='ocrx_word' id='word_1_107' title='bbox 365 1598 597 1652; x_wconf 79' lang='lat' dir='ltr'><strong>fratrum</strong></span> <span class='ocrx_word' id='word_1_108' title='bbox 640 1596 921 1661; x_wconf 79' lang='lat' dir='ltr'><strong>existatis,</strong></span> <span class='ocrx_word' id='word_1_109' title='bbox 964 1602 1233 1664; x_wconf 87' lang='lat' dir='ltr'><strong>quatenus</strong></span> <span class='ocrx_word' id='word_1_110' title='bbox 1265 1592 1418 1663; x_wconf 83' lang='lat' dir='ltr'><strong>juxta</strong></span> <span class='ocrx_word' id='word_1_111' title='bbox 1463 1588 1818 1660; x_wconf 83' lang='lat' dir='ltr'><strong>Apostolum,</strong></span> 
     </span>
    </p>
   </div>
   <div class='ocr_carea' id='block_1_18' title="bbox 238 1680 1822 1756">
    <p class='ocr_par' dir='ltr' id='par_1_18' title="bbox 238 1680 1822 1756">
     <span class='ocr_line' id='line_1_18' title="bbox 238 1680 1822 1756; baseline -0.008 -11"><span class='ocrx_word' id='word_1_112' title='bbox 238 1691 556 1753; x_wconf 87' lang='lat' dir='ltr'><strong>unanimes,</strong></span> <span class='ocrx_word' id='word_1_113' title='bbox 604 1703 770 1742; x_wconf 91' lang='lat' dir='ltr'><strong>unum</strong></span> <span class='ocrx_word' id='word_1_114' title='bbox 815 1694 1119 1753; x_wconf 86' lang='lat' dir='ltr'><strong>sectantes,</strong></span> <span class='ocrx_word' id='word_1_115' title='bbox 1162 1684 1529 1756; x_wconf 87' lang='lat' dir='ltr'><strong>permaneatis</strong></span> <span class='ocrx_word' id='word_1_116' title='bbox 1570 1682 1624 1737; x_wconf 92' lang='lat' dir='ltr'><strong>in</strong></span> <span class='ocrx_word' id='word_1_117' title='bbox 1665 1680 1822 1736; x_wconf 89' lang='lat' dir='ltr'><strong>Chri-</strong></span> 
     </span>
    </p>
   </div>
   <div class='ocr_carea' id='block_1_19' title="bbox 1926 495 3507 572">
    <p class='ocr_par' dir='ltr' id='par_1_19' title="bbox 1926 495 3507 572">
     <span class='ocr_line' id='line_1_19' title="bbox 1926 495 3507 572; baseline 0.004 -24"><span class='ocrx_word' id='word_1_118' title='bbox 1926 496 2216 567; x_wconf 85' lang='lat' dir='ltr'><strong>plurimum</strong></span> <span class='ocrx_word' id='word_1_119' title='bbox 2248 496 2391 548; x_wconf 87' lang='lat' dir='ltr'><strong>valet</strong></span> <span class='ocrx_word' id='word_1_120' title='bbox 2420 495 2564 563; x_wconf 82' lang='lat' dir='ltr'><strong>quod</strong></span> <span class='ocrx_word' id='word_1_121' title='bbox 2595 495 2720 549; x_wconf 80' lang='lat' dir='ltr'><strong>alibi</strong></span> <span class='ocrx_word' id='word_1_122' title='bbox 2750 496 2925 566; x_wconf 86' lang='lat' dir='ltr'><strong>inquit</strong></span> <span class='ocrx_word' id='word_1_123' title='bbox 2950 516 2963 549; x_wconf 90' lang='lat'><strong>:</strong></span> <span class='ocrx_word' id='word_1_124' title='bbox 2993 497 3135 553; x_wconf 87' lang='lat' dir='ltr'><strong>Deus</strong></span> <span class='ocrx_word' id='word_1_125' title='bbox 3166 501 3304 553; x_wconf 80' lang='lat' dir='ltr'><strong>stetit</strong></span> <span class='ocrx_word' id='word_1_126' title='bbox 3336 502 3391 555; x_wconf 81' lang='lat' dir='ltr'><strong>in</strong></span> <span class='ocrx_word' id='word_1_127' title='bbox 3420 519 3507 572; x_wconf 77' lang='lat' dir='ltr'><strong>sy-</strong></span> 
     </span>
    </p>
   </div>
   <div class='ocr_carea' id='block_1_20' title="bbox 1900 590 3503 664">
    <p class='ocr_par' dir='ltr' id='par_1_20' title="bbox 1900 590 3503 664">
     <span class='ocr_line' id='line_1_20' title="bbox 1900 590 3503 664; baseline 0.003 -20"><span class='ocrx_word' id='word_1_128' title='bbox 1900 608 2129 660; x_wconf 64' lang='lat' dir='ltr'><strong>nagoga</strong></span> <span class='ocrx_word' id='word_1_129' title='bbox 2169 591 2417 652; x_wconf 79' lang='lat' dir='ltr'><strong>deorum,</strong></span> <span class='ocrx_word' id='word_1_130' title='bbox 2449 592 2502 643; x_wconf 83' lang='lat' dir='ltr'><strong>in</strong></span> <span class='ocrx_word' id='word_1_131' title='bbox 2535 590 2704 642; x_wconf 74' lang='lat' dir='ltr'><strong>medio</strong></span> <span class='ocrx_word' id='word_1_132' title='bbox 2736 602 2907 643; x_wconf 83' lang='lat' dir='ltr'><strong>autem</strong></span> <span class='ocrx_word' id='word_1_133' title='bbox 2941 592 3064 646; x_wconf 86' lang='lat' dir='ltr'><strong>deos</strong></span> <span class='ocrx_word' id='word_1_134' title='bbox 3093 592 3111 664; x_wconf 90' lang='lat'>[</span> <span class='ocrx_word' id='word_1_135' title='bbox 3137 594 3277 648; x_wconf 84' lang='lat' dir='ltr'><strong>Edit.</strong></span> <span class='ocrx_word' id='word_1_136' title='bbox 3310 595 3464 649; x_wconf 83' lang='lat' dir='ltr'><strong>Rom.</strong></span> <span class='ocrx_word' id='word_1_137' title='bbox 3489 637 3503 661; x_wconf 92' lang='lat'><strong>,</strong></span> 
     </span>
    </p>
   </div>
   <div class='ocr_carea' id='block_1_21' title="bbox 1926 682 3505 757">
    <p class='ocr_par' dir='ltr' id='par_1_21' title="bbox 1926 682 3505 757">
     <span class='ocr_line' id='line_1_21' title="bbox 1926 682 3505 757; baseline 0.003 -17"><span class='ocrx_word' id='word_1_138' title='bbox 1926 684 2205 755; x_wconf 79' lang='lat' dir='ltr'><strong>Dominus]</strong></span> <span class='ocrx_word' id='word_1_139' title='bbox 2229 684 2472 737; x_wconf 79' lang='lat' dir='ltr'><strong>discernit</strong></span> <span class='ocrx_word' id='word_1_140' title='bbox 2496 682 2668 752; x_wconf 81' lang='lat' dir='ltr'><strong>(Psal.</strong></span> <span class='ocrx_word' id='word_1_141' title='bbox 2692 684 2899 754; x_wconf 60' lang='lat' dir='ltr'><strong>Lxxxt),</strong></span> <span class='ocrx_word' id='word_1_142' title='bbox 2918 693 2971 737; x_wconf 90' lang='lat' dir='ltr'><strong>et</strong></span> <span class='ocrx_word' id='word_1_143' title='bbox 2999 685 3203 754; x_wconf 88' lang='lat' dir='ltr'><strong>reliqua</strong></span> <span class='ocrx_word' id='word_1_144' title='bbox 3222 687 3369 753; x_wconf 86' lang='lat' dir='ltr'><strong>talia,</strong></span> <span class='ocrx_word' id='word_1_145' title='bbox 3385 704 3505 757; x_wconf 76' lang='lat' dir='ltr'><strong>qua:</strong></span> 
     </span>
    </p>
   </div>
   <div class='ocr_carea' id='block_1_22' title="bbox 1925 776 3501 849">
    <p class='ocr_par' dir='ltr' id='par_1_22' title="bbox 1925 776 3501 849">
     <span class='ocr_line' id='line_1_22' title="bbox 1925 776 3501 849; baseline 0.003 -19"><span class='ocrx_word' id='word_1_146' title='bbox 1925 778 1979 830; x_wconf 90' lang='lat' dir='ltr'><strong>in</strong></span> <span class='ocrx_word' id='word_1_147' title='bbox 2029 777 2142 831; x_wconf 85' lang='lat' dir='ltr'><strong>suis</strong></span> <span class='ocrx_word' id='word_1_148' title='bbox 2186 776 2535 829; x_wconf 85' lang='lat' dir='ltr'><strong>inveniuntur</strong></span> <span class='ocrx_word' id='word_1_149' title='bbox 2573 777 2904 829; x_wconf 78' lang='lat' dir='ltr'><strong>auctoribus.</strong></span> <span class='ocrx_word' id='word_1_150' title='bbox 2941 776 3060 831; x_wconf 90' lang='lat' dir='ltr'><strong>Illos</strong></span> <span class='ocrx_word' id='word_1_151' title='bbox 3098 792 3228 849; x_wconf 84' lang='lat' dir='ltr'><strong>ergo</strong></span> <span class='ocrx_word' id='word_1_152' title='bbox 3265 780 3355 849; x_wconf 88' lang='lat' dir='ltr'><strong>qui</strong></span> <span class='ocrx_word' id='word_1_153' title='bbox 3394 795 3501 834; x_wconf 89' lang='lat' dir='ltr'><strong>non</strong></span> 
     </span>
    </p>
   </div>
   <div class='ocr_carea' id='block_1_23' title="bbox 1924 865 3500 937">
    <p class='ocr_par' dir='ltr' id='par_1_23' title="bbox 1924 865 3500 937">
     <span class='ocr_line' id='line_1_23' title="bbox 1924 865 3500 937; baseline 0.001 -14"><span class='ocrx_word' id='word_1_154' title='bbox 1924 867 2294 937; x_wconf 82' lang='lat' dir='ltr'><strong>speculatores</strong></span> <span class='ocrx_word' id='word_1_155' title='bbox 2331 880 2454 920; x_wconf 86' lang='lat' dir='ltr'><strong>esse</strong></span> <span class='ocrx_word' id='word_1_156' title='bbox 2490 865 2708 928; x_wconf 87' lang='lat' dir='ltr'><strong>volunt,</strong></span> <span class='ocrx_word' id='word_1_157' title='bbox 2743 880 3007 921; x_wconf 78' lang='lat' dir='ltr'><strong>excusate</strong></span> <span class='ocrx_word' id='word_1_158' title='bbox 3038 882 3143 921; x_wconf 90' lang='lat' dir='ltr'><strong>non</strong></span> <span class='ocrx_word' id='word_1_159' title='bbox 3180 884 3500 937; x_wconf 87' lang='lat' dir='ltr'><strong>possumus,</strong></span> 
     </span>
    </p>
   </div>
   <div class='ocr_carea' id='block_1_24' title="bbox 1926 955 3505 1026">
    <p class='ocr_par' dir='ltr' id='par_1_24' title="bbox 1926 955 3505 1026">
     <span class='ocr_line' id='line_1_24' title="bbox 1926 955 3505 1026; baseline 0.003 -14"><span class='ocrx_word' id='word_1_160' title='bbox 1926 959 1972 1012; x_wconf 91' lang='lat' dir='ltr'><strong>si</strong></span> <span class='ocrx_word' id='word_1_161' title='bbox 2012 957 2212 1011; x_wconf 80' lang='lat' dir='ltr'><strong>fratres</strong></span> <span class='ocrx_word' id='word_1_162' title='bbox 2232 1000 2245 1023; x_wconf 92' lang='lat'><strong>,</strong></span> <span class='ocrx_word' id='word_1_163' title='bbox 2277 972 2414 1026; x_wconf 89' lang='lat' dir='ltr'><strong>quos</strong></span> <span class='ocrx_word' id='word_1_164' title='bbox 2444 956 2581 1010; x_wconf 76' lang='lat' dir='ltr'><strong>tueri</strong></span> <span class='ocrx_word' id='word_1_165' title='bbox 2613 968 2665 1010; x_wconf 89' lang='lat' dir='ltr'><strong>et</strong></span> <span class='ocrx_word' id='word_1_166' title='bbox 2698 955 2956 1023; x_wconf 83' lang='lat' dir='ltr'><strong>adjuvare</strong></span> <span class='ocrx_word' id='word_1_167' title='bbox 2985 972 3080 1026; x_wconf 88' lang='lat' dir='ltr'><strong>pro</strong></span> <span class='ocrx_word' id='word_1_168' title='bbox 3110 960 3314 1014; x_wconf 86' lang='lat' dir='ltr'><strong>viribus</strong></span> <span class='ocrx_word' id='word_1_169' title='bbox 3342 960 3505 1016; x_wconf 90' lang='lat' dir='ltr'><strong>debe-</strong></span> 
     </span>
    </p>
   </div>
   <div class='ocr_carea' id='block_1_25' title="bbox 1924 1048 3505 1118">
    <p class='ocr_par' dir='ltr' id='par_1_25' title="bbox 1924 1048 3505 1118">
     <span class='ocr_line' id='line_1_25' title="bbox 1924 1048 3505 1118; baseline 0 -13"><span class='ocrx_word' id='word_1_170' title='bbox 1924 1067 2061 1113; x_wconf 88' lang='lat' dir='ltr'><strong>mus,</strong></span> <span class='ocrx_word' id='word_1_171' title='bbox 2089 1048 2331 1118; x_wconf 89' lang='lat' dir='ltr'><strong>improba</strong></span> <span class='ocrx_word' id='word_1_172' title='bbox 2360 1048 2551 1102; x_wconf 58' lang='lat' dir='ltr'><strong>foedari</strong></span> <span class='ocrx_word' id='word_1_173' title='bbox 2579 1048 2900 1116; x_wconf 76' lang='lat' dir='ltr'><strong>contagione</strong></span> <span class='ocrx_word' id='word_1_174' title='bbox 2929 1048 3322 1116; x_wconf 86' lang='lat' dir='ltr'><strong>permittamus.</strong></span> <span class='ocrx_word' id='word_1_175' title='bbox 3351 1051 3505 1106; x_wconf 89' lang='lat' dir='ltr'><strong>Unde</strong></span> 
     </span>
    </p>
   </div>
   <div class='ocr_carea' id='block_1_26' title="bbox 1924 1140 3507 1204">
    <p class='ocr_par' dir='ltr' id='par_1_26' title="bbox 1924 1140 3507 1204">
     <span class='ocr_line' id='line_1_26' title="bbox 1924 1140 3507 1204; baseline -0.001 -7"><span class='ocrx_word' id='word_1_176' title='bbox 1924 1144 2208 1197; x_wconf 84' lang='lat' dir='ltr'><strong>hortamur</strong></span> <span class='ocrx_word' id='word_1_177' title='bbox 2239 1140 2586 1195; x_wconf 88' lang='lat' dir='ltr'><strong>dilectionem</strong></span> <span class='ocrx_word' id='word_1_178' title='bbox 2616 1148 2888 1202; x_wconf 87' lang='lat' dir='ltr'><strong>vestram,</strong></span> <span class='ocrx_word' id='word_1_179' title='bbox 2921 1140 3279 1204; x_wconf 85' lang='lat' dir='ltr'><strong>obtestamur,</strong></span> <span class='ocrx_word' id='word_1_180' title='bbox 3309 1150 3362 1194; x_wconf 92' lang='lat' dir='ltr'><strong>et</strong></span> <span class='ocrx_word' id='word_1_181' title='bbox 3390 1157 3507 1195; x_wconf 81' lang='lat' dir='ltr'><strong>mo-</strong></span> 
     </span>
    </p>
   </div>
   <div class='ocr_carea' id='block_1_27' title="bbox 1923 1230 3503 1302">
    <p class='ocr_par' dir='ltr' id='par_1_27' title="bbox 1923 1230 3503 1302">
     <span class='ocr_line' id='line_1_27' title="bbox 1923 1230 3503 1302; baseline 0 -15"><span class='ocrx_word' id='word_1_182' title='bbox 1923 1248 2116 1288; x_wconf 91' lang='lat' dir='ltr'><strong>nemus</strong></span> <span class='ocrx_word' id='word_1_183' title='bbox 2136 1273 2150 1295; x_wconf 90' lang='lat'><strong>,</strong></span> <span class='ocrx_word' id='word_1_184' title='bbox 2183 1240 2242 1285; x_wconf 93' lang='lat' dir='ltr'><strong>ut</strong></span> <span class='ocrx_word' id='word_1_185' title='bbox 2268 1247 2372 1300; x_wconf 88' lang='lat' dir='ltr'><strong>qua</strong></span> <span class='ocrx_word' id='word_1_186' title='bbox 2402 1231 2612 1286; x_wconf 82' lang='lat' dir='ltr'><strong>debetis</strong></span> <span class='ocrx_word' id='word_1_187' title='bbox 2644 1230 2825 1302; x_wconf 77' lang='lat' dir='ltr'><strong>[Edit.</strong></span> <span class='ocrx_word' id='word_1_188' title='bbox 2858 1231 3013 1286; x_wconf 79' lang='lat' dir='ltr'><strong>Rom.</strong></span> <span class='ocrx_word' id='word_1_189' title='bbox 3038 1274 3052 1297; x_wconf 91' lang='lat'><strong>,</strong></span> <span class='ocrx_word' id='word_1_190' title='bbox 3086 1233 3292 1287; x_wconf 86' lang='lat' dir='ltr'><strong>debetis</strong></span> <span class='ocrx_word' id='word_1_191' title='bbox 3322 1243 3378 1286; x_wconf 89' lang='lat' dir='ltr'><strong>et</strong></span> <span class='ocrx_word' id='word_1_192' title='bbox 3407 1249 3503 1302; x_wconf 88' lang='lat' dir='ltr'><strong>po-</strong></span> 
     </span>
    </p>
   </div>
   <div class='ocr_carea' id='block_1_28' title="bbox 1924 1322 3509 1395">
    <p class='ocr_par' dir='ltr' id='par_1_28' title="bbox 1924 1322 3509 1395">
     <span class='ocr_line' id='line_1_28' title="bbox 1924 1322 3509 1395; baseline 0 -17"><span class='ocrx_word' id='word_1_193' title='bbox 1924 1322 2119 1395; x_wconf 88' lang='lat' dir='ltr'><strong>testis]</strong></span> <span class='ocrx_word' id='word_1_194' title='bbox 2153 1322 2516 1378; x_wconf 86' lang='lat' dir='ltr'><strong>sollicitudine</strong></span> <span class='ocrx_word' id='word_1_195' title='bbox 2547 1338 2708 1392; x_wconf 84' lang='lat' dir='ltr'><strong>super</strong></span> <span class='ocrx_word' id='word_1_196' title='bbox 2737 1323 2819 1378; x_wconf 82' lang='lat' dir='ltr'><strong>lus</strong></span> <span class='ocrx_word' id='word_1_197' title='bbox 2848 1324 3115 1393; x_wconf 79' lang='lat' dir='ltr'><strong>vigiletis,</strong></span> <span class='ocrx_word' id='word_1_198' title='bbox 3143 1324 3268 1392; x_wconf 84' lang='lat' dir='ltr'><strong>quia</strong></span> <span class='ocrx_word' id='word_1_199' title='bbox 3301 1325 3352 1378; x_wconf 91' lang='lat' dir='ltr'><strong>iu</strong></span> <span class='ocrx_word' id='word_1_200' title='bbox 3385 1340 3509 1393; x_wconf 87' lang='lat' dir='ltr'><strong>spe-</strong></span> 
     </span>
    </p>
   </div>
   <div class='ocr_carea' id='block_1_29' title="bbox 1921 1412 3506 1483">
    <p class='ocr_par' dir='ltr' id='par_1_29' title="bbox 1921 1412 3506 1483">
     <span class='ocr_line' id='line_1_29' title="bbox 1921 1412 3506 1483; baseline -0.003 -12"><span class='ocrx_word' id='word_1_201' title='bbox 1921 1416 2041 1471; x_wconf 84' lang='lat' dir='ltr'><strong>cuia</strong></span> <span class='ocrx_word' id='word_1_202' title='bbox 2081 1429 2204 1470; x_wconf 90' lang='lat' dir='ltr'><strong>esse</strong></span> <span class='ocrx_word' id='word_1_203' title='bbox 2239 1414 2483 1478; x_wconf 83' lang='lat' dir='ltr'><strong>debetis,</strong></span> <span class='ocrx_word' id='word_1_204' title='bbox 2520 1428 2587 1466; x_wconf 92' lang='lat' dir='ltr'><strong>ne</strong></span> <span class='ocrx_word' id='word_1_205' title='bbox 2627 1428 2732 1482; x_wconf 89' lang='lat' dir='ltr'><strong>qua</strong></span> <span class='ocrx_word' id='word_1_206' title='bbox 2770 1412 3144 1467; x_wconf 86' lang='lat' dir='ltr'><strong>iufestantium</strong></span> <span class='ocrx_word' id='word_1_207' title='bbox 3184 1421 3506 1483; x_wconf 81' lang='lat' dir='ltr'><strong>prorumpat</strong></span> 
     </span>
    </p>
   </div>
   <div class='ocr_carea' id='block_1_30' title="bbox 1921 1507 3499 1578">
    <p class='ocr_par' dir='ltr' id='par_1_30' title="bbox 1921 1507 3499 1578">
     <span class='ocr_line' id='line_1_30' title="bbox 1921 1507 3499 1578; baseline -0.001 -13"><span class='ocrx_word' id='word_1_208' title='bbox 1921 1509 2166 1565; x_wconf 88' lang='lat' dir='ltr'><strong>audacia.</strong></span> <span class='ocrx_word' id='word_1_209' title='bbox 2199 1508 2295 1562; x_wconf 84' lang='lat' dir='ltr'><strong>His</strong></span> <span class='ocrx_word' id='word_1_210' title='bbox 2330 1523 2461 1577; x_wconf 84' lang='lat' dir='ltr'><strong>ergo</strong></span> <span class='ocrx_word' id='word_1_211' title='bbox 2496 1522 2594 1576; x_wconf 89' lang='lat' dir='ltr'><strong>pro</strong></span> <span class='ocrx_word' id='word_1_212' title='bbox 2629 1507 2833 1561; x_wconf 84' lang='lat' dir='ltr'><strong>viribus</strong></span> <span class='ocrx_word' id='word_1_213' title='bbox 2870 1508 3141 1573; x_wconf 86' lang='lat' dir='ltr'><strong>resistite,</strong></span> <span class='ocrx_word' id='word_1_214' title='bbox 3178 1509 3306 1578; x_wconf 82' lang='lat' dir='ltr'><strong>quia</strong></span> <span class='ocrx_word' id='word_1_215' title='bbox 3344 1508 3499 1563; x_wconf 82' lang='lat' dir='ltr'><strong>nefas</strong></span> 
     </span>
    </p>
   </div>
   <div class='ocr_carea' id='block_1_31' title="bbox 1920 1598 3499 1675">
    <p class='ocr_par' dir='ltr' id='par_1_31' title="bbox 1920 1598 3499 1675">
     <span class='ocr_line' id='line_1_31' title="bbox 1920 1598 3499 1675; baseline -0.003 -15"><span class='ocrx_word' id='word_1_216' title='bbox 1920 1613 2005 1661; x_wconf 91' lang='lat' dir='ltr'><strong>est</strong></span> <span class='ocrx_word' id='word_1_217' title='bbox 2028 1602 2356 1675; x_wconf 75' lang='lat' dir='ltr'><strong>pnegravari</strong></span> <span class='ocrx_word' id='word_1_218' title='bbox 2389 1599 2573 1673; x_wconf 79' lang='lat' dir='ltr'><strong>[Edit.</strong></span> <span class='ocrx_word' id='word_1_219' title='bbox 2598 1598 2750 1653; x_wconf 82' lang='lat' dir='ltr'><strong>Rom.</strong></span> <span class='ocrx_word' id='word_1_220' title='bbox 2772 1641 2785 1662; x_wconf 89' lang='lat'><strong>,</strong></span> <span class='ocrx_word' id='word_1_221' title='bbox 2815 1599 3116 1670; x_wconf 68' lang='lat' dir='ltr'><strong>prsedicare</strong></span> <span class='ocrx_word' id='word_1_222' title='bbox 3133 1600 3153 1672; x_wconf 72' lang='grc'><strong>’1</strong></span> <span class='ocrx_word' id='word_1_223' title='bbox 3186 1600 3465 1671; x_wconf 82' lang='lat' dir='ltr'><strong>religiosos</strong></span> <span class='ocrx_word' id='word_1_224' title='bbox 3487 1644 3499 1665; x_wconf 89' lang='lat'><strong>,</strong></span> 
     </span>
    </p>
   </div>
   <div class='ocr_carea' id='block_1_32' title="bbox 1920 1688 3507 1764">
    <p class='ocr_par' dir='ltr' id='par_1_32' title="bbox 1920 1688 3507 1764">
     <span class='ocr_line' id='line_1_32' title="bbox 1920 1688 3507 1764; baseline -0.001 -16"><span class='ocrx_word' id='word_1_225' title='bbox 1920 1694 2036 1764; x_wconf 88' lang='lat' dir='ltr'><strong>pati</strong></span> <span class='ocrx_word' id='word_1_226' title='bbox 2076 1692 2303 1756; x_wconf 87' lang='lat' dir='ltr'><strong>fratres,</strong></span> <span class='ocrx_word' id='word_1_227' title='bbox 2336 1705 2565 1760; x_wconf 88' lang='lat' dir='ltr'><strong>quorum</strong></span> <span class='ocrx_word' id='word_1_228' title='bbox 2596 1688 2919 1754; x_wconf 72' lang='lat' dir='ltr'><strong>afﬂictione,</strong></span> <span class='ocrx_word' id='word_1_229' title='bbox 2951 1691 3079 1760; x_wconf 85' lang='lat' dir='ltr'><strong>quia</strong></span> <span class='ocrx_word' id='word_1_230' title='bbox 3109 1692 3351 1744; x_wconf 86' lang='lat' dir='ltr'><strong>membra</strong></span> <span class='ocrx_word' id='word_1_231' title='bbox 3379 1700 3507 1746; x_wconf 87' lang='lat' dir='ltr'><strong>sunt</strong></span> 
     </span>
    </p>
   </div>
   <div class='ocr_carea' id='block_1_33' title="bbox 240 1759 1824 1852">
    <p class='ocr_par' dir='ltr' id='par_1_33' title="bbox 240 1774 1819 1850">
     <span class='ocr_line' id='line_1_33' title="bbox 240 1774 1819 1850; baseline -0.006 -13"><span class='ocrx_word' id='word_1_232' title='bbox 240 1792 357 1848; x_wconf 89' lang='lat' dir='ltr'><strong>sto,</strong></span> <span class='ocrx_word' id='word_1_233' title='bbox 408 1782 545 1837; x_wconf 89' lang='lat' dir='ltr'><strong>nihil</strong></span> <span class='ocrx_word' id='word_1_234' title='bbox 597 1795 697 1850; x_wconf 87' lang='lat' dir='ltr'><strong>per</strong></span> <span class='ocrx_word' id='word_1_235' title='bbox 748 1778 1190 1843; x_wconf 88' lang='lat' dir='ltr'><strong>contentionem,</strong></span> <span class='ocrx_word' id='word_1_236' title='bbox 1240 1791 1417 1845; x_wconf 89' lang='lat' dir='ltr'><strong>neque</strong></span> <span class='ocrx_word' id='word_1_237' title='bbox 1460 1774 1558 1846; x_wconf 86' lang='lat' dir='ltr'><strong>per</strong></span> <span class='ocrx_word' id='word_1_238' title='bbox 1604 1774 1819 1828; x_wconf 89' lang='lat' dir='ltr'><strong>inanem</strong></span> 
     </span>
    </p>
   </div>
   <div class='ocr_carea' id='block_1_34' title="bbox 1930 1759 3501 1852">
    <p class='ocr_par' dir='ltr' id='par_1_34' title="bbox 1930 1780 3501 1852">
     <span class='ocr_line' id='line_1_34' title="bbox 1930 1780 3501 1852; baseline -0.002 -12"><span class='ocrx_word' id='word_1_239' title='bbox 1930 1795 2139 1846; x_wconf 89' lang='lat' dir='ltr'><strong>nostra,</strong></span> <span class='ocrx_word' id='word_1_240' title='bbox 2171 1798 2270 1839; x_wconf 92' lang='lat' dir='ltr'><strong>nos</strong></span> <span class='ocrx_word' id='word_1_241' title='bbox 2299 1796 2512 1851; x_wconf 88' lang='lat' dir='ltr'><strong>quoque</strong></span> <span class='ocrx_word' id='word_1_242' title='bbox 2545 1780 2802 1836; x_wconf 85' lang='lat' dir='ltr'><strong>convenit</strong></span> <span class='ocrx_word' id='word_1_243' title='bbox 2834 1783 3130 1845; x_wconf 88' lang='lat' dir='ltr'><strong>macerari,</strong></span> <span class='ocrx_word' id='word_1_244' title='bbox 3168 1797 3501 1852; x_wconf 87' lang='lat' dir='ltr'><strong>crucemque</strong></span> 
     </span>
    </p>
   </div>
   <div class='ocr_carea' id='block_1_35' title="bbox 236 1864 1824 1947">
    <p class='ocr_par' dir='ltr' id='par_1_35' title="bbox 236 1864 1822 1947">
     <span class='ocr_line' id='line_1_35' title="bbox 236 1864 1822 1947; baseline -0.007 -18"><span class='ocrx_word' id='word_1_245' title='bbox 236 1875 465 1947; x_wconf 78' lang='lat' dir='ltr'><strong>gloriam</strong></span> <span class='ocrx_word' id='word_1_246' title='bbox 504 1873 880 1935; x_wconf 86' lang='lat' dir='ltr'><strong>vindicantes,</strong></span> <span class='ocrx_word' id='word_1_247' title='bbox 925 1886 1031 1924; x_wconf 90' lang='lat' dir='ltr'><strong>non</strong></span> <span class='ocrx_word' id='word_1_248' title='bbox 1068 1869 1410 1933; x_wconf 87' lang='lat' dir='ltr'><strong>hominibus,</strong></span> <span class='ocrx_word' id='word_1_249' title='bbox 1438 1867 1532 1923; x_wconf 90' lang='lat' dir='ltr'><strong>sed</strong></span> <span class='ocrx_word' id='word_1_250' title='bbox 1568 1865 1679 1921; x_wconf 91' lang='lat' dir='ltr'><strong>Deo</strong></span> <span class='ocrx_word' id='word_1_251' title='bbox 1717 1864 1822 1920; x_wconf 83' lang='lat' dir='ltr'><strong>sal-</strong></span> 
     </span>
    </p>
   </div>
   <div class='ocr_carea' id='block_1_36' title="bbox 1930 1864 3498 1947">
    <p class='ocr_par' dir='ltr' id='par_1_36' title="bbox 1930 1870 3498 1943">
     <span class='ocr_line' id='line_1_36' title="bbox 1930 1870 3498 1943; baseline -0.002 -13"><span class='ocrx_word' id='word_1_252' title='bbox 1930 1875 2070 1942; x_wconf 77' lang='lat' dir='ltr'><strong>iuxta</strong></span> <span class='ocrx_word' id='word_1_253' title='bbox 2110 1873 2322 1928; x_wconf 88' lang='lat' dir='ltr'><strong>Domini</strong></span> <span class='ocrx_word' id='word_1_254' title='bbox 2359 1871 2644 1927; x_wconf 80' lang='lat' dir='ltr'><strong>salvatoris</strong></span> <span class='ocrx_word' id='word_1_255' title='bbox 2676 1886 2863 1927; x_wconf 84' lang='lat' dir='ltr'><strong>vocem</strong></span> <span class='ocrx_word' id='word_1_256' title='bbox 2906 1870 3049 1927; x_wconf 86' lang='lat' dir='ltr'><strong>ferre</strong></span> <span class='ocrx_word' id='word_1_257' title='bbox 3072 1913 3086 1936; x_wconf 92' lang='lat'><strong>,</strong></span> <span class='ocrx_word' id='word_1_258' title='bbox 3115 1872 3208 1943; x_wconf 86' lang='lat' dir='ltr'><strong>qui</strong></span> <span class='ocrx_word' id='word_1_259' title='bbox 3248 1873 3359 1927; x_wconf 86' lang='lat' dir='ltr'><strong>ait:</strong></span> <span class='ocrx_word' id='word_1_260' title='bbox 3394 1872 3498 1939; x_wconf 82' lang='lat' dir='ltr'><strong>Qui</strong></span> 
     </span>
    </p>
   </div>
   <div class='ocr_carea' id='block_1_37' title="bbox 238 1956 1821 2032">
    <p class='ocr_par' dir='ltr' id='par_1_37' title="bbox 238 1956 1821 2032">
     <span class='ocr_line' id='line_1_37' title="bbox 238 1956 1821 2032; baseline -0.006 -13"><span class='ocrx_word' id='word_1_261' title='bbox 238 1965 413 2019; x_wconf 89' lang='lat' dir='ltr'><strong>vatori</strong></span> <span class='ocrx_word' id='word_1_262' title='bbox 441 1972 633 2018; x_wconf 90' lang='lat' dir='ltr'><strong>nostro</strong></span> <span class='ocrx_word' id='word_1_263' title='bbox 656 1978 753 2032; x_wconf 91' lang='lat' dir='ltr'><strong>per</strong></span> <span class='ocrx_word' id='word_1_264' title='bbox 775 1963 957 2017; x_wconf 85' lang='lat' dir='ltr'><strong>omnia</strong></span> <span class='ocrx_word' id='word_1_265' title='bbox 983 1960 1262 2029; x_wconf 77' lang='lat' dir='ltr'><strong>placentes</strong></span> <span class='ocrx_word' id='word_1_266' title='bbox 1293 1959 1547 2029; x_wconf 79' lang='lat' dir='ltr'><strong>(Philipp.</strong></span> <span class='ocrx_word' id='word_1_267' title='bbox 1576 1957 1675 2030; x_wconf 86' lang='grc' dir='ltr'><strong>ιι).</strong></span> <span class='ocrx_word' id='word_1_268' title='bbox 1710 1956 1821 2011; x_wconf 90' lang='lat' dir='ltr'><strong>llac</strong></span> 
     </span>
    </p>
   </div>
   <div class='ocr_carea' id='block_1_38' title="bbox 236 2051 1818 2126">
    <p class='ocr_par' dir='ltr' id='par_1_38' title="bbox 236 2051 1818 2126">
     <span class='ocr_line' id='line_1_38' title="bbox 236 2051 1818 2126; baseline -0.006 -16"><span class='ocrx_word' id='word_1_269' title='bbox 236 2071 364 2126; x_wconf 77' lang='lat' dir='ltr'><strong>ergo</strong></span> <span class='ocrx_word' id='word_1_270' title='bbox 405 2054 693 2109; x_wconf 83' lang='lat' dir='ltr'><strong>charitatis</strong></span> <span class='ocrx_word' id='word_1_271' title='bbox 731 2052 1085 2125; x_wconf 83' lang='lat' dir='ltr'><strong>glutinationc</strong></span> <span class='ocrx_word' id='word_1_272' title='bbox 1126 2051 1486 2120; x_wconf 87' lang='lat' dir='ltr'><strong>compescite,</strong></span> <span class='ocrx_word' id='word_1_273' title='bbox 1526 2064 1743 2119; x_wconf 70' lang='lat' dir='ltr'><strong>quaeso,</strong></span> <span class='ocrx_word' id='word_1_274' title='bbox 1789 2063 1818 2101; x_wconf 90' lang='lat' dir='ltr'><strong>a</strong></span> 
     </span>
    </p>
   </div>
   <div class='ocr_carea' id='block_1_39' title="bbox 236 2142 1823 2214">
    <p class='ocr_par' dir='ltr' id='par_1_39' title="bbox 236 2142 1823 2214">
     <span class='ocr_line' id='line_1_39' title="bbox 236 2142 1823 2214; baseline -0.004 -14"><span class='ocrx_word' id='word_1_275' title='bbox 236 2153 538 2201; x_wconf 83' lang='lat' dir='ltr'><strong>memorato</strong></span> <span class='ocrx_word' id='word_1_276' title='bbox 562 2143 731 2200; x_wconf 88' lang='lat' dir='ltr'><strong>fratre</strong></span> <span class='ocrx_word' id='word_1_277' title='bbox 757 2162 771 2198; x_wconf 88' lang='lat'><strong>:</strong></span> <span class='ocrx_word' id='word_1_278' title='bbox 798 2144 843 2199; x_wconf 91' lang='lat' dir='ltr'><strong>si</strong></span> <span class='ocrx_word' id='word_1_279' title='bbox 867 2158 1313 2214; x_wconf 84' lang='lat' dir='ltr'><strong>quorumcunque</strong></span> <span class='ocrx_word' id='word_1_280' title='bbox 1339 2142 1702 2213; x_wconf 89' lang='lat' dir='ltr'><strong>cognoveritis</strong></span> <span class='ocrx_word' id='word_1_281' title='bbox 1730 2149 1823 2194; x_wconf 87' lang='lat' dir='ltr'><strong>aut</strong></span> 
     </span>
    </p>
   </div>
   <div class='ocr_carea' id='block_1_40' title="bbox 235 2230 1822 2303">
    <p class='ocr_par' dir='ltr' id='par_1_40' title="bbox 235 2230 1822 2303">
     <span class='ocr_line' id='line_1_40' title="bbox 235 2230 1822 2303; baseline -0.005 -11"><span class='ocrx_word' id='word_1_282' title='bbox 235 2237 494 2303; x_wconf 87' lang='lat' dir='ltr'><strong>insidias,</strong></span> <span class='ocrx_word' id='word_1_283' title='bbox 537 2244 635 2290; x_wconf 89' lang='lat' dir='ltr'><strong>aut</strong></span> <span class='ocrx_word' id='word_1_284' title='bbox 665 2235 1060 2290; x_wconf 74' lang='lat' dir='ltr'><strong>azmolationcm</strong></span> <span class='ocrx_word' id='word_1_285' title='bbox 1082 2273 1096 2297; x_wconf 97' lang='lat'><strong>,</strong></span> <span class='ocrx_word' id='word_1_286' title='bbox 1128 2234 1210 2287; x_wconf 87' lang='lat' dir='ltr'><strong>eis</strong></span> <span class='ocrx_word' id='word_1_287' title='bbox 1247 2234 1378 2287; x_wconf 82' lang='lat' dir='ltr'><strong>dare</strong></span> <span class='ocrx_word' id='word_1_288' title='bbox 1410 2246 1627 2303; x_wconf 90' lang='lat' dir='ltr'><strong>quoquo</strong></span> <span class='ocrx_word' id='word_1_289' title='bbox 1662 2230 1822 2284; x_wconf 87' lang='lat' dir='ltr'><strong>modo</strong></span> 
     </span>
    </p>
   </div>
   <div class='ocr_carea' id='block_1_41' title="bbox 236 2322 1819 2396">
    <p class='ocr_par' dir='ltr' id='par_1_41' title="bbox 236 2322 1819 2396">
     <span class='ocr_line' id='line_1_41' title="bbox 236 2322 1819 2396; baseline -0.006 -11"><span class='ocrx_word' id='word_1_290' title='bbox 236 2330 403 2385; x_wconf 85' lang='lat' dir='ltr'><strong>nolite</strong></span> <span class='ocrx_word' id='word_1_291' title='bbox 452 2342 822 2390; x_wconf 88' lang='lat' dir='ltr'><strong>consensum,</strong></span> <span class='ocrx_word' id='word_1_292' title='bbox 877 2326 1021 2396; x_wconf 90' lang='lat' dir='ltr'><strong>quod</strong></span> <span class='ocrx_word' id='word_1_293' title='bbox 1071 2326 1327 2381; x_wconf 89' lang='lat' dir='ltr'><strong>omnibus</strong></span> <span class='ocrx_word' id='word_1_294' title='bbox 1378 2324 1568 2379; x_wconf 89' lang='lat' dir='ltr'><strong>durius</strong></span> <span class='ocrx_word' id='word_1_295' title='bbox 1626 2322 1819 2395; x_wconf 82' lang='lat' dir='ltr'><strong>[Edit.</strong></span> 
     </span>
    </p>
   </div>
   <div class='ocr_carea' id='block_1_42' title="bbox 238 2413 1823 2489">
    <p class='ocr_par' dir='ltr' id='par_1_42' title="bbox 238 2413 1823 2489">
     <span class='ocr_line' id='line_1_42' title="bbox 238 2413 1823 2489; baseline -0.004 -15"><span class='ocrx_word' id='word_1_296' title='bbox 238 2418 417 2479; x_wconf 83' lang='lat' dir='ltr'><strong>Rom.,</strong></span> <span class='ocrx_word' id='word_1_297' title='bbox 444 2419 597 2473; x_wconf 92' lang='lat' dir='ltr'><strong>duris</strong></span> <span class='ocrx_word' id='word_1_298' title='bbox 622 2419 783 2472; x_wconf 86' lang='lat' dir='ltr'><strong>rebus</strong></span> <span class='ocrx_word' id='word_1_299' title='bbox 807 2414 1030 2489; x_wconf 89' lang='lat' dir='ltr'><strong>durius]</strong></span> <span class='ocrx_word' id='word_1_300' title='bbox 1061 2417 1411 2471; x_wconf 86' lang='lat' dir='ltr'><strong>arbitramur.</strong></span> <span class='ocrx_word' id='word_1_301' title='bbox 1446 2413 1503 2469; x_wconf 91' lang='lat' dir='ltr'><strong>Si</strong></span> <span class='ocrx_word' id='word_1_302' title='bbox 1532 2430 1639 2485; x_wconf 91' lang='lat' dir='ltr'><strong>quo</strong></span> <span class='ocrx_word' id='word_1_303' title='bbox 1664 2424 1823 2483; x_wconf 80' lang='lat' dir='ltr'><strong>pacto</strong></span> 
     </span>
    </p>
   </div>
   <div class='ocr_carea' id='block_1_43' title="bbox 235 2506 1823 2571">
    <p class='ocr_par' dir='ltr' id='par_1_43' title="bbox 235 2506 1823 2571">
     <span class='ocr_line' id='line_1_43' title="bbox 235 2506 1823 2571; baseline -0.004 -7"><span class='ocrx_word' id='word_1_304' title='bbox 235 2510 678 2565; x_wconf 84' lang='lat' dir='ltr'><strong>eouversatioucs</strong></span> <span class='ocrx_word' id='word_1_305' title='bbox 719 2523 826 2562; x_wconf 87' lang='lat' dir='ltr'><strong>non</strong></span> <span class='ocrx_word' id='word_1_306' title='bbox 872 2508 1038 2562; x_wconf 90' lang='lat' dir='ltr'><strong>habet</strong></span> <span class='ocrx_word' id='word_1_307' title='bbox 1083 2507 1375 2571; x_wconf 72' lang='lat' dir='ltr'><strong>amabiles,</strong></span> <span class='ocrx_word' id='word_1_308' title='bbox 1419 2506 1699 2561; x_wconf 87' lang='lat' dir='ltr'><strong>habendus</strong></span> <span class='ocrx_word' id='word_1_309' title='bbox 1744 2513 1823 2558; x_wconf 85' lang='lat' dir='ltr'><strong>ta-</strong></span> 
     </span>
    </p>
   </div>
   <div class='ocr_carea' id='block_1_44' title="bbox 235 2594 1824 2671">
    <p class='ocr_par' dir='ltr' id='par_1_44' title="bbox 235 2594 1824 2671">
     <span class='ocr_line' id='line_1_44' title="bbox 235 2594 1824 2671; baseline -0.005 -15"><span class='ocrx_word' id='word_1_310' title='bbox 235 2615 357 2656; x_wconf 84' lang='lat' dir='ltr'><strong>men</strong></span> <span class='ocrx_word' id='word_1_311' title='bbox 401 2615 504 2671; x_wconf 92' lang='lat' dir='ltr'><strong>pro</strong></span> <span class='ocrx_word' id='word_1_312' title='bbox 535 2597 838 2654; x_wconf 87' lang='lat' dir='ltr'><strong>reverentia</strong></span> <span class='ocrx_word' id='word_1_313' title='bbox 867 2597 1044 2652; x_wconf 89' lang='lat' dir='ltr'><strong>sancti</strong></span> <span class='ocrx_word' id='word_1_314' title='bbox 1073 2596 1253 2658; x_wconf 87' lang='lat' dir='ltr'><strong>Petri,</strong></span> <span class='ocrx_word' id='word_1_315' title='bbox 1286 2594 1441 2664; x_wconf 85' lang='lat' dir='ltr'><strong>cujus</strong></span> <span class='ocrx_word' id='word_1_316' title='bbox 1471 2604 1557 2651; x_wconf 89' lang='lat' dir='ltr'><strong>est</strong></span> <span class='ocrx_word' id='word_1_317' title='bbox 1585 2594 1824 2649; x_wconf 88' lang='lat' dir='ltr'><strong>munitus</strong></span> 
     </span>
    </p>
   </div>
   <div class='ocr_carea' id='block_1_45' title="bbox 238 2685 1822 2757">
    <p class='ocr_par' dir='ltr' id='par_1_45' title="bbox 238 2685 1822 2757">
     <span class='ocr_line' id='line_1_45' title="bbox 238 2685 1822 2757; baseline -0.004 -11"><span class='ocrx_word' id='word_1_318' title='bbox 238 2690 594 2754; x_wconf 82' lang='lat' dir='ltr'><strong>auctoritate,</strong></span> <span class='ocrx_word' id='word_1_319' title='bbox 630 2688 877 2744; x_wconf 87' lang='lat' dir='ltr'><strong>dilectus.</strong></span> <span class='ocrx_word' id='word_1_320' title='bbox 914 2688 1032 2742; x_wconf 70' lang='lat' dir='ltr'><strong>Non</strong></span> <span class='ocrx_word' id='word_1_321' title='bbox 1066 2703 1265 2742; x_wconf 91' lang='lat' dir='ltr'><strong>novum</strong></span> <span class='ocrx_word' id='word_1_322' title='bbox 1312 2686 1514 2757; x_wconf 89' lang='lat' dir='ltr'><strong>aliquid</strong></span> <span class='ocrx_word' id='word_1_323' title='bbox 1567 2685 1822 2756; x_wconf 61' lang='lat' dir='ltr'><strong>praesenti</strong></span> 
     </span>
    </p>
   </div>
   <div class='ocr_carea' id='block_1_46' title="bbox 230 2778 1825 2851">
    <p class='ocr_par' dir='ltr' id='par_1_46' title="bbox 230 2778 1825 2851">
     <span class='ocr_line' id='line_1_46' title="bbox 230 2778 1825 2851; baseline -0.003 -16"><span class='ocrx_word' id='word_1_324' title='bbox 230 2780 476 2851; x_wconf 82' lang='lat' dir='ltr'><strong>jussione</strong></span> <span class='ocrx_word' id='word_1_325' title='bbox 518 2780 863 2851; x_wconf 64' lang='lat' dir='ltr'><strong>praecipimus</strong></span> <span class='ocrx_word' id='word_1_326' title='bbox 887 2791 939 2845; x_wconf 73' lang='grc' dir='ltr'><strong>ι,</strong></span> <span class='ocrx_word' id='word_1_327' title='bbox 967 2779 1061 2834; x_wconf 90' lang='lat' dir='ltr'><strong>sed</strong></span> <span class='ocrx_word' id='word_1_328' title='bbox 1105 2779 1196 2834; x_wconf 85' lang='lat' dir='ltr'><strong>illa</strong></span> <span class='ocrx_word' id='word_1_329' title='bbox 1237 2794 1357 2848; x_wconf 73' lang='lat' dir='ltr'><strong>qua:</strong></span> <span class='ocrx_word' id='word_1_330' title='bbox 1399 2779 1530 2833; x_wconf 89' lang='lat' dir='ltr'><strong>olim</strong></span> <span class='ocrx_word' id='word_1_331' title='bbox 1572 2778 1825 2833; x_wconf 88' lang='lat' dir='ltr'><strong>videntur</strong></span> 
     </span>
    </p>
   </div>
   <div class='ocr_carea' id='block_1_47' title="bbox 235 2870 1822 2939">
    <p class='ocr_par' dir='ltr' id='par_1_47' title="bbox 235 2870 1822 2939">
     <span class='ocr_line' id='line_1_47' title="bbox 235 2870 1822 2939; baseline -0.002 -13"><span class='ocrx_word' id='word_1_332' title='bbox 235 2873 445 2927; x_wconf 74' lang='lat' dir='ltr'><strong>indulta</strong></span> <span class='ocrx_word' id='word_1_333' title='bbox 487 2874 805 2936; x_wconf 85' lang='lat' dir='ltr'><strong>firmamus,</strong></span> <span class='ocrx_word' id='word_1_334' title='bbox 838 2887 964 2926; x_wconf 89' lang='lat' dir='ltr'><strong>cum</strong></span> <span class='ocrx_word' id='word_1_335' title='bbox 1000 2871 1134 2925; x_wconf 90' lang='lat' dir='ltr'><strong>nulli</strong></span> <span class='ocrx_word' id='word_1_336' title='bbox 1173 2871 1396 2926; x_wconf 89' lang='lat' dir='ltr'><strong>dubium</strong></span> <span class='ocrx_word' id='word_1_337' title='bbox 1434 2870 1505 2926; x_wconf 89' lang='lat' dir='ltr'><strong>sit</strong></span> <span class='ocrx_word' id='word_1_338' title='bbox 1538 2870 1681 2939; x_wconf 87' lang='lat' dir='ltr'><strong>quod</strong></span> <span class='ocrx_word' id='word_1_339' title='bbox 1715 2885 1822 2924; x_wconf 91' lang='lat' dir='ltr'><strong>non</strong></span> 
     </span>
    </p>
   </div>
   <div class='ocr_carea' id='block_1_48' title="bbox 232 2959 1824 3034">
    <p class='ocr_par' dir='ltr' id='par_1_48' title="bbox 232 2959 1824 3034">
     <span class='ocr_line' id='line_1_48' title="bbox 232 2959 1824 3034; baseline -0.005 -14"><span class='ocrx_word' id='word_1_340' title='bbox 232 2966 407 3021; x_wconf 79' lang='lat' dir='ltr'><strong>solum</strong></span> <span class='ocrx_word' id='word_1_341' title='bbox 446 2962 778 3034; x_wconf 85' lang='lat' dir='ltr'><strong>pontiﬁcalis</strong></span> <span class='ocrx_word' id='word_1_342' title='bbox 812 2961 1087 3027; x_wconf 89' lang='lat' dir='ltr'><strong>causatio,</strong></span> <span class='ocrx_word' id='word_1_343' title='bbox 1120 2960 1214 3016; x_wconf 87' lang='lat' dir='ltr'><strong>sed</strong></span> <span class='ocrx_word' id='word_1_344' title='bbox 1245 2959 1423 3015; x_wconf 88' lang='lat' dir='ltr'><strong>omnis</strong></span> <span class='ocrx_word' id='word_1_345' title='bbox 1460 2968 1662 3014; x_wconf 69' lang='lat' dir='ltr'><strong>sancta:</strong></span> <span class='ocrx_word' id='word_1_346' title='bbox 1700 2959 1824 3013; x_wconf 89' lang='lat' dir='ltr'><strong>reli—</strong></span> 
     </span>
    </p>
   </div>
   <div class='ocr_carea' id='block_1_49' title="bbox 232 3048 1819 3125">
    <p class='ocr_par' dir='ltr' id='par_1_49' title="bbox 232 3048 1819 3125">
     <span class='ocr_line' id='line_1_49' title="bbox 232 3048 1819 3125; baseline -0.003 -18"><span class='ocrx_word' id='word_1_347' title='bbox 232 3055 412 3125; x_wconf 73' lang='lat' dir='ltr'><strong>gionis</strong></span> <span class='ocrx_word' id='word_1_348' title='bbox 442 3052 668 3118; x_wconf 87' lang='lat' dir='ltr'><strong>relatio,</strong></span> <span class='ocrx_word' id='word_1_349' title='bbox 700 3053 767 3106; x_wconf 91' lang='lat' dir='ltr'><strong>ad</strong></span> <span class='ocrx_word' id='word_1_350' title='bbox 797 3051 978 3106; x_wconf 88' lang='lat' dir='ltr'><strong>sedem</strong></span> <span class='ocrx_word' id='word_1_351' title='bbox 1012 3049 1367 3121; x_wconf 86' lang='lat' dir='ltr'><strong>apostolicam</strong></span> <span class='ocrx_word' id='word_1_352' title='bbox 1388 3089 1404 3115; x_wconf 96' lang='lat'><strong>,</strong></span> <span class='ocrx_word' id='word_1_353' title='bbox 1436 3048 1593 3119; x_wconf 90' lang='lat' dir='ltr'><strong>quasi</strong></span> <span class='ocrx_word' id='word_1_354' title='bbox 1623 3048 1690 3103; x_wconf 90' lang='lat' dir='ltr'><strong>ad</strong></span> <span class='ocrx_word' id='word_1_355' title='bbox 1725 3063 1819 3102; x_wconf 90' lang='lat' dir='ltr'><strong>ca-</strong></span> 
     </span>
    </p>
   </div>
   <div class='ocr_carea' id='block_1_50' title="bbox 230 3108 1894 3214">
    <p class='ocr_par' dir='ltr' id='par_1_50' title="bbox 230 3108 1894 3214">
     <span class='ocr_line' id='line_1_50' title="bbox 230 3108 1894 3214; baseline -0.003 -17"><span class='ocrx_word' id='word_1_356' title='bbox 230 3150 325 3214; x_wconf 79' lang='lat' dir='ltr'><strong>put</strong></span> <span class='ocrx_word' id='word_1_357' title='bbox 350 3142 720 3197; x_wconf 84' lang='lat' dir='ltr'><strong>Ecclesiarum</strong></span> <span class='ocrx_word' id='word_1_358' title='bbox 740 3181 756 3207; x_wconf 95' lang='lat'><strong>,</strong></span> <span class='ocrx_word' id='word_1_359' title='bbox 786 3140 946 3195; x_wconf 89' lang='lat' dir='ltr'><strong>debet</strong></span> <span class='ocrx_word' id='word_1_360' title='bbox 970 3139 1198 3206; x_wconf 85' lang='lat' dir='ltr'><strong>referri,</strong></span> <span class='ocrx_word' id='word_1_361' title='bbox 1224 3151 1280 3195; x_wconf 89' lang='lat' dir='ltr'><strong>et</strong></span> <span class='ocrx_word' id='word_1_362' title='bbox 1305 3141 1428 3194; x_wconf 89' lang='lat' dir='ltr'><strong>inde</strong></span> <span class='ocrx_word' id='word_1_363' title='bbox 1453 3154 1698 3194; x_wconf 87' lang='lat' dir='ltr'><strong>normam</strong></span> <span class='ocrx_word' id='word_1_364' title='bbox 1728 3154 1820 3193; x_wconf 91' lang='lat' dir='ltr'><strong>su—</strong></span> <span class='ocrx_word' id='word_1_365' title='bbox 1849 3108 1894 3171; x_wconf 70' lang='grc' dir='ltr'><strong>Ο</strong></span> 
     </span>
    </p>
   </div>
   <div class='ocr_carea' id='block_1_51' title="bbox 230 3228 1824 3301">
    <p class='ocr_par' dir='ltr' id='par_1_51' title="bbox 230 3228 1824 3301">
     <span class='ocr_line' id='line_1_51' title="bbox 230 3228 1824 3301; baseline -0.002 -15"><span class='ocrx_word' id='word_1_366' title='bbox 230 3248 381 3289; x_wconf 79' lang='lat' dir='ltr'><strong>mere</strong></span> <span class='ocrx_word' id='word_1_367' title='bbox 408 3232 553 3286; x_wconf 89' lang='lat' dir='ltr'><strong>unde</strong></span> <span class='ocrx_word' id='word_1_368' title='bbox 580 3231 809 3301; x_wconf 87' lang='lat' dir='ltr'><strong>sumpsit</strong></span> <span class='ocrx_word' id='word_1_369' title='bbox 837 3230 1120 3286; x_wconf 83' lang='lat' dir='ltr'><strong>exordium</strong></span> <span class='ocrx_word' id='word_1_370' title='bbox 1141 3270 1156 3295; x_wconf 92' lang='lat'><strong>,</strong></span> <span class='ocrx_word' id='word_1_371' title='bbox 1185 3245 1249 3284; x_wconf 90' lang='lat' dir='ltr'><strong>ne</strong></span> <span class='ocrx_word' id='word_1_372' title='bbox 1275 3238 1441 3298; x_wconf 86' lang='lat' dir='ltr'><strong>caput</strong></span> <span class='ocrx_word' id='word_1_373' title='bbox 1466 3228 1824 3283; x_wconf 90' lang='lat' dir='ltr'><strong>institutionis</strong></span> 
     </span>
    </p>
   </div>
   <div class='ocr_carea' id='block_1_52' title="bbox 230 3322 1824 3393">
    <p class='ocr_par' dir='ltr' id='par_1_52' title="bbox 230 3322 1824 3393">
     <span class='ocr_line' id='line_1_52' title="bbox 230 3322 1824 3393; baseline -0.003 -11"><span class='ocrx_word' id='word_1_374' title='bbox 230 3325 487 3382; x_wconf 78' lang='lat' dir='ltr'><strong>videatur</strong></span> <span class='ocrx_word' id='word_1_375' title='bbox 511 3323 722 3389; x_wconf 90' lang='lat' dir='ltr'><strong>omitti,</strong></span> <span class='ocrx_word' id='word_1_376' title='bbox 744 3323 897 3393; x_wconf 87' lang='lat' dir='ltr'><strong>cujus</strong></span> <span class='ocrx_word' id='word_1_377' title='bbox 918 3323 1258 3378; x_wconf 86' lang='lat' dir='ltr'><strong>auctoritatis</strong></span> <span class='ocrx_word' id='word_1_378' title='bbox 1283 3322 1617 3378; x_wconf 87' lang='lat' dir='ltr'><strong>sanctionem</strong></span> <span class='ocrx_word' id='word_1_379' title='bbox 1636 3337 1824 3377; x_wconf 90' lang='lat' dir='ltr'><strong>omnes</strong></span> 
     </span>
    </p>
   </div>
   <div class='ocr_carea' id='block_1_53' title="bbox 231 3412 1822 3485">
    <p class='ocr_par' dir='ltr' id='par_1_53' title="bbox 231 3412 1822 3485">
     <span class='ocr_line' id='line_1_53' title="bbox 231 3412 1822 3485; baseline -0.002 -15"><span class='ocrx_word' id='word_1_380' title='bbox 231 3424 462 3471; x_wconf 82' lang='lat' dir='ltr'><strong>teneant</strong></span> <span class='ocrx_word' id='word_1_381' title='bbox 491 3415 807 3470; x_wconf 86' lang='lat' dir='ltr'><strong>sacerdotes</strong></span> <span class='ocrx_word' id='word_1_382' title='bbox 827 3456 842 3480; x_wconf 94' lang='lat'><strong>,</strong></span> <span class='ocrx_word' id='word_1_383' title='bbox 870 3414 962 3485; x_wconf 90' lang='lat' dir='ltr'><strong>qui</strong></span> <span class='ocrx_word' id='word_1_384' title='bbox 990 3414 1181 3468; x_wconf 91' lang='lat' dir='ltr'><strong>nolunt</strong></span> <span class='ocrx_word' id='word_1_385' title='bbox 1206 3414 1275 3468; x_wconf 89' lang='lat' dir='ltr'><strong>ab</strong></span> <span class='ocrx_word' id='word_1_386' title='bbox 1301 3412 1612 3483; x_wconf 67' lang='lat' dir='ltr'><strong>apostolicae</strong></span> <span class='ocrx_word' id='word_1_387' title='bbox 1635 3421 1822 3483; x_wconf 68' lang='lat' dir='ltr'><strong>petrm,</strong></span> 
     </span>
    </p>
   </div>
   <div class='ocr_carea' id='block_1_54' title="bbox 229 3504 1820 3580">
    <p class='ocr_par' dir='ltr' id='par_1_54' title="bbox 229 3504 1820 3580">
     <span class='ocr_line' id='line_1_54' title="bbox 229 3504 1820 3580; baseline -0.006 -15"><span class='ocrx_word' id='word_1_388' title='bbox 229 3525 397 3580; x_wconf 78' lang='lat' dir='ltr'><strong>super</strong></span> <span class='ocrx_word' id='word_1_389' title='bbox 438 3523 604 3578; x_wconf 87' lang='lat' dir='ltr'><strong>quam</strong></span> <span class='ocrx_word' id='word_1_390' title='bbox 651 3507 905 3563; x_wconf 88' lang='lat' dir='ltr'><strong>Christus</strong></span> <span class='ocrx_word' id='word_1_391' title='bbox 944 3505 1309 3560; x_wconf 87' lang='lat' dir='ltr'><strong>universalem</strong></span> <span class='ocrx_word' id='word_1_392' title='bbox 1349 3505 1593 3559; x_wconf 83' lang='lat' dir='ltr'><strong>fundavit</strong></span> <span class='ocrx_word' id='word_1_393' title='bbox 1639 3504 1820 3559; x_wconf 84' lang='lat' dir='ltr'><strong>Eccle-</strong></span> 
     </span>
    </p>
   </div>
   <div class='ocr_carea' id='block_1_55' title="bbox 231 3594 1826 3666">
    <p class='ocr_par' dir='ltr' id='par_1_55' title="bbox 231 3594 1826 3666">
     <span class='ocr_line' id='line_1_55' title="bbox 231 3594 1826 3666; baseline -0.004 -11"><span class='ocrx_word' id='word_1_394' title='bbox 231 3602 371 3655; x_wconf 72' lang='lat' dir='ltr'><strong>sium</strong></span> <span class='ocrx_word' id='word_1_395' title='bbox 396 3645 412 3665; x_wconf 92' lang='lat'><strong>,</strong></span> <span class='ocrx_word' id='word_1_396' title='bbox 442 3598 719 3653; x_wconf 83' lang='lat' dir='ltr'><strong>soliditate</strong></span> <span class='ocrx_word' id='word_1_397' title='bbox 744 3597 944 3653; x_wconf 83' lang='lat' dir='ltr'><strong>divelli.</strong></span> <span class='ocrx_word' id='word_1_398' title='bbox 976 3596 1033 3651; x_wconf 90' lang='lat' dir='ltr'><strong>Si</strong></span> <span class='ocrx_word' id='word_1_399' title='bbox 1060 3596 1183 3666; x_wconf 90' lang='lat' dir='ltr'><strong>quis</strong></span> <span class='ocrx_word' id='word_1_400' title='bbox 1208 3597 1323 3650; x_wconf 77' lang='lat' dir='ltr'><strong>inec</strong></span> <span class='ocrx_word' id='word_1_401' title='bbox 1349 3594 1659 3665; x_wconf 75' lang='lat' dir='ltr'><strong>apostolica:</strong></span> <span class='ocrx_word' id='word_1_402' title='bbox 1684 3596 1826 3649; x_wconf 88' lang='lat' dir='ltr'><strong>sedis</strong></span> 
     </span>
    </p>
   </div>
   <div class='ocr_carea' id='block_1_56' title="bbox 227 3683 1819 3761">
    <p class='ocr_par' dir='ltr' id='par_1_56' title="bbox 227 3683 1819 3761">
     <span class='ocr_line' id='line_1_56' title="bbox 227 3683 1819 3761; baseline -0.006 -14"><span class='ocrx_word' id='word_1_403' title='bbox 227 3698 509 3761; x_wconf 78' lang='lat' dir='ltr'><strong>praecepta</strong></span> <span class='ocrx_word' id='word_1_404' title='bbox 547 3704 656 3744; x_wconf 90' lang='lat' dir='ltr'><strong>non</strong></span> <span class='ocrx_word' id='word_1_405' title='bbox 692 3687 1091 3751; x_wconf 89' lang='lat' dir='ltr'><strong>observaverit,</strong></span> <span class='ocrx_word' id='word_1_406' title='bbox 1124 3685 1364 3755; x_wconf 87' lang='lat' dir='ltr'><strong>percepti</strong></span> <span class='ocrx_word' id='word_1_407' title='bbox 1393 3683 1618 3739; x_wconf 84' lang='lat' dir='ltr'><strong>honoris</strong></span> <span class='ocrx_word' id='word_1_408' title='bbox 1646 3683 1819 3738; x_wconf 86' lang='lat' dir='ltr'><strong>hostis</strong></span> 
     </span>
    </p>
   </div>
   <div class='ocr_carea' id='block_1_57' title="bbox 226 3773 1819 3843">
    <p class='ocr_par' dir='ltr' id='par_1_57' title="bbox 226 3773 1819 3843">
     <span class='ocr_line' id='line_1_57' title="bbox 226 3773 1819 3843; baseline -0.006 -8"><span class='ocrx_word' id='word_1_409' title='bbox 226 3796 351 3835; x_wconf 81' lang='lat' dir='ltr'><strong>eSse</strong></span> <span class='ocrx_word' id='word_1_410' title='bbox 389 3796 501 3833; x_wconf 88' lang='lat' dir='ltr'><strong>non</strong></span> <span class='ocrx_word' id='word_1_411' title='bbox 532 3778 829 3833; x_wconf 82' lang='lat' dir='ltr'><strong>dubitetur.</strong></span> <span class='ocrx_word' id='word_1_412' title='bbox 862 3776 969 3831; x_wconf 88' lang='lat' dir='ltr'><strong>Sed</strong></span> <span class='ocrx_word' id='word_1_413' title='bbox 1008 3774 1148 3830; x_wconf 83' lang='lat' dir='ltr'><strong>forte</strong></span> <span class='ocrx_word' id='word_1_414' title='bbox 1175 3790 1272 3829; x_wconf 88' lang='lat' dir='ltr'><strong>vos</strong></span> <span class='ocrx_word' id='word_1_415' title='bbox 1303 3773 1577 3843; x_wconf 82' lang='lat' dir='ltr'><strong>vestrique</strong></span> <span class='ocrx_word' id='word_1_416' title='bbox 1616 3773 1819 3842; x_wconf 55' lang='lat' dir='ltr'><strong>praede-</strong></span> 
     </span>
    </p>
   </div>
   <div class='ocr_carea' id='block_1_58' title="bbox 226 3861 1817 3924">
    <p class='ocr_par' dir='ltr' id='par_1_58' title="bbox 226 3861 1817 3924">
     <span class='ocr_line' id='line_1_58' title="bbox 226 3861 1817 3924; baseline -0.006 -1"><span class='ocrx_word' id='word_1_417' title='bbox 226 3883 486 3924; x_wconf 67' lang='lat' dir='ltr'><strong>cessuros</strong></span> <span class='ocrx_word' id='word_1_418' title='bbox 527 3868 588 3921; x_wconf 75' lang='lat' dir='ltr'><strong>in</strong></span> <span class='ocrx_word' id='word_1_419' title='bbox 639 3867 957 3921; x_wconf 81' lang='lat' dir='ltr'><strong>hodiernum</strong></span> <span class='ocrx_word' id='word_1_420' title='bbox 1003 3881 1108 3919; x_wconf 90' lang='lat' dir='ltr'><strong>non</strong></span> <span class='ocrx_word' id='word_1_421' title='bbox 1154 3863 1400 3918; x_wconf 88' lang='lat' dir='ltr'><strong>reluctati</strong></span> <span class='ocrx_word' id='word_1_422' title='bbox 1441 3872 1586 3917; x_wconf 87' lang='lat' dir='ltr'><strong>sunt.</strong></span> <span class='ocrx_word' id='word_1_423' title='bbox 1636 3861 1704 3916; x_wconf 87' lang='lat' dir='ltr'><strong>Et</strong></span> <span class='ocrx_word' id='word_1_424' title='bbox 1752 3876 1817 3915; x_wconf 86' lang='lat' dir='ltr'><strong>ne</strong></span> 
     </span>
    </p>
   </div>
   <div class='ocr_carea' id='block_1_59' title="bbox 225 3954 1827 4031">
    <p class='ocr_par' dir='ltr' id='par_1_59' title="bbox 225 3954 1827 4031">
     <span class='ocr_line' id='line_1_59' title="bbox 225 3954 1827 4031; baseline -0.005 -16"><span class='ocrx_word' id='word_1_425' title='bbox 225 3961 453 4031; x_wconf 79' lang='lat' dir='ltr'><strong>quando</strong></span> <span class='ocrx_word' id='word_1_426' title='bbox 480 3960 765 4028; x_wconf 87' lang='lat' dir='ltr'><strong>contingat</strong></span> <span class='ocrx_word' id='word_1_427' title='bbox 797 3966 857 4011; x_wconf 91' lang='lat' dir='ltr'><strong>ut</strong></span> <span class='ocrx_word' id='word_1_428' title='bbox 893 3956 1246 4019; x_wconf 88' lang='lat' dir='ltr'><strong>reluctentur,</strong></span> <span class='ocrx_word' id='word_1_429' title='bbox 1280 3954 1483 4008; x_wconf 83' lang='lat' dir='ltr'><strong>idcirco</strong></span> <span class='ocrx_word' id='word_1_430' title='bbox 1525 3954 1699 4008; x_wconf 86' lang='lat' dir='ltr'><strong>denuo</strong></span> <span class='ocrx_word' id='word_1_431' title='bbox 1742 3968 1827 4007; x_wconf 90' lang='lat' dir='ltr'><strong>re-</strong></span> 
     </span>
    </p>
   </div>
   <div class='ocr_carea' id='block_1_60' title="bbox 225 4043 1819 4123">
    <p class='ocr_par' dir='ltr' id='par_1_60' title="bbox 225 4043 1819 4123">
     <span class='ocr_line' id='line_1_60' title="bbox 225 4043 1819 4123; baseline -0.008 -15"><span class='ocrx_word' id='word_1_432' title='bbox 225 4062 488 4123; x_wconf 71' lang='lat' dir='ltr'><strong>petentes</strong></span> <span class='ocrx_word' id='word_1_433' title='bbox 536 4052 733 4119; x_wconf 70' lang='lat' dir='ltr'><strong>sapius</strong></span> <span class='ocrx_word' id='word_1_434' title='bbox 779 4050 1161 4108; x_wconf 89' lang='lat' dir='ltr'><strong>admonemus,</strong></span> <span class='ocrx_word' id='word_1_435' title='bbox 1206 4054 1267 4099; x_wconf 90' lang='lat' dir='ltr'><strong>ut</strong></span> <span class='ocrx_word' id='word_1_436' title='bbox 1305 4045 1544 4098; x_wconf 86' lang='lat' dir='ltr'><strong>vitentur</strong></span> <span class='ocrx_word' id='word_1_437' title='bbox 1587 4043 1678 4111; x_wconf 90' lang='lat' dir='ltr'><strong>qui</strong></span> <span class='ocrx_word' id='word_1_438' title='bbox 1725 4044 1819 4097; x_wconf 88' lang='lat' dir='ltr'><strong>bu-</strong></span> 
     </span>
    </p>
   </div>
   <div class='ocr_carea' id='block_1_61' title="bbox 220 4131 1822 4211">
    <p class='ocr_par' dir='ltr' id='par_1_61' title="bbox 220 4131 1822 4211">
     <span class='ocr_line' id='line_1_61' title="bbox 220 4131 1822 4211; baseline -0.009 -13"><span class='ocrx_word' id='word_1_439' title='bbox 220 4139 475 4211; x_wconf 78' lang='lat' dir='ltr'><strong>jusmodi</strong></span> <span class='ocrx_word' id='word_1_440' title='bbox 521 4140 719 4194; x_wconf 85' lang='lat' dir='ltr'><strong>fratres</strong></span> <span class='ocrx_word' id='word_1_441' title='bbox 762 4137 980 4191; x_wconf 89' lang='lat' dir='ltr'><strong>turbare</strong></span> <span class='ocrx_word' id='word_1_442' title='bbox 1024 4136 1290 4198; x_wconf 89' lang='lat' dir='ltr'><strong>nituntur,</strong></span> <span class='ocrx_word' id='word_1_443' title='bbox 1338 4142 1393 4187; x_wconf 87' lang='lat' dir='ltr'><strong>et</strong></span> <span class='ocrx_word' id='word_1_444' title='bbox 1439 4131 1822 4201; x_wconf 82' lang='lat' dir='ltr'><strong>prohibeantur</strong></span> 
     </span>
    </p>
   </div>
   <div class='ocr_carea' id='block_1_62' title="bbox 226 4218 1826 4302">
    <p class='ocr_par' dir='ltr' id='par_1_62' title="bbox 226 4218 1826 4302">
     <span class='ocr_line' id='line_1_62' title="bbox 226 4218 1826 4302; baseline -0.011 -14"><span class='ocrx_word' id='word_1_445' title='bbox 226 4232 382 4289; x_wconf 63' lang='lat' dir='ltr'><strong>aliud</strong></span> <span class='ocrx_word' id='word_1_446' title='bbox 408 4246 578 4302; x_wconf 78' lang='lat' dir='ltr'><strong>quam</strong></span> <span class='ocrx_word' id='word_1_447' title='bbox 603 4229 693 4283; x_wconf 89' lang='lat' dir='ltr'><strong>ille</strong></span> <span class='ocrx_word' id='word_1_448' title='bbox 720 4237 905 4281; x_wconf 88' lang='lat' dir='ltr'><strong>uoster</strong></span> <span class='ocrx_word' id='word_1_449' title='bbox 924 4223 1087 4292; x_wconf 87' lang='lat' dir='ltr'><strong>jussit</strong></span> <span class='ocrx_word' id='word_1_450' title='bbox 1112 4222 1350 4291; x_wconf 78' lang='lat' dir='ltr'><strong>agricola</strong></span> <span class='ocrx_word' id='word_1_451' title='bbox 1376 4222 1663 4274; x_wconf 88' lang='lat' dir='ltr'><strong>seminare.</strong></span> <span class='ocrx_word' id='word_1_452' title='bbox 1694 4218 1826 4271; x_wconf 86' lang='lat' dir='ltr'><strong>Nam</strong></span> 
     </span>
    </p>
   </div>
   <div class='ocr_carea' id='block_1_63' title="bbox 227 4310 1828 4395">
    <p class='ocr_par' dir='ltr' id='par_1_63' title="bbox 227 4310 1828 4395">
     <span class='ocr_line' id='line_1_63' title="bbox 227 4310 1828 4395; baseline -0.009 -17"><span class='ocrx_word' id='word_1_453' title='bbox 227 4323 482 4395; x_wconf 71' lang='lat' dir='ltr'><strong>quaiiter</strong></span> <span class='ocrx_word' id='word_1_454' title='bbox 529 4335 627 4376; x_wconf 89' lang='lat' dir='ltr'><strong>nos</strong></span> <span class='ocrx_word' id='word_1_455' title='bbox 667 4318 760 4389; x_wconf 91' lang='lat' dir='ltr'><strong>qui</strong></span> <span class='ocrx_word' id='word_1_456' title='bbox 809 4317 1077 4372; x_wconf 89' lang='lat' dir='ltr'><strong>neminem</strong></span> <span class='ocrx_word' id='word_1_457' title='bbox 1124 4314 1371 4369; x_wconf 87' lang='lat' dir='ltr'><strong>volumus</strong></span> <span class='ocrx_word' id='word_1_458' title='bbox 1411 4312 1589 4382; x_wconf 89' lang='lat' dir='ltr'><strong>perire</strong></span> <span class='ocrx_word' id='word_1_459' title='bbox 1628 4310 1828 4366; x_wconf 80' lang='lat' dir='ltr'><strong>contri-</strong></span> 
     </span>
    </p>
   </div>
   <div class='ocr_carea' id='block_1_64' title="bbox 226 4401 1827 4484">
    <p class='ocr_par' dir='ltr' id='par_1_64' title="bbox 226 4401 1827 4484">
     <span class='ocr_line' id='line_1_64' title="bbox 226 4401 1827 4484; baseline -0.01 -12"><span class='ocrx_word' id='word_1_460' title='bbox 226 4423 417 4482; x_wconf 80' lang='lat' dir='ltr'><strong>stent,</strong></span> <span class='ocrx_word' id='word_1_461' title='bbox 447 4414 544 4484; x_wconf 91' lang='lat' dir='ltr'><strong>qui</strong></span> <span class='ocrx_word' id='word_1_462' title='bbox 576 4413 871 4467; x_wconf 89' lang='lat' dir='ltr'><strong>electorum</strong></span> <span class='ocrx_word' id='word_1_463' title='bbox 908 4406 1205 4477; x_wconf 89' lang='lat' dir='ltr'><strong>percellunt</strong></span> <span class='ocrx_word' id='word_1_464' title='bbox 1234 4405 1476 4469; x_wconf 87' lang='lat' dir='ltr'><strong>animos,</strong></span> <span class='ocrx_word' id='word_1_465' title='bbox 1516 4401 1827 4457; x_wconf 72' lang='lat' dir='ltr'><strong>Dominicus</strong></span> 
     </span>
    </p>
   </div>
   <div class='ocr_carea' id='block_1_65' title="bbox 226 4497 1828 4577">
    <p class='ocr_par' dir='ltr' id='par_1_65' title="bbox 226 4497 1828 4577">
     <span class='ocr_line' id='line_1_65' title="bbox 226 4497 1828 4577; baseline -0.007 -15"><span class='ocrx_word' id='word_1_466' title='bbox 226 4507 284 4561; x_wconf 88' lang='lat' dir='ltr'><strong>in</strong></span> <span class='ocrx_word' id='word_1_467' title='bbox 312 4504 623 4577; x_wconf 74' lang='lat' dir='ltr'><strong>Evangelio</strong></span> <span class='ocrx_word' id='word_1_468' title='bbox 648 4517 829 4557; x_wconf 88' lang='lat' dir='ltr'><strong>sermo</strong></span> <span class='ocrx_word' id='word_1_469' title='bbox 858 4511 1088 4556; x_wconf 88' lang='lat' dir='ltr'><strong>testatur</strong></span> <span class='ocrx_word' id='word_1_470' title='bbox 1113 4516 1127 4565; x_wconf 89' lang='lat'><strong>;</strong></span> <span class='ocrx_word' id='word_1_471' title='bbox 1159 4500 1235 4553; x_wconf 91' lang='lat' dir='ltr'><strong>ait</strong></span> <span class='ocrx_word' id='word_1_472' title='bbox 1263 4499 1407 4554; x_wconf 89' lang='lat' dir='ltr'><strong>enim</strong></span> <span class='ocrx_word' id='word_1_473' title='bbox 1437 4498 1685 4553; x_wconf 75' lang='lat' dir='ltr'><strong>Salvator</strong></span> <span class='ocrx_word' id='word_1_474' title='bbox 1713 4497 1828 4566; x_wconf 88' lang='lat' dir='ltr'><strong>ipse</strong></span> 
     </span>
    </p>
   </div>
   <div class='ocr_carea' id='block_1_66' title="bbox 224 4593 1827 4668">
    <p class='ocr_par' dir='ltr' id='par_1_66' title="bbox 224 4593 1827 4668">
     <span class='ocr_line' id='line_1_66' title="bbox 224 4593 1827 4668; baseline -0.003 -16"><span class='ocrx_word' id='word_1_475' title='bbox 224 4598 378 4668; x_wconf 77' lang='lat' dir='ltr'><strong>quod</strong></span> <span class='ocrx_word' id='word_1_476' title='bbox 417 4595 677 4666; x_wconf 68' lang='lat' dir='ltr'><strong>expediat</strong></span> <span class='ocrx_word' id='word_1_477' title='bbox 713 4595 1102 4650; x_wconf 84' lang='lat' dir='ltr'><strong>scandalizauti</strong></span> <span class='ocrx_word' id='word_1_478' title='bbox 1136 4596 1203 4651; x_wconf 89' lang='lat' dir='ltr'><strong>de</strong></span> <span class='ocrx_word' id='word_1_479' title='bbox 1241 4595 1452 4666; x_wconf 80' lang='lat' dir='ltr'><strong>pusillis</strong></span> <span class='ocrx_word' id='word_1_480' title='bbox 1491 4594 1728 4664; x_wconf 86' lang='lat' dir='ltr'><strong>aliquem</strong></span> <span class='ocrx_word' id='word_1_481' title='bbox 1774 4593 1827 4647; x_wconf 90' lang='lat' dir='ltr'><strong>in</strong></span> 
     </span>
    </p>
   </div>
   <div class='ocr_carea' id='block_1_67' title="bbox 226 4682 1831 4756">
    <p class='ocr_par' dir='ltr' id='par_1_67' title="bbox 226 4682 1831 4756">
     <span class='ocr_line' id='line_1_67' title="bbox 226 4682 1831 4756; baseline -0.002 -17"><span class='ocrx_word' id='word_1_482' title='bbox 226 4686 408 4742; x_wconf 76' lang='lat' dir='ltr'><strong>maris</strong></span> <span class='ocrx_word' id='word_1_483' title='bbox 455 4684 728 4756; x_wconf 75' lang='lat' dir='ltr'><strong>profundo</strong></span> <span class='ocrx_word' id='word_1_484' title='bbox 775 4684 1043 4754; x_wconf 84' lang='lat' dir='ltr'><strong>dcmergi,</strong></span> <span class='ocrx_word' id='word_1_485' title='bbox 1092 4693 1148 4739; x_wconf 90' lang='lat' dir='ltr'><strong>et</strong></span> <span class='ocrx_word' id='word_1_486' title='bbox 1190 4694 1386 4740; x_wconf 62' lang='lat' dir='ltr'><strong>eadem</strong></span> <span class='ocrx_word' id='word_1_487' title='bbox 1427 4699 1548 4753; x_wconf 65' lang='lat' dir='ltr'><strong>quae</strong></span> <span class='ocrx_word' id='word_1_488' title='bbox 1585 4682 1649 4736; x_wconf 81' lang='lat' dir='ltr'><strong>ad</strong></span> <span class='ocrx_word' id='word_1_489' title='bbox 1686 4683 1831 4736; x_wconf 89' lang='lat' dir='ltr'><strong>hunc</strong></span> 
     </span>
    </p>
   </div>
   <div class='ocr_carea' id='block_1_68' title="bbox 221 4772 1832 4845">
    <p class='ocr_par' dir='ltr' id='par_1_68' title="bbox 221 4772 1832 4845">
     <span class='ocr_line' id='line_1_68' title="bbox 221 4772 1832 4845; baseline -0.005 -13"><span class='ocrx_word' id='word_1_490' title='bbox 221 4793 462 4832; x_wconf 74' lang='lat' dir='ltr'><strong>sensim:</strong></span> <span class='ocrx_word' id='word_1_491' title='bbox 504 4791 539 4845; x_wconf 89' lang='lat' dir='ltr'><strong>p</strong></span> <span class='ocrx_word' id='word_1_492' title='bbox 573 4774 778 4829; x_wconf 87' lang='lat' dir='ltr'><strong>rtiuent</strong></span> <span class='ocrx_word' id='word_1_493' title='bbox 816 4772 1041 4845; x_wconf 75' lang='lat' dir='ltr'><strong>(Matth.</strong></span> <span class='ocrx_word' id='word_1_494' title='bbox 1072 4773 1260 4844; x_wconf 69' lang='lat' dir='ltr'><strong>svnt).</strong></span> <span class='ocrx_word' id='word_1_495' title='bbox 1295 4773 1337 4827; x_wconf 76' lang='grc' dir='ltr'><strong>Α</strong></span> <span class='ocrx_word' id='word_1_496' title='bbox 1377 4773 1574 4842; x_wconf 88' lang='lat' dir='ltr'><strong>quibus</strong></span> <span class='ocrx_word' id='word_1_497' title='bbox 1603 4787 1708 4825; x_wconf 88' lang='lat' dir='ltr'><strong>non</strong></span> <span class='ocrx_word' id='word_1_498' title='bbox 1744 4786 1832 4825; x_wconf 81' lang='lat' dir='ltr'><strong>sa-</strong></span> 
     </span>
    </p>
   </div>
   <div class='ocr_carea' id='block_1_69' title="bbox 224 4868 1829 4935">
    <p class='ocr_par' dir='ltr' id='par_1_69' title="bbox 224 4868 1829 4935">
     <span class='ocr_line' id='line_1_69' title="bbox 224 4868 1829 4935; baseline -0.004 -9"><span class='ocrx_word' id='word_1_499' title='bbox 224 4878 527 4935; x_wconf 69' lang='lat' dir='ltr'><strong>cerdotes,</strong></span> <span class='ocrx_word' id='word_1_500' title='bbox 558 4868 651 4924; x_wconf 91' lang='lat' dir='ltr'><strong>sed</strong></span> <span class='ocrx_word' id='word_1_501' title='bbox 683 4878 739 4923; x_wconf 84' lang='lat' dir='ltr'><strong>et</strong></span> <span class='ocrx_word' id='word_1_502' title='bbox 768 4883 955 4923; x_wconf 88' lang='lat' dir='ltr'><strong>omnes</strong></span> <span class='ocrx_word' id='word_1_503' title='bbox 980 4868 1272 4923; x_wconf 89' lang='lat' dir='ltr'><strong>Christiani</strong></span> <span class='ocrx_word' id='word_1_504' title='bbox 1300 4884 1356 4922; x_wconf 90' lang='lat' dir='ltr'><strong>se</strong></span> <span class='ocrx_word' id='word_1_505' title='bbox 1382 4883 1576 4922; x_wconf 88' lang='lat' dir='ltr'><strong>cavere</strong></span> <span class='ocrx_word' id='word_1_506' title='bbox 1604 4868 1829 4930; x_wconf 88' lang='lat' dir='ltr'><strong>debent,</strong></span> 
     </span>
    </p>
   </div>
   <div class='ocr_carea' id='block_1_70' title="bbox 220 4951 1834 5035">
    <p class='ocr_par' dir='ltr' id='par_1_70' title="bbox 220 4951 1834 5035">
     <span class='ocr_line' id='line_1_70' title="bbox 220 4951 1834 5035; baseline -0.004 -17"><span class='ocrx_word' id='word_1_507' title='bbox 220 4963 503 5035; x_wconf 72' lang='lat' dir='ltr'><strong>quoniam</strong></span> <span class='ocrx_word' id='word_1_508' title='bbox 531 4960 845 5015; x_wconf 89' lang='lat' dir='ltr'><strong>sacerdotes</strong></span> <span class='ocrx_word' id='word_1_509' title='bbox 864 5000 878 5025; x_wconf 95' lang='lat'><strong>,</strong></span> <span class='ocrx_word' id='word_1_510' title='bbox 907 4960 998 5029; x_wconf 88' lang='lat' dir='ltr'><strong>qui</strong></span> <span class='ocrx_word' id='word_1_511' title='bbox 1030 4960 1206 5014; x_wconf 81' lang='lat' dir='ltr'><strong>throni</strong></span> <span class='ocrx_word' id='word_1_512' title='bbox 1235 4960 1327 5013; x_wconf 80' lang='lat' dir='ltr'><strong>Dei</strong></span> <span class='ocrx_word' id='word_1_513' title='bbox 1357 4951 1638 5025; x_wconf 67' lang='lat' dir='ltr'><strong>vocamur;</strong></span> <span class='ocrx_word' id='word_1_514' title='bbox 1666 4960 1834 5027; x_wconf 84' lang='lat' dir='ltr'><strong>quieti</strong></span> 
     </span>
    </p>
   </div>
   <div class='ocr_carea' id='block_1_71' title="bbox 221 5051 1835 5123">
    <p class='ocr_par' dir='ltr' id='par_1_71' title="bbox 221 5051 1835 5123">
     <span class='ocr_line' id='line_1_71' title="bbox 221 5051 1835 5123; baseline -0.004 -14"><span class='ocrx_word' id='word_1_515' title='bbox 221 5057 294 5111; x_wconf 87' lang='lat' dir='ltr'><strong>ab</strong></span> <span class='ocrx_word' id='word_1_516' title='bbox 320 5054 597 5110; x_wconf 76' lang='lat' dir='ltr'><strong>ontnibus</strong></span> <span class='ocrx_word' id='word_1_517' title='bbox 625 5052 1124 5123; x_wconf 85' lang='lat' dir='ltr'><strong>perturbationibus</strong></span> <span class='ocrx_word' id='word_1_518' title='bbox 1148 5067 1267 5106; x_wconf 87' lang='lat' dir='ltr'><strong>esse</strong></span> <span class='ocrx_word' id='word_1_519' title='bbox 1294 5053 1511 5107; x_wconf 85' lang='lat' dir='ltr'><strong>debent.</strong></span> <span class='ocrx_word' id='word_1_520' title='bbox 1549 5051 1656 5105; x_wconf 80' lang='lat' dir='ltr'><strong>Nec</strong></span> <span class='ocrx_word' id='word_1_521' title='bbox 1686 5052 1751 5105; x_wconf 80' lang='lat' dir='ltr'><strong>nl)</strong></span> <span class='ocrx_word' id='word_1_522' title='bbox 1778 5066 1835 5103; x_wconf 91' lang='lat' dir='ltr'><strong>re</strong></span> 
     </span>
    </p>
   </div>
   <div class='ocr_carea' id='block_1_72' title="bbox 219 5141 1833 5217">
    <p class='ocr_par' dir='ltr' id='par_1_72' title="bbox 219 5141 1833 5217">
     <span class='ocr_line' id='line_1_72' title="bbox 219 5141 1833 5217; baseline -0.004 -16"><span class='ocrx_word' id='word_1_523' title='bbox 219 5144 345 5217; x_wconf 88' lang='lat' dir='ltr'><strong>ipse</strong></span> <span class='ocrx_word' id='word_1_524' title='bbox 370 5143 638 5199; x_wconf 69' lang='lat' dir='ltr'><strong>Saivator</strong></span> <span class='ocrx_word' id='word_1_525' title='bbox 662 5144 953 5197; x_wconf 89' lang='lat' dir='ltr'><strong>vcndentcs</strong></span> <span class='ocrx_word' id='word_1_526' title='bbox 974 5141 1251 5197; x_wconf 88' lang='lat' dir='ltr'><strong>columbas</strong></span> <span class='ocrx_word' id='word_1_527' title='bbox 1273 5150 1325 5195; x_wconf 86' lang='lat' dir='ltr'><strong>et</strong></span> <span class='ocrx_word' id='word_1_528' title='bbox 1350 5141 1833 5195; x_wconf 85' lang='lat' dir='ltr'><strong>nummulariorum</strong></span> 
     </span>
    </p>
   </div>
   <div class='ocr_carea' id='block_1_73' title="bbox 219 5230 1836 5306">
    <p class='ocr_par' dir='ltr' id='par_1_73' title="bbox 219 5230 1836 5306">
     <span class='ocr_line' id='line_1_73' title="bbox 219 5230 1836 5306; baseline -0.004 -16"><span class='ocrx_word' id='word_1_529' title='bbox 219 5251 466 5291; x_wconf 78' lang='lat' dir='ltr'><strong>mensas</strong></span> <span class='ocrx_word' id='word_1_530' title='bbox 492 5234 714 5306; x_wconf 87' lang='lat' dir='ltr'><strong>proprio</strong></span> <span class='ocrx_word' id='word_1_531' title='bbox 743 5233 951 5305; x_wconf 84' lang='lat' dir='ltr'><strong>ﬂagello</strong></span> <span class='ocrx_word' id='word_1_532' title='bbox 978 5233 1205 5296; x_wconf 89' lang='lat' dir='ltr'><strong>evertit,</strong></span> <span class='ocrx_word' id='word_1_533' title='bbox 1237 5242 1291 5285; x_wconf 86' lang='lat' dir='ltr'><strong>et</strong></span> <span class='ocrx_word' id='word_1_534' title='bbox 1316 5230 1546 5303; x_wconf 87' lang='lat' dir='ltr'><strong>projecit</strong></span> <span class='ocrx_word' id='word_1_535' title='bbox 1574 5247 1604 5286; x_wconf 90' lang='lat' dir='ltr'><strong>e</strong></span> <span class='ocrx_word' id='word_1_536' title='bbox 1637 5230 1836 5300; x_wconf 88' lang='lat' dir='ltr'><strong>templo</strong></span> 
     </span>
    </p>
   </div>
   <div class='ocr_carea' id='block_1_74' title="bbox 218 5322 1838 5402">
    <p class='ocr_par' dir='ltr' id='par_1_74' title="bbox 218 5322 1838 5402">
     <span class='ocr_line' id='line_1_74' title="bbox 218 5322 1838 5402; baseline -0.007 -18"><span class='ocrx_word' id='word_1_537' title='bbox 218 5329 481 5402; x_wconf 66' lang='lat' dir='ltr'><strong>(Matth.</strong></span> <span class='ocrx_word' id='word_1_538' title='bbox 508 5345 596 5381; x_wconf 70' lang='lat' dir='ltr'><strong>xxx</strong></span> <span class='ocrx_word' id='word_1_539' title='bbox 618 5329 660 5399; x_wconf 86' lang='lat'><strong>).</strong></span> <span class='ocrx_word' id='word_1_540' title='bbox 690 5325 841 5382; x_wconf 88' lang='lat' dir='ltr'><strong>Unde</strong></span> <span class='ocrx_word' id='word_1_541' title='bbox 870 5326 1036 5396; x_wconf 88' lang='lat' dir='ltr'><strong>liquet</strong></span> <span class='ocrx_word' id='word_1_542' title='bbox 1064 5341 1303 5379; x_wconf 87' lang='lat' dir='ltr'><strong>summos</strong></span> <span class='ocrx_word' id='word_1_543' title='bbox 1330 5323 1639 5378; x_wconf 85' lang='lat' dir='ltr'><strong>sacerdotes</strong></span> <span class='ocrx_word' id='word_1_544' title='bbox 1671 5322 1838 5391; x_wconf 86' lang='lat' dir='ltr'><strong>ipsius</strong></span> 
     </span>
    </p>
   </div>
   <div class='ocr_carea' id='block_1_75' title="bbox 296 5435 1688 5508">
    <p class='ocr_par' dir='ltr' id='par_1_75' title="bbox 296 5435 1688 5508">
     <span class='ocr_line' id='line_1_75' title="bbox 296 5435 1688 5508; baseline -0.007 -11"><span class='ocrx_word' id='word_1_545' title='bbox 296 5456 328 5483; x_wconf 70' lang='grc' dir='ltr'>ι</span> <span class='ocrx_word' id='word_1_546' title='bbox 373 5441 529 5496; x_wconf 83' lang='lat' dir='ltr'><strong>Dist.</strong></span> <span class='ocrx_word' id='word_1_547' title='bbox 564 5441 650 5505; x_wconf 73' lang='lat'><strong>{2,</strong></span> <span class='ocrx_word' id='word_1_548' title='bbox 678 5439 950 5508; x_wconf 65' lang='lat' dir='ltr'><strong>praeceptis</strong></span> <span class='ocrx_word' id='word_1_549' title='bbox 981 5436 1227 5508; x_wconf 80' lang='lat' dir='ltr'><strong>apostol.,</strong></span> <span class='ocrx_word' id='word_1_550' title='bbox 1268 5436 1295 5507; x_wconf 85' lang='lat'><strong>§</strong></span> <span class='ocrx_word' id='word_1_551' title='bbox 1330 5435 1688 5508; x_wconf 59' lang='lat' dir='ltr'><strong>Nonizovam.</strong></span> 
     </span>
    </p>
   </div>
   <div class='ocr_carea' id='block_1_76' title="bbox 296 5504 1834 5573">
    <p class='ocr_par' dir='ltr' id='par_1_76' title="bbox 296 5504 1834 5573">
     <span class='ocr_line' id='line_1_76' title="bbox 296 5504 1834 5573; baseline -0.008 -5"><span class='ocrx_word' id='word_1_552' title='bbox 296 5512 331 5552; x_wconf 67' lang='grc' dir='ltr'>ιδ</span> <span class='ocrx_word' id='word_1_553' title='bbox 372 5509 573 5567; x_wconf 75' lang='lat' dir='ltr'><strong>Codex</strong></span> <span class='ocrx_word' id='word_1_554' title='bbox 612 5504 1024 5563; x_wconf 72' lang='lat' dir='ltr'><strong>Laudunensisi</strong></span> <span class='ocrx_word' id='word_1_555' title='bbox 1058 5527 1075 5557; x_wconf 85' lang='grc'><em>‹</em></span> <span class='ocrx_word' id='word_1_556' title='bbox 1108 5507 1233 5560; x_wconf 54' lang='lat' dir='ltr'><strong>Have</strong></span> <span class='ocrx_word' id='word_1_557' title='bbox 1275 5504 1564 5573; x_wconf 75' lang='lat' dir='ltr'><strong>couipilata</strong></span> <span class='ocrx_word' id='word_1_558' title='bbox 1608 5504 1834 5572; x_wconf 79' lang='lat' dir='ltr'><strong>epistola</strong></span> 
     </span>
    </p>
   </div>
   <div class='ocr_carea' id='block_1_77' title="bbox 217 5573 1840 5660">
    <p class='ocr_par' dir='ltr' id='par_1_77' title="bbox 217 5573 1840 5660">
     <span class='ocr_line' id='line_1_77' title="bbox 217 5573 1840 5660; baseline -0.009 -20"><span class='ocrx_word' id='word_1_559' title='bbox 217 5598 291 5640; x_wconf 75' lang='lat' dir='ltr'><strong>ex</strong></span> <span class='ocrx_word' id='word_1_560' title='bbox 322 5591 516 5660; x_wconf 76' lang='lat' dir='ltr'><strong>parte</strong></span> <span class='ocrx_word' id='word_1_561' title='bbox 556 5578 803 5648; x_wconf 80' lang='lat' dir='ltr'><strong>Gregorii</strong></span> <span class='ocrx_word' id='word_1_562' title='bbox 845 5593 1006 5660; x_wconf 89' lang='lat' dir='ltr'><strong>quam</strong></span> <span class='ocrx_word' id='word_1_563' title='bbox 1049 5577 1119 5631; x_wconf 89' lang='lat' dir='ltr'><strong>sit</strong></span> <span class='ocrx_word' id='word_1_564' title='bbox 1162 5575 1422 5660; x_wconf 58' lang='lat' dir='ltr'><strong>merulas,</strong></span> <span class='ocrx_word' id='word_1_565' title='bbox 1462 5576 1581 5655; x_wconf 77' lang='lat' dir='ltr'><strong>ipsa</strong></span> <span class='ocrx_word' id='word_1_566' title='bbox 1620 5573 1840 5653; x_wconf 67' lang='lat' dir='ltr'><strong>evidens</strong></span> 
     </span>
    </p>
   </div>
   <div class='ocr_carea' id='block_1_78' title="bbox 218 5642 1841 5716">
    <p class='ocr_par' dir='ltr' id='par_1_78' title="bbox 218 5642 1841 5716">
     <span class='ocr_line' id='line_1_78' title="bbox 218 5642 1841 5716; baseline -0.007 -8"><span class='ocrx_word' id='word_1_567' title='bbox 218 5642 382 5708; x_wconf 52' lang='lat' dir='ltr'><strong>ratio</strong></span> <span class='ocrx_word' id='word_1_568' title='bbox 436 5642 745 5705; x_wconf 64' lang='lat' dir='ltr'><strong>monstrat:</strong></span> <span class='ocrx_word' id='word_1_569' title='bbox 788 5642 913 5716; x_wconf 87' lang='lat' dir='ltr'><strong>quia</strong></span> <span class='ocrx_word' id='word_1_570' title='bbox 963 5656 1204 5716; x_wconf 88' lang='lat' dir='ltr'><strong>tempore</strong></span> <span class='ocrx_word' id='word_1_571' title='bbox 1248 5644 1528 5716; x_wconf 57' lang='lat' dir='ltr'><strong>Gregorii,</strong></span> <span class='ocrx_word' id='word_1_572' title='bbox 1561 5659 1642 5716; x_wconf 77' lang='lat' dir='ltr'><strong>ex</strong></span> <span class='ocrx_word' id='word_1_573' title='bbox 1686 5642 1841 5711; x_wconf 84' lang='lat' dir='ltr'><strong>cujus</strong></span> 
     </span>
    </p>
   </div>
   <div class='ocr_carea' id='block_1_79' title="bbox 217 5713 1838 5787">
    <p class='ocr_par' dir='ltr' id='par_1_79' title="bbox 217 5713 1838 5787">
     <span class='ocr_line' id='line_1_79' title="bbox 217 5713 1838 5787; baseline -0.011 -6"><span class='ocrx_word' id='word_1_574' title='bbox 217 5724 475 5781; x_wconf 77' lang='lat' dir='ltr'><strong>uoniinc</strong></span> <span class='ocrx_word' id='word_1_575' title='bbox 522 5721 622 5775; x_wconf 87' lang='lat' dir='ltr'><strong>ista</strong></span> <span class='ocrx_word' id='word_1_576' title='bbox 666 5713 1048 5782; x_wconf 70' lang='lat' dir='ltr'><strong>conscribitur,</strong></span> <span class='ocrx_word' id='word_1_577' title='bbox 1076 5713 1729 5787; x_wconf 21' lang='lat' dir='ltr'><strong>’impcratorillludvicus</strong></span> <span class='ocrx_word' id='word_1_578' title='bbox 1771 5716 1838 5765; x_wconf 77' lang='lat' dir='ltr'><strong>ab</strong></span> 
     </span>
    </p>
   </div>
   <div class='ocr_carea' id='block_1_80' title="bbox 1920 1965 3495 2037">
    <p class='ocr_par' dir='ltr' id='par_1_80' title="bbox 1920 1965 3495 2037">
     <span class='ocr_line' id='line_1_80' title="bbox 1920 1965 3495 2037; baseline -0.003 -12"><span class='ocrx_word' id='word_1_579' title='bbox 1920 1968 2030 2025; x_wconf 78' lang='lat' dir='ltr'><strong>vult</strong></span> <span class='ocrx_word' id='word_1_580' title='bbox 2069 1967 2243 2023; x_wconf 82' lang='lat' dir='ltr'><strong>venire</strong></span> <span class='ocrx_word' id='word_1_581' title='bbox 2280 1976 2395 2037; x_wconf 84' lang='lat' dir='ltr'><strong>post</strong></span> <span class='ocrx_word' id='word_1_582' title='bbox 2434 1982 2548 2032; x_wconf 87' lang='lat' dir='ltr'><strong>me,</strong></span> <span class='ocrx_word' id='word_1_583' title='bbox 2590 1965 2803 2035; x_wconf 82' lang='lat' dir='ltr'><strong>abneget</strong></span> <span class='ocrx_word' id='word_1_584' title='bbox 2839 1967 3205 2035; x_wconf 76' lang='lat' dir='ltr'><strong>semetipsum,</strong></span> <span class='ocrx_word' id='word_1_585' title='bbox 3254 1978 3302 2020; x_wconf 92' lang='lat' dir='ltr'><strong>et</strong></span> <span class='ocrx_word' id='word_1_586' title='bbox 3342 1965 3495 2021; x_wconf 84' lang='lat' dir='ltr'><strong>tollat</strong></span> 
     </span>
    </p>
   </div>
   <div class='ocr_carea' id='block_1_81' title="bbox 1922 2055 3497 2130">
    <p class='ocr_par' dir='ltr' id='par_1_81' title="bbox 1922 2055 3497 2130">
     <span class='ocr_line' id='line_1_81' title="bbox 1922 2055 3497 2130; baseline 0 -16"><span class='ocrx_word' id='word_1_587' title='bbox 1922 2076 2131 2114; x_wconf 85' lang='lat' dir='ltr'><strong>crucem</strong></span> <span class='ocrx_word' id='word_1_588' title='bbox 2162 2075 2315 2113; x_wconf 82' lang='lat' dir='ltr'><strong>suam</strong></span> <span class='ocrx_word' id='word_1_589' title='bbox 2338 2100 2352 2124; x_wconf 93' lang='lat'><strong>,</strong></span> <span class='ocrx_word' id='word_1_590' title='bbox 2385 2069 2432 2111; x_wconf 86' lang='lat' dir='ltr'><strong>et</strong></span> <span class='ocrx_word' id='word_1_591' title='bbox 2463 2067 2715 2129; x_wconf 82' lang='lat' dir='ltr'><strong>sequatur</strong></span> <span class='ocrx_word' id='word_1_592' title='bbox 2742 2074 2823 2111; x_wconf 89' lang='lat' dir='ltr'><strong>me</strong></span> <span class='ocrx_word' id='word_1_593' title='bbox 2855 2058 2874 2129; x_wconf 93' lang='lat'><strong>(</strong></span> <span class='ocrx_word' id='word_1_594' title='bbox 2898 2055 3090 2112; x_wconf 78' lang='lat' dir='ltr'><strong>Matth.</strong></span> <span class='ocrx_word' id='word_1_595' title='bbox 3124 2076 3210 2113; x_wconf 77' lang='lat' dir='ltr'><strong>xv&#39;t</strong></span> <span class='ocrx_word' id='word_1_596' title='bbox 3238 2058 3277 2130; x_wconf 92' lang='lat'><strong>).</strong></span> <span class='ocrx_word' id='word_1_597' title='bbox 3311 2060 3497 2127; x_wconf 80' lang='lat' dir='ltr'><strong>Quan-</strong></span> 
     </span>
    </p>
   </div>
   <div class='ocr_carea' id='block_1_82' title="bbox 1922 2147 3506 2219">
    <p class='ocr_par' dir='ltr' id='par_1_82' title="bbox 1922 2147 3506 2219">
     <span class='ocr_line' id='line_1_82' title="bbox 1922 2147 3506 2219; baseline 0.002 -16"><span class='ocrx_word' id='word_1_598' title='bbox 1922 2165 2083 2219; x_wconf 89' lang='lat' dir='ltr'><strong>quam</strong></span> <span class='ocrx_word' id='word_1_599' title='bbox 2131 2157 2348 2204; x_wconf 88' lang='lat' dir='ltr'><strong>maneat</strong></span> <span class='ocrx_word' id='word_1_600' title='bbox 2392 2148 2479 2202; x_wconf 89' lang='lat' dir='ltr'><strong>his</strong></span> <span class='ocrx_word' id='word_1_601' title='bbox 2528 2147 2804 2202; x_wconf 88' lang='lat' dir='ltr'><strong>beatitudo</strong></span> <span class='ocrx_word' id='word_1_602' title='bbox 2851 2150 3149 2217; x_wconf 88' lang='lat' dir='ltr'><strong>promissa,</strong></span> <span class='ocrx_word' id='word_1_603' title='bbox 3196 2150 3506 2219; x_wconf 88' lang='lat' dir='ltr'><strong>quicunque</strong></span> 
     </span>
    </p>
   </div>
   <div class='ocr_carea' id='block_1_83' title="bbox 1922 2236 3503 2309">
    <p class='ocr_par' dir='ltr' id='par_1_83' title="bbox 1922 2236 3503 2309">
     <span class='ocr_line' id='line_1_83' title="bbox 1922 2236 3503 2309; baseline 0.001 -17"><span class='ocrx_word' id='word_1_604' title='bbox 1922 2241 2222 2309; x_wconf 80' lang='lat' dir='ltr'><strong>probantur</strong></span> <span class='ocrx_word' id='word_1_605' title='bbox 2243 2237 2673 2308; x_wconf 89' lang='lat' dir='ltr'><strong>persecutionem</strong></span> <span class='ocrx_word' id='word_1_606' title='bbox 2694 2236 3057 2307; x_wconf 67' lang='lat' dir='ltr'><strong>propterjustl</strong></span> <span class='ocrx_word' id='word_1_607' title='bbox 3068 2239 3196 2292; x_wconf 89' lang='lat' dir='ltr'><strong>tiam</strong></span> <span class='ocrx_word' id='word_1_608' title='bbox 3215 2240 3503 2294; x_wconf 90' lang='lat' dir='ltr'><strong>sustinere.</strong></span> 
     </span>
    </p>
   </div>
   <div class='ocr_carea' id='block_1_84' title="bbox 1923 2323 3506 2397">
    <p class='ocr_par' dir='ltr' id='par_1_84' title="bbox 1923 2323 3506 2397">
     <span class='ocr_line' id='line_1_84' title="bbox 1923 2323 3506 2397; baseline 0 -15"><span class='ocrx_word' id='word_1_609' title='bbox 1923 2329 2130 2397; x_wconf 82' lang='lat' dir='ltr'><strong>Quibus</strong></span> <span class='ocrx_word' id='word_1_610' title='bbox 2158 2328 2287 2397; x_wconf 80' lang='lat' dir='ltr'><strong>quid</strong></span> <span class='ocrx_word' id='word_1_611' title='bbox 2316 2326 2598 2397; x_wconf 84' lang='lat' dir='ltr'><strong>promittat</strong></span> <span class='ocrx_word' id='word_1_612' title='bbox 2630 2326 2745 2395; x_wconf 78' lang='lat' dir='ltr'><strong>ipse</strong></span> <span class='ocrx_word' id='word_1_613' title='bbox 2776 2323 3026 2381; x_wconf 87' lang='lat' dir='ltr'><strong>Salvator</strong></span> <span class='ocrx_word' id='word_1_614' title='bbox 3055 2327 3107 2381; x_wconf 93' lang='lat' dir='ltr'><strong>in</strong></span> <span class='ocrx_word' id='word_1_615' title='bbox 3148 2325 3384 2381; x_wconf 90' lang='lat' dir='ltr'><strong>futurum</strong></span> <span class='ocrx_word' id='word_1_616' title='bbox 3418 2342 3506 2382; x_wconf 84' lang='lat' dir='ltr'><strong>se-</strong></span> 
     </span>
    </p>
   </div>
   <div class='ocr_carea' id='block_1_85' title="bbox 1923 2416 3510 2490">
    <p class='ocr_par' dir='ltr' id='par_1_85' title="bbox 1923 2416 3510 2490">
     <span class='ocr_line' id='line_1_85' title="bbox 1923 2416 3510 2490; baseline 0 -17"><span class='ocrx_word' id='word_1_617' title='bbox 1923 2435 2095 2490; x_wconf 87' lang='lat' dir='ltr'><strong>quens</strong></span> <span class='ocrx_word' id='word_1_618' title='bbox 2132 2432 2314 2474; x_wconf 88' lang='lat' dir='ltr'><strong>sermo</strong></span> <span class='ocrx_word' id='word_1_619' title='bbox 2350 2416 2611 2472; x_wconf 88' lang='lat' dir='ltr'><strong>deelarat.</strong></span> <span class='ocrx_word' id='word_1_620' title='bbox 2645 2416 3013 2487; x_wconf 82' lang='lat' dir='ltr'><strong>lntelligamus</strong></span> <span class='ocrx_word' id='word_1_621' title='bbox 3051 2417 3167 2472; x_wconf 78' lang='lat' dir='ltr'><strong>haec</strong></span> <span class='ocrx_word' id='word_1_622' title='bbox 3203 2417 3322 2487; x_wconf 90' lang='lat' dir='ltr'><strong>ipsa</strong></span> <span class='ocrx_word' id='word_1_623' title='bbox 3356 2417 3510 2473; x_wconf 87' lang='lat' dir='ltr'><strong>vobis</strong></span> 
     </span>
    </p>
   </div>
   <div class='ocr_carea' id='block_1_86' title="bbox 1908 2498 3506 2582">
    <p class='ocr_par' dir='ltr' id='par_1_86' title="bbox 1908 2498 3506 2582">
     <span class='ocr_line' id='line_1_86' title="bbox 1908 2498 3506 2582; baseline -0.001 -16"><span class='ocrx_word' id='word_1_624' title='bbox 1908 2498 2044 2582; x_wconf 23' lang='lat' dir='ltr'><strong>xqum</strong></span> <span class='ocrx_word' id='word_1_625' title='bbox 2077 2510 2234 2566; x_wconf 89' lang='lat' dir='ltr'><strong>nobis</strong></span> <span class='ocrx_word' id='word_1_626' title='bbox 2271 2525 2379 2565; x_wconf 90' lang='lat' dir='ltr'><strong>non</strong></span> <span class='ocrx_word' id='word_1_627' title='bbox 2409 2509 2627 2579; x_wconf 86' lang='lat' dir='ltr'><strong>placent</strong></span> <span class='ocrx_word' id='word_1_628' title='bbox 2655 2508 2960 2578; x_wconf 81' lang='lat' dir='ltr'><strong>displicere.</strong></span> <span class='ocrx_word' id='word_1_629' title='bbox 2993 2509 3145 2576; x_wconf 82' lang='lat' dir='ltr'><strong>Quod</strong></span> <span class='ocrx_word' id='word_1_630' title='bbox 3179 2510 3253 2564; x_wconf 89' lang='lat' dir='ltr'><strong>ita</strong></span> <span class='ocrx_word' id='word_1_631' title='bbox 3290 2510 3506 2565; x_wconf 88' lang='lat' dir='ltr'><strong>demum</strong></span> 
     </span>
    </p>
   </div>
   <div class='ocr_carea' id='block_1_87' title="bbox 1923 2600 3508 2672">
    <p class='ocr_par' dir='ltr' id='par_1_87' title="bbox 1923 2600 3508 2672">
     <span class='ocr_line' id='line_1_87' title="bbox 1923 2600 3508 2672; baseline -0.001 -15"><span class='ocrx_word' id='word_1_632' title='bbox 1923 2600 2158 2672; x_wconf 86' lang='lat' dir='ltr'><strong>probare</strong></span> <span class='ocrx_word' id='word_1_633' title='bbox 2191 2601 2528 2670; x_wconf 87' lang='lat' dir='ltr'><strong>poterimus,</strong></span> <span class='ocrx_word' id='word_1_634' title='bbox 2567 2600 2611 2654; x_wconf 89' lang='lat' dir='ltr'><strong>si</strong></span> <span class='ocrx_word' id='word_1_635' title='bbox 2647 2601 2846 2669; x_wconf 74' lang='lat' dir='ltr'><strong>quibus</strong></span> <span class='ocrx_word' id='word_1_636' title='bbox 2884 2615 3102 2655; x_wconf 83' lang='lat' dir='ltr'><strong>manum</strong></span> <span class='ocrx_word' id='word_1_637' title='bbox 3140 2600 3467 2671; x_wconf 85' lang='lat' dir='ltr'><strong>porrigimus</strong></span> <span class='ocrx_word' id='word_1_638' title='bbox 3491 2641 3508 2667; x_wconf 92' lang='lat'><strong>,</strong></span> 
     </span>
    </p>
   </div>
   <div class='ocr_carea' id='block_1_88' title="bbox 1923 2690 3509 2761">
    <p class='ocr_par' dir='ltr' id='par_1_88' title="bbox 1923 2690 3509 2761">
     <span class='ocr_line' id='line_1_88' title="bbox 1923 2690 3509 2761; baseline -0.001 -15"><span class='ocrx_word' id='word_1_639' title='bbox 1923 2707 2023 2747; x_wconf 81' lang='lat' dir='ltr'><strong>vos</strong></span> <span class='ocrx_word' id='word_1_640' title='bbox 2049 2692 2332 2747; x_wconf 86' lang='lat' dir='ltr'><strong>nobiscum</strong></span> <span class='ocrx_word' id='word_1_641' title='bbox 2358 2691 2670 2761; x_wconf 82' lang='lat' dir='ltr'><strong>porrigatis,</strong></span> <span class='ocrx_word' id='word_1_642' title='bbox 2689 2699 2748 2744; x_wconf 92' lang='lat' dir='ltr'><strong>ut</strong></span> <span class='ocrx_word' id='word_1_643' title='bbox 2774 2690 2861 2744; x_wconf 91' lang='lat' dir='ltr'><strong>cui</strong></span> <span class='ocrx_word' id='word_1_644' title='bbox 2888 2699 2942 2743; x_wconf 84' lang='lat' dir='ltr'><strong>et</strong></span> <span class='ocrx_word' id='word_1_645' title='bbox 2968 2706 3060 2745; x_wconf 81' lang='lat' dir='ltr'><strong>vos</strong></span> <span class='ocrx_word' id='word_1_646' title='bbox 3085 2705 3304 2744; x_wconf 88' lang='lat' dir='ltr'><strong>manum</strong></span> <span class='ocrx_word' id='word_1_647' title='bbox 3330 2691 3509 2760; x_wconf 89' lang='lat' dir='ltr'><strong>porri-</strong></span> 
     </span>
    </p>
   </div>
   <div class='ocr_carea' id='block_1_89' title="bbox 1924 2780 3509 2855">
    <p class='ocr_par' dir='ltr' id='par_1_89' title="bbox 1924 2780 3509 2855">
     <span class='ocr_line' id='line_1_89' title="bbox 1924 2780 3509 2855; baseline -0.003 -16"><span class='ocrx_word' id='word_1_648' title='bbox 1924 2784 2097 2855; x_wconf 81' lang='lat' dir='ltr'><strong>getis,</strong></span> <span class='ocrx_word' id='word_1_649' title='bbox 2140 2782 2421 2838; x_wconf 83' lang='lat' dir='ltr'><strong>vobiscum</strong></span> <span class='ocrx_word' id='word_1_650' title='bbox 2457 2782 2827 2851; x_wconf 78' lang='lat' dir='ltr'><strong>porrigamus,</strong></span> <span class='ocrx_word' id='word_1_651' title='bbox 2860 2781 2993 2850; x_wconf 78' lang='lat' dir='ltr'><strong>quia</strong></span> <span class='ocrx_word' id='word_1_652' title='bbox 3034 2796 3139 2843; x_wconf 83' lang='lat' dir='ltr'><strong>non</strong></span> <span class='ocrx_word' id='word_1_653' title='bbox 3175 2780 3335 2834; x_wconf 90' lang='lat' dir='ltr'><strong>aliter</strong></span> <span class='ocrx_word' id='word_1_654' title='bbox 3370 2796 3509 2834; x_wconf 86' lang='lat' dir='ltr'><strong>unus</strong></span> 
     </span>
    </p>
   </div>
   <div class='ocr_carea' id='block_1_90' title="bbox 1926 2872 3509 2947">
    <p class='ocr_par' dir='ltr' id='par_1_90' title="bbox 1926 2872 3509 2947">
     <span class='ocr_line' id='line_1_90' title="bbox 1926 2872 3509 2947; baseline -0.002 -16"><span class='ocrx_word' id='word_1_655' title='bbox 1926 2892 2056 2947; x_wconf 81' lang='lat' dir='ltr'><strong>grex</strong></span> <span class='ocrx_word' id='word_1_656' title='bbox 2079 2883 2132 2929; x_wconf 89' lang='lat' dir='ltr'><strong>et</strong></span> <span class='ocrx_word' id='word_1_657' title='bbox 2158 2890 2298 2929; x_wconf 90' lang='lat' dir='ltr'><strong>unus</strong></span> <span class='ocrx_word' id='word_1_658' title='bbox 2323 2882 2514 2944; x_wconf 88' lang='lat' dir='ltr'><strong>pastor</strong></span> <span class='ocrx_word' id='word_1_659' title='bbox 2530 2888 2737 2936; x_wconf 86' lang='lat' dir='ltr'><strong>sumus,</strong></span> <span class='ocrx_word' id='word_1_660' title='bbox 2763 2873 2864 2927; x_wconf 87' lang='lat' dir='ltr'><strong>nisi</strong></span> <span class='ocrx_word' id='word_1_661' title='bbox 2888 2874 3339 2942; x_wconf 85' lang='lat' dir='ltr'><strong>quemadmodum</strong></span> <span class='ocrx_word' id='word_1_662' title='bbox 3361 2872 3509 2943; x_wconf 83' lang='lat' dir='ltr'><strong>Apo-</strong></span> 
     </span>
    </p>
   </div>
   <div class='ocr_carea' id='block_1_91' title="bbox 1925 2964 3509 3036">
    <p class='ocr_par' dir='ltr' id='par_1_91' title="bbox 1925 2964 3509 3036">
     <span class='ocr_line' id='line_1_91' title="bbox 1925 2964 3509 3036; baseline -0.002 -13"><span class='ocrx_word' id='word_1_663' title='bbox 1925 2967 2099 3024; x_wconf 87' lang='lat' dir='ltr'><strong>stulus</strong></span> <span class='ocrx_word' id='word_1_664' title='bbox 2132 2968 2320 3031; x_wconf 81' lang='lat' dir='ltr'><strong>docet,</strong></span> <span class='ocrx_word' id='word_1_665' title='bbox 2358 2966 2545 3020; x_wconf 90' lang='lat' dir='ltr'><strong>dicens</strong></span> <span class='ocrx_word' id='word_1_666' title='bbox 2574 2984 2587 3019; x_wconf 92' lang='lat'>:</span> <span class='ocrx_word' id='word_1_667' title='bbox 2632 2964 2872 3036; x_wconf 81' lang='lat' dir='ltr'><strong>Idipsum</strong></span> <span class='ocrx_word' id='word_1_668' title='bbox 2911 2965 3149 3018; x_wconf 83' lang='lat' dir='ltr'><strong>dicamus</strong></span> <span class='ocrx_word' id='word_1_669' title='bbox 3185 2982 3362 3020; x_wconf 68' lang='lat' dir='ltr'><strong>omnes</strong></span> <span class='ocrx_word' id='word_1_670' title='bbox 3384 3005 3398 3030; x_wconf 91' lang='lat'><strong>,</strong></span> <span class='ocrx_word' id='word_1_671' title='bbox 3431 2967 3477 3020; x_wconf 86' lang='lat' dir='ltr'><strong>si</strong></span> <span class='ocrx_word' id='word_1_672' title='bbox 3487 2995 3509 3006; x_wconf 87' lang='lat'><strong>-</strong></span> 
     </span>
    </p>
   </div>
   <div class='ocr_carea' id='block_1_92' title="bbox 1924 3058 3508 3131">
    <p class='ocr_par' dir='ltr' id='par_1_92' title="bbox 1924 3058 3508 3131">
     <span class='ocr_line' id='line_1_92' title="bbox 1924 3058 3508 3131; baseline -0.001 -17"><span class='ocrx_word' id='word_1_673' title='bbox 1924 3076 2141 3131; x_wconf 84' lang='lat' dir='ltr'><strong>musque</strong></span> <span class='ocrx_word' id='word_1_674' title='bbox 2164 3059 2379 3131; x_wconf 77' lang='lat' dir='ltr'><strong>perfecti</strong></span> <span class='ocrx_word' id='word_1_675' title='bbox 2408 3058 2464 3112; x_wconf 86' lang='lat' dir='ltr'><strong>in</strong></span> <span class='ocrx_word' id='word_1_676' title='bbox 2490 3058 2671 3112; x_wconf 83' lang='lat' dir='ltr'><strong>eodem</strong></span> <span class='ocrx_word' id='word_1_677' title='bbox 2700 3075 2854 3112; x_wconf 86' lang='lat' dir='ltr'><strong>sensu</strong></span> <span class='ocrx_word' id='word_1_678' title='bbox 2885 3068 2932 3112; x_wconf 88' lang='lat' dir='ltr'><strong>et</strong></span> <span class='ocrx_word' id='word_1_679' title='bbox 2962 3059 3016 3111; x_wconf 83' lang='lat' dir='ltr'><strong>in</strong></span> <span class='ocrx_word' id='word_1_680' title='bbox 3045 3058 3223 3111; x_wconf 83' lang='lat' dir='ltr'><strong>eadem</strong></span> <span class='ocrx_word' id='word_1_681' title='bbox 3253 3060 3508 3113; x_wconf 83' lang='lat' dir='ltr'><strong>sententia</strong></span> 
     </span>
    </p>
   </div>
   <div class='ocr_carea' id='block_1_93' title="bbox 1938 3149 3511 3225">
    <p class='ocr_par' dir='ltr' id='par_1_93' title="bbox 1938 3149 3511 3225">
     <span class='ocr_line' id='line_1_93' title="bbox 1938 3149 3511 3225; baseline 0 -20"><span class='ocrx_word' id='word_1_682' title='bbox 1938 3150 1956 3225; x_wconf 93' lang='lat'>(</span> <span class='ocrx_word' id='word_1_683' title='bbox 1979 3151 2007 3205; x_wconf 91' lang='grc'><strong><em>1</em></strong></span> <span class='ocrx_word' id='word_1_684' title='bbox 2035 3149 2160 3208; x_wconf 83' lang='lat' dir='ltr'><strong>Cor.</strong></span> <span class='ocrx_word' id='word_1_685' title='bbox 2191 3167 2208 3205; x_wconf 83' lang='grc' dir='ltr'>ι</span> <span class='ocrx_word' id='word_1_686' title='bbox 2233 3150 2274 3222; x_wconf 93' lang='grc'><strong>).</strong></span> <span class='ocrx_word' id='word_1_687' title='bbox 2304 3151 2449 3205; x_wconf 90' lang='lat' dir='ltr'><strong>Deus</strong></span> <span class='ocrx_word' id='word_1_688' title='bbox 2471 3165 2569 3205; x_wconf 91' lang='lat' dir='ltr'><strong>vos</strong></span> <span class='ocrx_word' id='word_1_689' title='bbox 2594 3149 2897 3205; x_wconf 88' lang='lat' dir='ltr'><strong>incolumes</strong></span> <span class='ocrx_word' id='word_1_690' title='bbox 2922 3164 3191 3204; x_wconf 87' lang='lat' dir='ltr'><strong>memores</strong></span> <span class='ocrx_word' id='word_1_691' title='bbox 3217 3152 3388 3205; x_wconf 89' lang='lat' dir='ltr'><strong>nostri</strong></span> <span class='ocrx_word' id='word_1_692' title='bbox 3416 3165 3511 3205; x_wconf 87' lang='lat' dir='ltr'><strong>cu-</strong></span> 
     </span>
    </p>
   </div>
   <div class='ocr_carea' id='block_1_94' title="bbox 1923 3240 2735 3307">
    <p class='ocr_par' dir='ltr' id='par_1_94' title="bbox 1923 3240 2735 3307">
     <span class='ocr_line' id='line_1_94' title="bbox 1923 3240 2735 3307; baseline -0.006 -7"><span class='ocrx_word' id='word_1_693' title='bbox 1923 3244 2125 3300; x_wconf 85' lang='lat' dir='ltr'><strong>stodiat</strong></span> <span class='ocrx_word' id='word_1_694' title='bbox 2141 3284 2156 3307; x_wconf 91' lang='lat'><strong>,</strong></span> <span class='ocrx_word' id='word_1_695' title='bbox 2186 3240 2383 3297; x_wconf 86' lang='lat' dir='ltr'><strong>fratres</strong></span> <span class='ocrx_word' id='word_1_696' title='bbox 2407 3240 2735 3297; x_wconf 87' lang='lat' dir='ltr'><strong>charissimi.</strong></span> 
     </span>
    </p>
   </div>
   <div class='ocr_carea' id='block_1_95' title="bbox 2505 3372 2948 3428">
    <p class='ocr_par' dir='ltr' id='par_1_95' title="bbox 2505 3372 2948 3428">
     <span class='ocr_line' id='line_1_95' title="bbox 2505 3372 2948 3428; baseline -0.002 -1"><span class='ocrx_word' id='word_1_697' title='bbox 2505 3372 2836 3428; x_wconf 78' lang='lat' dir='ltr'><strong>EPISTOLA</strong></span> <span class='ocrx_word' id='word_1_698' title='bbox 2885 3373 2948 3427; x_wconf 94' lang='lat' dir='ltr'><strong>ll.</strong></span> 
     </span>
    </p>
   </div>
   <div class='ocr_carea' id='block_1_96' title="bbox 2141 3479 3294 3522">
    <p class='ocr_par' dir='ltr' id='par_1_96' title="bbox 2141 3479 3294 3522">
     <span class='ocr_line' id='line_1_96' title="bbox 2141 3479 3294 3522; baseline -0.005 0"><span class='ocrx_word' id='word_1_699' title='bbox 2141 3485 2205 3522; x_wconf 79' lang='lat' dir='ltr'><strong>AD</strong></span> <span class='ocrx_word' id='word_1_700' title='bbox 2242 3482 2522 3522; x_wconf 79' lang='lat' dir='ltr'><strong>EPISCOPOS</strong></span> <span class='ocrx_word' id='word_1_701' title='bbox 2561 3480 2630 3521; x_wconf 78' lang='lat' dir='ltr'><strong>ET</strong></span> <span class='ocrx_word' id='word_1_702' title='bbox 2665 3480 3019 3520; x_wconf 73' lang='lat' dir='ltr'><strong>ORTHODOXOS</strong></span> <span class='ocrx_word' id='word_1_703' title='bbox 3057 3479 3294 3519; x_wconf 74' lang='lat' dir='ltr'><strong>FIDELES.</strong></span> 
     </span>
    </p>
   </div>
   <div class='ocr_carea' id='block_1_97' title="bbox 1978 3572 3461 3658">
    <p class='ocr_par' dir='ltr' id='par_1_97' title="bbox 1978 3572 3461 3658">
     <span class='ocr_line' id='line_1_97' title="bbox 1978 3572 3461 3658; baseline -0.004 -24"><span class='ocrx_word' id='word_1_704' title='bbox 1978 3583 2005 3622; x_wconf 72' lang='grc' dir='ltr'>δ</span> <span class='ocrx_word' id='word_1_705' title='bbox 2041 3580 2287 3658; x_wconf 80' lang='lat' dir='ltr'><strong>Ebonem_</strong></span> <span class='ocrx_word' id='word_1_706' title='bbox 2304 3577 2753 3658; x_wconf 51' lang='lat' dir='ltr'><strong>archiepiscopum</strong></span> <span class='ocrx_word' id='word_1_707' title='bbox 2773 3572 3135 3658; x_wconf 65' lang='lat' dir='ltr'><strong>_Rhemensern</strong></span> <span class='ocrx_word' id='word_1_708' title='bbox 3168 3573 3461 3643; x_wconf 82' lang='lat' dir='ltr'><strong>depositum</strong></span> 
     </span>
    </p>
   </div>
   <div class='ocr_carea' id='block_1_98' title="bbox 2268 3643 3146 3716">
    <p class='ocr_par' dir='ltr' id='par_1_98' title="bbox 2268 3643 3146 3716">
     <span class='ocr_line' id='line_1_98' title="bbox 2268 3643 3146 3716; baseline -0.003 -16"><span class='ocrx_word' id='word_1_709' title='bbox 2268 3648 2324 3700; x_wconf 85' lang='lat' dir='ltr'><strong>in</strong></span> <span class='ocrx_word' id='word_1_710' title='bbox 2344 3643 2635 3716; x_wconf 77' lang='lat' dir='ltr'><strong>pristinum</strong></span> <span class='ocrx_word' id='word_1_711' title='bbox 2652 3645 2875 3715; x_wconf 85' lang='lat' dir='ltr'><strong>gradum</strong></span> <span class='ocrx_word' id='word_1_712' title='bbox 2903 3643 3146 3697; x_wconf 79' lang='lat' dir='ltr'><strong>restituit.</strong></span> 
     </span>
    </p>
   </div>
   <div class='ocr_carea' id='block_1_99' title="bbox 1998 3773 3512 3853">
    <p class='ocr_par' dir='ltr' id='par_1_99' title="bbox 1998 3773 3512 3853">
     <span class='ocr_line' id='line_1_99' title="bbox 1998 3773 3512 3853; baseline -0.008 -13"><span class='ocrx_word' id='word_1_713' title='bbox 1998 3781 2295 3853; x_wconf 79' lang='lat' dir='ltr'><strong>Gregorius</strong></span> <span class='ocrx_word' id='word_1_714' title='bbox 2334 3779 2623 3849; x_wconf 89' lang='lat' dir='ltr'><strong>episcopus</strong></span> <span class='ocrx_word' id='word_1_715' title='bbox 2660 3790 2852 3831; x_wconf 89' lang='lat' dir='ltr'><strong>servus</strong></span> <span class='ocrx_word' id='word_1_716' title='bbox 2884 3790 3163 3830; x_wconf 86' lang='lat' dir='ltr'><strong>servorum</strong></span> <span class='ocrx_word' id='word_1_717' title='bbox 3214 3773 3310 3828; x_wconf 89' lang='lat' dir='ltr'><strong>Dei</strong></span> <span class='ocrx_word' id='word_1_718' title='bbox 3355 3789 3512 3829; x_wconf 89' lang='lat' dir='ltr'><strong>reve-</strong></span> 
     </span>
    </p>
   </div>
   <div class='ocr_carea' id='block_1_100' title="bbox 1926 3863 3512 3934">
    <p class='ocr_par' dir='ltr' id='par_1_100' title="bbox 1926 3863 3512 3934">
     <span class='ocr_line' id='line_1_100' title="bbox 1926 3863 3512 3934; baseline -0.008 -5"><span class='ocrx_word' id='word_1_719' title='bbox 1926 3872 2253 3929; x_wconf 87' lang='lat' dir='ltr'><strong>rentissimis</strong></span> <span class='ocrx_word' id='word_1_720' title='bbox 2278 3870 2331 3924; x_wconf 91' lang='lat' dir='ltr'><strong>in</strong></span> <span class='ocrx_word' id='word_1_721' title='bbox 2355 3868 2574 3924; x_wconf 85' lang='lat' dir='ltr'><strong>Christo</strong></span> <span class='ocrx_word' id='word_1_722' title='bbox 2608 3865 3074 3934; x_wconf 89' lang='lat' dir='ltr'><strong>sanctissimisque</strong></span> <span class='ocrx_word' id='word_1_723' title='bbox 3118 3863 3377 3918; x_wconf 87' lang='lat' dir='ltr'><strong>fratribus</strong></span> <span class='ocrx_word' id='word_1_724' title='bbox 3416 3879 3512 3917; x_wconf 90' lang='lat' dir='ltr'><strong>co-</strong></span> 
     </span>
    </p>
   </div>
   <div class='ocr_carea' id='block_1_101' title="bbox 1925 3954 3515 4034">
    <p class='ocr_par' dir='ltr' id='par_1_101' title="bbox 1925 3954 3515 4034">
     <span class='ocr_line' id='line_1_101' title="bbox 1925 3954 3515 4034; baseline -0.009 -13"><span class='ocrx_word' id='word_1_725' title='bbox 1925 3963 2194 4034; x_wconf 83' lang='lat' dir='ltr'><strong>episcopis</strong></span> <span class='ocrx_word' id='word_1_726' title='bbox 2216 4002 2231 4027; x_wconf 94' lang='lat'><strong>,</strong></span> <span class='ocrx_word' id='word_1_727' title='bbox 2276 3959 2489 4014; x_wconf 84' lang='lat' dir='ltr'><strong>cunctis</strong></span> <span class='ocrx_word' id='word_1_728' title='bbox 2539 3971 2753 4027; x_wconf 89' lang='lat' dir='ltr'><strong>quoque</strong></span> <span class='ocrx_word' id='word_1_729' title='bbox 2801 3954 3137 4025; x_wconf 89' lang='lat' dir='ltr'><strong>principibus</strong></span> <span class='ocrx_word' id='word_1_730' title='bbox 3160 3954 3476 4008; x_wconf 78' lang='lat' dir='ltr'><strong>orthodoxis</strong></span> <span class='ocrx_word' id='word_1_731' title='bbox 3496 3993 3515 4019; x_wconf 89' lang='lat'><strong>,</strong></span> 
     </span>
    </p>
   </div>
   <div class='ocr_carea' id='block_1_102' title="bbox 1926 4043 3176 4110">
    <p class='ocr_par' dir='ltr' id='par_1_102' title="bbox 1926 4043 3176 4110">
     <span class='ocr_line' id='line_1_102' title="bbox 1926 4043 3176 4110; baseline -0.01 0"><span class='ocrx_word' id='word_1_732' title='bbox 1926 4065 1982 4110; x_wconf 91' lang='lat' dir='ltr'><strong>ct</strong></span> <span class='ocrx_word' id='word_1_733' title='bbox 2011 4052 2279 4108; x_wconf 87' lang='lat' dir='ltr'><strong>universis</strong></span> <span class='ocrx_word' id='word_1_734' title='bbox 2309 4048 2590 4105; x_wconf 71' lang='lat' dir='ltr'><strong>catholica:</strong></span> <span class='ocrx_word' id='word_1_735' title='bbox 2622 4046 2876 4101; x_wconf 69' lang='lat' dir='ltr'><strong>Ecclesia:</strong></span> <span class='ocrx_word' id='word_1_736' title='bbox 2912 4043 3176 4098; x_wconf 82' lang='lat' dir='ltr'><strong>ﬁdelibus.</strong></span> 
     </span>
    </p>
   </div>
   <div class='ocr_carea' id='block_1_103' title="bbox 1998 4133 3520 4209">
    <p class='ocr_par' dir='ltr' id='par_1_103' title="bbox 1998 4133 3520 4209">
     <span class='ocr_line' id='line_1_103' title="bbox 1998 4133 3520 4209; baseline -0.007 -10"><span class='ocrx_word' id='word_1_737' title='bbox 1998 4144 2135 4200; x_wconf 90' lang='lat' dir='ltr'><strong>Cum</strong></span> <span class='ocrx_word' id='word_1_738' title='bbox 2165 4141 2346 4197; x_wconf 86' lang='lat' dir='ltr'><strong>divina</strong></span> <span class='ocrx_word' id='word_1_739' title='bbox 2375 4137 2723 4209; x_wconf 82' lang='lat' dir='ltr'><strong>instigatione</strong></span> <span class='ocrx_word' id='word_1_740' title='bbox 2750 4134 2968 4190; x_wconf 84' lang='lat' dir='ltr'><strong>solliciti</strong></span> <span class='ocrx_word' id='word_1_741' title='bbox 2998 4135 3143 4189; x_wconf 91' lang='lat' dir='ltr'><strong>circa</strong></span> <span class='ocrx_word' id='word_1_742' title='bbox 3171 4148 3389 4204; x_wconf 81' lang='lat' dir='ltr'><strong>gregem</strong></span> <span class='ocrx_word' id='word_1_743' title='bbox 3421 4133 3520 4188; x_wconf 88' lang='lat' dir='ltr'><strong>do-</strong></span> 
     </span>
    </p>
   </div>
   <div class='ocr_carea' id='block_1_104' title="bbox 1928 4224 3518 4303">
    <p class='ocr_par' dir='ltr' id='par_1_104' title="bbox 1928 4224 3518 4303">
     <span class='ocr_line' id='line_1_104' title="bbox 1928 4224 3518 4303; baseline -0.008 -12"><span class='ocrx_word' id='word_1_744' title='bbox 1928 4235 2187 4292; x_wconf 89' lang='lat' dir='ltr'><strong>minicum</strong></span> <span class='ocrx_word' id='word_1_745' title='bbox 2219 4230 2461 4303; x_wconf 79' lang='lat' dir='ltr'><strong>diligenti</strong></span> <span class='ocrx_word' id='word_1_746' title='bbox 2498 4244 2629 4284; x_wconf 89' lang='lat' dir='ltr'><strong>cura</strong></span> <span class='ocrx_word' id='word_1_747' title='bbox 2669 4241 2883 4296; x_wconf 85' lang='lat' dir='ltr'><strong>semper</strong></span> <span class='ocrx_word' id='word_1_748' title='bbox 2911 4224 3191 4295; x_wconf 82' lang='lat' dir='ltr'><strong>invigilare</strong></span> <span class='ocrx_word' id='word_1_749' title='bbox 3225 4224 3518 4279; x_wconf 82' lang='lat' dir='ltr'><strong>debeamus</strong></span> 
     </span>
    </p>
   </div>
   <div class='ocr_carea' id='block_1_105' title="bbox 1930 4315 3518 4397">
    <p class='ocr_par' dir='ltr' id='par_1_105' title="bbox 1930 4315 3518 4397">
     <span class='ocr_line' id='line_1_105' title="bbox 1930 4315 3518 4397; baseline -0.008 -15"><span class='ocrx_word' id='word_1_750' title='bbox 1930 4329 1984 4382; x_wconf 90' lang='lat' dir='ltr'><strong>in</strong></span> <span class='ocrx_word' id='word_1_751' title='bbox 2020 4323 2328 4397; x_wconf 83' lang='lat' dir='ltr'><strong>prosperis,</strong></span> <span class='ocrx_word' id='word_1_752' title='bbox 2366 4329 2571 4390; x_wconf 87' lang='lat' dir='ltr'><strong>quanto</strong></span> <span class='ocrx_word' id='word_1_753' title='bbox 2605 4318 2778 4389; x_wconf 81' lang='lat' dir='ltr'><strong>magis</strong></span> <span class='ocrx_word' id='word_1_754' title='bbox 2809 4317 2862 4371; x_wconf 90' lang='lat' dir='ltr'><strong>in</strong></span> <span class='ocrx_word' id='word_1_755' title='bbox 2900 4316 3141 4371; x_wconf 86' lang='lat' dir='ltr'><strong>adversis</strong></span> <span class='ocrx_word' id='word_1_756' title='bbox 3178 4315 3364 4370; x_wconf 85' lang='lat' dir='ltr'><strong>nimiis</strong></span> <span class='ocrx_word' id='word_1_757' title='bbox 3396 4330 3518 4385; x_wconf 74' lang='lat' dir='ltr'><strong>qua:</strong></span> 
     </span>
    </p>
   </div>
   <div class='ocr_carea' id='block_1_106' title="bbox 1930 4408 3513 4491">
    <p class='ocr_par' dir='ltr' id='par_1_106' title="bbox 1930 4408 3513 4491">
     <span class='ocr_line' id='line_1_106' title="bbox 1930 4408 3513 4491; baseline -0.006 -19"><span class='ocrx_word' id='word_1_758' title='bbox 1930 4434 2028 4491; x_wconf 88' lang='lat' dir='ltr'><strong>pro</strong></span> <span class='ocrx_word' id='word_1_759' title='bbox 2073 4416 2312 4489; x_wconf 87' lang='lat' dir='ltr'><strong>peccatis</strong></span> <span class='ocrx_word' id='word_1_760' title='bbox 2356 4413 2701 4483; x_wconf 83' lang='lat' dir='ltr'><strong>contigerunt</strong></span> <span class='ocrx_word' id='word_1_761' title='bbox 2748 4425 2891 4465; x_wconf 89' lang='lat' dir='ltr'><strong>nunc</strong></span> <span class='ocrx_word' id='word_1_762' title='bbox 2935 4409 2989 4464; x_wconf 91' lang='lat' dir='ltr'><strong>in</strong></span> <span class='ocrx_word' id='word_1_763' title='bbox 3036 4408 3227 4465; x_wconf 88' lang='lat' dir='ltr'><strong>diebus</strong></span> <span class='ocrx_word' id='word_1_764' title='bbox 3269 4409 3513 4464; x_wconf 88' lang='lat' dir='ltr'><strong>nostris!</strong></span> 
     </span>
    </p>
   </div>
   <div class='ocr_carea' id='block_1_107' title="bbox 1930 4499 3517 4573">
    <p class='ocr_par' dir='ltr' id='par_1_107' title="bbox 1930 4499 3517 4573">
     <span class='ocr_line' id='line_1_107' title="bbox 1930 4499 3517 4573; baseline -0.008 -7"><span class='ocrx_word' id='word_1_765' title='bbox 1930 4512 2074 4566; x_wconf 90' lang='lat' dir='ltr'><strong>sicut</strong></span> <span class='ocrx_word' id='word_1_766' title='bbox 2096 4507 2310 4565; x_wconf 88' lang='lat' dir='ltr'><strong>dolendi</strong></span> <span class='ocrx_word' id='word_1_767' title='bbox 2338 4515 2465 4560; x_wconf 89' lang='lat' dir='ltr'><strong>sunt</strong></span> <span class='ocrx_word' id='word_1_768' title='bbox 2490 4504 2598 4568; x_wconf 92' lang='lat' dir='ltr'><strong>illi,</strong></span> <span class='ocrx_word' id='word_1_769' title='bbox 2624 4503 2717 4573; x_wconf 90' lang='lat' dir='ltr'><strong>qui</strong></span> <span class='ocrx_word' id='word_1_770' title='bbox 2747 4502 2888 4557; x_wconf 85' lang='lat' dir='ltr'><strong>inter</strong></span> <span class='ocrx_word' id='word_1_771' title='bbox 2917 4500 3122 4572; x_wconf 86' lang='lat' dir='ltr'><strong>ﬂagella</strong></span> <span class='ocrx_word' id='word_1_772' title='bbox 3156 4499 3250 4555; x_wconf 90' lang='lat' dir='ltr'><strong>Dei</strong></span> <span class='ocrx_word' id='word_1_773' title='bbox 3283 4500 3517 4571; x_wconf 78' lang='lat' dir='ltr'><strong>maligna</strong></span> 
     </span>
    </p>
   </div>
   <div class='ocr_carea' id='block_1_108' title="bbox 1933 4591 3520 4670">
    <p class='ocr_par' dir='ltr' id='par_1_108' title="bbox 1933 4591 3520 4670">
     <span class='ocr_line' id='line_1_108' title="bbox 1933 4591 3520 4670; baseline -0.009 -13"><span class='ocrx_word' id='word_1_774' title='bbox 1933 4615 2146 4670; x_wconf 88' lang='lat' dir='ltr'><strong>semper</strong></span> <span class='ocrx_word' id='word_1_775' title='bbox 2171 4597 2469 4652; x_wconf 90' lang='lat' dir='ltr'><strong>intentione</strong></span> <span class='ocrx_word' id='word_1_776' title='bbox 2494 4593 2891 4666; x_wconf 88' lang='lat' dir='ltr'><strong>perseverando</strong></span> <span class='ocrx_word' id='word_1_777' title='bbox 2914 4600 3174 4663; x_wconf 88' lang='lat' dir='ltr'><strong>pereunt,</strong></span> <span class='ocrx_word' id='word_1_778' title='bbox 3204 4591 3278 4646; x_wconf 89' lang='lat' dir='ltr'><strong>ita</strong></span> <span class='ocrx_word' id='word_1_779' title='bbox 3305 4598 3361 4646; x_wconf 88' lang='lat' dir='ltr'><strong>et</strong></span> <span class='ocrx_word' id='word_1_780' title='bbox 3389 4605 3520 4645; x_wconf 89' lang='lat' dir='ltr'><strong>con-</strong></span> 
     </span>
    </p>
   </div>
   <div class='ocr_carea' id='block_1_109' title="bbox 1932 4682 3521 4761">
    <p class='ocr_par' dir='ltr' id='par_1_109' title="bbox 1932 4682 3521 4761">
     <span class='ocr_line' id='line_1_109' title="bbox 1932 4682 3521 4761; baseline -0.004 -18"><span class='ocrx_word' id='word_1_781' title='bbox 1932 4687 2272 4761; x_wconf 85' lang='lat' dir='ltr'><strong>gratulandi,</strong></span> <span class='ocrx_word' id='word_1_782' title='bbox 2312 4701 2417 4740; x_wconf 89' lang='lat' dir='ltr'><strong>non</strong></span> <span class='ocrx_word' id='word_1_783' title='bbox 2455 4684 2743 4753; x_wconf 77' lang='lat' dir='ltr'><strong>abjieieudi</strong></span> <span class='ocrx_word' id='word_1_784' title='bbox 2781 4690 2937 4749; x_wconf 90' lang='lat' dir='ltr'><strong>sunt,</strong></span> <span class='ocrx_word' id='word_1_785' title='bbox 2973 4684 3064 4754; x_wconf 90' lang='lat' dir='ltr'><strong>qui</strong></span> <span class='ocrx_word' id='word_1_786' title='bbox 3101 4682 3334 4752; x_wconf 84' lang='lat' dir='ltr'><strong>correpti</strong></span> <span class='ocrx_word' id='word_1_787' title='bbox 3373 4691 3521 4736; x_wconf 80' lang='lat' dir='ltr'><strong>tanta</strong></span> 
     </span>
    </p>
   </div>
   <div class='ocr_carea' id='block_1_110' title="bbox 1934 4774 3518 4850">
    <p class='ocr_par' dir='ltr' id='par_1_110' title="bbox 1934 4774 3518 4850">
     <span class='ocr_line' id='line_1_110' title="bbox 1934 4774 3518 4850; baseline -0.006 -14"><span class='ocrx_word' id='word_1_788' title='bbox 1934 4779 2288 4850; x_wconf 81' lang='lat' dir='ltr'><strong>castigatione</strong></span> <span class='ocrx_word' id='word_1_789' title='bbox 2319 4777 2484 4832; x_wconf 86' lang='lat' dir='ltr'><strong>corde</strong></span> <span class='ocrx_word' id='word_1_790' title='bbox 2521 4777 2754 4831; x_wconf 90' lang='lat' dir='ltr'><strong>contrito</strong></span> <span class='ocrx_word' id='word_1_791' title='bbox 2789 4784 2845 4830; x_wconf 89' lang='lat' dir='ltr'><strong>et</strong></span> <span class='ocrx_word' id='word_1_792' title='bbox 2874 4775 3158 4829; x_wconf 87' lang='lat' dir='ltr'><strong>humiliato</strong></span> <span class='ocrx_word' id='word_1_793' title='bbox 3193 4788 3250 4828; x_wconf 89' lang='lat' dir='ltr'><strong>se</strong></span> <span class='ocrx_word' id='word_1_794' title='bbox 3285 4774 3518 4845; x_wconf 78' lang='lat' dir='ltr'><strong>corrigi-</strong></span> 
     </span>
    </p>
   </div>
   <div class='ocr_carea' id='block_1_111' title="bbox 1934 4865 3520 4944">
    <p class='ocr_par' dir='ltr' id='par_1_111' title="bbox 1934 4865 3520 4944">
     <span class='ocr_line' id='line_1_111' title="bbox 1934 4865 3520 4944; baseline -0.007 -18"><span class='ocrx_word' id='word_1_795' title='bbox 1934 4872 2070 4927; x_wconf 87' lang='lat' dir='ltr'><strong>biles</strong></span> <span class='ocrx_word' id='word_1_796' title='bbox 2095 4871 2357 4935; x_wconf 87' lang='lat' dir='ltr'><strong>reddunt;</strong></span> <span class='ocrx_word' id='word_1_797' title='bbox 2381 4883 2544 4937; x_wconf 91' lang='lat' dir='ltr'><strong>super</strong></span> <span class='ocrx_word' id='word_1_798' title='bbox 2567 4866 2747 4921; x_wconf 90' lang='lat' dir='ltr'><strong>omnia</strong></span> <span class='ocrx_word' id='word_1_799' title='bbox 2774 4866 2941 4944; x_wconf 78' lang='lat' dir='ltr'><strong>etiam</strong></span> <span class='ocrx_word' id='word_1_800' title='bbox 2965 4865 3341 4934; x_wconf 80' lang='lat' dir='ltr'><strong>magniﬁcandi</strong></span> <span class='ocrx_word' id='word_1_801' title='bbox 3370 4873 3520 4927; x_wconf 88' lang='lat' dir='ltr'><strong>sunt,</strong></span> 
     </span>
    </p>
   </div>
   <div class='ocr_carea' id='block_1_112' title="bbox 1934 4955 3516 5034">
    <p class='ocr_par' dir='ltr' id='par_1_112' title="bbox 1934 4955 3516 5034">
     <span class='ocr_line' id='line_1_112' title="bbox 1934 4955 3516 5034; baseline -0.008 -16"><span class='ocrx_word' id='word_1_802' title='bbox 1934 4964 2027 5034; x_wconf 89' lang='lat' dir='ltr'><strong>qui</strong></span> <span class='ocrx_word' id='word_1_803' title='bbox 2060 4964 2113 5017; x_wconf 88' lang='lat' dir='ltr'><strong>in</strong></span> <span class='ocrx_word' id='word_1_804' title='bbox 2144 4961 2416 5032; x_wconf 81' lang='lat' dir='ltr'><strong>pressaris</strong></span> <span class='ocrx_word' id='word_1_805' title='bbox 2446 4960 2608 5014; x_wconf 89' lang='lat' dir='ltr'><strong>corde</strong></span> <span class='ocrx_word' id='word_1_806' title='bbox 2652 4956 2890 5028; x_wconf 84' lang='lat' dir='ltr'><strong>perfecto</strong></span> <span class='ocrx_word' id='word_1_807' title='bbox 2933 4963 2987 5027; x_wconf 78' lang='lat' dir='ltr'><strong>et</strong></span> <span class='ocrx_word' id='word_1_808' title='bbox 3031 4956 3234 5026; x_wconf 83' lang='lat' dir='ltr'><strong>optimo</strong></span> <span class='ocrx_word' id='word_1_809' title='bbox 3272 4955 3516 5024; x_wconf 83' lang='lat' dir='ltr'><strong>probati.</strong></span> 
     </span>
    </p>
   </div>
   <div class='ocr_carea' id='block_1_113' title="bbox 1937 5044 3522 5119">
    <p class='ocr_par' dir='ltr' id='par_1_113' title="bbox 1937 5044 3522 5119">
     <span class='ocr_line' id='line_1_113' title="bbox 1937 5044 3522 5119; baseline -0.01 -6"><span class='ocrx_word' id='word_1_810' title='bbox 1937 5052 2269 5113; x_wconf 86' lang='lat' dir='ltr'><strong>salutaribus</strong></span> <span class='ocrx_word' id='word_1_811' title='bbox 2302 5048 2563 5119; x_wconf 80' lang='lat' dir='ltr'><strong>exemplis</strong></span> <span class='ocrx_word' id='word_1_812' title='bbox 2601 5047 2837 5101; x_wconf 82' lang='lat' dir='ltr'><strong>fructum</strong></span> <span class='ocrx_word' id='word_1_813' title='bbox 2873 5045 2998 5099; x_wconf 67' lang='lat' dir='ltr'><strong>vitae</strong></span> <span class='ocrx_word' id='word_1_814' title='bbox 3034 5044 3187 5099; x_wconf 89' lang='lat' dir='ltr'><strong>inviti</strong></span> <span class='ocrx_word' id='word_1_815' title='bbox 3222 5044 3522 5097; x_wconf 86' lang='lat' dir='ltr'><strong>minoribus</strong></span> 
     </span>
    </p>
   </div>
   <div class='ocr_carea' id='block_1_114' title="bbox 1937 5129 3522 5205">
    <p class='ocr_par' dir='ltr' id='par_1_114' title="bbox 1937 5129 3522 5205">
     <span class='ocr_line' id='line_1_114' title="bbox 1937 5129 3522 5205; baseline -0.013 -6"><span class='ocrx_word' id='word_1_816' title='bbox 1937 5143 2242 5199; x_wconf 86' lang='lat' dir='ltr'><strong>conferunt.</strong></span> <span class='ocrx_word' id='word_1_817' title='bbox 2277 5138 2494 5195; x_wconf 87' lang='lat' dir='ltr'><strong>Gratias</strong></span> <span class='ocrx_word' id='word_1_818' title='bbox 2523 5137 2684 5205; x_wconf 87' lang='lat' dir='ltr'><strong>igitur</strong></span> <span class='ocrx_word' id='word_1_819' title='bbox 2713 5135 3006 5190; x_wconf 89' lang='lat' dir='ltr'><strong>immensas</strong></span> <span class='ocrx_word' id='word_1_820' title='bbox 3033 5133 3261 5186; x_wconf 89' lang='lat' dir='ltr'><strong>Domino</strong></span> <span class='ocrx_word' id='word_1_821' title='bbox 3289 5129 3397 5184; x_wconf 89' lang='lat' dir='ltr'><strong>Deo</strong></span> <span class='ocrx_word' id='word_1_822' title='bbox 3425 5146 3522 5184; x_wconf 77' lang='lat' dir='ltr'><strong>no—</strong></span> 
     </span>
    </p>
   </div>
   <div class='ocr_carea' id='block_1_115' title="bbox 1938 5222 3519 5296">
    <p class='ocr_par' dir='ltr' id='par_1_115' title="bbox 1938 5222 3519 5296">
     <span class='ocr_line' id='line_1_115' title="bbox 1938 5222 3519 5296; baseline -0.009 -8"><span class='ocrx_word' id='word_1_823' title='bbox 1938 5242 2053 5289; x_wconf 89' lang='lat' dir='ltr'><strong>stro</strong></span> <span class='ocrx_word' id='word_1_824' title='bbox 2086 5231 2277 5285; x_wconf 90' lang='lat' dir='ltr'><strong>merito</strong></span> <span class='ocrx_word' id='word_1_825' title='bbox 2303 5228 2542 5296; x_wconf 85' lang='lat' dir='ltr'><strong>agimus,</strong></span> <span class='ocrx_word' id='word_1_826' title='bbox 2573 5224 2878 5279; x_wconf 83' lang='lat' dir='ltr'><strong>charissimi</strong></span> <span class='ocrx_word' id='word_1_827' title='bbox 2898 5264 2913 5287; x_wconf 94' lang='lat'><strong>,</strong></span> <span class='ocrx_word' id='word_1_828' title='bbox 2943 5239 3039 5292; x_wconf 87' lang='lat' dir='ltr'><strong>pro</strong></span> <span class='ocrx_word' id='word_1_829' title='bbox 3066 5229 3216 5275; x_wconf 90' lang='lat' dir='ltr'><strong>tanto</strong></span> <span class='ocrx_word' id='word_1_830' title='bbox 3248 5222 3519 5290; x_wconf 80' lang='lat' dir='ltr'><strong>triumpho</strong></span> 
     </span>
    </p>
   </div>
   <div class='ocr_carea' id='block_1_116' title="bbox 1936 5310 3519 5391">
    <p class='ocr_par' dir='ltr' id='par_1_116' title="bbox 1936 5310 3519 5391">
     <span class='ocr_line' id='line_1_116' title="bbox 1936 5310 3519 5391; baseline -0.009 -12"><span class='ocrx_word' id='word_1_831' title='bbox 1936 5334 2149 5386; x_wconf 87' lang='lat' dir='ltr'><strong>vestro,</strong></span> <span class='ocrx_word' id='word_1_832' title='bbox 2178 5320 2270 5391; x_wconf 90' lang='lat' dir='ltr'><strong>qui</strong></span> <span class='ocrx_word' id='word_1_833' title='bbox 2300 5319 2445 5373; x_wconf 88' lang='lat' dir='ltr'><strong>inter</strong></span> <span class='ocrx_word' id='word_1_834' title='bbox 2470 5316 2675 5371; x_wconf 81' lang='lat' dir='ltr'><strong>medias</strong></span> <span class='ocrx_word' id='word_1_835' title='bbox 2706 5315 3009 5369; x_wconf 81' lang='lat' dir='ltr'><strong>mundanas</strong></span> <span class='ocrx_word' id='word_1_836' title='bbox 3037 5312 3210 5376; x_wconf 86' lang='lat' dir='ltr'><strong>acies,</strong></span> <span class='ocrx_word' id='word_1_837' title='bbox 3238 5318 3293 5365; x_wconf 90' lang='lat' dir='ltr'><strong>et</strong></span> <span class='ocrx_word' id='word_1_838' title='bbox 3325 5310 3519 5365; x_wconf 83' lang='lat' dir='ltr'><strong>nimias</strong></span> 
     </span>
    </p>
   </div>
   <div class='ocr_carea' id='block_1_117' title="bbox 1947 5424 3520 5517">
    <p class='ocr_par' dir='ltr' id='par_1_117' title="bbox 1947 5424 3520 5517">
     <span class='ocr_line' id='line_1_117' title="bbox 1947 5424 3520 5517; baseline -0.01 -27"><span class='ocrx_word' id='word_1_839' title='bbox 1947 5434 2168 5517; x_wconf 77' lang='lat' dir='ltr'><strong>imperio</strong></span> <span class='ocrx_word' id='word_1_840' title='bbox 2219 5442 2307 5486; x_wconf 86' lang='lat' dir='ltr'><strong>est</strong></span> <span class='ocrx_word' id='word_1_841' title='bbox 2359 5429 2647 5517; x_wconf 79' lang='lat' dir='ltr'><strong>depulsus,</strong></span> <span class='ocrx_word' id='word_1_842' title='bbox 2694 5435 2752 5517; x_wconf 70' lang='lat' dir='ltr'><strong>et</strong></span> <span class='ocrx_word' id='word_1_843' title='bbox 2801 5427 2913 5507; x_wconf 61' lang='lat' dir='ltr'><strong>Eho</strong></span> <span class='ocrx_word' id='word_1_844' title='bbox 2956 5434 3080 5517; x_wconf 61' lang='lat' dir='ltr'><strong>post</strong></span> <span class='ocrx_word' id='word_1_845' title='bbox 3120 5424 3520 5517; x_wconf 57' lang='lat' dir='ltr'><strong>restitutionem</strong></span> 
     </span>
    </p>
   </div>
   <div class='ocr_carea' id='block_1_118' title="bbox 1942 5494 3519 5576">
    <p class='ocr_par' dir='ltr' id='par_1_118' title="bbox 1942 5494 3519 5576">
     <span class='ocr_line' id='line_1_118' title="bbox 1942 5494 3519 5576; baseline -0.01 -16"><span class='ocrx_word' id='word_1_846' title='bbox 1942 5494 2113 5576; x_wconf 75' lang='lat' dir='ltr'><strong>ipsius</strong></span> <span class='ocrx_word' id='word_1_847' title='bbox 2145 5494 2491 5576; x_wconf 61' lang='lat' dir='ltr'><strong>imperatqris</strong></span> <span class='ocrx_word' id='word_1_848' title='bbox 2522 5514 2619 5576; x_wconf 82' lang='lat' dir='ltr'><strong>suo</strong></span> <span class='ocrx_word' id='word_1_849' title='bbox 2656 5506 2708 5551; x_wconf 91' lang='lat' dir='ltr'><strong>ct</strong></span> <span class='ocrx_word' id='word_1_850' title='bbox 2748 5494 3039 5576; x_wconf 54' lang='lat' dir='ltr'><strong>episcopali</strong></span> <span class='ocrx_word' id='word_1_851' title='bbox 3063 5495 3267 5575; x_wconf 71' lang='lat' dir='ltr'><strong>judicio</strong></span> <span class='ocrx_word' id='word_1_852' title='bbox 3305 5502 3394 5576; x_wconf 67' lang='lat' dir='ltr'><strong>est</strong></span> <span class='ocrx_word' id='word_1_853' title='bbox 3431 5494 3519 5573; x_wconf 76' lang='lat' dir='ltr'><strong>de-</strong></span> 
     </span>
    </p>
   </div>
   <div class='ocr_carea' id='block_1_119' title="bbox 1940 5563 3518 5646">
    <p class='ocr_par' dir='ltr' id='par_1_119' title="bbox 1940 5563 3518 5646">
     <span class='ocr_line' id='line_1_119' title="bbox 1940 5563 3518 5646; baseline -0.01 -15"><span class='ocrx_word' id='word_1_854' title='bbox 1940 5563 2184 5646; x_wconf 75' lang='lat' dir='ltr'><strong>positus,</strong></span> <span class='ocrx_word' id='word_1_855' title='bbox 2222 5563 2280 5626; x_wconf 74' lang='lat' dir='ltr'><strong>et</strong></span> <span class='ocrx_word' id='word_1_856' title='bbox 2318 5588 2347 5623; x_wconf 86' lang='lat' dir='ltr'><strong>a</strong></span> <span class='ocrx_word' id='word_1_857' title='bbox 2391 5568 2581 5646; x_wconf 73' lang='lat' dir='ltr'><strong>sergio</strong></span> <span class='ocrx_word' id='word_1_858' title='bbox 2610 5563 3198 5646; x_wconf 23' lang='lat' dir='ltr'><strong>successore’Crcgorii</strong></span> <span class='ocrx_word' id='word_1_859' title='bbox 3241 5564 3340 5620; x_wconf 84' lang='lat' dir='ltr'><strong>sub</strong></span> <span class='ocrx_word' id='word_1_860' title='bbox 3381 5563 3518 5617; x_wconf 81' lang='lat' dir='ltr'><strong>laica</strong></span> 
     </span>
    </p>
   </div>
   <div class='ocr_carea' id='block_1_120' title="bbox 1943 5636 3159 5700">
    <p class='ocr_par' dir='ltr' id='par_1_120' title="bbox 1943 5636 3159 5700">
     <span class='ocr_line' id='line_1_120' title="bbox 1943 5636 3159 5700; baseline -0.011 0"><span class='ocrx_word' id='word_1_861' title='bbox 1943 5636 2150 5700; x_wconf 74' lang='lat' dir='ltr'><strong>tantum</strong></span> <span class='ocrx_word' id='word_1_862' title='bbox 2178 5636 2560 5698; x_wconf 79' lang='lat' dir='ltr'><strong>communione</strong></span> <span class='ocrx_word' id='word_1_863' title='bbox 2584 5651 2665 5693; x_wconf 86' lang='lat' dir='ltr'><strong>est</strong></span> <span class='ocrx_word' id='word_1_864' title='bbox 2692 5636 3104 5691; x_wconf 81' lang='lat' dir='ltr'><strong>condemnatus.</strong></span> <span class='ocrx_word' id='word_1_865' title='bbox 3140 5655 3159 5687; x_wconf 76' lang='grc' dir='ltr'>ι</span> 
     </span>
    </p>
   </div>
  </div>
