3898 6178
385 304 495 363 859

1446 300 1772 357 CRECORII
1812 299 1877 355 IV
1915 300 2296 375 PONTlFlClS
2334 301 2595 358 ROMANI

3550 300 3645 358 860

386 421 714 479 tentationes
762 416 1083 483 diabolicas,
1134 431 1230 471 vos
1278 416 1639 470 examinando
1685 414 1964 483 probavit,
1996 417 2046 476 Α
2074 416 2339 477 ﬁrmatus,
2369 430 2578 470 summa
2605 430 2726 469 cum
2758 413 2947 469 ﬁducia
2976 415 3138 470 etiam
3165 422 3219 470 ct
3248 414 3444 486 impios
3468 426 3646 486 postea

387 522 551 582 atque
574 510 676 566 sibi
704 509 940 565 servavit
964 507 1192 573 illaesos;
1224 506 1294 559 ita
1322 514 1580 582 utneque
1607 505 1658 558 in
1686 505 1965 558 dexteram

388 581 564 674 neqiie
596 603 649 657 in
680 601 957 656 sinistram
986 598 1350 663 declinantes,
1380 581 1731 652 oﬁ‘ensionem
1766 598 1857 651 Dei
1889 598 1997 651 vi-.

387 695 555 750 tando
575 734 591 758 ,
622 692 935 747 cautissima
966 690 1264 746 subtilitate
1304 688 1571 743 mundana
1607 689 1848 757 pericula
1881 705 1969 744 su-

384 785 622 857 perastis
648 802 661 837 :
692 784 832 838 sicut
861 790 916 836 et
944 782 1086 835 inter
1111 780 1281 835 multa
1312 779 1417 833 alia
1448 794 1642 847 magna
1667 781 1967 834 certamina

386 884 567 932 vestra
587 915 603 940 ,
636 890 743 930 non
774 873 942 928 fuisse
972 871 1171 945 [Forte
1200 886 1305 925 non
1335 869 1467 935 fuit,
1502 868 1714 941 [laid]
1747 871 1967 924 minima

386 966 571 1020 fratris
607 964 775 1020 nostri
814 963 1013 1018 Ebonis
1042 960 1439 1031 archiepiscopi
1472 975 1637 1015 causa
1658 1000 1673 1025 ,
1704 968 1764 1013 ut
1791 971 1846 1014 et
1873 975 1970 1029 per

385 1055 582 1110 multos
608 1054 867 1109 relatores
896 1052 1079 1108 ﬁdeles
1106 1067 1249 1121 sa-pe
1275 1051 1638 1122 comperimus
1658 1091 1673 1115 ,
1699 1051 1842 1120 quod
1869 1065 1969 1106 nec

383 1147 650 1201 canonice
672 1155 897 1201 vocatus
920 1186 934 1211 ,
962 1145 1058 1200 sed
1086 1144 1352 1199 violenter
1376 1144 1445 1198 ab
1475 1141 1720 1196 Ecclesia
1749 1150 1966 1212 raptus,

384 1237 707 1305 diversaque
728 1236 917 1291 exsilia
944 1249 1156 1305 passus,
1184 1241 1334 1287 arcta
1360 1244 1576 1302 quoque
1600 1231 1701 1285 sub
1723 1230 1968 1286 custodia

381 1336 597 1389 trusus,
648 1324 793 1379 nullo
838 1333 990 1379 certo
1024 1323 1253 1379 crimine
1287 1321 1601 1385 convictus,
1640 1335 1741 1375 nec
1775 1330 1968 1390 sponte

381 1414 695 1480 confessus,
736 1414 863 1484 quia
900 1414 1124 1469 absente
1164 1412 1410 1467 Ecclesia
1459 1426 1559 1466 sua
1600 1410 1825 1465 alterius
1867 1412 1971 1465 sub

376 1513 645 1575 potestate
670 1513 789 1560 erat
811 1504 1160 1569 constrictus,
1187 1513 1244 1557 et
1268 1503 1345 1557 sic
1369 1516 1401 1555 a
1430 1501 1703 1555 mundana
1728 1501 1967 1571 potentia

380 1593 533 1647 vobis
579 1593 843 1647 adductus
899 1600 983 1646 est
1027 1591 1397 1646 discutiendus
1456 1590 1541 1645 vel
1595 1589 1965 1659 deponendus.

379 1682 553 1749 Quam
588 1697 717 1752 ergo
745 1680 900 1752 vulgo
927 1692 1110 1736 natam
1150 1680 1578 1736 irrationabilem
1610 1681 1718 1734 vim
1748 1694 1967 1748 compa-

2071 508 2346 563 doeendos
2375 516 2430 562 et
2469 506 2803 562 revocandos
2845 522 2944 576 pro
2987 506 3216 561 Domino
3258 506 3368 560 Deo
3398 521 3500 562 suo
3529 521 3650 576 spo-

2071 597 2288 667 pondit,
2310 597 2692 667 perpetuisque
2713 596 3063 667 benignitatis
3084 595 3348 665 exemplis
3371 597 3651 652 exsolvere

2076 688 2311 743 ﬁdeliter
2351 688 2684 757 procuravit.
2716 686 2854 740 Nam
2884 694 2940 741 et
2964 701 3208 740 summus
3247 686 3616 757 apostolorum
3636 725 3651 752 ,

2074 780 2232 849 cujus
2258 780 2437 834 vicem
2466 779 2667 849 indigni
2697 779 2937 849 gerimus
2958 818 2972 842 ,
3002 778 3045 832 si
3071 777 3449 848 discipulatum
3481 779 3536 833 in
3567 794 3651 850 pe-

2072 871 2256 925 riculis
2281 870 2532 940 negavit,
2561 885 2667 924 non
2694 877 2875 924 tamen
2902 867 3173 937 abjectus,
3201 869 3294 923 sed
3321 869 3410 939 pie
3435 884 3655 925 revoca-

2071 969 2179 1026 tus,
2206 961 2501 1032 pristinam
2530 959 2847 1030 dignitatem
2871 958 3134 1023 obtinuit,
3158 966 3213 1011 et
3238 958 3514 1027 quomodo
3538 959 3653 1013 aliis

2070 1052 2435 1107 miserandum
2458 1060 2603 1107 esset
2625 1052 2678 1106 in
2704 1052 2997 1122 semetipso
3021 1050 3230 1105 didicit.
3254 1049 3416 1105 Pater
3437 1050 3650 1121 insuper

2071 1142 2160 1198 ille
2202 1143 2544 1214 evangelicus
2582 1142 2731 1213 larga
2768 1142 2972 1211 pietate
3007 1141 3290 1211 prodigum
3336 1140 3507 1194 ﬁlium
3549 1156 3650 1195 non

2071 1235 2298 1305 repulit,
2330 1236 2425 1290 sed
2451 1235 2723 1305 perditum
2766 1233 2982 1305 gavisus
3024 1233 3261 1301 recepit,
3294 1232 3649 1287 honoratum-

2069 1341 2176 1396 que
2216 1326 2382 1380 statui
2422 1326 2651 1396 pristino
2690 1323 2978 1393 reparavit.
3014 1323 3132 1392 Ipse
3172 1322 3338 1377 etiam
3370 1323 3519 1377 veris
3571 1339 3653 1376 se-

2069 1417 2368 1489 ctatoribus
2419 1416 2532 1470 suis
2575 1415 2841 1479 instituit,
2889 1412 3075 1468 dicens
3105 1430 3119 1465 :
3151 1411 3330 1465 Estote
3358 1412 3653 1465 misericor-

2068 1506 2193 1571 des,
2233 1507 2366 1560 sicut
2400 1516 2449 1560 ct
2487 1505 2650 1558 Pater
2682 1514 2851 1559 vester
2896 1505 3194 1558 misericors
3234 1512 3310 1557 est
3352 1501 3527 1572 (Luc.
3557 1518 3647 1565 vt;

2071 1594 2263 1648 Matth.
2307 1613 2342 1664 γ
2376 1595 2416 1665 ).
2440 1594 2576 1660 Quia
2602 1602 2657 1648 et
2683 1595 2872 1649 beatos
2892 1608 3014 1647 esse
3040 1592 3418 1647 misericordes
3443 1591 3498 1645 in
3525 1606 3655 1646 cun.

2068 1688 2172 1742 ctis
2213 1687 2415 1764 mundi
2443 1687 2688 1756 partibus
2716 1685 2967 1756 copiosus
2997 1683 3049 1738 in
3080 1682 3472 1739 miscricordiis
3511 1683 3652 1736 idem

378 1779 564 1835 tiendo
599 1779 833 1834 mirabili
870 1776 1358 1847 circumspectione
1388 1775 1683 1845 placastis,
1723 1789 1846 1828 cum
1882 1772 1967 1826 fu-
1992 1793 2039 1852 Β
2070 1777 2330 1833 Dominus
2371 1778 2763 1833 dominantium
2806 1776 3123 1832 declaravit.
3154 1774 3251 1830 His
3275 1774 3478 1831 etenim
3512 1774 3654 1829 mul-

378 1886 536 1929 rores
585 1871 1026 1941 persequentium
1073 1867 1263 1922 humili
1309 1865 1682 1921 satisfactione
1725 1865 1843 1934 ejus
1887 1863 1967 1917 sic

376 1971 670 2043 mitigastis
689 2012 703 2035 ,
729 1973 997 2040 quatenus
1024 1960 1257 2017 divinam
1284 1948 1370 2012 vel
1397 1957 1691 2011 humanam
1715 1954 1970 2010 offensio-

378 2076 505 2117 nem
554 2059 764 2129 pariter
810 2055 1157 2118 evaderetis;
1213 2053 1402 2122 sicque
1452 2046 1674 2104 fratrem
1728 2044 1962 2102 illaasum

379 2150 577 2219 aptiori
613 2157 855 2217 tempore
892 2144 1117 2215 provida
1154 2141 1419 2196 industria
1455 2139 1816 2209 reparandum
1853 2152 1970 2192 ser-

379 2241 585 2304 vastis,
630 2238 772 2292 sicut
807 2243 865 2291 et
902 2236 968 2289 de
1008 2232 1153 2288 veris
1191 2231 1396 2287 Christi
1437 2229 1700 2285 membris
1726 2228 1963 2299 legitur:

377 2331 515 2387 Cum
547 2332 751 2402 patitur
778 2344 938 2383 unum
967 2326 1256 2381 membrum
1275 2367 1290 2390 ,
1339 2333 1734 2395 compatiuntur
1777 2330 1969 2376 uetera

378 2424 611 2477 ntembra
639 2422 658 2492 (
682 2422 709 2475 1
741 2422 864 2475 Cor.
893 2436 968 2474 xn
990 2418 1032 2491 ).
1061 2418 1269 2473 Claruit
1293 2418 1460 2473 etiam
1488 2417 1605 2471 haec
1629 2415 1857 2485 benigna
1888 2414 1970 2467 in-

282 2494 287 2509 !
377 2520 551 2566 tentio
587 2521 772 2564 vestra
793 2549 809 2574 ,
846 2509 976 2562 dum
1010 2506 1491 2575 quantulacunque
1527 2504 1681 2559 vobis
1714 2501 1970 2557 ecclesia-

374 2602 515 2656 stica
542 2615 675 2672 pace
693 2641 708 2665 ,
732 2613 858 2653 mox
883 2597 1186 2668 imperiali,
1209 2595 1614 2666 episcOpalique
1639 2595 1967 2649 auctoritate

389 2693 445 2749 in
485 2692 612 2747 sede
651 2690 934 2745 restitutus
965 2688 1178 2751 debita,
1212 2687 1298 2740 cui
1339 2685 1482 2740 facta
1518 2684 1695 2740 fuerat
1730 2683 1964 2755 direptio

376 2785 646 2848 violenta,
678 2783 858 2852 ibique
884 2780 1098 2851 publico
1126 2795 1196 2835 ex
1222 2794 1491 2835 consensu
1521 2776 1832 2849 pontiﬁcale
1855 2817 1870 2842 ,
1901 2785 1963 2831 ut

378 2876 600 2940 debuit,
640 2874 843 2944 recepit
883 2881 941 2927 et
982 2872 1152 2943 gessit
1199 2870 1419 2927 solitum
1470 2869 1744 2935 otﬁcium,
1794 2868 1969 2924 donec

375 2968 657 3023 succensis
687 2966 884 3021 iterum
912 2964 1098 3019 litibus
1125 2964 1434 3035 principum
1452 3005 1466 3030 ,
1496 2978 1598 3034 pro
1628 2960 1966 3032 paciﬁcauda

378 3057 497 3111 dira
524 3056 789 3111 seditione
813 3071 938 3111 cum
962 3055 1176 3110 czeteris
1200 3055 1351 3125 regni
1380 3054 1629 3109 ﬁdelibus
1657 3068 1717 3107 se
1742 3052 1959 3108 obtulit.

2072 1870 2450 1941 tiplicibusque
2480 1871 2687 1926 Veteris
2709 1887 2774 1925 ac
2799 1869 2934 1924 Novi
2959 1868 3291 1923 Testamenti
3317 1868 3657 1923 documentis

2068 1962 2349 2025 instructi,
2380 1962 2751 2033 evangelicam
2777 1972 2943 2031 atque
2968 1960 3396 2016 ecclesiasticam
3419 1958 3654 2028 disposi-

2070 2056 2272 2112 tionem
2303 2055 2539 2112 ﬁdeliter
2566 2055 2810 2127 agimus,
2843 2054 2887 2110 si
2914 2052 3348 2124 persecutionem
3380 2051 3562 2123 passis
3601 2058 3656 2106 et

2068 2150 2136 2206 ad
2175 2150 2336 2203 aliam
2383 2149 2658 2204 civitatem
2699 2147 3136 2217 confugientibus
3171 2145 3445 2216 episcopis
3483 2144 3652 2213 proﬁ-

2067 2242 2246 2298 ciendi
2275 2242 2331 2296 in
2363 2242 2499 2297 lacis
2528 2240 2852 2296 vacantibus
2894 2239 3120 2294 liberam
3161 2238 3453 2293 annuimus
3486 2237 3655 2292 facul-

2070 2341 2254 2389 tatem.
2283 2334 2497 2401 Quanto
2524 2332 2697 2403 magis
2722 2332 2850 2387 huic
2872 2330 3098 2402 praefato
3128 2328 3286 2383 fratri
3317 2336 3532 2392 nostro,
3559 2329 3647 2398 qui

2066 2425 2342 2494 quondam
2369 2440 2435 2479 ex
2465 2423 2684 2493 gloriosi
2713 2421 2946 2478 Caesaris
2970 2422 3244 2490 totiusque
3271 2420 3490 2489 imperii
3521 2435 3649 2474 con—

2067 2531 2228 2571 sensu
2279 2514 2434 2570 nobis
2480 2515 2839 2585 conjunctus,
2886 2520 2942 2568 et
2985 2510 3296 2582 apostolicis
3347 2510 3647 2582 privilegiis

2065 2606 2341 2661 insolubili
2383 2606 2671 2661 cbaritatis
2698 2604 2917 2660 vinculo
2947 2613 3148 2659 sancta:
3178 2603 3437 2657 Romana:
3465 2602 3648 2658 Eccle-

2066 2701 2161 2756 sia:
2184 2699 2535 2755 conﬁrmatus
2562 2699 2695 2755 lUbi
2718 2707 2775 2754 et
2797 2696 3202 2767 cvangelizandi
3229 2694 3506 2765 legatione
3530 2709 3649 2764 per-

2064 2800 2225 2861 cepta
2247 2833 2261 2858 ,
2290 2805 2617 2862 quocunque
2643 2789 2836 2844 melius
2856 2791 3057 2859 poterit
3081 2787 3343 2857 proﬁcere
3370 2785 3493 2841 loco
3514 2827 3528 2851 ,
3556 2800 3653 2855 pro

2064 2884 2271 2940 viribus
2297 2883 2373 2938 ita
2400 2897 2614 2953 semper
2640 2881 2894 2945 insistat,
2922 2888 2984 2935 ut
3011 2895 3040 2935 a
3070 2879 3254 2933 divino
3283 2885 3468 2948 coepto
3494 2891 3652 2949 nego-

2066 2975 2141 3031 tio
2168 2974 2523 3045 lucrandique
2553 2972 2751 3028 talento
2776 2986 3119 3042 nequaquam
3148 2968 3400 3034 deﬁciat,
3425 2970 3557 3038 quia
3584 2968 3653 3022 si-

2064 3074 2155 3120 cut
2174 3066 2240 3121 dc
2263 3063 2509 3136 neglecto
2531 3071 2685 3118 tanto
2706 3062 2882 3118 ollicio
2905 3061 2981 3116 illi
3003 3061 3240 3116 divinam
3261 3058 3618 3114 offensionem
3632 3098 3647 3121 ,

377 3148 496 3215 Qua
524 3148 787 3218 mitigata,
816 3146 1066 3217 protinus
1098 3145 1378 3213 repentina
1404 3143 1669 3212 imperiali
1689 3142 1960 3212 jussione,

2071 3154 2143 3209 ita
2169 3162 2225 3209 et
2252 3153 2674 3224 impedientibus
2702 3152 2982 3208 cmlestem
3020 3151 3310 3206 indicimus
3350 3150 3647 3213 ultionem;

378 3255 481 3310 pro
512 3239 802 3294 concordia
828 3246 885 3293 et
910 3237 1116 3291 unitate
1144 3235 1438 3290 Christiani
1464 3235 1683 3305 populi,
1714 3235 1963 3307 partibus

376 3333 607 3389 orientis
651 3332 923 3397 directus,
971 3330 1393 3401 praeceptoribus
1443 3331 1556 3385 suis
1594 3330 1827 3385 libenter
1864 3346 1964 3401 pro

378 3424 587 3480 viribus
624 3424 883 3480 obedivit.
915 3424 1121 3492 Quibus
1149 3431 1331 3477 autem
1364 3422 1614 3477 omnibus
1644 3422 1724 3477 sic
1767 3420 1960 3476 lauda-

383 3516 568 3572 biliter
603 3517 770 3583 actis,
808 3525 992 3572 votum
1025 3516 1385 3582 visitationis,
1424 3516 1569 3586 quod
1609 3515 1664 3570 in
1698 3515 1964 3586 angustiis

378 3605 494 3661 suis
522 3605 783 3670 Domino,
813 3606 899 3661 vel
930 3607 1089 3661 beato
1116 3606 1280 3663 Petro
1320 3606 1551 3676 principi
1589 3605 1961 3677 apostolorum

380 3697 557 3763 vovit,
584 3699 768 3755 multis
795 3700 1071 3755 laboribus
1097 3698 1274 3755 fessus
1302 3699 1369 3754 ad
1393 3699 1576 3755 sedem
1605 3700 1961 3770 apostolicam

380 3787 610 3845 tendens
645 3789 910 3859 promissa
938 3789 1172 3844 ﬁdeliter
1220 3788 1484 3859 implevit.
1536 3789 1638 3857 Qui
1686 3798 1742 3846 et
1790 3791 1963 3847 sancti

378 3881 642 3951 principis
687 3880 1056 3951 apostolorum
1098 3879 1368 3952 suffragiis
1406 3881 1577 3947 ﬁdus,
1628 3883 1715 3937 cui
1761 3882 1962 3954 ligandi

375 3972 730 4044 solvendique
759 3973 1018 4027 divinitus
1044 3981 1161 4027 erat
1189 3973 1313 4028 data
1344 3982 1617 4042 potestas,
1658 3974 1799 4030 sicut
1837 3989 1962 4029 eum

377 4079 412 4118 a
454 4064 824 4133 corporalibus
864 4065 1064 4135 eripuit
1100 4065 1385 4135 periculis,
1427 4066 1499 4120 ita
1536 4075 1591 4121 et
1624 4067 1890 4137 propitius
1931 4082 1963 4121 a

378 4156 592 4211 cunctis
622 4164 974 4226 peccatorum
1007 4156 1312 4211 absolveret
1338 4155 1586 4211 vinculis.
1622 4155 1963 4227 Quapropter

378 4254 436 4300 ct
461 4261 561 4301 nos
582 4248 696 4302 haec
720 4247 901 4301 omnia
930 4246 1216 4318 diligenter
1238 4246 1613 4313 considerata,
1642 4247 1813 4317 ipsam
1839 4261 1965 4302 con-

378 4335 706 4403 fessionem,
747 4353 909 4407 quam
954 4344 1165 4392 secrete
1194 4337 1473 4391 vobiscum
1504 4337 1649 4408 egit,
1679 4338 1962 4392 nobiscum

377 4434 435 4482 et
460 4440 558 4496 per
583 4426 765 4481 omnia
796 4426 1044 4480 contulit.
1079 4426 1544 4495 Subscriptionem
1573 4427 1734 4481 etiam
1753 4468 1767 4494 ,
1798 4443 1962 4497 quam

377 4518 701 4588 perterritus
743 4524 803 4569 ut
835 4516 1091 4570 evaderet
1118 4517 1453 4586 composuit,
1482 4517 1731 4572 similiter
1757 4526 1814 4573 et
1840 4533 1967 4572 san-
1995 4516 2044 4575 D

378 4612 482 4661 ctce
510 4604 769 4660 Romana:
797 4603 1053 4660 Ecclesiae
1080 4606 1418 4662 ostendendo
1447 4605 1729 4662 satisfecit.
1763 4608 1817 4661 ln
1847 4608 1962 4679 quiv

377 4695 481 4752 bus
526 4709 656 4751 vero
701 4693 990 4761 omnibus,
1036 4696 1164 4766 quia
1207 4704 1414 4750 eertum
1464 4698 1824 4767 depositionis
1872 4707 1965 4753 aut

376 4786 632 4856 legitimae
656 4785 1012 4842 absolutionis
1032 4787 1236 4842 crimen
1262 4786 1467 4841 nullum
1495 4788 1815 4858 reperimus,
1843 4790 1965 4847 ideo

377 4878 675 4936 inviolabili
702 4878 958 4934 charitati
987 4886 1182 4933 vestra:
1209 4877 1439 4932 ﬁdenter
1466 4879 1643 4949 ipsum
1674 4880 1967 4935 committi-

376 4987 497 5028 mus
521 4988 536 5039 ;
568 4971 693 5042 quia
712 5011 727 5036 ,
756 4971 802 5026 si
829 4970 1034 5042 absque
1058 4970 1263 5026 crudeli
1294 4972 1674 5041 persecutione
1699 4969 1815 5041 ejus
1841 4988 1966 5042 pos-

377 5063 535 5121 sibile
561 5072 675 5131 est,
702 5078 808 5118 una
833 5062 1114 5119 vobiscum
1141 5062 1290 5117 illum
1318 5061 1513 5117 debitae
1539 5062 1654 5117 sedi
1682 5064 1969 5120 restituen-

377 5157 507 5212 dum
535 5155 784 5227 cupimus
801 5195 816 5221 ,
844 5154 1083 5224 alioquin
1111 5163 1291 5209 tamen
1318 5170 1423 5210 non
1451 5162 1665 5225 oportet
1686 5155 1968 5225 episcopos

378 5246 636 5302 divinitus
674 5245 777 5301 sibi
817 5256 1127 5301 consortem
1172 5243 1447 5316 negligere
1484 5244 1829 5314 episcopum,
1876 5247 1963 5301 cui

376 5353 485 5394 ,ιοῐι
513 5338 687 5394 solum
717 5337 999 5404 similiter,
1030 5337 1124 5393 sed
1152 5337 1316 5392 etiam
1349 5352 1445 5407 per
1470 5338 1845 5407 paenitentiam
1876 5340 1959 5393 in—

378 5437 634 5484 novatum
669 5437 917 5487 sanctnm
948 5428 1118 5498 ipsius
1147 5427 1425 5499 dignitatis
1456 5428 1811 5498 cognovimus
1844 5430 1958 5500 Spl-

380 5517 541 5573 ritum
567 5517 823 5573 Davidica
859 5517 1268 5588 rccuperatione
1293 5533 1306 5582 ;
1336 5517 1428 5586 qui
1456 5517 1727 5587 prenitens
1754 5518 1959 5589 Spiritu

382 5619 570 5665 sancto
600 5619 748 5666 recto
767 5651 782 5676 ,
815 5609 929 5666 sive
959 5610 1274 5680 principali,
1310 5610 1596 5664 innovatus
1626 5625 1789 5682 atque
1832 5630 1960 5668 con-

2068 3254 2121 3301 et
2162 3246 2304 3301 sicut
2346 3244 2689 3313 adiutoribus
2726 3243 2841 3315 ejus
2871 3244 3106 3299 divinam
3137 3243 3495 3314 imploramus
3531 3258 3647 3313 gra-

2068 3338 2197 3392 tiam
2219 3378 2234 3403 ,
2275 3337 2350 3392 ita
2378 3345 2434 3392 et
2458 3337 2782 3392 nocentibus
2801 3377 2816 3402 ,
2847 3350 3009 3406 quam
3039 3350 3145 3389 non
3172 3342 3425 3404 optamus
3450 3375 3465 3396 ,
3496 3332 3649 3387 terri-

2064 3429 2230 3484 bilem
2277 3428 2646 3487 damnationis
2672 3429 3056 3483 denuntiamus
3079 3426 3396 3481 vindictam.
3425 3425 3542 3492 Qua
3567 3426 3647 3479 de-

2065 3520 2230 3589 nique
2272 3535 2485 3575 summa
2530 3519 2856 3575 auctoritate
2894 3517 3133 3589 undique
3172 3517 3481 3583 munitum,
3510 3528 3648 3570 more

2064 3609 2526 3679 prmdecessorum
2554 3619 2899 3676 nostrorum,
2930 3610 3104 3680 ipsum
3137 3624 3294 3664 sacro
3335 3609 3520 3664 ordini
3558 3624 3646 3662 no—

2065 3710 2179 3755 stro
2208 3702 2404 3756 merito
2432 3701 2785 3767 ascribimus,
2815 3700 2900 3756 vel
2924 3701 3072 3756 omni
3101 3700 3334 3770 pristino
3363 3697 3644 3769 episcopali

2064 3790 2240 3846 cilicio
2270 3792 2585 3846 decoratum
2615 3806 2737 3848 esse
2765 3792 3122 3864 praeﬁgimus,
3158 3793 3272 3847 sive
3311 3791 3531 3861 scriptis
3569 3791 3646 3845 bis

2064 3880 2293 3950 publicis
2338 3881 2498 3952 digne
2539 3882 2969 3952 permanendum
3020 3881 3314 3936 inviolabili
3366 3880 3647 3938 conﬁrma-

2065 3972 2244 4037 tione,
2288 3972 2432 4027 sicut
2479 3973 2533 4026 in
2558 3973 2857 4045 privilegiis
2886 3972 3003 4042 ejus
3028 3974 3299 4044 prioribus
3325 3975 3645 4037 continetur,

2058 4065 2182 4134 jure
2206 4063 2502 4133 apostolico
2527 4063 2865 4119 roboramus.

2620 4175 2957 4232 EPISTOLA
3009 4175 3096 4230 Ill.

2375 4285 2442 4323 AD
2481 4283 2760 4323 EPISCOPOS
2803 4281 2963 4322 RECSI
3005 4283 3344 4323 FRANCORUM.

2065 4357 2244 4431 (Hanc
2287 4360 2570 4431 epistolam
2603 4361 2719 4414 vide
2746 4360 2883 4413 inter
2919 4360 3093 4431 sancti
3131 4361 3402 4431 Agabardi
3444 4360 3643 4431 Opera,

2137 4429 2356 4500 [injuste
2386 4429 2707 4501 Patrologiiv
2736 4440 2875 4483 tomo
2905 4429 3057 4495 CIV,
3089 4429 3191 4484 col.
3216 4430 3370 4502 297.)

2627 4522 2961 4578 EPISTOLA
3001 4523 3091 4578 IV.

2492 4629 2561 4668 AD
2607 4628 2856 4668 RABANUI
2907 4629 3127 4669 ιλυιιωί
3172 4626 3221 4687 ⁸η.

2137 4704 2435 4778 Gregorius
2476 4722 2615 4777 papa
2646 4723 2836 4764 servus
2865 4724 3145 4764 servorum
3176 4709 3272 4765 Dei
3302 4709 3647 4767 dilectissimo

2069 4798 2123 4853 in
2156 4798 2385 4852 Domino
2416 4798 2527 4854 ﬁlio
2559 4798 2785 4854 Rabano
2813 4800 2903 4870 pio
2931 4808 2987 4855 et
3014 4801 3313 4856 venerabili
3344 4802 3539 4857 abbati.

2142 4888 2412 4945 Pontiﬁcii
2460 4888 2633 4945 nostri
2679 4904 2810 4945 cura
2852 4905 2953 4945 nos
2994 4898 3155 4960 urget
3188 4899 3498 4946 sanctarum
3532 4904 3647 4943 om-

2072 4981 2219 5034 nium
2247 4979 2343 5034 Dei
2368 4979 2735 5035 Ecclesiarum
2766 4980 3089 5037 utilitatibus
3118 4980 3303 5037 favere
3322 5023 3338 5049 ,
3368 4997 3431 5037 ac
3457 4995 3648 5036 secun-

2071 5074 2199 5128 dum
2226 5073 2369 5143 quod
2400 5088 2736 5142 unaquaeque
2760 5073 2815 5127 in
2844 5073 3065 5145 preprio
3091 5081 3237 5128 statu
3262 5089 3513 5129 mansura
3537 5071 3608 5125 sit
3626 5109 3647 5135 ,

2072 5178 2367 5234 congruum
2397 5163 2480 5217 eis
2508 5163 2775 5233 impertiri
2803 5162 3135 5233 suﬁ'ragium.
3170 5164 3250 5218 Ex
3277 5164 3381 5219 hoc
3403 5164 3538 5218 enim
3563 5159 3652 5213 lu-

2068 5256 2148 5311 cri
2179 5255 2520 5327 petissimum
2556 5256 2837 5324 praemium
2884 5272 2915 5310 a
2947 5257 3229 5312 conditore
3261 5258 3497 5314 omnium
3536 5255 3651 5309 Deo

2066 5348 2252 5417 procul
2279 5348 2442 5403 dubio
2464 5362 2860 5417 promeremur,
2888 5348 2936 5403 si
2962 5349 3294 5404 venerabilia
3318 5349 3431 5404 loca
3449 5361 3650 5418 oppor-

2070 5446 2194 5491 tune
2215 5437 2465 5492 ordinata
2494 5437 2560 5492 ad
2586 5437 2867 5493 meliorem
2895 5437 3095 5493 fuerint
3120 5440 3239 5494 sine
3261 5439 3424 5494 dubio
3446 5446 3650 5491 statum

2066 5525 2347 5596 perducta.
2373 5525 2542 5596 Igitur
2567 5527 2694 5596 quia
2722 5526 3009 5596 postulatis
3034 5544 3065 5581 a
3093 5528 3251 5584 nobis
3271 5568 3287 5595 ,
3315 5526 3654 5584 decernimus

2067 5627 2251 5672 nostra
2280 5617 2577 5687 apostolica
2607 5618 2969 5688 pm‘ccptione
2997 5620 3360 5677 reconccdcrc
3382 5627 3436 5676 et
3459 5630 3651 5672 recou-

456 5731 484 5760 ι
515 5721 703 5776 Exstat
734 5722 786 5775 in
814 5721 944 5775 Cod.
980 5722 1243 5790 lldelriei,
1279 5738 1423 5777 num.
1458 5722 1519 5775 15
1539 5763 1551 5787 ,
1582 5726 1718 5791 apud
1754 5727 1958 5784 linear!

2073 5773 2082 5783 .
2114 5732 2271 5800 Corp.
2305 5730 2588 5798 llistorix,
2619 5742 2748 5787 tom.
2778 5731 2877 5798 X1,
2906 5748 3027 5804 pag.
3058 5732 3147 5789 51.
