3898 6178
300 326 397 384 86!

1719 323 2102 383 EPISTOLE.

3443 330 3549 385 862

298 439 516 494 ﬁrmare
547 439 931 508 perpetualiter
961 440 1111 495 vobis
1138 440 1440 509 vestrisque
1470 442 1871 496 successoribus
1899 446 1945 502 Α
1975 443 2192 508 quando
2233 446 2633 507 retorquentur.
2682 437 3041 495 Coneedimus
3066 441 3231 496 etiam
3264 441 3358 497 tibi
3385 457 3546 510 quem

297 528 686 582 monasterium
717 528 1013 593 Fuldensc,
1044 531 1184 597 quod
1214 530 1271 584 8.
1313 529 1571 583 Bonifacii
1613 531 1872 583 vocabulo

296 618 471 685 viget.
503 616 666 670 silum
697 617 750 669 in
783 617 901 671 loco
931 618 1023 686 qui
1055 626 1281 671 vocatur
1312 618 1579 671 Bocltouia
1606 617 1759 685 juxta
1794 619 1870 671 ri-

294 722 417 777 pam
444 705 684 760 fluminis
713 708 855 777 quod
884 708 1081 762 dicitur
1109 708 1273 763 Fulda
1294 750 1308 771 ,
1337 724 1459 763 cum
1488 709 1736 763 omnibus
1765 708 1874 762 cel-

293 797 390 858 lis.
435 797 715 860 curtihus,
760 797 1222 861 districtionibus,
1271 813 1363 853 seu
1411 799 1662 852 omnibus
1710 798 1872 852 rebus

292 890 581 945 mobilibus
610 891 716 944 sibi
754 891 1148 960 pertinentibus
1175 908 1309 962 quas
1336 908 1478 946 nunc
1506 893 1702 957 habet,
1732 903 1786 946 et
1814 893 1870 946 in

291 980 476 1035 futuro
496 1022 512 1046 ,
544 982 657 1036 Deo
683 983 981 1037 auxiliante
999 1024 1015 1047 ,
1044 983 1283 1037 habebit.
1317 982 1677 1038 Couccdimus
1703 985 1869 1037 etiam

289 1080 453 1142 atque
474 1072 740 1127 donamus
760 1073 932 1138 vobis,
958 1074 1280 1129 charissime
1300 1090 1363 1128 ac
1386 1073 1732 1128 dilectissime
1757 1072 1865 1138 ﬁli,

285 1162 593 1232 vestrisque
639 1164 1046 1217 successoribus
1090 1163 1375 1219 abbatibus
1418 1163 1472 1217 iu
1518 1173 1865 1233 perpetuum,

284 1266 384 1324 pro
413 1267 613 1323 magno
638 1259 827 1307 nostro
852 1267 1038 1306 amore
1063 1253 1336 1322 nimiaque
1362 1252 1648 1307 dilectione
1664 1294 1679 1318 ,
1705 1270 1867 1323 quam

286 1341 432 1397 circa
472 1356 572 1396 vos
609 1341 904 1406 habemus,
953 1349 1007 1395 et
1049 1342 1301 1413 deinceps
1344 1343 1546 1398 habere
1586 1343 1864 1414 cupimus,

284 1432 673 1485 monasterium
702 1429 759 1485 8.
780 1431 1010 1487 Andreae
1035 1433 1290 1502 apostoli,
1317 1435 1459 1504 quod
1479 1446 1708 1489 vocatur
1727 1435 1867 1489 Exa-

278 1517 454 1590 julum
474 1560 490 1584 ,
520 1519 684 1574 situm
714 1519 899 1575 Romae
920 1521 1075 1591 juxta
1102 1522 1386 1578 ecclesiam
1415 1532 1619 1578 sanctae
1646 1524 1742 1578 Dei
1772 1539 1865 1595 ge-

281 1609 493 1664 nitricis
516 1609 696 1664 Maria:
721 1626 936 1681 semper
960 1613 1202 1684 virginis,
1229 1629 1349 1682 qua:
1373 1624 1602 1670 vocatur
1626 1615 1695 1670 ad
1715 1615 1864 1670 Prte-

280 1714 443 1771 sepe.
472 1716 599 1757 cum
634 1702 886 1758 omnibus
917 1705 1288 1759 mansionibus
1307 1746 1323 1771 ,
1356 1708 1643 1762 caminatis
1672 1707 1854 1772 cellis,

278 1795 495 1850 vinaria
524 1805 581 1851 et
609 1796 840 1866 coquina
858 1839 873 1865 ,
902 1814 1025 1854 cum
1057 1800 1228 1855 vincis
1250 1842 1265 1866 ,
1294 1802 1467 1856 hortis
1485 1842 1499 1866 ,
1531 1803 1865 1875 diversisque

281 1884 574 1954 generibus
603 1901 888 1954 pomorum
917 1903 1039 1943 cum
1070 1899 1223 1943 curte
1251 1898 1304 1944 et
1332 1899 1496 1960 puteo
1538 1901 1595 1945 et
1636 1892 1863 1947 introitu

278 1989 378 2045 per
402 1987 621 2047 portam
648 1978 906 2048 majorem
936 1996 968 2035 a
996 1982 1081 2036 via
1110 1983 1324 2053 publica
1345 2026 1359 2049 ,
1386 1995 1442 2039 et
1468 2002 1590 2041 eum
1613 1987 1864 2041 omnibus

278 2068 343 2121 ad
370 2069 517 2124 idem
541 2072 930 2126 monasterium
958 2075 1374 2142 pertinentibus,
1401 2086 1508 2130 tam
1537 2078 1677 2130 intra
1700 2094 1864 2146 quam

278 2165 433 2211 extra
481 2159 673 2214 urbem
717 2161 868 2226 sitis,
910 2178 1030 2231 quze
1061 2164 1111 2218 ei
1134 2163 1279 2232 juste
1309 2180 1372 2219 ac
1405 2174 1551 2220 recte
1590 2167 1864 2236 pertinere

275 2245 693 2315 dignoscantur.
724 2247 912 2304 Nullus
955 2252 1116 2305 etiam
1143 2252 1518 2323 episc0porum
1539 2294 1554 2317 ,
1594 2255 1866 2324 archiepi-

277 2349 592 2405 sc0porum,
620 2339 1073 2406 patriarcharum,
1102 2341 1187 2395 vel
1215 2358 1431 2411 quoquo
1454 2344 1614 2397 modo
1637 2343 1690 2397 in
1716 2343 1863 2399 clero

276 2426 610 2481 mustitutus
634 2435 838 2484 temere
861 2438 954 2482 aut
978 2441 1249 2499 proterve,
1277 2432 1382 2487 nisi
1408 2447 1437 2486 a
1465 2434 1616 2489 vobis
1638 2445 1861 2504 accepta

274 2515 531 2583 licentia,
578 2534 742 2588 super
777 2519 1076 2590 principale
1116 2522 1291 2576 altare
1334 2524 1502 2578 vestri
1545 2526 1862 2582 monasterii

274 2607 571 2662 missarum
601 2609 860 2663 solemnia
892 2610 1170 2666 celebrare
1199 2623 1527 2682 pratsumat,
1554 2621 1649 2668 aut
1671 2630 1853 2684 quam‘

274 2694 405 2753 libet
433 2699 732 2754 dictionem
762 2700 848 2755 vel
873 2702 1255 2758 auctoritatem
1284 2705 1486 2761 habere
1515 2706 1568 2760 in
1601 2706 1743 2762 idem
1769 2722 1861 2765 ve-

273 2796 443 2843 strum
474 2789 747 2847 Fuldense
774 2794 1162 2849 monasterium
1187 2835 1202 2859 ,
1232 2804 1430 2866 przeter
1454 2806 1699 2852 nostram
1732 2815 1860 2869 apo-

274 2880 524 2935 stolicam
553 2881 736 2936 sedem
768 2882 1075 2952 specialiter
1102 2884 1424 2955 episcopus,
1458 2886 1514 2940 in
1543 2886 1698 2955 cujus
1723 2888 1857 2943 dim-

268 2970 383 3025 cesi
426 2971 781 3027 constitutum
820 2987 943 3029 esse
970 2974 1205 3039 videtur,
1237 2975 1310 3029 ita
1344 2984 1404 3029 ut
1431 2977 1537 3031 nisi
1565 2977 1634 3032 ab
1663 2978 1859 3034 abbate

269 3061 595 3115 monasterii
637 3060 799 3116 fuerit
839 3063 1126 3127 invitatus,
1174 3079 1276 3119 nec
1319 3065 1521 3120 ibidem
1564 3068 1851 3123 missarum

268 3150 539 3206 solemnia
565 3151 842 3208 celebrare
864 3164 1178 3224 praesumat.
1207 3156 1358 3211 Dona
1386 3172 1517 3214 vero
1541 3167 1597 3214 et
1621 3160 1851 3215 oblatio-
1879 3132 1924 3194 (ἶ

266 3256 367 3297 nes
390 3241 742 3313 decimasque
768 3242 1006 3300 ﬁdelium
1033 3246 1240 3316 absque
1265 3247 1428 3303 ullius
1454 3264 1701 3320 persona:
1725 3267 1856 3307 con-

268 3330 577 3395 trarietate,
604 3331 861 3389 ﬁrmitate
882 3343 1142 3405 perpetua
1169 3337 1268 3406 ipsi
1296 3343 1625 3397 monasterio
1648 3351 1849 3409 vestro,

265 3422 571 3477 secundum
598 3423 1055 3491 prmdecessorum
1085 3437 1389 3484 vestrorum
1416 3431 1695 3503 privilegia
1723 3450 1855 3490 con-

267 3510 555 3566 ﬁrmamus
600 3521 656 3567 et
693 3514 1128 3571 corroboramus.
1176 3517 1531 3578 Decernimus
1574 3523 1738 3577 etiam
1784 3540 1854 3580 ne

266 3602 426 3657 alicui
457 3618 705 3673 personae
730 3620 937 3676 magum
964 3606 1049 3661 vel
1078 3621 1258 3676 parvae
1288 3609 1446 3665 liceat
1477 3612 1714 3684 aliquam
1744 3617 1852 3672 vim

263 3696 351 3751 vel
371 3699 810 3753 controversiam
835 3698 1037 3754 inferre
1059 3700 1235 3756 eidem
1261 3705 1589 3760 monasterio
1614 3706 1666 3760 in
1691 3708 1853 3763 rebus

261 3796 318 3842 et
357 3787 588 3843 familiis
620 3788 767 3857 ejus,
804 3805 981 3861 neque
1019 3800 1191 3866 totum
1226 3809 1402 3864 neque
1438 3805 1647 3866 partem
1679 3798 1850 3866 ipsius

260 3877 579 3933 mortalium
605 3878 763 3933 alicui
791 3879 899 3933 ulla
925 3880 1136 3936 ratione
1150 3862 1389 3938 subdere
1409 3924 1423 3949 ,
1438 3862 1536 3939 “vel
1562 3887 1663 3941 sub
1684 3862 1851 3942 bene-

259 3967 371 4023 ﬁcii
403 3970 624 4024 nomine
653 3970 784 4026 dare
812 3981 1138 4040 pnesumat,
1170 3975 1264 4029 sed
1291 3975 1439 4029 omni
1472 3984 1714 4045 tempore
1744 3977 1845 4032 soli

260 4070 466 4116 nostra:
505 4070 709 4118 sancta:
752 4063 1008 4118 Romanae
1048 4064 1305 4120 Ecclesia:
1347 4066 1518 4120 libera
1548 4082 1848 4136 securaque

259 4154 559 4210 deserviat.
605 4155 848 4226 Eligendi
896 4174 1112 4227 quoque
1160 4158 1261 4211 sibi
1300 4158 1583 4222 abbatltn,
1630 4158 1846 4228 quando

256 4260 397 4315 opus
442 4244 641 4311 fuerit,
683 4246 879 4301 fratres
924 4248 1064 4301 inter
1104 4262 1164 4302 se
1204 4256 1526 4316 potestatem
1572 4248 1840 4315 habeant,

258 4338 564 4393 secundum
589 4339 829 4409 regulam
854 4339 913 4393 S.
940 4340 1245 4405 Benedicti,
1267 4341 1386 4395 sine
1408 4340 1572 4395 ullius
1599 4356 1843 4410 persona:

256 4429 714 4485 contradictione.
757 4429 1022 4485 Cmterum
1052 4446 1181 4485 vero
1211 4433 1328 4487 hzec.
1354 4432 1715 4487 deliberantes
1744 4433 1839 4488 de-
1870 4471 1920 4529 υ

255 4521 567 4586 cernimus,
600 4529 659 4575 ut
686 4522 941 4592 congruis
969 4522 1299 4591 temporibus
1341 4530 1538 4577 nostra:
1579 4522 1842 4577 sollicitu-

255 4613 372 4668 dini
405 4613 788 4669 ecclesiastica:
818 4615 1113 4678 imitemur,
1143 4615 1377 4685 qualiter
1420 4616 1610 4687 religio
1648 4631 1841 4671 mona-

253 4704 396 4759 stica
423 4705 657 4776 regulari
688 4707 874 4761 habitu
905 4707 1190 4779 dirigatur,
1220 4710 1619 4779 concordiaque
1645 4724 1838 4765 convc-

252 4796 433 4850 nienti
486 4797 860 4854 ecclesiastico
906 4800 1085 4856 studio
1132 4802 1491 4870 mancipetur,
1544 4816 1613 4855 ne
1661 4799 1836 4866 forte,

250 4884 403 4953 quod
452 4885 627 4951 absit,
679 4886 779 4942 sub
825 4886 987 4957 hujus
1034 4888 1303 4959 privilegii
1353 4890 1577 4943 obtentu
1625 4889 1840 4943 animus

247 4988 590 5045 gressusque
616 4976 955 5032 rectitudinis
981 4987 1180 5033 nostrae
1206 4994 1238 5032 a
1272 4994 1461 5033 norma
1487 4977 1714 5046 iustitiae
1740 4978 1842 5032 ali-

1976 528 2113 583 bene
2137 529 2488 606 eruditum'et
2516 530 2649 584 bene
2678 531 3016 600 eloquentem
3043 532 3219 585 virum
3246 548 3367 588 esse
3397 536 3549 587 novi-

1973 636 2125 684 mus,
2154 619 2469 674 dulcissime
2494 620 2603 684 ﬁli,
2631 622 2930 689 prtedieare
2955 623 3176 677 verbum
3208 624 3336 689 Dei,
3364 634 3548 678 aucto-

1974 712 2132 766 ritate
2161 711 2219 765 S.
2248 711 2395 766 Petri
2419 712 2644 781 apostoli
2669 722 2723 767 et
2748 722 2933 767 nostra
2955 712 3070 781 ejus
3094 715 3296 786 indigni
3321 716 3547 782 vicarii,

1974 810 2027 856 et
2049 812 2107 857 ut
2129 811 2238 856 tam
2260 817 2357 857 vos
2376 818 2539 873 quam
2565 818 2906 857 successores
2927 805 3090 858 vestri
3113 813 3237 858 ante
3257 820 3443 860 omnes
3460 807 3550 859 ab-

1972 897 2127 952 bates
2155 895 2322 949 totius
2350 894 2535 950 Gallia:
2557 910 2652 950 seu
2679 894 2984 971 Germaniae
3009 898 3298 966 primatum
3327 900 3548 954 sedendi

1974 987 2026 1039 in
2064 986 2210 1040 omni
2253 986 2372 1040 loco
2413 994 2794 1055 conventuque
2823 986 2938 1041 sive
2969 986 3213 1054 judiciali
3244 981 3557 1055 sententia:

1969 1092 2066 1133 seu
2094 1079 2152 1138 in
2172 1078 2424 1133 omnibus
2449 1077 2695 1132 conciliis
2731 1092 2797 1132 ac
2822 1078 3100 1133 ordinibus
3125 1089 3308 1134 nostra
3334 1091 3550 1151 aposto-

1970 1169 2076 1224 lica
2106 1168 2431 1224 auctoritate
2470 1167 2787 1222 obtineatis.
2831 1166 3015 1223 Ahbas
3055 1183 3183 1223 vero
3221 1184 3330 1223 non
3372 1170 3477 1224 nisi
3518 1183 3547 1220 a

1969 1265 2156 1313 nostra
2194 1255 2493 1325 apostolica
2536 1254 2665 1311 sede
2693 1257 3069 1322 benedicatur,
3101 1271 3132 1310 a
3160 1272 3266 1326 qua
3304 1254 3546 1312 benedici

1967 1347 2157 1412 debet,
2190 1362 2291 1402 nec
2328 1361 2566 1416 unquam
2593 1345 2661 1402 ab
2692 1346 2873 1416 aliquo
2901 1346 3154 1416 episeopo
3183 1346 3549 1402 censecratio-

1967 1453 2089 1492 nem
2117 1446 2431 1507 exspectat,
2461 1436 2564 1490 nisi
2592 1451 2622 1490 a
2655 1436 2901 1490 Romano
2924 1435 3209 1506 pontiﬁce,
3239 1452 3338 1491 nec
3364 1451 3553 1490 conse-

1965 1539 2148 1585 cratus
2173 1529 2242 1584 ad
2268 1528 2416 1583 aliud
2445 1528 2837 1583 monasterium
2869 1528 2923 1581 in
2954 1526 3208 1581 Fuldensi
3237 1527 3551 1583 introduca-

1966 1627 2073 1684 tur,
2100 1618 2181 1671 vel
2208 1624 2541 1688 proponatur
2567 1615 2976 1670 monasterium.
3003 1614 3173 1669 Usum
3201 1629 3414 1684 quoque
3440 1615 3552 1669 dal-

1963 1708 2181 1763 ωειῑίοω
2199 1749 2213 1773 ,
2243 1707 2543 1775 caligarum
2570 1715 2625 1759 et
2654 1704 3017 1759 sandaliorum
3039 1745 3054 1769 ,
3084 1704 3378 1758 secundum
3403 1704 3550 1772 quod

1893 1786 1941 1844 Β
1968 1800 2034 1853 ab
2062 1796 2497 1852 antecessoribus
2523 1795 2727 1850 nostris
2755 1809 3076 1851 concessum
3105 1801 3189 1848 est
3206 1835 3220 1859 ,
3245 1795 3397 1848 vobis
3420 1809 3551 1848 con-

1970 1888 2234 1944 cedimus.
2265 1887 2345 1943 Ac
2372 1903 2440 1943 ne
2463 1886 2664 1940 femina
2693 1900 2933 1955 unquam
2960 1884 3085 1940 illuc
3110 1884 3319 1955 ingredi
3346 1899 3551 1954 prazsu-

1965 1991 2111 2045 mat,
2145 1988 2335 2035 nostra
2367 1977 2662 2049 apostolica
2691 1977 3016 2032 auctoritate
3047 1975 3450 2040 interdicimus,
3491 1982 3548 2030 et

1965 2085 2034 2124 ne
2068 2070 2192 2139 quis
2221 2084 2460 2138 unquam
2496 2068 2756 2138 placitum
2788 2067 2864 2122 ibi
2900 2067 3096 2121 haheat
3123 2065 3207 2120 vel
3247 2065 3302 2119 in
3339 2066 3550 2121 ceteris

1963 2159 2079 2229 ejus
2108 2158 2274 2224 locis,
2306 2173 2409 2213 nec
2435 2173 2623 2213 servos
2652 2172 2753 2212 nec
2783 2156 3004 2212 colonos
3032 2155 3100 2210 ad
3129 2154 3344 2224 aliquod
3373 2155 3547 2209 servi-

1965 2250 2100 2304 tium
2136 2249 2512 2319 constringat,
2552 2248 2657 2303 nisi
2699 2248 2788 2303 cui
2828 2247 2995 2301 abbas
3031 2245 3099 2300 ad
3125 2245 3411 2300 utilitatem
3438 2261 3548 2300 sua:

1961 2338 2306 2394 necessitatis
2345 2353 2631 2394 assensum
2671 2336 2985 2408 praebuerit.
3027 2334 3193 2407 igitur
3217 2337 3544 2407 generaliter

1960 2431 2261 2485 addendum
2287 2431 2508 2503 dignum
2537 2430 2790 2486 duximus
2808 2469 2822 2494 ,
2845 2437 2906 2483 ut
2931 2427 3196 2498 quidquid
3219 2428 3546 2483 auctoritate

1960 2534 2367 2578 antecessorum
2389 2522 2754 2593 quorumlibet
2777 2530 3121 2584 nostrorum,
3150 2535 3335 2590 regum
3360 2527 3415 2574 et
3441 2519 3546 2573 im-

1957 2621 2269 2682 peratorum
2290 2654 2304 2678 ,
2335 2613 2438 2683 ipsi
2467 2611 2723 2667 Fuldensi
2749 2610 3082 2666 monasterio
3111 2617 3329 2665 constat
3368 2608 3539 2665 fuisse

1959 2717 2283 2759 concessum
2309 2744 2324 2769 ,
2356 2703 2428 2757 sit
2453 2710 2507 2756 et
2535 2711 2723 2757 nostra
2761 2700 3059 2772 apostolica
3094 2699 3419 2755 auctoritate
3446 2714 3542 2770 per

1960 2793 2065 2848 hoc
2095 2802 2341 2848 nostrum
2366 2792 2710 2863 privilegium
2740 2791 3121 2847 conﬁrmatum
3163 2798 3324 2859 atque
3359 2804 3545 2845 corro-

1957 2884 2210 2939 boratum
2231 2925 2247 2949 ,
2281 2890 2585 2938 statuentes
2614 2883 2915 2952 apostolica
2944 2896 3176 2937 censura
3196 2921 3210 2946 ,
3244 2880 3345 2936 sub
3373 2879 3545 2935 divini

1954 2972 2145 3043 judicii
2194 2972 2593 3038 obtestatione,
2646 2987 2716 3027 ne
2767 2972 2891 3041 quis
2937 2986 3175 3041 unquam
3224 2979 3540 3025 nostrorum

1956 3064 2425 3136 postdecessorum
2450 3064 2766 3135 pontiﬁcum
2794 3063 3187 3129 Romanorum,
3212 3078 3416 3133 regum,
3447 3061 3545 3116 im-

1954 3162 2288 3225 peratorum,
2326 3153 2557 3218 ducum,
2600 3152 3003 3216 marchionum,
3040 3152 3297 3207 comitum
3326 3158 3382 3204 et
3406 3165 3544 3220 pra:-

1954 3251 2103 3300 terea
2136 3243 2671 3315 archiepiscoporum
2693 3283 2709 3308 ,
2741 3242 3176 3313 patriarcharum
3194 3282 3208 3305 ,
3236 3249 3330 3296 aut
3359 3239 3542 3309 cujus.

1954 3334 2084 3391 libet
2105 3326 2404 3406 dignitatis
2428 3335 2514 3390 vel
2540 3334 2868 3390 conditionis
2910 3333 3192 3389 hominum
3217 3342 3409 3388 contra
3434 3331 3538 3387 hoc

1952 3436 2201 3491 nostrum
2254 3427 2598 3499 privilegium
2639 3427 2934 3499 quidquam
2986 3426 3182 3480 audeat
3238 3431 3527 3479 attentare.

1951 3519 2268 3589 Quicunque
2311 3534 2441 3590 ergo
2474 3518 2636 3588 hujus
2680 3517 2851 3572 nostri
2894 3516 3164 3588 privilegii
3209 3517 3531 3571 observator

1951 3610 2252 3675 exstiterit,
2280 3618 2337 3664 et
2360 3623 2460 3679 pro
2487 3609 2685 3663 intuitu
2712 3607 3034 3663 custodierit
3053 3648 3068 3672 ,
3095 3617 3150 3662 et
3174 3622 3243 3661 ne
3268 3607 3323 3661 in
3352 3607 3532 3675 aliquo

1950 3699 2274 3770 infringatur
2313 3715 2345 3752 a
2381 3713 2475 3765 se,
2516 3699 2920 3764 observaverit,
2964 3699 3113 3753 omni
3152 3698 3530 3753 benedictione

1948 3790 2225 3859 repleatur
2245 3830 2260 3854 ,
2291 3796 2346 3844 et
2371 3797 2722 3858 peccatorum
2756 3803 2977 3861 suorum
3008 3786 3350 3842 absolutione
3383 3804 3414 3840 a
3445 3801 3532 3841 re—

1951 3883 2217 3937 tributore
2246 3881 2491 3935 onmium
2518 3880 2785 3934 bonorum
2817 3878 2929 3932 Deo
2959 3877 3217 3947 consequi
3258 3886 3533 3932 mercatur

1949 3983 2009 4027 ut
2035 3974 2087 4027 in
2118 3972 2327 4027 etelcsti
2355 3972 2483 4027 sede
2506 3970 2790 4041 glorietur.
2819 3968 2923 4036 Qui
2949 3977 3164 4031 autem,
3194 3969 3335 4039 quod
3360 3969 3533 4034 absit,

1948 4066 2090 4119 hanc
2131 4073 2376 4119 nostram
2402 4062 2825 4135 praeceptionem
2857 4061 3059 4116 violare
3087 4061 3529 4130 praesumpserit,

1948 4155 2049 4209 nisi
2093 4154 2410 4223 resipiscat,
2444 4153 2734 4208 individua:
2762 4151 3214 4207 Trinitatisiram
3256 4150 3529 4215 incurrat,

1946 4259 2000 4302 et
2026 4265 2056 4301 a
2084 4257 2229 4302 coetu
2270 4249 2515 4302 omnium
2554 4255 2869 4303 sanctorum
2910 4247 3147 4301 extorris
3187 4246 3421 4312 cxistat,
3467 4246 3526 4301 S.

1945 4337 2088 4392 Petri
2121 4336 2491 4407 apostolorum
2521 4337 2782 4407 principis
2812 4336 3202 4391 maledictione
3232 4335 3528 4401 redundet,

1946 4449 2176 4489 cccxvnt
2204 4432 2429 4487 Patrum
2458 4441 2811 4487 sacrosancto
2838 4431 3072 4486 concilio
3100 4430 3407 4496 damnetur,
3438 4439 3523 4483 at-

1948 4539 2053 4594 que
2082 4525 2136 4578 in
2168 4534 2413 4579 extrema
2440 4524 2528 4578 die.
2549 4522 2744 4591 judicii
2786 4522 3139 4577 amaranatha
3179 4521 3529 4577 anathemate

1945 4616 2219 4686 perditus,
2250 4616 2389 4671 lucis
2421 4615 2806 4670 claritudinem
2833 4614 3069 4679 nesciat,
3100 4613 3192 4670 sed
3224 4613 3526 4669 exteriores

1945 4708 2199 4762 tenebras
2239 4722 2362 4761 cum
2408 4705 2623 4760 diabolo
2664 4720 2735 4774 ac
2761 4703 3140 4759 consentaneis
3177 4702 3295 4771 ejus
3334 4715 3528 4771 perpe-

1944 4798 2160 4853 tualiter
2184 4806 2384 4869 gemat.
2424 4797 2619 4851 Amen.
2660 4796 2855 4851 Datum
2881 4810 2979 4866 per
3003 4809 3224 4848 manum
3249 4792 3523 4848 Benedicti

1942 4891 2141 4945 notarii
2186 4906 2251 4946 ac
2292 4890 2563 4945 scriniarii
2606 4888 2673 4943 Il.
2721 4888 2783 4943 E.
2825 4887 3009 4944 Idibus
3031 4886 3179 4953 Maii,
3219 4885 3409 4941 in-jLict.
3461 4883 3526 4938 l4

1945 4980 1962 5048 (
1993 4980 2141 5032 Anno
2168 4978 2270 5034 856
2288 4980 2330 5048 ).

1526 5460 1906 5472 -————‘
1920 5462 2044 5472 ’,ε-
2055 5458 2249 5471 μω
