3900 6178
262 257 370 315 805

1482 252 1851 309 ιτιιοῖιιΑιιιι
1904 253 2279 310 ΙΞΙἾΞΤΟΙιίΕ.
2300 256 2305 259 ’

3417 262 3523 319 866

263 374 614 429 Fnorumws
639 370 809 441 gratia
841 369 933 424 Dei
989 367 1272 437 episcopus
1307 376 1563 421 reternam
1594 367 1646 420 in
1688 365 1843 420 Chri-
1873 369 1917 428 Λ
1949 366 2046 420 bus
2068 366 2180 436 jam
2209 367 2437 436 amplius
2465 368 2708 434 credere,
2746 384 2843 425 nec
2865 371 2983 441 ejus
3011 371 3445 427 emendationem
3469 391 3529 431 se

264 474 351 518 sto
382 461 630 515 salutem.

336 552 542 606 Vestra:
583 547 953 618 prosperitatis
1002 547 1275 617 vestrique
1323 545 1598 615 profectus
1627 560 1841 614 semper

260 657 452 697 sumus
477 654 764 703 memores.
798 639 867 693 Et
916 639 1118 692 idcirco
1146 638 1381 692 divinam
1413 636 1837 691 misericordiam

257 733 458 802 szepius
484 745 582 800 pro
613 738 786 784 vestra
821 729 992 783 salute
1043 728 1412 798 imploramus,
1442 736 1502 781 ιιι
1528 743 1624 781 vos
1646 728 1712 781 ad
1736 741 1834 781 sua

258 824 512 877 mandata
555 820 884 889 perficienda
929 820 1131 889 jugiter
1159 819 1437 882 accendat,
1467 826 1519 872 ct
1546 818 1613 872 ad
1642 817 1839 871 multo—

258 930 381 968 rum
409 913 709 984 profetum
764 911 1003 980 longazvo
1052 920 1294 979 tempore
1329 918 1650 965 conservet:
1683 918 1736 963 et
1760 910 1837 964 sic

256 1007 367 1074 pie,
427 1004 608 1058 sobrie
642 1011 697 1056 et
737 1003 883 1071 juste
917 1002 1186 1057 viventem
1246 1000 1525 1070 prrcsentis
1572 998 1838 1069 naufragii

255 1100 481 1169 pelagus
511 1106 843 1150 transmeare
889 1094 1216 1149 adminiculo
1251 1094 1432 1158 faciat,
1488 1102 1545 1147 ut
1601 1102 1724 1163 post
1771 1094 1838 1149 ad

254 1200 474 1259 portum
500 1188 699 1257 quietis
738 1196 953 1241 aeternae
981 1187 1293 1254 perductum
1358 1185 1577 1254 perenni
1606 1184 1840 1238 retribu-

256 1282 409 1334 tione
459 1277 687 1333 feliciter
724 1285 965 1332 coronet.
1000 1274 1199 1330 Sciatis
1250 1275 1413 1345 igitur
1440 1290 1537 1328 nos
1563 1275 1615 1327 in
1645 1273 1835 1343 hujus-

254 1370 405 1437 modi
432 1368 729 1424 intentione
759 1366 976 1420 assidue
1029 1379 1266 1429 manere,
1295 1372 1349 1420 et
1394 1364 1479 1418 his
1526 1363 1714 1417 diebus
1740 1377 1839 1433 pro

252 1460 366 1513 vita
416 1466 470 1511 et
523 1457 753 1511 sanitate
794 1464 973 1510 vestra
1024 1455 1217 1509 missas
1273 1463 1450 1509 tantas
1474 1463 1531 1508 et
1582 1454 1836 1522 psalteria

268 1557 419 1604 tanta
452 1546 648 1601 fratres
702 1554 915 1600 nostros
963 1545 1300 1599 deeantasse.
1362 1545 1559 1599 Sciatis
1607 1545 1838 1612 denique

256 1656 363 1695 nos
390 1641 588 1694 domno
616 1636 928 1707 imperatori
980 1636 1187 1691 litteras
1233 1651 1329 1706 per
1357 1643 1676 1706 praesentem
1707 1635 1837 1688 mis-

254 1745 376 1785 sum
402 1738 646 1782 nostrum
701 1727 948 1796 dirigere,
985 1727 1129 1779 unde
1171 1726 1405 1795 petimus
1432 1733 1489 1779 ut
1537 1725 1581 1779 si
1610 1725 1836 1779 domnus
1868 1720 1914 1779 Β

257 1818 544 1875 Πὶιιῗοίηιιε
595 1818 765 1881 deest,
824 1824 949 1871 ante
1005 1820 1261 1870 domuum
1307 1817 1686 1885 imperatorem
1741 1829 1832 1869 vos

262 1926 391 1965 eum
450 1909 695 1964 mittatis.
738 1907 924 1962 Valete
950 1906 1005 1960 in
1034 1906 1262 1960 Domino
1299 1921 1532 1976 semper,
1575 1912 1629 1959 et
1660 1905 1831 1958 nostri

248 2016 467 2054 memor
493 2008 683 2054 estote.

817 2084 1144 2142 EPISTOLA
1188 2084 1273 2139 ll].

625 2196 692 2233 AD
730 2195 1030 2234 ιυυονιευιι
1072 2193 1473 2232 IMPERATORI-Ill.

316 2271 400 2327 Ad
425 2286 586 2326 aures
607 2269 990 2325 misericordize
1017 2278 1212 2323 vestrae
1234 2269 1562 2332 reducimus,
1590 2269 1834 2339 piissime

241 2364 569 2433 imperator,
591 2377 689 2432 ego
714 2360 1060 2415 Faormnms
1081 2360 1389 2430 episcopus,
1417 2370 1472 2415 et
1500 2358 1835 2432 Smaragdus

242 2455 437 2517 abbas,
469 2454 613 2524 quod
637 2462 877 2523 tempore
904 2452 1186 2507 Fortunati
1226 2452 1635 2508 Mediolaccnsis
1663 2468 1688 2493 ιι
1716 2468 1834 2509 mo-

242 2544 472 2598 nasterii
509 2543 739 2606 abbatis,
769 2559 868 2613 per
885 2541 1185 2611 jussionem
1222 2552 1460 2598 vestram
1502 2544 1833 2613 Smaragdus

242 2636 420 2706 ipsius
468 2636 780 2689 monasterii
827 2635 1103 2690 monachis
1154 2636 1455 2704 portionem
1497 2638 1564 2692 de
1618 2636 1833 2691 abbatia

242 2724 415 2787 dedit,
446 2733 503 2777 ut
531 2724 855 2795 regulariter
878 2726 1140 2779 viverent.
1174 2725 1240 2778 Et
1272 2726 1475 2781 idcirco
1500 2725 1638 2780 bene
1662 2737 1719 2780 et
1748 2742 1832 2781 se-

239 2816 482 2872 cundum
507 2816 745 2886 regulam
774 2815 1047 2880 vixerunt,
1077 2831 1360 2885 quousque
1386 2815 1714 2871 Fortunatus
1742 2831 1832 2870 rc-

239 2907 416 2961 cessit
439 2906 488 2960 b.
516 2904 622 2961 Sed
650 2922 772 2959 cum
796 2907 1124 2975 suscepisset
1153 2906 1481 2961 llismnndus
1509 2906 1681 2976 ipsum
1720 2922 1834 2960 mo-

237 2997 571 3062 nasterium,
607 2997 812 3067 recepit
844 2996 1055 3051 illorum
1076 3005 1401 3065 portionem,
1428 3003 1482 3051 et
1501 2996 1750 3066 promisit
1773 3012 1832 3051 se

1944 458 2187 526 recipere
2216 474 2373 528 posse
2409 460 2679 523 dixerunt,
2713 462 2813 515 nisi
2845 463 2949 516 illis
2977 464 3153 531 portio
3185 464 3523 532 redderetur,

1941 549 2081 601 sicut
2106 548 2306 601 dudum
2334 549 2438 604 illis
2478 551 2609 604 dare
2638 552 2898 618 jussistis.
2929 552 3082 619 Quod
3113 554 3236 622 quia
3267 555 3380 624 ipse
3410 558 3527 610 sine

1941 649 2115 694 vestra
2151 638 2392 707 jnssione
2441 642 2744 697 nullatenus
2780 659 2838 697 se
2882 643 3150 699 facturum
3205 646 3367 711 dixit,
3406 648 3527 703 ideo

1942 730 2016 783 illi
2044 730 2233 784 omnes
2266 731 2471 800 pariter
2512 734 2785 786 communi
2819 734 3116 790 intentione
3143 740 3523 808 communique

1940 837 2100 891 prece
2129 822 2539 891 postulaverazt
2570 833 2628 877 ut
2664 824 2769 877 illis
2805 826 3080 879 licentiam
3118 827 3302 882 darem
3339 831 3404 883 ad
3434 846 3526 884 ve-

1939 922 2065 966 stra:
2091 914 2307 981 pictatis
2333 915 2674 983 prmsentiam
2709 917 3041 979 recurrendi,
3076 925 3130 971 et
3156 927 3393 973 vestram
3423 922 3527 975 mi-

1940 1002 2287 1056 sericordiam
2336 1005 2656 1072 implorandi
2689 1022 2702 1058 :
2730 1005 2973 1061 dicentes
3000 1024 3061 1062 se
3092 1010 3263 1079 magis
3287 1012 3425 1065 velle
3456 1013 3525 1067 de

1938 1097 2126 1149 eodem
2174 1097 2504 1151 monasterio
2541 1098 2756 1167 expelli,
2799 1108 2857 1153 et
2900 1100 2953 1154 in
2994 1103 3428 1171 peregrinatione
3473 1114 3530 1159 et

1940 1186 2286 1241 mendicitate
2317 1188 2521 1253 vivere,
2571 1205 2734 1257 quam
2781 1189 2931 1247 falsis
2959 1194 3410 1261 promissionibns
3449 1197 3532 1249 ul—

1939 1276 2110 1330 terius
2151 1277 2393 1340 credere,
2448 1287 2503 1331 ct
2547 1278 2649 1333 sub
2689 1278 2824 1335 falso
2869 1283 3257 1337 monachorum
3310 1286 3529 1341 nomine

1941 1367 2194 1421 militare.
2226 1366 2585 1433 Quamobrem
2630 1370 2876 1426 dedimus
2917 1375 2997 1429 eis
3026 1375 3298 1430 licentiam
3337 1378 3404 1431 ad
3432 1394 3528 1432 vos

1938 1458 2207 1511 veniendi.
2260 1458 2383 1512 Haec
2428 1468 2606 1513 autem
2642 1472 2837 1518 vestrm
2880 1466 3157 1533 sapientia:
3194 1468 3528 1523 innotuimus

1939 1556 1999 1601 ut
2026 1547 2340 1616 priusquam
2372 1549 2440 1603 ad
2478 1565 2572 1604 vos
2600 1552 2845 1617 veniant,
2896 1570 3089 1609 causas
3117 1556 3529 1611 acclamationis

1939 1652 2125 1692 eorum
2156 1638 2502 1709 dignoscatis.

2494 1768 2825 1825 EPlSTOLA
2858 1770 2942 1826 IV.

2597 1899 2666 1937 AD
2703 1895 2861 1937 Νηηθ

2006 1991 2477 2047 Excellentissimo
2512 2009 2579 2048 ac
2609 1994 2947 2049 nobilissimo
2983 1994 3100 2048 viro
3134 1995 3388 2065 celsoque
3430 1998 3529 2051 ho-

1935 2098 2068 2138 nore
2110 2082 2429 2153 dignissimo
2477 2083 2569 2149 N.,
2607 2100 2822 2140 summo
2850 2086 2991 2140 sacri
3042 2086 3227 2155 palatii
3278 2087 3526 2149 ostiario,

1934 2171 2283 2228 Fno'ruamus
2331 2174 2550 2229 humilis
2594 2176 2897 2245 episcopus,
2939 2184 2995 2230 et
3037 2178 3214 2231 omnis
3259 2176 3534 2233 Tullensis

1936 2264 2197 2329 Ecclesia,
2225 2267 2610 2322 canonicorum
2634 2268 2880 2323 videlicet
2903 2278 2958 2323 et
2983 2271 3392 2335 monachorum,
3412 2271 3528 2324 vir-

1935 2357 2140 2426 ginum,
2172 2367 2601 2427 caeterorumque
2629 2357 2864 2413 ﬁdelium
2905 2368 3141 2423 caterva,
3183 2368 3444 2415 aeternam
3475 2361 3529 2414 in
3614 2376 3617 2381 '

1933 2448 2154 2503 Christo
2181 2456 2432 2517 optamus
2455 2449 2707 2504 salutem.
2840 2456 2847 2463 '

2006 2539 2271 2595 Memores
2295 2542 2465 2595 vestri
2512 2543 2565 2595 in
2614 2541 2787 2596 sacris
2832 2542 3171 2597 orationibus
3216 2558 3420 2607 sumus,
3472 2551 3531 2597 et

1936 2631 2102 2685 Deum
2134 2630 2257 2687 cmli
2284 2646 2349 2687 ac
2375 2640 2536 2686 terra:
2562 2647 2660 2702 pro
2684 2632 2948 2700 sospitate
2977 2633 3222 2702 corporis
3255 2641 3311 2688 et
3332 2634 3528 2687 anima:

1934 2729 2133 2776 vestrm
2157 2721 2355 2790 smpius
2397 2721 2771 2791 deprecamur,
2801 2722 3009 2777 scilicet
3045 2732 3104 2775 ut
3131 2737 3225 2776 vos
3252 2732 3306 2776 et
3334 2723 3387 2775 in
3422 2724 3525 2776 hac

1934 2814 2043 2868 vita
2076 2815 2141 2868 ad
2170 2813 2472 2883 profectum
2503 2822 2749 2868 nostrum
2772 2813 3112 2882 aliorumque
3140 2812 3374 2867 ﬁdelium
3407 2813 3530 2867 diu-

1934 2904 2045 2957 tius
2105 2913 2391 2959 conservet
2452 2903 2810 2969 incolumem,
2877 2913 2932 2959 et
2979 2913 3101 2972 post
3146 2904 3350 2958 obitum
3401 2905 3533 2958 vita:

1936 3001 2152 3047 aeterna:
2191 2994 2395 3048 tribuat
2423 2993 2655 3049 feliciter
2684 3008 2805 3048 esse
2846 2996 3185 3064 participem.
3227 2993 3379 3050 Sciat
3429 2997 3529 3065 igi-

237 3089 325 3142 eis
364 3089 546 3141 omnia
582 3088 885 3142 necessaria
936 3087 1257 3157 regulariter
1303 3087 1826 3142 administraturum.
1859 3073 1903 3133 C
1938 3092 2025 3136 tur
2065 3083 2368 3137 sublimitas
2398 3093 2575 3138 vestra
2606 3086 2750 3154 quod
2792 3096 3080 3155 postquam
3126 3101 3299 3154 nuper
3340 3086 3409 3140 ad
3432 3101 3533 3141 vos

237 3180 403 3249 Ωιιυὰ
450 3188 633 3249 postea
675 3180 869 3250 saepius
927 3181 1083 3235 aliter
1126 3180 1201 3234 illi
1252 3180 1498 3235 evenisse
1545 3188 1828 3234 testantur.

237 3276 405 3331 Unde
449 3282 504 3329 et
536 3288 679 3328 nunc
707 3284 974 3329 venerunt
1017 3273 1083 3328 ad
1123 3290 1242 3338 nos,
1278 3273 1634 3328 reclamantes
1662 3281 1718 3326 et
1752 3272 1834 3326 di-

233 3373 435 3419 centes
478 3378 537 3417 sc
564 3378 662 3417 nec
686 3363 1009 3433 regulariter
1033 3363 1212 3416 vivere
1249 3362 1494 3426 interius,
1531 3376 1631 3415 nec
1668 3377 1831 3433 regu-

235 3453 437 3506 lariter
465 3450 720 3505 alimenta
749 3451 991 3519 corporis
1029 3465 1243 3505 sumere
1272 3450 1528 3504 exterius.
1576 3450 1834 3506 Venimus

236 3543 431 3611 itaque
459 3540 663 3610 pariter
685 3540 829 3603 illuc,
858 3547 912 3593 et
928 3525 1010 3593 ita
1040 3554 1162 3595 esse
1189 3540 1514 3599 invenimus.
1552 3547 1607 3594 et
1636 3555 1836 3610 cogno-

230 3634 426 3687 vimus
448 3647 516 3685 ex
542 3639 696 3701 parte
721 3630 1102 3702 negligentiam
1147 3631 1386 3701 ipsorum
1418 3632 1833 3695 monachorum,

234 3739 311 3777 ex
334 3732 491 3792 parte
518 3721 897 3792 negligentiam
940 3721 1152 3776 abbatis
1172 3735 1379 3776 eorum.
1410 3719 1666 3775 Promisit
1704 3736 1834 3792 ergo

235 3814 447 3868 iterum
477 3828 534 3867 se
559 3827 656 3882 per
682 3813 862 3867 omnia
891 3813 1181 3868 emendare
1205 3812 1339 3866 vclle
1367 3812 1628 3883 quidquid
1655 3812 1838 3868 hacte-

236 3921 349 3959 nus
373 3905 702 3975 negligenter
724 3920 787 3958 ex
817 3920 914 3960 sua
934 3913 1087 3974 parte
1126 3902 1301 3958 fuerat
1320 3914 1522 3959 actum.
1552 3903 1648 3958 Cui
1685 3906 1757 3959 rei
1782 3913 1839 3959 et

238 4014 349 4052 nos
376 3996 768 4060 consensimus,
801 4004 855 4049 et
893 4004 951 4049 ut
978 3995 1050 4048 illi
1079 3995 1331 4049 monachi
1371 4010 1653 4049 assensum
1698 4011 1838 4063 pne-

232 4082 442 4142 herent
484 4085 864 4140 laboravimus.
912 4083 1016 4139 Sed
1059 4084 1133 4138 illi
1170 4085 1422 4138 timentes
1462 4098 1545 4146 ne,
1577 4084 1835 4138 sicutsze-

237 4177 373 4247 pius
405 4186 681 4240 evenerat,
727 4185 820 4229 aut
853 4190 949 4245 per
973 4191 1129 4240 cum,
1159 4183 1253 4230 aut
1286 4189 1384 4244 per
1409 4172 1526 4241 ejus
1556 4173 1835 4228 ministros

240 4267 398 4322 illius
430 4265 714 4335 promissio
749 4263 1128 4330 frustraretur,
1177 4279 1278 4320 nec
1304 4263 1421 4334 ejus
1462 4263 1836 4333 promissioni-

238 4380 672 4435 labantveteres
716 4376 954 4431 Franci:
1008 4376 1154 4446 quod
1205 4374 1441 4430 cilicium
1490 4373 1827 4429 mdilitiorum

241 4449 475 4505 nomine
504 4448 677 4519 apudA
698 4447 948 4519 antiquos
998 4446 1272 4519 Romanos
1301 4446 1658 4519 censebatur,
1690 4455 1828 4519 teste

242 4515 608 4574 monacho'S.
639 4516 778 4572 Galli
809 4515 861 4571 in
886 4518 983 4571 lib.
1015 4532 1031 4571 ι
1070 4518 1136 4572 de
1165 4515 1345 4572 Gestis
1396 4515 1573 4569 Caroli
1607 4515 1779 4581 Magni
1811 4532 1825 4570 :

244 4591 388 4645 Erat
409 4590 667 4644 ostiarius
691 4587 874 4658 palatii
901 4588 1108 4657 primus
1160 4588 1300 4641 inter
1328 4585 1707 4641 ministerialcs
1736 4600 1830 4654 pa-

244 4660 477 4724 latinos,
504 4660 597 4729 qui
638 4657 933 4729 majoribus
970 4658 1233 4729 ministris
1285 4660 1651 4729 suberauttut
1675 4658 1832 4709 docet

244 4726 582 4785 llincmarus
641 4726 731 4783 de
769 4727 970 4799 Ordine
1023 4728 1229 4799 palatii,
1283 4727 1478 4799 cap.7.
1545 4726 1830 4799 Cerungus

246 4815 399 4855 anno
424 4800 551 4864 822,
588 4809 646 4854 ut
675 4806 902 4854 testatur
928 4797 1268 4869 Eginhardus
1300 4798 1351 4852 iu
1389 4797 1704 4861 Annalibus,
1746 4798 1829 4850 fa-

246 4882 376 4925 ctus
429 4879 514 4924 est
572 4870 889 4924 administer
936 4868 1179 4923 Letharii
1221 4868 1382 4922 Italiae
1428 4868 1612 4937 regis:
1645 4877 1830 4936 postea

246 4941 560 4996 monachus
589 4941 691 4996 t’uit
741 4939 1072 4994 Prumiensis
1101 4957 1112 4990 :
1147 4953 1269 4991 eum
1305 4957 1321 4988 ι
1358 4938 1721 4992 clarissimum
1753 4939 1833 4991 vi-

248 5009 765 5080 rum,olim-palatii
803 5010 1036 5074 aedilem,
1088 5023 1242 5080 nunc,
1285 5009 1604 5080 monachum
1646 5026 1665 5058 ι
1700 5007 1831 5080 dicit

252 5077 682 5137 Wandalbertus
732 5080 786 5134 in
831 5080 969 5133 libro
1004 5092 1164 5148 quem
1213 5079 1279 5133 de
1332 5078 1599 5131 Miraculis
1656 5077 1829 5131 sancti

247 5150 451 5205 Goaris
474 5151 689 5220 scripsit
711 5168 801 5207 an.
828 5151 953 5205 859.

324 5232 350 5258 ιι
382 5217 795 5290 Corrigendum,
846 5218 1196 5290 Medinuensis
1228 5233 1245 5270 :
1271 5218 1373 5272 hoc
1401 5217 1444 5290 si
1474 5218 1687 5290 quidem
1718 5233 1833 5273 mo-

242 5288 575 5355 nasterium,
605 5292 762 5361 vulgo
791 5290 993 5345 dictum
1038 5288 1596 5361 Mogyen-uioutiertin
1624 5288 1834 5361 Vosago

240 5362 447 5425 situm,
497 5356 761 5417 attinebat
809 5361 875 5414 ad
911 5360 1222 5429 parochiam
1279 5356 1547 5429 Frotharii
1588 5356 1833 5429 Δςῐιίειείιιὶ

241 5430 550 5492 Tullcnsis,
579 5447 607 5483 a
636 5447 741 5500 qua
780 5427 933 5500 longe
960 5431 1147 5484 aberat
1172 5428 1555 5500 monasterium
1586 5427 1835 5500 mediola-

240 5516 443 5564 cense,
492 5496 725 5555 Medeloc
753 5515 847 5554 seu
876 5496 1118 5563 Mithlac,
1170 5498 1221 5551 in
1254 5498 1471 5551 dimcesi
1501 5496 1828 5552 Trevirensi.

240 5570 565 5625 Madalvino
604 5571 830 5623 Mediani
861 5568 1169 5622 monasterii
1225 5569 1417 5622 abbate
1456 5578 1688 5633 mortuo,
1721 5585 1833 5621 mo-

237 5642 421 5695 nachi
454 5643 518 5695 de
564 5640 808 5710 eligendo
847 5640 949 5693 sibi
988 5653 1301 5693 successore
1345 5638 1489 5691 inter
1522 5653 1578 5693 se
1607 5639 1831 5694 disside-

1840 4927 1875 4963 θ

1935 3176 2109 3231 direxi
2142 3176 2366 3231 missum
2397 3185 2665 3240 nostrum,
2715 3178 2980 3248 synodqu
3010 3178 3281 3247 parochize
3326 3187 3528 3233 nostra:

1935 3267 2090 3337 plene
2122 3266 2437 3332 convocavi,
2483 3277 2539 3322 et
2569 3283 2669 3337 pro
2694 3267 2867 3322 salute
2887 3276 3065 3322 vestra
3094 3268 3288 3323 missas
3311 3278 3367 3323 et
3385 3268 3531 3338 psal-

1938 3360 2074 3413 teria
2104 3359 2380 3413 dccantari
2418 3358 2520 3414 feci
2553 3376 2566 3411 :
2598 3361 2743 3428 quod
2771 3367 2828 3413 et
2848 3360 3044 3429 smpius
3071 3374 3233 3429 agere
3261 3360 3331 3413 ob
3358 3359 3525 3414 vestri

1935 3450 2351 3519 prosperitatem
2379 3458 2435 3504 et
2459 3450 2719 3504 debemus
2751 3457 2809 3503 et
2836 3450 3106 3519 cupimus.
3134 3449 3243 3505 Vos
3271 3465 3403 3505 vero
3427 3465 3526 3505 no-

1936 3541 2033 3596 stri
2064 3549 2278 3610 semper
2320 3539 2752 3605 reminiscimini,
2783 3547 2839 3594 et
2870 3554 2971 3608 pro
2997 3540 3413 3595 necessitatibus
3440 3548 3527 3594 at-

1937 3648 2042 3703 que
2070 3632 2400 3703 profectibus
2436 3632 2692 3689 Ecclesiae
2736 3642 2934 3687 nostra:
2978 3633 3227 3687 laborare
3254 3648 3319 3686 ne
3355 3633 3523 3702 pigri-

1938 3726 2145 3790 temini,
2179 3725 2429 3780 videlicet
2450 3726 2517 3780 de
2556 3709 2644 3779 illa
2670 3725 2903 3787 ratione,
2949 3740 3047 3794 pro
3068 3740 3174 3795 qua
3203 3726 3268 3779 ad
3296 3740 3395 3779 vos
3417 3725 3522 3780 Ca-

1939 3817 2153 3873 tallonis
2188 3815 2568 3888 [Catalaunis]
2614 3816 2905 3871 vassallum
2951 3824 3195 3869 nostrum
3244 3816 3438 3875 direxi.
3471 3826 3527 3870 et

1940 3922 2083 3961 nunc
2128 3905 2328 3960 domno
2365 3903 2430 3958 N.
2478 3905 2673 3960 exinde
2715 3904 2926 3959 litteras
2954 3905 3236 3972 dirigimus
3265 3913 3528 3959 vestram-

1937 4011 2043 4066 que
2066 3995 2481 4051 benivolentiam
2513 4010 2801 4065 precamur
2841 4005 2897 4048 ut
2938 4010 3062 4049 cum
3101 3995 3191 4050 illo
3224 3996 3429 4065 pariter
3457 4013 3524 4051 ex

1938 4091 2041 4144 hoc
2080 4089 2389 4150 deeertetis,
2445 4087 2512 4140 N.
2561 4088 2612 4141 id
2646 4088 2822 4156 ipsum
2864 4088 3140 4142 suadeatis
3177 4097 3237 4143 ut
3275 4089 3426 4144 vobis
3460 4090 3529 4144 de

1937 4179 2244 4247 hujusmodi
2272 4194 2437 4234 causa
2485 4179 2820 4243 consentiat,
2871 4179 2999 4248 quia
3040 4180 3108 4233 ad
3136 4179 3253 4249 ejus
3283 4179 3525 4235 ministe-

1939 4274 2077 4327 rium
2122 4272 2309 4328 eadem
2360 4270 2794 4341 possessiuncula
2836 4271 3092 4342 pertinet.
3144 4272 3350 4327 Taliter
3395 4273 3526 4328 hinc

1940 4392 2106 4445 runt,
2147 4383 2213 4436 ad
2265 4396 2493 4451 quorum
2544 4379 2945 4451 commacndos
2986 4382 3196 4437 animos
3247 4397 3278 4436 a
3327 4381 3527 4437 Carolo

1936 4455 2124 4524 Magno
2147 4453 2343 4507 missus
2370 4461 2450 4524 est
2479 4451 2824 4524 Fortunatus,
2874 4465 3035 4524 quem
3077 4452 3325 4524 monachi
3354 4455 3520 4507 abba-

1933 4520 2041 4577 teni
2065 4524 2362 4593 elegerunt.
2389 4521 2717 4576 Fortunatus
2743 4520 3035 4576 Gradensis
3064 4531 3149 4578 est
3180 4523 3267 4578 ille
3289 4524 3522 4593 patriar-

1932 4596 2184 4664 chaqul,
2215 4610 2244 4647 a
2270 4593 2496 4664 ducibus
2528 4593 2745 4647 Venetis
2773 4594 3099 4664 exagitatus,
3136 4596 3188 4648 in
3234 4593 3523 4649 Franciam

1933 4666 1999 4717 ad
2030 4662 2279 4735 Czirolum
2326 4663 2574 4735 confugit
2608 4678 2748 4717 anno
2786 4662 2911 4716 803'.
2944 4662 3165 4719 Ineunte
3209 4666 3521 4735 principatu

1934 4733 2192 4788 Ludovici
2227 4734 2338 4797 Pii,
2370 4734 2511 4787 inter
2539 4733 2890 4788 Fortunatam
2916 4743 2971 4787 et
3002 4736 3297 4789 monachos
3324 4733 3507 4788 simul-

1938 4814 2018 4865 tas
2039 4813 2157 4859 orta
2181 4812 2263 4873 est
2288 4804 2355 4858 de
2381 4805 2628 4873 portione
2661 4818 2781 4871 qua:
2818 4804 3062 4872 utrisque
3089 4815 3399 4872 competere
3428 4805 3518 4858 dc-

1936 4875 2117 4929 bebat.
2174 4872 2503 4929 Fortunatus
2556 4889 2767 4928 samum
2814 4873 2939 4940 jure
2993 4874 3157 4927 totius
3202 4874 3520 4928 substantiae

1936 4945 2456 4998 administrationem
2482 4944 2580 4996 sibi
2614 4942 2920 4997 vindicabat
2952 4960 2964 4995 :
2992 4942 3239 4997 Monachi
3276 4956 3426 5001 vero.
3461 4953 3518 4997 ut

1937 5015 2025 5068 ille
2054 5023 2174 5069 erat
2194 5015 2352 5067 alieni
2382 5012 2558 5083 gregis
2584 5022 2636 5065 et
2666 5013 2913 5067 instituti.
2944 5020 3159 5083 certam"
3190 5012 3291 5065 sibi
3314 5013 3517 5083 portio-

1936 5100 2058 5138 nem
2088 5081 2469 5153 assignandam
2511 5096 2629 5137 esse
2659 5083 3080 5137 contendebant.
3136 5082 3212 5135 Re
3238 5084 3308 5153 ad
3340 5081 3518 5153 Luto-

1937 5156 2113 5209 vicum
2158 5151 2357 5215 delata,
2402 5153 2560 5220 hujus
2607 5153 2806 5222 negotii
2841 5168 3029 5207 curam
3056 5151 3326 5206 commisit
3369 5152 3522 5206 Sma-
3586 5155 3592 5161 ‘

1939 5226 2103 5295 ragdo
2129 5224 2304 5278 abbati
2331 5224 2388 5277 S.
2421 5223 2695 5295 Michaelis
2716 5223 2783 5295 ad
2808 5222 3035 5286 Mosam,
3071 5223 3163 5295 qui
3194 5223 3520 5295 «monachis

1935 5292 2235 5362 portionem
2284 5295 2349 5347 de
2402 5294 2617 5348 abbatia
2669 5293 2834 5358 dedit,
2892 5303 2950 5346 ut
3002 5292 3322 5364 regulariter
3373 5292 3519 5348 vive-

1937 5373 2077 5419 rent.
2118 5384 2134 5417 ι

2009 5435 2033 5473 b
2059 5434 2113 5487 l.l
2161 5433 2361 5487 factum
2390 5430 2471 5486 vel
2500 5448 2641 5487 anno
2669 5434 2795 5496 82!,
2836 5448 2960 5487 cum
3000 5432 3331 5488 Fortunatus
3377 5434 3519 5486 Con-

1936 5504 2344 5574 stantinopolim
2392 5520 2450 5555 se
2496 5505 2718 5574 recepit,
2748 5512 2840 5557 aut
2883 5517 3027 5574 aquo
3076 5503 3200 5568 8°25,
3245 5517 3368 5557 cum
3411 5503 3518 5557 ltr-

1937 5590 2078 5627 ntain
2105 5572 2286 5627 ex'illa
2322 5574 2452 5626 urbe
2479 5572 2822 5642 profecturus
2844 5575 2896 5626 in
2926 5572 3154 5628 Francia
3186 5574 3437 5629 decessit.

2007 5654 2031 5683 ο
2062 5642 2222 5698 Forte
2250 5642 2570 5713 Gerungum,
2602 5651 2663 5698 ut
2689 5659 2870 5714 supra.
