3898 6178
373 342 474 401 867

1421 322 1793 395 I-‘llOTllAilll
1832 316 2213 375 TL'LlENSlS
2252 313 2552 369 El’iSaJOPl

3521 300 3613 362 868'

370 463 554 512 vestra
594 446 893 503 sollicitudo
932 442 1135 511 vigilet,
1192 439 1421 508 qualiter
1464 439 1517 491 in
1565 436 1718 490 vobis
1767 432 1948 487 fideles
1976 443 2022 494 Α
2053 435 2195 491 rent,
2230 434 2285 479 et
2312 435 2501 477 contra
2531 423 2887 476 ministerium
2934 435 3146 474 sacrum
3181 418 3311 472 nihil
3341 435 3622 488 praesume-

371 544 539 602 vestri
560 538 902 608 confidimus.
934 533 1120 586 Valete
1144 543 1356 599 semper
1386 529 1439 581 in
1469 526 1702 581 Christo.

937 638 1271 695 EPISTOLA
1315 635 1376 690 V.

1035 727 1102 765 AD
1139 725 1261 763 Νη..

442 809 785 865 Nobilissimo
810 805 928 857 viro
963 810 1018 856 et
1043 815 1166 855 cum
1195 798 1343 853 omni
1372 799 1579 851 honore
1623 792 1949 847 nominando

375 908 484 960 Ν...
522 901 842 958 Frotharins
870 898 1154 965 cpiscopus
1197 903 1452 947 atteruam
1489 892 1540 943 in
1575 870 1798 944 Domino
1824 894 1951 954 Opto

374 999 486 1054 salu
496 1008 600 1052 tem
610 1035 623 1048 .

446 1089 640 1141 Notum
690 1083 760 1138 sit
813 1076 1084 1133 dilectioni
1122 1083 1317 1129 vestrm
1357 1072 1483 1142 quia
1524 1084 1740 1138 semper
1783 1064 1947 1119 vestri

374 1190 643 1232 memores
667 1187 852 1226 sumus
876 1170 926 1223 in
953 1171 1119 1222 sacris
1148 1163 1502 1225 orationibus,
1535 1168 1587 1212 et
1606 1167 1838 1211 vestram
1862 1170 1950 1208 sa-

373 1270 595 1321 nitatem
609 1263 811 1333 jugiter
835 1271 1053 1313 manere
1087 1255 1476 1309 desideramus.
1532 1248 1684 1304 Unde
1708 1255 1765 1300 et
1793 1246 1951 1298 modo

373 1373 472 1426 pro
514 1332 693 1408 vobis,
718 1347 993 1405 decantari
1033 1345 1135 1399 feci
1186 1343 1380 1396 missas
1422 1348 1475 1394 et
1518 1336 1795 1406 psalteria.
1844 1332 1951 1387 Vos

372 1424 585 1515 quoque
638 1441 807 1497 nostri
851 1453 1063 1507 semper
1113 1431 1556 1494 reminiscimini,
1605 1436 1658 1481 et
1693 1424 1954 1495 quidquid

373 1537 527 1589 vobis
573 1536 673 1589 iste
719 1533 917 1585 missus
949 1538 1134 1583 noster
1174 1523 1577 1595 significaverit,
1623 1519 1800 1573 facere
1839 1526 1952 1571 stu-

374 1627 513 1680 dete.
545 1624 730 1680 Valete
761 1623 812 1675 in
840 1620 1067 1676 Domino
1099 1624 1201 1679 ter,
1233 1625 1427 1685 quater
1453 1620 1509 1667 et
1532 1611 1758 1666 centies.

930 1713 1262 1784 misrom
1298 1724 1386 1779 vr.

814 1818 881 1856 AD
918 1814 1215 1855 SlCllARDUM
1255 1810 1517 1850 ABBATESI.

446 1894 791 1950 Nobilissimo
820 1892 955 1954 viro,
989 1897 1045 1943 et
1077 1886 1258 1940 nimia:
1295 1882 1598 1937 dilectionis
1626 1880 1819 1935 aﬂ'ectu
1862 1894 1955 1934 co-

375 1987 534 2041 lende
581 1984 851 2039 SICIIARDO
882 1993 907 2021 α
940 1980 1119 2034 divina
1158 1976 1462 2047 provisione
1506 1969 1803 2027 venerabili
1840 1983 1956 2021 ma-

375 2077 561 2147 gistro,
594 2072 939 2128 FBOTHARIUS
968 2069 1253 2138 episcopus
1280 2062 1615 2119 humillimus
1638 2070 1691 2113 et
1716 2072 1955 2127 praesen-

374 2166 447 2221 tis
474 2173 529 2219 et
566 2173 837 2233 perpetuae
867 2157 1138 2213 fclicitatis
1167 2156 1221 2209 in
1248 2153 1475 2209 Domino
1511 2159 1641 2220 opto
1670 2147 1916 2203 salutem.

446 2258 714 2323 Quantum
760 2262 957 2307 vestra:
1021 2247 1356 2306 celsitudinis
1408 2253 1608 2300 statum
1655 2241 1957 2311 omnigenis

375 2345 787 2418 opihusjugitcr
816 2344 1024 2405 ﬂorere,
1071 2350 1127 2395 et
1153 2338 1405 2393 omnibus
1444 2334 1719 2407 prosperis
1759 2333 1957 2400 ubique

374 2440 676 2493 exuberare
707 2436 1098 2498 desideremus,
1129 2440 1184 2486 et
1223 2430 1419 2485 divina:
1450 2428 1776 2498 cognitionis
1810 2425 1960 2480 novit

376 2528 622 2593 intuitus,
648 2536 700 2581 et
723 2541 848 2580 mox
877 2534 936 2579 ut
963 2523 1176 2578 occasio
1203 2521 1415 2575 venerit
1440 2517 1732 2581 serviendi,
1762 2524 1959 2570 vestra:

374 2631 701 2687 cognoscere
728 2615 923 2686 poterit
969 2612 1247 2668 industria:
1287 2624 1499 2665 sensus.
1545 2607 1697 2675 Quod
1731 2614 1787 2660 et
1814 2621 1960 2660 nunc

373 2710 590 2779 quidem
624 2706 910 2771 veraciter,
942 2715 1004 2760 ut
1028 2705 1317 2768 credimus,
1367 2702 1629 2775 agnoscit,
1678 2701 1805 2771 quia
1835 2715 1960 2769 pru-

380 2805 573 2858 denter
615 2800 861 2871 intelligit
886 2800 1206 2855 cbaritatem
1240 2796 1569 2868 quibuslibet
1609 2796 1957 2867 praepeditam

376 2892 692 2956 obstaculis,
743 2899 798 2945 et
834 2892 888 2946 in
934 2892 1097 2947 corde
1147 2889 1530 2945 inviolabiliter
1576 2888 1767 2947 teneri.
1815 2895 1871 2942 et
1903 2885 1958 2940 in

377 2985 557 3054 operis
608 2985 870 3040 exercitio
916 2985 1231 3055 plerumque
1275 2997 1385 3038 non
1433 2980 1697 3036 exhiberi.
1756 2978 1863 3033 Sed
1914 2979 1956 3033 si

379 3075 507 3142 quid
534 3076 792 3129 hactenus
830 3075 898 3129 de
947 3075 1143 3129 vestris
1184 3073 1460 3141 obsequiis
1504 3072 1683 3125 minus
1727 3071 1958 3141 egimus,

378 3174 562 3219 vestra
605 3180 704 3219 nos
736 3165 909 3232 jussio
939 3165 1191 3231 deinceps
1237 3163 1559 3226 admoneat,
1608 3168 1670 3214 ut
1713 3162 1853 3215 sicut
1880 3160 1962 3214 di-

382 3269 546 3325 gnum
574 3263 676 3318 est,
703 3255 857 3307 vobis
900 3252 1082 3308 sedula
1110 3252 1373 3307 servitute
1406 3250 1745 3306 famulemur.
1792 3251 1963 3306 Caete-

383 3362 501 3400 rum
550 3346 900 3399 obsecramus
948 3352 1146 3399 vestra:
1197 3343 1414 3413 pietatis
1462 3342 1802 3397 clementiam
1832 3382 1847 3406 ,
1904 3350 1965 3397 ut

380 3434 525 3489 hunc
551 3448 777 3504 puerum
816 3432 1071 3487 famulum
1100 3441 1342 3487 vestrum
1371 3431 1619 3486 Haudulli
1661 3432 1875 3487 comitis
1902 3431 1964 3485 fi-

380 3524 534 3589 lium,
577 3531 703 3577 ante
749 3524 1017 3578 seniorem
1068 3530 1310 3577 nostrum
1357 3520 1614 3575 domuum
1648 3520 1963 3574 Lotharium

385 3615 762 3681 introducatis,
792 3625 849 3670 et
893 3629 1086 3669 causas
1134 3613 1474 3668 necessitatis
1516 3613 1588 3676 ci,
1644 3627 1779 3682 quas
1809 3612 1965 3667 vobis

383 3704 695 3768 innotuerit,
726 3704 864 3775 apud
888 3720 1013 3759 eum
1035 3703 1193 3775 digna
1223 3702 1604 3772 impetratione
1630 3702 1919 3757 ohtineatis
1948 3722 1960 3755 :

382 3803 443 3848 ut
482 3794 941 3865 quemadmodum
984 3793 1051 3848 de
1086 3793 1268 3848 multis
1303 3792 1443 3857 aliis,
1478 3795 1549 3847 ita
1576 3793 1718 3847 etde
1749 3792 1852 3847 isto
1878 3808 1966 3848 ve-

384 3892 496 3938 stra
539 3883 895 3954 amplificetur
921 3884 1261 3952 eleemosyna
1291 3889 1349 3946 et.
1377 3896 1585 3936 merces
1604 3921 1618 3944 ,
1663 3888 1717 3934 et
1748 3880 1801 3935 in
1830 3896 1967 3950 prte-

384 3976 524 4030 seuti
550 3983 790 4045 tempore
819 3975 886 4029 de
917 3974 1072 4028 nobis
1118 3981 1173 4028 et
1220 3972 1286 4027 de
1330 3973 1446 4042 ipso
1491 3970 1738 4027 habeatis
1790 3973 1964 4027 servi-

386 4064 540 4129 tium,
569 4074 625 4119 et
642 4080 672 4119 a
695 4065 805 4119 Deo
824 4064 1168 4134 sempiterna:
1195 4061 1710 4132 recompensationis
1732 4062 1968 4130 accipia-

390 4155 461 4210 tis
486 4154 788 4225 prmmium.

939 4240 1270 4297 EPISTULA
1312 4240 1421 4295 ΥΠ.

803 4353 871 4391 ΑΒ
906 4351 1094 4391 ιυυιτιι
1133 4349 1554 4389 IIPERATRICEII.

458 4430 743 4485 lnnotesro
774 4427 1073 4483 clementia:
1115 4434 1330 4490 vestrm,
1366 4425 1709 4480 serenissima
1742 4426 1970 4494 impera-

391 4522 520 4584 trix,
548 4534 645 4589 ego
669 4518 1016 4575 Faoruamus
1045 4515 1264 4571 humilis
1289 4515 1604 4584 episcopus,
1638 4517 1782 4585 quod
1809 4530 1969 4584 quas-

392 4610 514 4663 dam
555 4605 847 4675 injustitias
888 4604 1134 4659 fecerunt
1186 4605 1238 4659 in
1286 4612 1469 4659 nostra
1508 4606 1766 4675 parochia
1818 4605 1968 4660 missi

392 4698 583 4763 vestri,
608 4697 659 4753 id
682 4705 766 4752 est
795 4711 990 4751 nomen
1022 4695 1145 4760 illis,
1176 4697 1301 4766 quia
1343 4695 1478 4751 alias
1510 4695 1789 4760 ecclesias,
1814 4710 1845 4749 a
1870 4711 1969 4750 no-

392 4788 478 4845 bis
508 4788 798 4844 secundum
847 4785 1270 4842 ecclesiasticam
1311 4787 1721 4857 dispositionem
1756 4786 1972 4841 ordina-

396 4892 500 4944 tas,
531 4881 690 4935 aliter
728 4878 1114 4934 ordinaverunt
1158 4888 1213 4934 et
1255 4879 1594 4934 abstulerunt
1641 4877 1709 4933 de
1744 4876 1969 4947 quibus-

396 4975 519 5030 dam
546 4971 786 5028 ecelesiis
809 4972 909 5026 hoc
935 4970 1077 5040 quod
1099 4971 1165 5024 ad
1203 4969 1321 5025 illas
1339 4969 1482 5038 juste
1504 4979 1558 5023 et
1580 4968 1977 5023 rationabiliter

400 5066 719 5136 pertinebat.
770 5064 873 5117 Sed
904 5063 1049 5118 etde
1085 5062 1313 5117 ecclesia
1360 5061 1516 5116 istius
1560 5061 1859 5132 presbyteri
1895 5077 1980 5115 vc-

400 5157 496 5210 stri
529 5155 764 5210 tulerunt
799 5153 1077 5209 dimidium
1109 5167 1377 5213 mansum,
1408 5160 1463 5206 et
1495 5152 1773 5206 dimidiam
1824 5166 1976 5206 suam

401 5246 685 5309 decimam,
719 5252 774 5298 et
798 5243 1062 5298 dederunt
1090 5242 1295 5296 homini
1339 5242 1476 5297 laico
1502 5251 1690 5297 contra
1718 5242 1978 5297 canonica

402 5343 628 5400 statuta,
671 5344 726 5388 et
773 5343 961 5388 contra
1005 5332 1362 5385 ministerium
1407 5347 1471 5387 ac
1509 5332 1840 5387 voluntatem
1885 5349 1979 5385 no-

406 5434 594 5479 strain.
642 5425 749 5480 Nos
776 5434 957 5480 autent
982 5424 1181 5479 scimus
1221 5424 1364 5492 quod
1400 5432 1580 5477 vestra
1607 5422 1779 5490 jussio
1806 5432 1860 5477 et
1891 5440 1981 5479 vc-

407 5522 519 5568 stra
538 5514 788 5569 voluntas
818 5514 938 5581 fuit,
966 5523 1025 5569 ut
1050 5513 1426 5567 rectitudinem
1457 5520 1512 5567 et
1542 5512 1805 5581 justitiam
1839 5512 1980 5568 facc-

478 5637 503 5664 ιι
531 5626 824 5680 Sicbardns
861 5642 1001 5680 anno
1025 5625 1129 5680 8‘29
1151 5624 1395 5678 Acutiani
1436 5640 1530 5678 seu
1557 5625 1831 5681 Farfensis
1862 5643 1976 5680 mo-

408 5696 627 5747 nasterii
661 5696 825 5749 abbas
855 5697 1072 5754 electus,
1107 5696 1239 5747 obiit
1262 5709 1401 5747 anno
1429 5695 1550 5748 825.

2051 527 2190 571 rent.
2233 517 2592 583 Quamobrem
2617 516 2661 567 si
2694 522 2872 568 vestra
2899 513 3149 565 voluntas
3172 520 3259 565 est
3295 521 3355 565 ut
3379 515 3621 567 emende-

2051 615 2160 667 tur,
2204 606 2457 658 mandaie
2486 603 2659 667 nobis,
2695 612 2751 657 et
2778 616 2876 655 nos
2914 601 3209 655 secundum
3238 609 3480 654 vestrum
3503 618 3624 671 prte-

2052 704 2264 763 ceptum
2292 695 2405 748 btcc
2430 694 2610 749 omnia
2641 694 2713 746 ita
2736 692 3142 745 emendabimus
3160 698 3219 743 ut
3237 699 3422 743 vestra
3440 691 3625 745 exinde

2050 794 2263 839 crescat
2311 784 2669 851 eleemosyna,
2725 791 2783 835 ει
2835 796 3039 835 merces
3090 790 3351 851 augeatur
3405 789 3624 835 :eterua.

2053 881 2279 951 Semper
2308 880 2602 935 Ecclesiam
2628 879 2723 931 Dei
2763 877 3063 939 defendite,
3109 884 3163 930 et
3208 875 3627 930 ecclesiasticam

2052 975 2223 1043 legem
2248 972 2501 1033 exaltnte,
2531 979 2589 1024 ut
2617 985 2712 1024 vos
2735 969 3073 1035 omnipotens
3099 966 3357 1019 Dominus
3383 967 3453 1019 ab
3486 966 3627 1020 omni

2052 1063 2193 1115 male
2217 1060 2486 1117 defendat.
2518 1067 2573 1113 et
2607 1059 2673 1112 ad
2710 1057 3091 1112 cxaltatiouem
3118 1054 3356 1108 cmlcstis
3377 1053 3527 1122 regni
3556 1052 3631 1107 fe-

2054 1150 2226 1204 liciter
2255 1151 2534 1218 perducat.
2562 1149 2758 1207 Amen.

2598 1257 2930 1313 EPISTOLA
2960 1256 3089 1310 Vill.

2317 1367 2381 1404 AD
2422 1363 2701 1404 DBOGONEII
2742 1363 3021 1401 METENSEM
3061 1359 3368 1399 EI‘lSCOPUﬂ.

2125 1441 2468 1496 Nobilissimo
2494 1440 2608 1493 viro
2636 1448 2692 1493 et
2726 1448 2839 1492 toto
2865 1439 2995 1491 mihi
3023 1436 3215 1489 affectu
3244 1435 3468 1488 colendo
3497 1434 3633 1488 Dao—

2055 1546 2176 1585 eom
2201 1530 2228 1569 δ
2250 1529 2423 1599 gratia
2445 1536 2768 1597 cooperante
2797 1527 2978 1580 divina
3006 1523 3257 1578 Metensis
3285 1522 3430 1577 sedis
3463 1524 3633 1576 antis-

2057 1619 2158 1682 titi,
2191 1627 2504 1688 perpetuam
2533 1618 2586 1671 in
2615 1616 2831 1671 Christo
2860 1623 2987 1684 Opto
3009 1614 3256 1668 salutem.

2126 1710 2547 1765 Desiderabilem
2604 1718 2707 1764 tua:
2760 1709 3041 1780 dignitatis
3093 1723 3383 1778 personam
3439 1708 3632 1779 Oppido

1987 1794 2034 1853 Β
2061 1805 2414 1877 contemplari
2438 1804 2681 1875 proﬁcuo
2706 1812 2925 1873 aspectu
2954 1802 3221 1863 desidero,
3250 1801 3396 1855 etde
3416 1800 3635 1854 utilibus

2060 1900 2358 1969 quibusque
2384 1913 2447 1951 ac
2471 1905 2657 1952 nostro
2686 1895 2985 1950 ministerio
3011 1893 3431 1965 congruentibus
3474 1891 3633 1945 rebus

2062 2004 2237 2048 tecum
2265 1991 2543 2045 salutifera
2570 1989 2857 2045 collatione
2883 1985 3237 2043 sermocinari
3275 1983 3455 2054 cupio.
3500 1982 3633 2036 Prw

2060 2085 2203 2140 fecto
2228 2083 2370 2137 enim
2394 2082 2447 2135 in
2463 2080 2645 2135 verbis
2674 2080 2803 2143 tuis,
2826 2087 2886 2132 ut
2913 2086 3038 2147 pote
3060 2075 3311 2147 gratiosis
3333 2085 3498 2142 atque
3526 2072 3637 2126 dul-

2058 2174 2279 2237 ceratis,
2310 2171 2611 2226 invenietur
2633 2168 2790 2223 amici
2819 2167 3015 2239 gratia,
3051 2173 3105 2220 et
3130 2179 3354 2219 summa:
3391 2160 3636 2229 jucundi-

2060 2265 2190 2319 tatis
2232 2265 2285 2318 in
2323 2261 2477 2317 labiis
2507 2261 2613 2315 tuis
2639 2259 2912 2315 resonabit
2940 2257 3198 2321 suavitas,
3245 2254 3445 2324 quibus
3471 2259 3529 2306 et
3557 2266 3639 2308 sa-

2061 2357 2236 2410 lutare
2264 2352 2532 2409 audientis
2555 2350 2853 2405 visceribus
2875 2347 3149 2418 poculum,
3177 2352 3232 2399 et
3251 2342 3416 2397 vitale
3444 2342 3638 2396 tribua-

2061 2456 2149 2501 tur
2184 2447 2521 2500 alimentum.
2569 2443 2675 2498 Scd
2712 2442 2873 2512 hujus
2918 2438 3171 2493 desiderii
3208 2435 3314 2490 mei
3355 2443 3520 2503 atque
3550 2449 3639 2487 vo-

2060 2538 2282 2592 luntatis
2321 2535 2480 2606 paulo
2523 2543 2666 2605 post,
2715 2533 2759 2588 si
2783 2534 2892 2587 vita
2938 2545 3120 2585 comes
3166 2527 3350 2592 fuerit,
3392 2526 3642 2582 obtinebo

2053 2626 2330 2701 effectum,
2363 2635 2491 2681 tunc
2519 2624 2774 2679 videlicet
2802 2638 2923 2677 cum
2960 2636 3058 2691 pro
3091 2618 3407 2674 denuntiata
3454 2617 3643 2672 militia

2062 2718 2375 2788 Hesperiam
2417 2714 2689 2786 proﬁcisci
2729 2712 3057 2784 cmperimus
3087 2728 3099 2764 :
3132 2720 3223 2764 aut
3253 2724 3377 2764 cum
3425 2717 3645 2778 peracto

2062 2812 2280 2867 militari
2313 2810 2609 2866 certamine
2651 2809 2718 2863 ad
2744 2815 3066 2862 conventum
3111 2802 3418 2875 generalem
3446 2801 3646 2873 palatio

2062 2901 2506 2958 conﬂuxerimus.
2555 2898 2650 2953 His
2677 2896 2969 2967 explicitis,
3015 2905 3120 2949 tua:
3148 2894 3543 2949 innotescimus
3569 2893 3647 2948 di—

2063 2991 2321 3058 lectioni,
2376 2989 2699 3046 Leufredum
2756 2988 2917 3057 hujus
2965 2985 3207 3057 epistola:
3254 2984 3503 3056 gerulum
3554 3000 3650 3040 nos

2064 3083 2261 3146 adisse,
2304 3087 2622 3150 poscentem
2662 3085 2723 3132 ut
2765 3076 2833 3131 de
2878 3075 2960 3130 sui
2999 3074 3273 3138 connubii,
3316 3073 3464 3142 quod
3514 3073 3651 3127 inter

2065 3188 2164 3226 nos
2192 3180 2532 3225 asseveratur
2562 3168 2887 3228 exercuisse.
2933 3167 3032 3221 tibi
3078 3165 3449 3234 signiﬁcemus
3488 3165 3652 3219 ratio-

2065 3278 2209 3317 nem.
2243 3259 2407 3329 Cujus
2442 3260 2519 3314 rei
2550 3260 2618 3313 ad
2647 3274 2883 3329 pnesens
2922 3257 3249 3328 investigare
3280 3255 3347 3309 ad
3385 3254 3648 3326 liquidam

2065 3354 2408 3424 nequivimus
2461 3353 2877 3415 certitudinem,
2920 3365 3082 3420 quam
3134 3349 3288 3403 vobis
3343 3348 3651 3418 signiﬁcan-

2068 3450 2196 3513 tius,
2227 3464 2349 3504 cum
2386 3448 2453 3502 ad
2487 3448 2800 3518 prredictum
2848 3446 3225 3501 devenerimus
3253 3444 3542 3514 palatium,
3573 3445 3649 3497 in-

2068 3544 2258 3597 timare
2311 3543 2627 3613 poterimus.
2694 3542 2885 3597 Valere
2938 3550 2992 3595 te
3043 3541 3097 3595 in
3146 3539 3369 3595 Christo
3424 3538 3648 3595 feliciter

2065 3644 2213 3704 apto.

2623 3703 2956 3760 EPISTULA
3006 3703 3095 3758 IX.

2633 3813 2700 3851 AD
2765 3813 3078 3851 ιιιιυυικωι.

2138 3886 2620 3942 Excellentissimzc
2672 3886 2970 3942 nobilitatis
2999 3888 3140 3952 viro,
3192 3895 3249 3942 et
3293 3903 3416 3942 cum
3446 3900 3639 3942 summa

2068 3978 2416 4032 veneratione
2444 3976 2775 4031 nominando
2817 3976 3083 4031 "ILDUINO
3112 3992 3142 4030 a
3168 3978 3281 4031 Deo
3308 3978 3482 4032 electo
3506 3974 3641 4029 Patri

2068 4077 2123 4123 et
2150 4069 2430 4138 magistro,
2462 4067 2782 4123 Frotharius
2825 4068 3201 4138 episcoporum
3235 4069 3563 4125 humillimus
3594 4074 3645 4117 et

2070 4159 2247 4214 omnis
2275 4159 2543 4214 Tullensis
2566 4159 2838 4219 Ecclesiae,
2877 4159 3263 4214 eanonicornm
3299 4158 3565 4221 videlicet,
3595 4164 3644 4208 et

2071 4249 2483 4311 monachorum,
2524 4248 2792 4319 virginum
2823 4256 3255 4318 emtor-eruntque
3287 4248 3519 4304 fidelium
3563 4262 3644 4300 ca-

2074 4348 2224 4393 terva
2253 4339 2594 4408 sempiterna:
2625 4336 2894 4391 felicitatis
2922 4337 2973 4390 in
3003 4336 3221 4390 Christo
3253 4337 3499 4391 salutem.

2140 4431 2491 4500 Perspicuum
2522 4430 2675 4484 nobis
2718 4436 2834 4492 est,
2882 4429 3266 4497 paternitatem
3308 4438 3542 4483 vestram
3582 4423 3642 4477 ad

2077 4523 2363 4578 utilitatem
2393 4521 2800 4595 profectumque
2827 4529 3031 4575 sancte
3062 4520 3321 4575 Ecclesize
3345 4528 3476 4574 nutu
3510 4514 3644 4571 ordi—

2076 4623 2238 4668 nante
2265 4612 2445 4669 divino
2476 4612 2690 4667 easlitus
2716 4610 3050 4672 ordinatam,
3095 4610 3349 4665 videlicet
3379 4618 3441 4664 ut
3476 4615 3643 4662 vestro

2076 4703 2379 4774 patrocinio
2419 4701 2571 4755 multi
2608 4710 2665 4755 et
2709 4699 3077 4769 tetuporaliter
3102 4709 3158 4754 et
3189 4700 3537 4768 spiritualitcr
3573 4695 3644 4748 fo—

2076 4804 2324 4858 veantur,
2350 4801 2405 4848 et
2437 4795 2489 4847 in
2517 4801 2702 4847 sancta
2724 4792 2983 4863 religione
3008 4793 3309 4847 diutissime
3332 4804 3643 4847 conserven-

2079 4896 2186 4941 tur.
2218 4885 2583 4953 Quamobrem
2603 4883 2845 4938 diversas
2875 4884 3153 4937 hominum
3182 4898 3280 4936 vos
3304 4891 3514 4937 constat
3538 4893 3645 4933 sus-

2081 4976 2261 5043 cipere
2301 4988 2522 5033 causas,
2554 4983 2606 5026 ct
2637 4979 2915 5039 susceptas
2953 4972 3018 5023 ad
3052 4986 3214 5025 aures
3240 4969 3450 5024 deferre
3494 4970 3645 5033 impe-

2084 5065 2263 5125 riales,
2292 5072 2352 5117 ut
2376 5063 2446 5117 ob
2474 5061 2781 5129 hujusmodi
2815 5060 3051 5114 laborem
3099 5069 3154 5112 et
3192 5060 3428 5113 studium
3462 5054 3643 5122 sempi-

2083 5164 2235 5210 terna
2271 5154 2425 5209 vobis
2453 5160 2708 5224 augescat
2735 5167 2944 5206 merces
2981 5158 3035 5204 et
3063 5151 3365 5219 praemium.
3394 5145 3641 5215 Quot-ima

2083 5250 2276 5301 et’nos
2318 5259 2532 5312 quoque
2576 5241 2889 5312 suppliciter
2930 5238 3232 5309 ﬂagitamus
3268 5247 3329 5292 ut
3365 5236 3554 5291 diutius
3582 5229 3642 5283 aJ

2082 5346 2459 5391 ornamentum
2483 5341 2684 5388 saneta:
2714 5332 2965 5386 Ecclesiae
2986 5329 3401 5391 conscrvemini,
3424 5337 3476 5380 et
3503 5321 3645 5377 fami-

2082 5428 2166 5481 lia:
2195 5426 2514 5482 Cbristiauze
2537 5424 2835 5494 proficuum
2855 5421 3056 5492 jugiter
3077 5421 3365 5490 przrbcatis
3385 5416 3638 5490 gaudium.

2084 5519 2231 5572 Sciat
2259 5518 2443 5585 itaque
2469 5515 2731 5570 ctlsitudo
2758 5522 2934 5568 vestra
2956 5553 2970 5575 ,
3011 5528 3109 5566 nos
3140 5512 3226 5565 bis
3256 5512 3444 5565 diebus
3478 5502 3641 5559 maci-

2153 5630 2181 5669 1’
2222 5630 2393 5694 Drogo
2424 5627 2601 5679 Caroli
2649 5625 2820 5693 Magni
2863 5624 3021 5681 filius,
3074 5624 3247 5675 fartus
3269 5632 3349 5676 est
3379 5622 3635 5689 vpismpttﬁ

2085 5698 2335 5752 “t‘it‘llsls
2372 5714 2512 5749 anno
2542 5697 2663 5747 8:23.
2700 5696 2937 5748 Mortuus
2969 5703 3045 5747 est
3076 5711 3216 5745 anno
3247 5694 3366 5746 5257.
