3900 6178
213 288 319 342 3G9

1665 278 2019 333 EPlSTOL.E

3364 277 3473 332 8'70

214 406 348 451 lium
371 396 705 452 subditorum
731 406 1406 459 nostrorumconvocasse,
1430 405 1484 449 et
1505 411 1600 465 pro
1619 394 1791 448 salute
1828 398 1866 454 Α
1897 394 2107 463 pliciter
2148 403 2379 464 expeto,
2419 405 2478 450 ut
2524 398 2623 451 hee
2674 397 3026 466 spiritualitcr
3069 395 3274 467 glutino
3321 398 3475 451 vobis

211 489 398 543 cordis
423 503 487 541 ac
516 487 758 558 corporis
789 489 950 542 vestri
984 489 1176 542 missas
1209 497 1261 541 et
1302 487 1556 557 psalteria
1599 487 1793 541 decan-

214 581 324 634 tari
353 579 544 634 fecisse
567 621 582 642 ,
619 580 843 648 quodet
883 580 1129 633 crebrius
1169 594 1329 647 agere
1371 579 1441 633 ob
1484 577 1792 632 felicitatem

214 672 382 726 vestri
405 681 459 725 et
477 670 732 726 debemus
750 679 805 724 et
826 672 1087 740 cupimus.
1115 672 1220 726 Vos
1240 680 1416 724 autem
1442 671 1609 725 nostri
1636 670 1794 723 solita

216 766 421 828 pietate
450 762 871 817 reminiscamini
898 803 913 825 ,
944 771 997 818 et
1034 778 1251 816 causam
1281 760 1689 815 necessitudinis
1714 769 1795 811 at-

216 870 326 921 que
375 852 623 907 utilitatis
660 851 913 905 ECCICSliD
960 860 1198 913 llOSll‘tl},
1249 866 1368 920 qua:
1421 850 1573 903 vobis
1626 862 1796 917 nuper

213 943 518 1013 significata
547 953 660 1006 est,
688 942 732 995 si
760 950 1074 1011 competens
1111 940 1344 994 adfuerit
1384 940 1566 998 locus.
1597 938 1794 991 domno

217 1033 532 1104 imperatori
560 1032 868 1103 significare
915 1047 1021 1085 non
1070 1026 1697 1100 dedignemininscilicet
1730 1026 1795 1080 de

214 1108 429 1179 duolms
465 1125 668 1178 mansis
706 1124 773 1178 ad
814 1123 1093 1201 basilicam
1143 1122 1286 1175 beati
1330 1119 1441 1173 N...
1487 1116 1798 1187 pertinenti-

216 1215 341 1277 bus,
372 1224 427 1268 et
455 1215 723 1283 quondam
747 1214 813 1268 de
838 1212 1179 1283 possessione
1204 1210 1346 1264 beati
1373 1207 1632 1278 Stephani
1671 1208 1797 1269 sub,-

219 1304 448 1357 tractis:
481 1318 618 1372 quos
659 1303 748 1356 ille
793 1311 962 1361 tenet.
1003 1302 1095 1371 qui
1141 1300 1511 1355 imbecillitate
1554 1297 1799 1368 corporis

214 1401 591 1463 prwgravaute
631 1408 728 1447 nec
758 1395 824 1447 ad
868 1393 1114 1446 militiam
1159 1390 1302 1445 valet
1347 1390 1560 1461 egredi,
1590 1404 1692 1443 nec
1730 1387 1798 1441 ad

214 1482 476 1551 palatium
515 1497 727 1550 quoque
765 1481 1061 1535 deservire.
1092 1480 1222 1548 Qua:
1259 1478 1726 1549 possessiuncula,
1753 1478 1800 1531 si

213 1580 415 1624 vestra:
456 1570 756 1625 clementite
798 1569 929 1624 libet
957 1580 1014 1645 ut
1045 1570 1096 1623 in
1122 1567 1213 1636 jus
1243 1569 1480 1623 debitum
1521 1568 1797 1630 reddatur,

214 1660 513 1713 secundum
546 1659 985 1713 constitutionem
1010 1667 1244 1711 vestram
1264 1698 1278 1721 ,
1305 1658 1545 1727 ejusdem
1573 1656 1798 1726 przefato

1897 499 2172 538 connexus
2195 493 2249 538 et
2280 485 2475 539 vestris
2504 486 2783 553 colloquiis
2816 502 3050 549 reet-cer,
3087 495 3140 540 et
3180 486 3479 540 salutiferis

1894 572 2087 627 studiis
2111 581 2273 642 atque
2300 574 2561 642 exemplis
2599 575 2838 643 prolicue
2874 574 3155 628 informer.
3183 575 3470 637 Caeterum,

1894 666 2030 718 sciat
2059 674 2237 719 vestra
2275 666 2490 719 dilectio
2526 667 2654 719 mibi
2689 668 2884 735 oppiﬁo
2916 667 3199 731 displicere
3241 668 3306 721 de
3357 668 3478 736 qui-

1898 756 2121 809 busdam
2154 757 2433 809 manat-bis
2460 757 2690 809 etenobii
2740 758 2926 817 vestri,
2970 760 3055 811 cui
3101 759 3411 813 Erlefrcdus
3446 771 3473 800 α

1898 855 2074 899 rector
2093 862 2211 900 esse
2231 849 2459 900 videtur.
2480 848 2613 900 Cum
2636 847 2778 899 etiim
2802 860 2999 900 nostrae
3016 849 3282 916 parocbhe
3307 849 3477 902 isdem

1896 938 2140 1005 aaljaeeat
2166 939 2333 1004 locus,
2363 947 2417 993 et
2442 938 2776 993 habitatores
2811 940 2926 1009 ejus
2960 949 3146 994 nostro
3180 941 3477 994 n‘ntnimine

1896 1028 2009 1082 Deo
2032 1032 2301 1084 adnuente
2329 1030 2538 1100 protegi
2571 1030 2835 1090 debeant,
2865 1031 3219 1098 egrediuntur
3257 1031 3477 1099 quidam

1896 1132 2084 1170 eorum
2115 1118 2428 1185 parochiam
2460 1127 2699 1171 nostram
2730 1119 2933 1188 absque
2984 1129 3168 1172 nostro
3211 1120 3479 1187 permissu

1897 1216 1950 1260 et
1975 1208 2212 1271 licentia,
2236 1209 2389 1277 quasi
2419 1209 2489 1261 ob
2525 1210 2789 1276 quasdam
2819 1208 3230 1262 reclamationes
3249 1249 3263 1272 ,
3289 1218 3335 1261 et
3371 1224 3481 1276 quo

1899 1300 2122 1352 tendant
2155 1300 2367 1368 penitus
2393 1299 2602 1368 ignoro.
2634 1299 2800 1352 Porro
2830 1299 2874 1351 si
2905 1299 2972 1351 ad
2998 1314 3092 1353 vos
3121 1300 3362 1362 veniunt,
3387 1309 3481 1352 aut

1899 1389 2202 1443 molestiam
2232 1389 2432 1443 vestris
2472 1390 2697 1443 auribus
2728 1389 3001 1451 inferunt,
3034 1390 3165 1442 ordo
3193 1390 3485 1444 canonicus

1901 1498 2025 1551 erga
2060 1497 2157 1535 nos
2186 1481 2445 1535 debuerat
2472 1481 2822 1543 conservari,
2858 1489 2915 1534 ut
2941 1482 3073 1534 mihi
3115 1481 3327 1535 illorum
3354 1497 3486 1550 que-

1901 1571 2023 1624 rehe
2045 1580 2324 1639 paterent,
2359 1580 2415 1625 et
2446 1582 2633 1625 nostro
2666 1572 2783 1639 pari
2827 1571 3071 1625 consultu
3104 1572 3368 1625 correctio
3404 1573 3485 1626 eis

1901 1678 2137 1731 congrua
2184 1663 2422 1715 daretur.
2477 1662 2630 1729 Quod
2673 1662 2799 1731 quia
2846 1663 3107 1716 hactenus
3152 1663 3489 1733 negligenter

215 1748 518 1817 possessori
550 1748 634 1803 vel
678 1764 775 1817 per
813 1747 1184 1817 prrestariam,
1213 1746 1297 1801 vel
1340 1762 1437 1816 per
1479 1746 1799 1800 beneficium
1831 1744 1875 1801 Β
1902 1754 2162 1808 omissum
2212 1763 2329 1817 cst,
2377 1761 2560 1807 vestra
2606 1752 2657 1806 id
2704 1753 2957 1821 deinceps
3011 1752 3276 1807 industria
3323 1754 3485 1820 digna

215 1839 365 1893 valet
399 1838 630 1892 restitui.
671 1838 908 1893 Tandem
956 1846 1015 1893 ut
1060 1839 1251 1893 domus
1296 1839 1389 1892 Dei
1432 1856 1539 1894 non
1585 1840 1802 1893 amittat

215 1932 365 2000 quod
395 1929 613 1998 eijuste
641 1931 864 1985 debetur
909 1942 964 1986 et
1011 1933 1290 2001 competit.
1321 1930 1458 1985 Sunt
1496 1947 1710 2001 quoque
1746 1940 1801 1986 et

215 2021 329 2075 alio
368 2020 485 2074 loco
524 2036 617 2073 sex
672 2019 840 2073 mansi
889 2020 1008 2074 alia:
1040 2021 1275 2075 basiliete
1322 2021 1375 2075 in
1424 2023 1628 2076 honore
1658 2021 1799 2075 beati

216 2112 331 2165 Ν...
365 2120 687 2166 constructze
722 2110 1060 2179 adjacentes,
1091 2115 1185 2168 sed
1225 2123 1279 2167 et
1320 2114 1410 2168 alii
1447 2114 1799 2184 quadraginta

212 2201 461 2257 ecclesia”:
490 2202 631 2256 beati
655 2201 786 2255 Νη..
818 2203 1172 2272 pertinentes,
1195 2205 1383 2257 eodem
1412 2204 1570 2257 modo
1598 2205 1662 2257 de
1678 2201 1802 2271 jure

214 2293 464 2348 ecclesia:
494 2302 691 2347 nostra:
722 2294 921 2347 dudum
952 2294 1236 2357 subtracti,
1266 2294 1331 2348 de
1360 2296 1557 2364 quibus
1590 2295 1803 2349 dissitu-

215 2386 348 2439 dine
373 2384 770 2457 [desuetudine]
804 2386 993 2455 prisca:
1020 2388 1421 2442 constitutionis
1452 2387 1802 2454 inolescente,

217 2494 321 2532 nec
350 2492 545 2532 census
575 2477 803 2532 solvitur
829 2478 991 2532 ullus.
1031 2478 1167 2533 llinc
1215 2479 1379 2550 igitur
1408 2490 1588 2533 vestra
1618 2479 1804 2549 vigilet

219 2569 307 2637 pia
338 2569 663 2631 sollicitudo,
697 2578 754 2622 ut
787 2569 928 2638 quod
968 2569 1096 2624 olim
1119 2568 1229 2639 juri
1252 2569 1622 2624 ecclesiastico
1658 2568 1805 2637 juste

221 2658 592 2728 mancipatum
613 2666 715 2722 est,
738 2673 833 2728 per
860 2666 1092 2713 vestram
1114 2660 1508 2728 providentiam
1530 2660 1655 2716 illuc
1678 2668 1807 2715 tem-

220 2766 360 2820 pore
383 2766 622 2821 congruo
646 2750 993 2805 redhibeatur
1014 2760 1277 2819 perpetuo
1304 2750 1707 2821 possidendum,
1732 2752 1806 2806 ita

220 2843 493 2894 duntaxat
519 2849 579 2894 ut
609 2857 708 2895 nec
746 2840 970 2895 ecclesia
1001 2842 1162 2895 rebus
1204 2841 1399 2902 debitis
1438 2840 1802 2905 defraudetur,

221 2946 330 2986 nec
377 2946 718 3001 possessores
761 2947 948 2985 carum
996 2930 1185 2985 eadem
1223 2931 1562 3001 possessione
1589 2931 1806 2998 priven-

220 3031 334 3075 tur.
370 3020 523 3075 Nunc
554 3030 731 3074 tamen
760 3036 827 3074 ne
856 3027 1054 3074 nostra:
1082 3018 1368 3088 parvitatis
1391 3018 1584 3087 petitio
1609 3026 1805 3072 vestra:

1901 1848 2279 1903 emendatione
2319 1847 2520 1917 corrigi
2571 1846 2890 1900 debeatznt
2942 1862 3041 1900 nec
3080 1855 3274 1900 vestra:
3327 1861 3489 1899 aures

1902 1939 2131 1994 ulterius
2156 1940 2257 1993 hac
2279 1939 2331 1992 in
2366 1954 2423 1992 re
2454 1937 2829 2001 molestentur,
2861 1952 2959 1991 nec
2985 1937 3243 2007 nobisjus
3266 1938 3491 1992 canoni-

1902 2045 2024 2082 cum
2050 2038 2105 2082 ct
2128 2029 2430 2082 reverentia
2453 2028 2634 2083 debita
2659 2027 2958 2081 auferatur.
2981 2028 3073 2082 Est
3098 2036 3356 2096 praeterea
3381 2027 3489 2081 alia

1901 2128 2100 2172 vestra:
2142 2118 2526 2173 dominationis
2567 2118 2699 2172 cella
2742 2118 2844 2172 sita
2897 2118 2950 2171 in
2984 2117 3319 2187 Warengissi
3358 2116 3486 2171 villa

1905 2208 2362 2280 (ii'arengeville),
2403 2224 2565 2279 quam
2602 2209 2769 2262 etiam
2810 2208 3061 2262 monachi
3108 2208 3225 2263 sine
3272 2224 3389 2263 mea
3420 2208 3491 2262 li-

1903 2300 2080 2354 centia
2104 2300 2410 2354 inhabitare
2442 2298 2898 2353 noscuntur-:Sed
2921 2299 3049 2367 quia
3085 2298 3229 2353 inter
3265 2312 3359 2352 eos
3401 2314 3493 2352 me

1903 2397 2118 2443 constat
2164 2388 2488 2454 adolevisse,
2535 2390 2588 2443 in
2617 2388 2869 2443 coenobio
2896 2388 3149 2443 videlicet
3188 2386 3487 2451 Gorzensi,

1906 2482 2021 2536 lucc
2066 2489 2341 2550 utcunque
2392 2495 2512 2535 mea
2552 2482 2791 2550 parvitas
2835 2480 3043 2535 tolerat.
3078 2479 3317 2549 Denique
3356 2480 3492 2534 illud

1905 2580 2100 2625 vestra:
2141 2571 2453 2641 paternitati
2493 2587 2599 2626 non
2644 2571 2813 2635 sileo,
2855 2570 3001 2640 quod
3042 2570 3288 2639 qumdam
3318 2570 3490 2624 vestri

1900 2662 2041 2733 juris
2075 2663 2312 2718 basilica:
2340 2664 2393 2717 in
2420 2663 2756 2733 providentia
2781 2671 2967 2717 nostra
3003 2663 3336 2726 consistunt,
3367 2678 3491 2733 quae

1907 2770 2007 2809 nec
2034 2769 2349 2809 mansorum
2378 2753 2713 2822 subjectione
2754 2752 3072 2815 fulciuntur,
3103 2767 3204 2806 nec
3238 2754 3494 2806 sacerdo-

1908 2852 2019 2897 tum
2063 2843 2352 2912 prtesentia
2401 2842 2799 2897 custodiuntur.
2842 2842 2953 2895 Pro
2998 2841 3193 2910 quibus
3239 2841 3496 2895 omnibus

1908 2941 2085 2986 vestra
2113 2931 2382 2985 ordinatio
2409 2931 2646 3001 legatum
2676 2931 2743 2984 ad
2777 2945 2875 2984 nos
2904 2930 3103 2993 mittat,
3126 2943 3236 2998 quo
3255 2938 3498 2985 mstante

1909 3024 2024 3076 Iure
2050 3022 2428 3077 emendentur.
2458 3020 2762 3088 Antequam
2788 3019 2932 3073 enim
2967 3018 3019 3071 in
3058 3018 3300 3087 praefatis
3340 3020 3497 3073 cellis

220 3110 566 3167 celsitudinis
586 3110 971 3165 auribusoneri
996 3109 1215 3174 existat,
1230 3116 1437 3163 tantum
1451 3108 1517 3163 de
1536 3108 1806 3177 praedictis
1834 3095 1882 3157 C
1913 3116 1994 3169 vel
2024 3115 2268 3171 ecclesiis
2311 3131 2549 3185 congrua
2581 3114 2891 3169 emendatio
2919 3115 3043 3176 flat.
3070 3114 3203 3168 nihil
3239 3114 3397 3169 nobis
3425 3116 3498 3169 de

221 3204 439 3259 duobus
459 3202 659 3257 mansis
679 3202 837 3257 modo
863 3202 1108 3257 laborare
1133 3199 1448 3271 dignemini.
1467 3199 1543 3253 De
1560 3198 1802 3268 reliquis,

217 3311 347 3351 cum
374 3295 439 3349 ad
454 3303 688 3349 vestram
713 3294 1097 3349 sublimitatem
1118 3293 1404 3357 devenero,
1423 3293 1807 3346 eteorumdem

218 3386 424 3440 seriem
442 3393 885 3438 testamentorum
907 3392 1100 3439 vestra:
1121 3383 1396 3438 industria:
1413 3382 1667 3451 liquidius
1680 3396 1806 3451 pro-

222 3476 503 3545 palavero,
541 3475 667 3529 hinc
697 3474 819 3528 inde
853 3473 1085 3544 qualiter
1107 3473 1281 3528 visum
1308 3480 1499 3528 vestra:
1526 3471 1806 3527 serenitati

220 3566 408 3625 fuerit,
445 3579 606 3634 agere
635 3564 826 3634 quibit.
861 3563 968 3618 Sed
1004 3575 1059 3618 et
1097 3579 1217 3618 cum
1264 3565 1327 3618 de
1368 3564 1573 3618 iisdem.
1602 3562 1807 3633 aliquid

220 3657 375 3726 loqui
406 3656 559 3711 vobis
587 3655 867 3725 placuerit,
894 3654 939 3709 si
963 3654 1107 3707 illum
1142 3654 1350 3709 fidelem
1374 3663 1638 3717 vestrum,
1668 3652 1806 3706 ami—

220 3763 351 3803 cum
401 3754 679 3809 nostrum,
710 3744 987 3799 vobiscum
1018 3744 1420 3814 assumpseritis
1440 3783 1455 3807 ,
1497 3757 1591 3812 per
1626 3743 1807 3796 omnia

218 3837 429 3890 vestris
457 3852 524 3890 ex
554 3836 652 3888 hoc
689 3850 736 3888 ο.
760 3833 1078 3887 secundabit
1112 3833 1405 3903 obsequiis.
1437 3832 1638 3886 Taliter
1683 3832 1810 3885 hinc

220 3938 411 3982 vestra
439 3935 562 3994 agat
591 3924 897 3996 prudentia,
926 3922 1155 3993 qualiter
1178 3923 1230 3976 in
1250 3932 1431 3977 vestra
1465 3923 1687 3977 tuitione
1716 3921 1810 3975 lilii

220 4016 397 4071 vestri
426 4014 764 4069 confidimus.
792 4013 1181 4075 Paternitatem
1209 4023 1444 4067 vestram
1494 4013 1694 4067 nostris
1716 4010 1806 4079 ju-

219 4108 371 4177 gitcr
427 4103 809 4173 sull‘ragantcm
866 4101 1198 4171 profectibus
1252 4100 1493 4155 etrlestis
1548 4102 1812 4171 protectio

221 4208 616 4264 usquequaque
648 4193 936 4247 muniendo
960 4193 1252 4263 gubernet,
1286 4200 1340 4247 ct
1377 4192 1706 4260 sempiterno
1734 4192 1813 4244 vi-

221 4301 361 4358 gore
389 4299 646 4355 prospere
670 4284 850 4338 valere
879 4283 1157 4339 concedat.

805 4430 1136 4486 EPISTOLA
1175 4431 1243 4485 Χ.

498 4564 561 4601 AD
596 4561 872 4600 DROGONEII
910 4560 1189 4598 METENSEM
1229 4554 1547 4599 El'lSCOPUH.

302 4659 664 4714 Nobilissimm
704 4657 984 4727 dignitatis
1025 4657 1175 4719 viro,
1206 4664 1261 4710 et
1302 4655 1448 4709 celso
1486 4656 1690 4709 honore
1730 4655 1812 4707 di-

224 4750 523 4823 gnissimo,
553 4746 790 4801 DROGONI
810 4787 824 4808 ,
848 4747 1028 4799 divina
1075 4745 1289 4812 favente
1320 4746 1523 4817 gratia,
1558 4745 1810 4800 Ecclesia:

226 4840 491 4897 Metensis
515 4837 793 4907 episcopo,
822 4836 1166 4891 Faormmus
1193 4839 1424 4906 exiguus
1449 4836 1581 4891 item
1605 4835 1811 4905 episeo-

220 4951 330 5007 pus
359 4941 675 5003 perpetuam
706 4931 756 4983 in
784 4929 1002 4984 Christo
1028 4939 1157 5000 Opto
1183 4930 1431 4984 salutem.

300 5024 559 5077 Amorem
601 5029 653 5074 et
687 5021 1029 5075 dilectionem
1071 5020 1233 5073 vestri
1274 5020 1364 5089 pio
1404 5019 1549 5073 cultu
1596 5034 1816 5073 conscr-

231 5131 369 5169 vans
393 5112 601 5167 felicem
631 5114 795 5166 vitam
821 5111 1075 5182 long:evis
1107 5125 1368 5163 annorum
1409 5107 1695 5163 curriculis
1719 5122 1817 5161 vos

243 5210 436 5262 lucere
474 5205 830 5274 gratulamur,
860 5214 914 5257 ct.
943 5204 995 5257 id
1025 5210 1158 5256 nutu
1198 5201 1419 5255 concedi
1454 5216 1687 5269 superno
1730 5214 1814 5253 se-

222 5300 358 5355 dulo
387 5295 710 5366 ﬂagitantus.
740 5295 786 5348 Λ
819 5295 971 5349 vobis
1000 5307 1215 5363 quoque
1244 5291 1484 5357 ejusdem
1515 5290 1645 5342 mihi
1681 5290 1810 5342 cha-

224 5387 415 5443 ritatis
434 5386 557 5453 jura
590 5385 827 5453 rependi,
857 5394 910 5438 et
939 5380 1321 5437 inviolabiliter
1349 5378 1657 5432 conservari
1683 5391 1811 5447 sup-

306 5552 331 5574 ι·
374 5535 681 5606 Erlel‘rcdus
708 5545 939 5606 pneerat
966 5537 1021 5590 al
1036 5534 1196 5606 batia:
1228 5530 1543 5606 Senoniensi
1586 5528 1814 5606 (Scirone

221 5625 294 5661 eu
330 5608 539 5670 l'osgc).
575 5601 743 5670 Hujus
774 5607 1002 5659 cmzmbii
1053 5604 1274 5658 abbatcs
1313 5602 1381 5654 ab
1409 5601 1662 5670 episcopo
1702 5601 1812 5653 lle—

226 5678 374 5731 tensi
409 5677 720 5747 tenqmralia
742 5718 754 5742 ,
788 5692 817 5731 a
848 5676 1082 5731 Tullensi
1108 5690 1235 5729 vero
1266 5671 1566 5742 spiritualia
1596 5671 1811 5740 recipie-

1908 3221 2095 3258 corum
2142 3205 2579 3260 ordinationibus
2609 3204 2693 3259 vel
2742 3204 3190 3275 dispositionibus
3237 3205 3496 3260 ecclesia-

1908 3295 2061 3349 stieis
2101 3295 2539 3364 pmsumendum
2567 3304 2669 3350 cst.
2697 3294 2829 3349 Nam
2860 3303 2915 3349 et
2965 3295 3017 3349 in
3054 3294 3333 3364 prmndsso
3374 3311 3497 3349 mo-

1910 3382 2151 3439 nasterio
2179 3382 2460 3453 Vosgeusi,
2484 3384 2703 3452 quidam
2729 3385 2894 3438 vestri
2923 3385 3073 3438 missi
3113 3384 3183 3438 ob
3219 3386 3498 3440 rectitudi-

1910 3492 2032 3530 nem
2065 3475 2365 3531 faciendam
2389 3476 2515 3529 illuc
2541 3476 2753 3539 directi,
2789 3477 2919 3529 nihil
2943 3478 3212 3541 utilitatis,
3239 3478 3291 3532 ni
3317 3478 3496 3543 fallor,

1912 3568 1944 3621 i.
1971 3568 1984 3620 i
2015 3575 2302 3635 gesserunt
2325 3584 2337 3619 :
2364 3565 2461 3620 sed
2491 3565 2665 3635 magis
2692 3566 3015 3618 discordiam
3051 3566 3497 3635 multiplicantes,

1911 3657 2127 3710 eosdem
2180 3654 2377 3708 fratres
2423 3653 2725 3708 deteriores
2771 3668 2868 3722 per
2911 3654 3089 3706 omnia
3123 3654 3495 3707 reddiderunt.

1915 3745 2078 3798 Decet
2101 3758 2232 3797 vero
2256 3751 2391 3797 utet
2419 3742 2471 3795 in
2503 3742 2868 3802 monasteriis,
2901 3749 2957 3796 et
2987 3742 3040 3795 in
3067 3742 3334 3807 ccclesiis,
3360 3752 3412 3797 et
3438 3744 3495 3796 in

1911 3836 2163 3890 ontnibus
2188 3850 2310 3904 qua:
2334 3845 2530 3889 vestne
2552 3833 2741 3887 ditioui
2764 3834 2975 3887 subdita
3006 3841 3163 3895 sunt,
3193 3833 3316 3886 talis
3347 3834 3495 3887 ordi-

1915 3928 2061 3982 nzttio
2091 3934 2146 3981 et
2179 3924 2445 3981 rectitude
2472 3936 2741 3987 servetur,
2767 3934 3036 3993 quatenus
3069 3932 3123 3978 ct
3161 3939 3258 3978 nos
3290 3934 3345 3977 et
3369 3925 3493 3978 nni-

1914 4018 2055 4074 versi
2088 4018 2300 4071 finitimi
2330 4018 2496 4071 vestri
2524 4016 2724 4070 vestris
2751 4015 3013 4084 exemplis
3044 4016 3411 4079 instituantur,
3441 4023 3498 4069 et

1916 4127 2010 4181 per
2056 4126 2151 4165 vos
2182 4110 2251 4163 ad
2282 4124 2424 4162 νηπίη
2457 4109 2731 4179 religionis
2781 4108 3016 4162 studium
3064 4116 3336 4175 utcunque
3382 4124 3501 4177 pcr-

1916 4204 2200 4265 ducamur,
2231 4199 2395 4255 veluti
2428 4215 2525 4269 per
2569 4215 2840 4252 summum
2889 4207 3164 4269 pastorem
3214 4213 3277 4251 ae
3326 4207 3500 4252 recto-

1921 4307 2032 4344 rem
2079 4289 2471 4344 nobilissinunn
2515 4288 2704 4358 pl-bis.
2748 4287 2938 4342 Valeat
2979 4288 3283 4358 paternitzzs
3315 4293 3499 4340 vestra

1919 4381 2126 4450 prolixo
2163 4391 2403 4450 tempore
2433 4380 2661 4434 feliciter
2688 4380 2740 4433 in
2770 4380 3005 4434 Christo.
3031 4379 3225 4433 Amen.

2473 4514 2803 4570 EPlSTOLA
2846 4512 2938 4568 Μ.

2501 4646 2567 4683 ΑΙ)
2596 4644 2914 4683 ιιιωυικωι.

1841 4451 1891 4507 D

1993 4746 2470 4801 Excellentissimte
2498 4743 2796 4798 nobilitatis
2820 4744 2957 4808 viro,
2982 4751 3035 4798 ct
3055 4744 3302 4813 gloriosa:
3331 4743 3503 4810 digni-

1919 4839 2045 4892 tatis
2072 4837 2224 4905 apice
2253 4835 2540 4890 sublimato
2558 4874 2572 4897 ,
2600 4833 2896 4899 Htcoumo,
2940 4848 2970 4884 a
3010 4833 3119 4886 Deo
3144 4834 3316 4887 electo
3344 4832 3493 4885 Patri
3540 4834 3545 4835 “

1920 4939 1974 4983 et
2003 4928 2289 4998 magistro,
2336 4926 2686 4980 Fno'rusnws
2724 4922 3099 4990 episcoporum
3141 4923 3407 4985 extimus,
3442 4930 3497 4975 et

1920 5021 2170 5073 universa
2214 5018 2452 5073 Ecclesia
2489 5017 2784 5069 Leucorum
2826 5011 3060 5067 civitatis
3107 5027 3397 5081 perennem
3443 5013 3501 5065 in

1918 5111 2138 5166 Christo
2162 5108 2476 5177 suppliciter
2497 5114 2748 5173 optamus
2775 5103 3026 5157 salutem.

1995 5200 2063 5256 Ut
2087 5198 2341 5268 longmvis
2370 5195 2700 5263 temporibus
2721 5202 2899 5246 vestra
2931 5192 2955 5246 f
2984 5193 3070 5247 lici
3096 5193 3277 5262 vigore
3299 5199 3353 5245 et
3376 5206 3503 5259 pro-

1923 5307 2082 5361 spero
2111 5304 2275 5343 cursu
2317 5286 2491 5339 valeat
2519 5285 2844 5355 pateruitas,
2884 5284 3225 5339 creberrimis
3277 5297 3502 5352 precum

1920 5379 2407 5453 supplicationilms
2430 5377 2668 5431 divinam
2698 5374 3038 5431 clementiam
3064 5384 3118 5427 et
3143 5389 3236 5427 ore
3259 5383 3316 5429 et
3335 5373 3503 5428 corde

1921 5536 2073 5599 bant,
2091 5543 2226 5588 teste
2249 5530 2496 5586 Bicherio
2513 5529 2774 5584 monacho
2798 5527 2847 5599 in
2870 5522 3494 5599 Chroni_cp_Senanicnsi,

1886 5624 1897 5631 ν
1922 5594 2070 5675 apud
2088 5604 2392 5666 Aelterium,
2430 5610 2557 5657 tom.
2584 5600 2648 5654 Ill
2682 5596 2891 5668 Spieil.,
2913 5611 3037 5666 pag.
3063 5594 3187 5647 505.
