3900 6178
382 312 478 367 871

375 514 461 567 his
496 512 655 565 solito
712 508 806 561 Dei
856 508 1025 577 gratia
1082 522 1314 575 praeesse
1370 508 1662 570 aunuerit,
1716 507 1954 562 cmlestis

374 603 726 677 protectiouis
756 601 1028 654 munimen
1060 600 1261 654 nostris
1288 601 1477 654 adesse
1507 599 1838 669 profectibus
1865 614 1955 650 ve—

375 698 489 752 raci
524 694 897 762 experimento
931 691 1318 760 dignoscimus.
1361 690 1513 744 Nunc
1551 691 1731 758 itaque
1771 699 1951 743 vestra

373 784 773 847 misericordia,
801 782 1254 852 quemadmodum
1285 795 1501 850 semper
1524 780 1826 841 consuevit,
1855 794 1951 847 pro

374 884 559 931 nostra
604 875 850 929 laborare
875 876 1124 943 dignetur
1152 871 1582 932 necessitudine,
1628 870 1753 938 quia
1784 870 1953 923 servi-

372 966 504 1019 tium
533 965 689 1020 nobis
716 965 870 1019 valde
897 978 1190 1018 onerosum
1218 962 1534 1033 injungitur,
1564 960 1709 1029 quod
1747 960 1952 1027 absque

370 1055 687 1110 difﬁcultate
719 1069 1060 1123 nequaquam
1104 1053 1250 1107 vires
1283 1061 1481 1107 nostra:
1522 1063 1781 1121 peragere
1828 1064 1951 1119 pos-

370 1146 867 1214 sunt.-Przeeipitur
888 1145 1033 1198 enim
1057 1154 1117 1197 ut
1145 1143 1196 1197 in
1224 1143 1392 1211 Aquis
1414 1142 1615 1212 palatio
1639 1156 1947 1210 operemur,

369 1246 423 1291 et
452 1236 733 1291 laboribus
764 1235 965 1290 ibidem
1003 1234 1327 1304 peragendis
1370 1232 1700 1286 insudemus.
1741 1230 1848 1285 Sed
1882 1230 1951 1284 ab

375 1325 478 1379 hoc
501 1339 665 1394 opere
692 1324 797 1378 alia
825 1325 1046 1378 servitia
1074 1332 1129 1377 et
1156 1322 1506 1377 necessitates
1529 1336 1628 1376 nos
1658 1328 1947 1382 revocant,

370 1426 423 1471 et
452 1417 499 1471 si
528 1428 722 1470 vestra:
760 1417 948 1485 pietati
1000 1416 1162 1479 libet,
1212 1417 1376 1470 etiam
1422 1424 1780 1485 opportunam
1816 1415 1950 1469 satis

370 1506 782 1560 excusationem
828 1506 1187 1574 praetendunt.
1219 1504 1515 1560 Recordari
1550 1505 1815 1573 siquidem
1858 1519 1951 1557 ve-

371 1604 485 1650 stra
523 1596 823 1664 paternitas
848 1595 991 1650 valet
1030 1595 1172 1665 quod
1210 1610 1331 1650 cum
1365 1596 1418 1649 in
1446 1595 1647 1665 palatio
1670 1594 1953 1650 Gundum—

370 1687 508 1741 villa:
533 1700 558 1727 ει
589 1688 817 1741 domnus
844 1688 1135 1756 imperator
1165 1688 1269 1741 hoc
1297 1702 1441 1740 anno
1484 1694 1687 1751 staret,
1713 1697 1948 1740 vestram

1451 304 1726 360 FROTHA
1739 304 1825 357 lill
1866 305 1903 357 Τ
1916 303 2245 358 CLLENSIS
2285 302 2584 358 EPISCOPI

377 420 733 491 deposcimus.
764 418 897 471 Dum
920 416 1066 469 enim
1099 416 1265 470 vestri
1298 416 1578 486 regiminis
1603 414 1825 468 tutelam
1852 429 1947 467 no-
1980 420 2025 475 Α

3534 299 3656 352 3.2

2601 412 2933 469 EPISTOLA
2976 415 3085 469 XII.

2469 520 2705 570 _W|C.\llDl
2748 521 2815 558 ΑΒ
2854 521 3220 559 FROTIIARICM.

2130 595 2461 656 Reverendo,
2497 598 2751 664 omnique
2800 596 3006 650 honore
3056 597 3371 666 dignissimo
3420 600 3662 653 domino

2055 697 2107 740 et
2156 688 2300 741 Patri
2344 688 2662 742 FROTIIARIO
2690 688 2975 757 praesidum
3002 686 3406 758 benignissimo,
3442 692 3661 745 Vacan-

2056 794 2152 832 ncs
2174 780 2227 841 δ,
2260 779 2514 833 minimus
2537 778 2815 843 abbatum,
2841 793 2965 833 cum
2993 777 3255 834 fratribus
3280 782 3411 834 meis
3446 796 3665 850 percn-

2055 872 2141 925 nis
2164 869 2346 939 gloria:
2376 879 2503 939 opto
2526 869 2775 923 salutem.

2124 961 2295 1027 Quam
2325 960 2622 1029 gratiarum
2649 962 2918 1016 actionem
2947 961 3014 1016 de
3041 961 3322 1017 beneficiis
3348 978 3470 1032 qua:
3521 963 3663 1016 solo

2054 1051 2320 1106 mercedis
2359 1050 2598 1105 cmlestis
2628 1050 2822 1104 intuitu
2862 1051 3115 1120 parvitati
3154 1060 3348 1106 nostra:
3377 1052 3666 1121 impendi-

2055 1142 2143 1203 tis,
2173 1141 2410 1194 virorum
2452 1140 2675 1208 optime,
2703 1141 2857 1195 vobis
2879 1141 3257 1210 rependemus,
3290 1142 3378 1211 qui
3412 1158 3521 1197 non
3547 1158 3657 1197 so-

2055 1230 2162 1284 lum
2188 1230 2443 1300 pastorali
2474 1246 2601 1284 cura
2627 1231 2815 1284 intima
2851 1240 3056 1292 nostra,
3075 1246 3263 1285 verum
3296 1231 3381 1300 pia
3419 1248 3659 1302 quoque

2053 1323 2411 1377 sollicitudine
2438 1323 2709 1377 exteriora
2750 1330 2948 1376 nostrm
2995 1322 3309 1376 substantiae
3346 1338 3659 1391 procurare

2054 1413 2386 1483 dignamini?
2433 1412 2654 1481 Insuper
2690 1412 2758 1466 ad
2800 1412 3074 1466 cumulum
3121 1421 3319 1465 vestra:
3354 1411 3658 1464 cliaritatis

2051 1505 2198 1557 circa
2230 1516 2327 1555 nos
2358 1502 2857 1563 demonstrandum,
2902 1501 3046 1570 quod
3088 1500 3245 1556 nobis
3295 1516 3424 1555 auro
3472 1501 3657 1554 ditius

2051 1609 2172 1649 csse
2200 1603 2400 1663 potest,
2432 1593 2605 1648 sancti
2630 1592 2760 1663 Apri
2784 1592 3064 1662 reliquias,
3094 1605 3195 1644 nec
3234 1606 3341 1644 non
3368 1601 3420 1644 et
3465 1592 3656 1645 beata:

2054 1700 2164 1740 sua:
2210 1684 2640 1739 conversationis
2696 1692 2851 1739 actus
2902 1683 3190 1738 humilitati
3243 1692 3440 1737 nostne
3494 1700 3655 1736 nunc

374 1778 658 1832 continens
690 1753 942 1842 manum,
971 1777 1134 1848 jussit
1160 1785 1219 1830 ut
1250 1778 1303 1831 in
1349 1776 1523 1832 fronte
1571 1778 1738 1847 ipsius
1767 1776 1949 1846 palatii
1980 1753 2025 1811 Β
2054 1776 2267 1829 mittere
2295 1775 2428 1829 estis
2456 1773 2676 1844 dignati.
2716 1772 2824 1827 Sed
2854 1789 2954 1843 pro
2981 1773 3067 1828 his
3101 1772 3370 1838 oumibus,
3414 1788 3519 1842 pro
3552 1789 3656 1828 cu-

369 1869 553 1923 solarii
580 1883 716 1936 opus
741 1877 1110 1921 construerem
1132 1906 1147 1931 ,
1175 1867 1242 1921 de
1271 1881 1379 1936 quo
1425 1868 1477 1921 in
1512 1866 1773 1936 capellam
1805 1866 1952 1921 veni-
2046 1867 2136 1936 jus
2161 1879 2346 1920 amore
2384 1867 2486 1920 hoc
2523 1865 2730 1936 geritis,
2777 1878 3002 1935 prorsus
3027 1864 3179 1919 vobis
3215 1865 3329 1933 ipse
3369 1866 3653 1919 manentis

370 1971 536 2014 retur.
566 1958 779 2025 Adjecit
804 1973 1019 2028 quoque
1048 1959 1190 2028 quod
1226 1959 1533 2029 quempiam
1585 1959 1691 2012 illic
1721 1959 1955 2027 plerum-

286 2107 292 2113 _
371 2066 476 2119 quc
521 2064 741 2103 manere
766 2050 1013 2112 sivisset,
1040 2051 1207 2105 vestri
1234 2066 1520 2119 personam
1547 2050 1706 2103 tacite
1747 2051 1956 2103 innote-

369 2158 544 2196 scens.
591 2140 858 2210 Praecepit
906 2140 1255 2195 nihilominus
1306 2148 1365 2193 ut
1417 2139 1468 2192 in
1519 2140 1728 2208 pariete
1785 2138 1954 2207 ipsius

368 2235 562 2285 domus
582 2231 779 2301 ligneo,
808 2231 1036 2284 alterum
1064 2231 1245 2301 operis
1268 2231 1460 2300 lapidei
1485 2231 1744 2299 parietem
1768 2244 1957 2298 super-

372 2323 662 2391 adjiceretn
682 2363 695 2387 ,
721 2330 776 2376 et
805 2320 1105 2391 quamlibet
1142 2321 1445 2388 hujusmodi
1476 2335 1639 2389 opera
1667 2320 1776 2374 sint
1807 2318 1955 2373 festi-

371 2423 563 2467 nanter
583 2412 867 2481 explenda.
887 2413 955 2465 Et
979 2420 1156 2465 tamen
1178 2412 1352 2465 adhuc
1377 2410 1566 2464 tertius
1587 2410 1737 2462 labor
1758 2414 1955 2461 nostra:

371 2511 563 2571 empta:
593 2501 829 2556 basilica:
858 2501 1224 2562 adhibendus,
1267 2500 1334 2554 de
1374 2515 1479 2568 qua
1512 2498 1644 2553 nihil
1669 2488 1953 2567 postquam

377 2594 506 2647 hinc
531 2592 830 2647 secessistis
850 2592 1059 2663 egimus
1087 2608 1099 2644 :
1130 2591 1254 2659 quia
1282 2590 1522 2659 impediti
1549 2596 1672 2643 sunt
1696 2588 1955 2642 hactenus

370 2684 678 2740 homunculi
712 2693 1168 2755 proptertempus
1198 2681 1424 2753 hiemis,!
1446 2692 1502 2737 et
1555 2693 1765 2753 tempus
1791 2683 1955 2738 satio-

372 2775 476 2829 nis.
508 2774 815 2829 Istiusmodi
846 2773 1121 2828 laboribus
1150 2772 1331 2827 addita
1355 2780 1440 2827 est
1469 2772 1623 2826 nobis
1648 2771 1956 2827 nolentibus

371 2867 733 2932 necessitudo,
767 2875 821 2922 et
848 2868 1059 2921 miserae
1101 2864 1431 2920 infelicitatis
1473 2864 1790 2919 adversitas.
1826 2863 1956 2932 Qui-

371 2961 495 3016 dam
520 2974 751 3030 namque
770 2974 962 3014 servus
980 2958 1186 3028 peccati
1213 2972 1279 3013 ac
1299 2966 1501 3021 noster,
1522 2956 1765 3011 invidens
1785 2956 1953 3011 sodali

370 3067 471 3106 suo
496 3050 779 3106 cellurario
795 3059 1002 3114 nostro,
1023 3050 1092 3104 ob
1105 3048 1248 3119 quod
1269 3048 1318 3104 ei
1342 3048 1393 3102 in
1411 3048 1712 3102 ministerio
1735 3045 1955 3117 przefer-

372 3152 546 3207 retur,
578 3143 794 3206 horreo,
822 3154 929 3209 quo
955 3139 1068 3193 ruri
1098 3147 1310 3208 segetes
1337 3147 1494 3191 erant
1526 3138 1757 3192 redacta:
1775 3178 1791 3202 ,
1821 3152 1953 3207 qua-

375 3249 493 3287 rum
522 3246 617 3287 esu
648 3246 746 3286 nos
774 3231 1067 3286 sustentari
1097 3244 1269 3299 usque
1303 3230 1521 3299 tempus
1549 3230 1741 3284 messis
1771 3230 1957 3284 crede-

373 3322 589 3387 bamus,
612 3319 929 3391 pestiferum
953 3320 1188 3374 latenter
1215 3319 1389 3388 ignem
1413 3320 1715 3388 supposuit,
1747 3330 1802 3374 et
1832 3336 1953 3374 mox

375 3412 628 3466 universa
656 3424 777 3480 quae
821 3408 931 3463 illic
977 3408 1316 3464 habebantur
1363 3409 1735 3477 consumpsit:
1769 3423 1958 3464 servus

375 3500 587 3565 infelix,
610 3514 800 3555 servus
825 3498 1087 3570 ingratus,
1113 3505 1169 3552 et
1191 3512 1334 3552 szevo
1358 3497 1702 3551 anathemate
1725 3500 1960 3567 permul-

376 3593 606 3656 tundus,
651 3591 743 3661 qui
792 3598 954 3645 tanta:
979 3589 1103 3645 vita:
1131 3590 1388 3646 subsidiis
1414 3590 1515 3644 sub
1547 3598 1821 3645 momento
1845 3591 1956 3661 pri-

376 3686 542 3739 vavit.
573 3685 812 3754 Denique
838 3683 1093 3737 familiam
1110 3683 1281 3737 sancti
1300 3680 1560 3751 Stephani
1587 3682 1723 3736 adeo
1743 3690 1962 3752 praster-

378 3778 578 3832 itorum
636 3792 900 3831 annorum
960 3776 1131 3831 fames
1185 3775 1527 3836 adnihiluvit,
1573 3783 1631 3830 et
1682 3776 1749 3829 ad
1802 3783 1962 3829 tanta:

381 3868 635 3938 perduxit
682 3867 1020 3937 paupertatis
1069 3866 1381 3928 miseriam,
1422 3874 1484 3919 ut
1526 3867 1614 3920 vix
1662 3867 1963 3936 sumptibus

380 3959 587 4030 fragilis
618 3959 741 4013 vitae
771 3958 1062 4025 sustentari
1111 3956 1381 4011 ullatenus
1413 3956 1649 4011 valeant.
1681 3956 1835 4012 Unde
1865 3972 1963 4012 nec

379 4064 603 4103 censum
655 4050 723 4103 ab
773 4048 854 4103 eis
900 4048 1137 4102 debitum
1185 4047 1403 4118 exigere
1456 4061 1707 4116 possum,
1752 4046 1857 4100 nisi
1897 4061 1964 4100 ex

383 4152 546 4208 opere
583 4154 872 4204 manuum,
904 4152 1002 4207 pro
1032 4153 1141 4206 quo
1172 4153 1360 4192 rursus
1389 4152 1418 4190 a
1447 4152 1534 4191 me
1566 4146 1882 4207 pascuntur,
1911 4146 1967 4192 et

384 4246 484 4285 nec
505 4231 584 4285 sic
615 4230 923 4300 recuperari
950 4229 1155 4285 utiliter
1186 4236 1407 4298 queunt.
1433 4226 1557 4283 Haec
1582 4235 1634 4283 et
1660 4229 1964 4299 supradicta

389 4322 477 4392 pia
505 4322 937 4376 consideratione
962 4320 1294 4392 perpendere
1321 4319 1613 4387 dignamini
1636 4359 1650 4383 ,
1680 4327 1734 4372 et
1762 4335 1790 4371 a
1831 4334 1969 4388 pra:-

2056 1958 2430 2013 retrihutionis
2477 1956 2712 2013 fructum
2763 1957 3052 2011 restituere
3108 1972 3217 2011 non
3262 1955 3646 2011 obliviscetur.

2053 2049 2207 2115 Quod
2238 2056 2415 2102 tamen
2442 2062 2744 2117 possumus,
2782 2047 3035 2101 minimas
3068 2061 3259 2116 preces
3286 2054 3505 2101 nostras
3541 2063 3643 2101 su-

2052 2155 2233 2210 perna:
2259 2139 2524 2208 majestati
2549 2146 2740 2193 vestra:
2768 2137 2955 2192 salutis
2989 2152 3155 2192 causa
3199 2136 3392 2192 offerre
3436 2138 3645 2193 memi-

2055 2232 2295 2286 nerimus
2325 2248 2338 2284 :
2363 2237 2418 2283 et
2446 2231 2499 2283 in
2527 2227 2913 2298 temporalibus
2936 2228 3241 2297 ubicunque
3269 2227 3419 2282 nobis
3442 2228 3645 2298 digna-

2054 2321 2128 2375 tio
2153 2327 2331 2373 vestra
2374 2319 2642 2387 imperare
2679 2317 2934 2381 voluerit,
2985 2318 3315 2373 devotissimi
3356 2320 3617 2388 paratissi

2055 2413 2235 2481 utique
2284 2411 2401 2466 fore
2465 2411 2820 2466 studebimus.
2893 2410 3032 2482 Agat
3093 2411 3272 2479 itaque
3332 2410 3645 2480 benignitas

2053 2513 2255 2568 vestra,
2291 2514 2352 2559 ut
2395 2504 2626 2573 benigne
2665 2503 2851 2573 coepit,
2903 2518 3010 2557 non
3053 2502 3225 2557 solum
3267 2503 3332 2557 de
3375 2502 3541 2557 rebus
3584 2511 3645 2556 et

2054 2598 2364 2653 hominibus
2388 2613 2550 2668 super
2576 2598 2724 2667 ipsas
2743 2596 3203 2652 commorantibus
3227 2610 3347 2665 qua:
3374 2596 3426 2649 in
3453 2611 3640 2665 promo

2054 2699 2147 2758 ptu
2170 2687 2326 2744 nobis
2340 2696 2486 2751 sunt,
2504 2688 2598 2743 sed
2622 2696 2678 2742 et
2703 2687 2771 2742 de
2793 2687 2897 2742 illis
2918 2701 3054 2756 quas
3078 2686 3239 2741 iidem
3266 2686 3367 2755 ipsi
3390 2686 3640 2740 homines

2055 2778 2247 2844 nostri,
2276 2779 2365 2848 qui
2388 2778 2591 2848 passim
2631 2785 2687 2833 et
2711 2778 2881 2834 libere
2904 2777 3147 2832 habitare
3190 2777 3459 2841 videntur,
3485 2792 3638 2832 cme-

2057 2879 2223 2926 ruut:
2260 2878 2320 2924 ut
2357 2869 2607 2925 videlicet
2630 2883 2844 2939 semper
2876 2869 3085 2924 Domini
3129 2866 3431 2922 Salvatoris
3453 2883 3638 2937 respe-

2055 2960 2164 3015 ctni
2192 2960 2301 3015 sint
2318 2960 2656 3029 mancipatac,
2680 2973 2802 3014 cum
2826 2958 2932 3014 illis
2952 2959 3082 3028 ipsis
3105 2958 3196 3028 qui
3218 2973 3312 3012 eas
3335 2957 3636 3026 possident.

2054 3050 2298 3118 Qualiter
2323 3059 2504 3106 autem
2544 3064 2705 3120 super
2744 3051 2846 3106 hoc
2871 3049 3137 3121 agendum
3161 3049 3253 3113 sit,
3282 3056 3479 3103 vestra:
3505 3062 3638 3117 pru-

2056 3143 2251 3196 dentia:
2293 3140 2630 3196 manifestius
2672 3141 2854 3209 liquet.
2895 3141 3119 3197 Videtur
3156 3148 3335 3194 tamen
3383 3138 3561 3199 nobis.
3592 3138 3638 3192 si

2055 3248 2151 3287 vos
2201 3233 2332 3289 utile
2367 3231 2762 3298 judicaveritis,
2787 3242 2848 3287 ut
2878 3232 3187 3302 quicunque
3226 3231 3292 3285 de
3328 3230 3460 3299 ipsis
3488 3245 3641 3283 man~

2055 3324 2211 3392 cipiis
2235 3332 2359 3378 sunt
2384 3324 2474 3394 qui
2499 3339 2558 3379 se
2599 3325 2921 3380 subtrahere
2950 3325 3017 3379 de
3055 3330 3240 3378 nostra
3269 3321 3641 3376 dominatione

2058 3414 2372 3479 moliuntur,
2401 3415 2717 3469 servitutem
2748 3430 2901 3470 suam
2936 3428 3125 3470 coram
3150 3413 3303 3467 vobis
3338 3412 3639 3466 rewadiare

2061 3504 2294 3568 faciatis,
2318 3516 2379 3559 ut
2403 3505 2658 3575 deinceps
2683 3521 2779 3577 per
2795 3505 3061 3575 justitiam
3088 3503 3296 3558 subacti
3322 3504 3466 3557 hanc
3492 3499 3640 3556 frau-

2057 3597 2179 3651 dem
2203 3605 2512 3666 perpetrare
2532 3605 2819 3666 nequeant.
2840 3595 3100 3651 Mittimus
3124 3592 3425 3664 dignationi
3450 3601 3641 3647 vestra:

2060 3690 2402 3743 donationem
2427 3687 2635 3742 illarum
2663 3703 2845 3743 rerum
2872 3684 3253 3755 exemplatam,
3288 3683 3497 3753 pariter
3521 3697 3640 3736 cum

2062 3780 2174 3847 ipsa
2217 3788 2271 3833 et
2314 3779 2493 3833 domui
2538 3778 2881 3848 imperatoris
2925 3776 3336 3846 exemplationis
3373 3776 3636 3831 chartam.

2060 3887 2221 3940 quam
2252 3880 2438 3925 nostro
2481 3870 2818 3925 monasterio
2844 3870 2911 3925 de
2940 3868 3166 3933 teloneo,
3196 3876 3256 3921 ut
3296 3880 3563 3934 nusquam
3587 3863 3641 3916 in

2064 3970 2176 4015 toto
2201 3976 2298 4014 suo
2321 3975 2489 4030 regno
2517 3975 2548 4013 a
2581 3960 2735 4015 nobis
2760 3960 3088 4030 exigeretur,
3115 3956 3265 4020 fecit,
3290 3956 3644 4011 emunitatem

2062 4051 2225 4105 etiam
2273 4048 2524 4104 similiter
2586 4050 2967 4119 cxemplatam.
3036 4048 3223 4104 Valere
3272 4063 3370 4101 vos
3418 4044 3643 4100 multum

2063 4153 2334 4212 optamus,
2360 4140 2574 4196 domine
2604 4151 2659 4195 et
2693 4141 2875 4205 Pater,
2906 4140 3133 4196 feliciter
3155 4141 3209 4194 in
3236 4139 3478 4194 Christo.

2596 4252 2931 4325 EPISTOLA
2970 4251 3106 4306 Xlll.

2492 4340 2700 4379 Αιιιιιιιῖι
2741 4341 2808 4378 ΔΙ)
2858 4337 3223 4377 FROTHARIUI.

388 4413 536 4463 dicto
566 4411 800 4505 servitio.
818 4427 915 4464 nos
939 4410 1172 4463 liberare
1211 4424 1277 4505 ne
1312 4408 1558 4477 pigeatis.
1591 4409 1843 4478 Alioquin
1872 4423 1969 4478 per
1999 4449 2045 4505 υ
2142 4416 2352 4470 Eximio
2394 4417 2630 4485 mihique
2676 4414 2969 4485 per-dilecto
3015 4413 3333 4466 Faoruxnio
3396 4412 3649 4481 epismpo

387 4515 474 4552 me
514 4500 687 4567 ipsum
736 4499 803 4553 ad
853 4499 1194 4567 prmsentiam
1245 4498 1425 4551 donmi
1481 4499 1861 4567 imperatoris.
1910 4509 1963 4555 et

388 4599 625 4642 vestram
655 4589 999 4659 praesentiam
1044 4589 1357 4658 suppliciter
1394 4589 1691 4645 obsecrabo
1713 4632 1728 4655 ,
1760 4602 1818 4645 ut
1865 4594 1965 4645 hoc

385 4696 526 4734 onus
561 4695 705 4734 cur-.e
732 4679 1020 4751 pastoralis
1051 4695 1083 4733 a
1106 4697 1192 4735 me
1228 4681 1632 4747 submovcatis,
1676 4685 1802 4751 quia
1840 4683 1966 4737 illud

388 4783 511 4824 mea
547 4770 790 4839 parvitas
816 4770 995 4824 taliter
1025 4769 1167 4824 ferre
1194 4786 1299 4824 non
1333 4769 1503 4835 valet;
1527 4778 1584 4826 et
1606 4770 1757 4825 valde
1787 4772 1970 4826 utilius

384 4868 475 4914 est
506 4873 592 4913 me
618 4859 686 4914 ab
713 4858 1010 4915 istiusmodi
1029 4874 1159 4913 cura
1181 4860 1514 4926 submoveri,
1538 4875 1699 4929 quam
1720 4877 1817 4931 per
1837 4877 1971 4917 meze

391 4951 733 5007 auctoritatis
762 4951 1013 5007 fiduciam
1046 4960 1127 5006 tot
1150 4967 1280 5007 oves
1318 4952 1528 5006 Domini
1570 4953 1737 5008 exitio
1781 4956 1973 5010 discri-

394 5042 557 5095 minis
585 5041 827 5095 interire.
855 5040 997 5111 Agat
1022 5054 1151 5111 ergo
1175 5042 1435 5096 Dominus
1475 5058 1626 5097 meus
1653 5059 1719 5097 ex
1757 5045 1858 5100 hac
1882 5061 1975 5114 pe-

394 5137 584 5190 titione
634 5150 761 5206 erga
810 5150 924 5197 me,
973 5143 1032 5189 ut
1065 5135 1199 5189 bene
1236 5149 1449 5204 semper
1499 5134 1639 5203 egit,
1692 5144 1748 5190 et
1798 5138 1975 5192 valeat

396 5243 493 5297 per
534 5226 701 5281 multa
738 5240 1002 5281 annorum
1049 5224 1313 5279 curricula
1365 5225 1591 5280 feliciter
1643 5226 1696 5279 in
1736 5227 1974 5282 Christo.

401 5321 591 5376 Amen.

471 5446 495 5470 ιι
536 5430 747 5501 Corrig.
773 5430 1250 5499 GuuduIﬁ-Vili’iv,
1279 5432 1433 5500 cujus
1466 5433 1629 5485 situm
1661 5433 1713 5485 in
1743 5434 1861 5487 loco
1888 5436 1977 5487 uli

400 5501 566 5573 etiam
596 5517 736 5554 nunc
766 5511 1013 5573 superest
1035 5502 1321 5573 cppidnm
1342 5502 1497 5572 vulgo
1523 5502 1849 5557 (.‘omlrerii'le
1889 5521 1981 5573 ap—

403 5569 690 5642 pellatum,
722 5586 825 5642 una
854 5569 1171 5642 leucainfra
1211 5569 1745 5626 Tullum-Leucorum
1769 5614 1782 5634 ,
1827 5569 1982 5642 rep?)-

404 5638 485 5689 litt
508 5641 735 5758 doligpus
751 5640 1280 5694 MichaelGermanus
1306 5642 1354 5694 in
1375 5642 1461 5695 lib.
1482 5658 1537 5696 tv
1555 5642 1621 5695 de
1638 5644 1712 5697 lle
1732 5638 1980 5711 Diploin.,

404 5718 529 5758 hau.
554 5716 572 5735 "
627 5730 677 5758 δ.

403 5718 529 5774 pag.
554 5716 677 5759 ‘28:).

2071 4509 2340 4563 ALDRICUS
2374 4507 2756 4576 sempiternam
2793 4506 3042 4559 salutem.

2143 4597 2303 4668 (Vide
2327 4594 2490 4663 infra,
2530 4596 2663 4649 inter
2704 4594 2877 4665 Opera
2907 4594 3106 4648 Aldrici
3144 4591 3595 4652 Cenomanensis.)

2598 4703 2936 4761 EPISTULA
2982 4707 3121 4763 XIV.

2646 4792 2712 4831 AD
2750 4792 3064 4833 HILDUI‘SUI.

2148 4870 2613 4926 Excellentissimo
2649 4878 2809 4938 atque
2838 4886 3049 4925 summo
3090 4872 3297 4925 honore
3342 4870 3654 4939 dignissimo

2081 4963 2343 5018 lin.numo
2368 4978 2398 5015 a
2428 4964 2537 5017 Deo
2577 4961 2749 5017 electo
2793 4961 2938 5016 Patri
2986 4973 3040 5018 et
3082 4963 3363 5033 magistro,
3410 4961 3655 5015 FROTIH-

2080 5070 2200 5108 mus
2224 5054 2598 5123 episcoporum
2642 5053 2989 5119 humillimus,
3023 5066 3077 5108 et
3112 5053 3363 5107 universa
3397 5052 3656 5105 ΤιΙΙΙιῚιειδ

2082 5145 2334 5199 Ecclesia:
2361 5154 2578 5198 caterva
2621 5156 2891 5213 perpetuac
2934 5145 3321 5200 benedictionis
3353 5146 3403 5198 in
3446 5143 3658 5198 Christo

2081 5249 2207 5306 opto
2239 5236 2487 5290 salutem.

2158 5327 2231 5380 De
2272 5326 2523 5381 omnibus
2567 5326 2981 5381 necessitatibus
3021 5335 3181 5397 atque
3210 5327 3519 5397 indigentiis
3567 5340 3645 5378 ne

2119 5507 2130 5516 .
2157 5438 2184 5476 δ
2222 5436 2318 5491 Cui
2343 5437 3296 5516 mona_sterio_prmfneritﬁYicardus,
3322 5439 3611 5516 non_li_quet
3644 5454 3653 5461 ·

2085 5509 2203 5578 ejus
2228 5509 2609 5578 monasterium
2632 5525 2661 5562 a
2678 5509 2861 5563 Bonna
2878 5511 3071 5578 oppido
3096 5525 3199 5563 non
3228 5510 3383 5577 longe
3405 5509 3656 5563 abfuisse.

2087 5576 2363 5648 colligitur
2382 5592 2449 5631 ex
2472 5578 2698 5647 epistola
2744 5580 2825 5632 19.
2862 5576 2991 5633 Erat
3031 5590 3158 5632 tunc
3189 5576 3446 5648 temporis
3469 5595 3520 5633 in
3545 5593 3655 5630 mo-

2089 5647 2325 5727 nasterio
2349 5646 2557 5702 Inden’si
2581 5664 2747 5719 prope
2770 5649 3163 5719 Aquisgranum
3190 5646 3355 5703 abbas
3379 5649 3659 5704 Wicardus

2088 5729 2322 5770 nomine.
