3900 6178
338 280 446 336 875

1773 283 2147 340 EPISTOL/E.

3483 282 3589 338 874

339 394 472 448 stris
495 396 563 448 ad
588 409 684 450 vos
708 410 917 466 semper
943 397 1293 462 recurrimus,
1325 404 1382 449 ut
1408 406 1532 466 pote
1559 409 1768 465 patrem
1792 396 1914 449 uni-
1940 403 1991 460 Α
2018 395 2138 448 nire
2162 407 2270 447 non
2302 401 2632 457 meruerunt,
2669 385 2868 449 idcirco
2894 403 2947 448 et
2980 393 3082 448 hac
3111 394 3229 450 vice
3253 395 3322 450 ad
3349 411 3445 452 vos
3467 413 3599 454 cau-

339 498 464 538 cum
493 495 548 540 ct
569 485 905 540 defensorem
928 486 1250 557 piissimum,
1275 487 1428 556 cujus
1452 485 1749 556 patrocinio
1774 486 1909 541 assi-

336 573 445 628 due
489 574 811 644 indigemus,
859 576 1014 645 cujus
1054 576 1382 632 adminiculo
1428 576 1623 644 saepius
1655 574 1908 630 subleva~

336 682 478 721 mur.
518 667 742 724 Constat
780 671 977 740 quippe
1000 671 1388 739 protectionem
1410 679 1646 726 vestram
1681 672 1906 740 januam

332 759 525 812 adesse
553 757 760 824 salutis,
783 769 1126 828 vestrumque
1166 761 1402 829 regimen
1439 771 1652 830 portum
1697 761 1909 816 solidis.

331 849 489 902 simas
507 848 720 916 quietis.
748 847 1040 904 Subveniat
1061 850 1241 918 itaque
1259 850 1416 904 solito
1446 850 1601 904 nobis
1621 850 1905 905 clementia

329 946 536 1002 vestra,
563 947 618 991 et
641 947 863 1007 paterno
891 947 1174 993 succurrat
1201 938 1413 994 affectu.
1444 940 1736 1008 lmportuni
1755 941 1907 995 vobis

329 1028 577 1081 crebrius
612 1027 959 1096 supplicando
996 1028 1302 1093 existimus,
1339 1029 1432 1083 sed
1463 1037 1654 1082 vestra:
1690 1029 1906 1084 celsitu-

327 1117 473 1172 dinis
499 1119 761 1172 serenitas
795 1119 1099 1173 nullatenus
1128 1134 1226 1174 nos
1255 1119 1324 1174 ob
1353 1119 1599 1174 eamdem
1645 1120 1905 1187 importu-

324 1206 553 1260 nitatem
580 1215 897 1275 aspernetur
920 1222 934 1260 :
965 1223 1151 1262 verum
1172 1207 1466 1278 ingruentis
1494 1207 1903 1264 necessitudinis

324 1296 676 1366 indigentiam
729 1299 1073 1352 considerare
1129 1297 1394 1368 dignetur.
1467 1299 1704 1355 Domnus
1758 1301 1901 1354 enim

325 1387 624 1457 imperator
667 1390 1005 1460 suggestione
1040 1404 1158 1444 mea
1207 1391 1493 1459 quamdam
1536 1389 1715 1444 villam
1758 1391 1903 1445 basi-

322 1475 444 1530 lice
470 1476 652 1532 Sancti
690 1479 818 1547 Apri
848 1479 1079 1534 reddidit
1114 1480 1225 1550 (an.
1267 1479 1414 1550 856),
1447 1495 1607 1549 quam
1641 1480 1899 1551 Pippinus

323 1585 458 1622 avus
482 1570 645 1639 ipsius
667 1571 839 1626 eidem
865 1570 1102 1626 donavit.
1132 1571 1282 1626 Hanc
1305 1587 1434 1626 vero
1459 1587 1555 1642 per
1577 1572 1896 1628 beneﬁcium

321 1669 570 1715 nostrum
603 1662 819 1730 quidam
861 1661 1152 1732 Hispanus,
1192 1662 1407 1717 nomine
1449 1661 1668 1732 Joseph,
1712 1664 1895 1718 hacte-

2014 497 2102 537 sas
2130 483 2360 537 miseria:
2406 491 2602 536 nostra:
2632 482 2836 538 referre
2883 483 3144 553 compulsi
3187 499 3395 540 sumus.
3435 486 3588 542 Feci-

2009 588 2149 641 mus,
2181 573 2398 630 domine
2434 573 2529 638 mi,
2558 581 2614 627 et
2639 589 2780 629 nunc
2824 577 3117 630 secundam
3161 575 3500 646 electionem,
3543 590 3600 637 et

2009 664 2312 720 invenimus
2347 665 2620 719 hominem
2673 665 2701 704 ιι
2747 680 2815 720 ex
2871 667 3071 721 nostris
3124 682 3154 721 a
3204 683 3376 737 puero
3424 671 3584 725 nobis

2007 753 2145 808 bene
2173 763 2380 817 notum,
2419 769 2615 824 genere
2637 763 2691 808 et
2717 757 2958 811 moribus
2985 771 3091 810 non
3121 757 3396 822 infamem,
3437 760 3584 815 doci-

2005 841 2111 895 lem
2140 851 2322 909 mtate,
2353 843 2478 898 huic
2521 843 2695 898 oﬂicio
2724 859 3041 916 congruum,
3088 845 3420 903 litteratoria:
3455 865 3582 918 pro-

2005 928 2256 986 fessionis
2288 938 2394 985 non
2437 939 2823 1002 usquequaque
2851 933 3118 1004 ignarum,
3149 934 3343 992 divina:
3365 953 3580 1009 quoque

2005 1021 2242 1075 scientiae
2286 1037 2391 1075 non
2426 1022 2640 1090 penitus
2687 1033 2986 1092 expertem,
3031 1026 3383 1093 quarumdam
3411 1030 3576 1084 etiam

2003 1111 2230 1164 aliarum
2277 1113 2477 1166 artium
2524 1115 2824 1181 portionem
2871 1115 3158 1170 habentem
3235 1116 3407 1183 Quem
3447 1135 3573 1172 cum

2001 1203 2404 1267 obtulissemus,
2435 1203 2741 1259 nullatenus
2765 1213 3016 1274 putantes
3044 1204 3418 1274 rejiciendum,
3449 1209 3579 1278 ipsis

2002 1293 2182 1347 missis
2241 1293 2526 1348 dominicis
2581 1294 3016 1364 impedientibus,
3078 1296 3220 1366 quod
3272 1299 3578 1368 optavimus

2000 1400 2105 1440 non
2139 1385 2436 1440 meruimus
2475 1386 2720 1455 adipisci.
2776 1387 3068 1458 Propterea
3118 1398 3312 1444 vestra:
3361 1392 3576 1461 pietatis

1998 1475 2239 1545 vestigiis
2293 1475 2474 1529 animo
2518 1476 2783 1545 provoluti
2837 1476 3090 1533 ﬂebiliter
3134 1479 3471 1548 postulamus
3516 1490 3577 1534 ut

1999 1565 2185 1621 tandiu
2210 1580 2324 1619 rem
2370 1567 2700 1635 suspendere
2749 1566 3065 1638 dignemini,
3114 1586 3396 1643 quousque
3447 1589 3570 1630 cum

1999 1655 2199 1724 scripto
2246 1657 2466 1713 homine
2495 1658 2561 1712 ad
2598 1667 2831 1714 vestram
2873 1660 3244 1717 celsitudinem
3277 1679 3572 1733 properan—

321 1766 426 1805 nus
454 1751 642 1816 tenuit,
674 1767 900 1822 eamque
921 1753 1048 1807 dum
1080 1753 1254 1808 adhuc
1281 1753 1485 1808 viveret
1517 1754 1784 1809 desertam
1815 1754 1893 1810 fe-
1921 1747 1968 1807 Β
1995 1751 2096 1809 ῑοεν
2128 1745 2228 1814 ίρεῖ
2257 1743 2407 1801 “bis
2431 1745 2621 1804 melius
2647 1752 2886 1804 ηοδιτδῐη
2913 1751 3210 1821 Pandamus
3229 1755 3566 1810 memoriam-

320 1840 401 1894 cit
431 1850 485 1894 et
513 1841 579 1895 ad
617 1841 840 1897 nihilum
873 1843 1092 1898 deduxit
1124 1858 1138 1896 :
1175 1853 1229 1898 et
1268 1844 1436 1914 ipsius
1462 1844 1565 1899 loci
1595 1847 1892 1902 servientes

319 1936 672 2005 cpprimendo
714 1937 996 1992 destruxit.
1030 1938 1149 2009 Ipse
1184 1948 1364 1994 autem
1391 1953 1531 1994 nunc
1562 1939 1628 1995 de
1661 1941 1761 1997 hac
1783 1941 1893 1995 vita

319 2026 592 2097 migravit,
621 2035 674 2082 et
715 2029 923 2084 residua
960 2039 1043 2085 est
1071 2030 1144 2084 illi
1179 2031 1375 2100 conjux
1416 2031 1582 2100 ipsius
1625 2047 1748 2087 cum
1785 2032 1893 2087 filio

316 2117 565 2186 parvulo,
614 2118 704 2188 qui
743 2127 866 2173 sunt
910 2135 976 2174 ex
1019 2119 1220 2175 familia
1273 2119 1454 2175 domni
1503 2121 1887 2190 imperatoris:

317 2207 415 2260 sed
448 2216 516 2262 et
561 2207 674 2278 ipsa
723 2223 884 2263 causa
922 2210 1208 2264 charitatis
1247 2216 1304 2264 et
1331 2203 1654 2277 dilectionis,
1683 2212 1766 2266 vel
1795 2227 1892 2282 per

315 2299 712 2370 eleemosynam
755 2301 937 2356 domui
974 2302 1336 2372 imperatoris,
1360 2301 1426 2357 de
1460 2303 1649 2358 eodem
1687 2295 1892 2360 beneﬂ-

317 2393 406 2447 cio
453 2393 636 2448 decem
678 2409 896 2450 mansos
935 2403 990 2450 et
1021 2395 1234 2450 vineam
1280 2395 1634 2466 quadraginta
1681 2397 1889 2451 modios

311 2485 424 2539 vini
457 2485 570 2540 fere
600 2486 860 2542 valentem
895 2487 1024 2542 dare
1056 2486 1234 2553 volui;
1276 2487 1512 2558 reliquos
1540 2502 1670 2543 vero
1696 2487 1887 2559 viginti

312 2592 535 2632 mansos
581 2579 648 2632 ad
691 2593 826 2648 Opus
870 2578 1095 2634 fratrum
1125 2579 1395 2648 praedictae
1439 2579 1683 2635 ecclesiae
1730 2580 1888 2636 resti-

314 2675 469 2720 tuere
505 2667 710 2722 curavi.
740 2655 1002 2724 Praedicta
1035 2677 1215 2725 autem
1249 2670 1445 2725 mulier
1488 2671 1673 2726 datum
1703 2684 1885 2726 meum

312 2755 566 2824 dispexit,
594 2765 649 2812 et
680 2773 822 2813 nunc
851 2759 916 2812 ad
944 2757 1201 2828 palatium
1230 2759 1454 2816 veniens
1492 2767 1665 2816 totum
1705 2761 1884 2831 ipsum

312 2843 632 2898 beneficium
653 2844 839 2901 furtim
859 2857 912 2902 et
937 2849 1137 2917 absque
1171 2858 1354 2905 nostra
1382 2849 1574 2904 nititur
1592 2851 1886 2922 praeripere

310 2933 606 2990 voluntate.
639 2935 829 2992 Vestra
858 2954 984 2994 vero
1023 2940 1307 3010 prudentia
1350 2940 1404 2996 id
1430 2955 1594 3011 agere
1619 2959 1764 2998 nunc
1800 2958 1884 3000 se-

307 3023 544 3079 cundum
588 3025 828 3096 pristina:
873 3028 1087 3098 pietatis
1121 3030 1562 3086 consuetudinem
1609 3033 1878 3104 dignetur,

309 3121 372 3166 ut
395 3091 660 3183 praedicta:
695 3131 780 3173 res
813 3091 1230 3188 in-possessione
1262 3119 1323 3176 S.
1347 3121 1477 3192 Apri
1505 3091 1876 3194 permaneant,
1909 3091 1956 3155 C

305 3211 364 3256 et
391 3203 626 3273 ipsorum
655 3204 878 3261 fratrum
901 3208 1085 3264 usibus
1099 3209 1279 3265 debita
1298 3211 1545 3268 victualia
1562 3216 1837 3283 przebeant
1861 3236 1874 3271 :

305 3302 578 3362 quatenus
606 3305 659 3350 et
687 3296 743 3351 S.
767 3297 896 3367 Apri
923 3299 1137 3365 merita,
1169 3308 1224 3354 et
1251 3300 1490 3370 ipsorum
1521 3303 1748 3359 fratrum
1777 3307 1879 3376 pia:

305 3385 698 3452 postulationes
750 3389 902 3445 vobis
955 3389 1241 3460 proficiant
1293 3392 1348 3445 in
1392 3393 1556 3448 vitam
1597 3385 1873 3475 aaternaﬂt.

309 3475 502 3532 Valere
531 3493 625 3534 vos
652 3492 863 3550 semper
902 3489 1173 3549 optamus,
1211 3489 1397 3536 sancte
1446 3497 1512 3537 ac
1556 3487 1878 3544 reverentis-

304 3569 446 3623 sime
481 3567 658 3623 Pater.

847 3659 1178 3716 EPISTOLA
1216 3660 1329 3716 XV.

909 3767 978 3806 AD
1014 3767 1253 3808 EUIDEI.

380 3855 407 3884 ι
437 3842 912 3898 Excellentissimze
935 3844 1297 3900 venerationis
1326 3844 1532 3900 honore
1560 3845 1876 3916 dignissimo

303 3932 571 3989 Ηιωωιιο
592 3934 809 3989 domino
846 3949 971 3989 vere
1011 3935 1352 3991 sanctissimo
1391 3933 1652 3993 Sennocae
1683 3936 1876 4008 [Seno-

301 4022 462 4095 nicas]
492 4023 661 4094 plebis
695 4023 992 4079 humillima
1020 4024 1234 4079 devotio
1261 4033 1477 4081 mternae
1504 4026 1874 4096 prosperitatis

301 4117 358 4170 in
396 4115 622 4170 Domino
653 4115 900 4170 salutem.

372 4207 506 4274 Quia
531 4207 711 4262 divina
737 4207 1033 4278 inspirante
1053 4206 1424 4262 misericordia
1456 4205 1748 4262 fastidiosa:
1775 4208 1874 4262 im-

297 4297 644 4368 portunitatis
693 4305 890 4352 nostra;
927 4297 1276 4361 clamoribus,
1325 4296 1400 4350 mi
1449 4297 1684 4360 domine,
1733 4312 1873 4366 saepe

295 4387 534 4457 compati
561 4386 759 4457 dignati
785 4387 916 4442 estis
940 4404 952 4439 :
987 4386 1190 4442 idcirco
1211 4387 1506 4441 etiamnum
1537 4387 1698 4440 nimia
1723 4401 1871 4442 com-

297 4479 439 4548 pulsi
487 4477 827 4542 necessitate,
864 4484 1054 4531 vestne
1083 4477 1418 4537 celsitudinis
1465 4491 1623 4530 aures
1661 4477 1869 4545 inquie-

296 4578 415 4622 tare
436 4567 890 4638 praasumpsimus.
914 4565 1170 4622 Novimus
1190 4568 1411 4630 etenim,
1437 4567 1868 4622 reverentissime

295 4658 532 4721 domine,
563 4657 831 4726 quomodo
865 4657 1134 4725 prioribus
1167 4657 1512 4726 petitionibus
1542 4657 1740 4711 nostris
1776 4658 1869 4711 hc-

295 4751 460 4822 nigne
485 4759 540 4804 et
568 4750 986 4805 misericorditer
1009 4751 1261 4805 assistere
1304 4750 1506 4820 dignati
1548 4749 1702 4814 estis,
1733 4764 1867 4818 quo-

293 4840 457 4895 modo
484 4841 647 4894 etiam
692 4855 723 4894 a
765 4840 924 4894 nullis
967 4840 1164 4894 nostris
1209 4841 1434 4902 meritis,
1473 4841 1697 4909 etquod
1730 4856 1865 4894 nun-

293 4947 460 5001 quam
482 4930 720 4986 futurum
742 4931 1110 5000 sperabamus,
1125 4931 1345 4985 alteram
1369 4931 1523 4987 nobis
1543 4919 1862 4987 electionem

292 5023 586 5092 impetrare
627 5038 692 5077 ac
748 5021 1042 5077 concedere
1090 5021 1388 5075 studuistis.
1449 5022 1554 5076 Sed
1607 5021 1860 5089 quoniam

273 5114 532 5183 peccatis
562 5112 780 5175 nostris,
823 5119 882 5165 ut
924 5110 1214 5173 credimus,
1268 5111 1625 5179 exigentibus,
1655 5119 1776 5164 vota
1807 5119 1862 5164 et

290 5202 583 5265 desideria,
614 5203 806 5270 quibus
827 5199 1164 5254 sanctitatem
1192 5209 1424 5252 vestram
1463 5199 1620 5252 toties
1648 5198 1861 5266 pulsare

288 5294 409 5348 ausi
435 5307 641 5356 sumus,
667 5291 954 5360 plurimum
995 5287 1246 5356 impedita
1282 5288 1347 5341 ad
1389 5287 1634 5342 elfectum
1678 5301 1864 5354 perve-

379 5455 407 5484 ι
433 5441 512 5495 Ex
557 5441 658 5496 hac
697 5439 917 5509 epistola
976 5446 1030 5491 et
1073 5436 1281 5509 duabus
1317 5436 1664 5509 sequentibus
1712 5444 1860 5509 patet

290 5521 415 5580 post
433 5509 680 5564 Jeremiaa
715 5505 940 5570 obitum,
971 5509 1061 5576 qui
1088 5507 1309 5580 contigit
1341 5505 1555 5580 ineunte
1589 5522 1729 5560 anno
1752 5506 1858 5560 8‘28

295 5575 517 5634 i'acasse
539 5579 865 5647 aliquantum
899 5575 1153 5646 temporis
1184 5575 1362 5630 sedem
1393 5575 1761 5629 Senoncnsem

728 5669 808 5726 PA
825 5685 992 5724 reor.
1036 5665 1177 5725 CW.

1899 4437 1947 4496 D

1993 1839 2105 1893 Etsi
2135 1838 2351 1909 quidem
2397 1841 2462 1895 ad
2494 1839 2596 1897 hoc
2625 1857 2761 1898 onus
2802 1839 3082 1899 ferendum
3129 1860 3358 1915 persona
3405 1863 3569 1917 quam

1991 1929 2220 1986 dicimus
2239 1927 2481 1989 sumcere
2509 1933 2752 1990 minusve
2771 1935 2990 2006 poterit,
3022 1931 3349 2007 dignationis
3375 1951 3569 1996 vestra:

1984 2012 2188 2087 judicio
2214 2033 2308 2077 aut
2328 2024 2656 2094 suscipiatur
2677 2033 2770 2080 aut
2795 2026 3131 2097 reprobetur.
3179 2029 3312 2083 Dum
3340 2031 3569 2100 amplius

1990 2127 2090 2166 nec
2117 2127 2214 2168 nos
2237 2114 2516 2182 acquisitis
2539 2116 2912 2172 occasionibus
2939 2115 3155 2189 quidam
3193 2120 3271 2175 sic
3300 2123 3563 2187 crucient,

1990 2221 2091 2261 nec
2117 2221 2147 2260 a
2191 2208 2346 2268 nobis
2371 2209 2752 2279 abjectissimis
2795 2220 2974 2268 vestra
3007 2215 3438 2270 mansuctissima
3476 2232 3567 2273 su-

1989 2298 2224 2354 blimitas
2253 2300 2451 2356 diutius
2499 2301 2849 2372 inquietetur.
2899 2296 2998 2360 llis
3039 2296 3220 2374 itaque
3265 2307 3564 2364 clementiae

1987 2397 2181 2445 vestrae
2217 2391 2504 2460 suggestis,
2536 2400 2699 2462 atque
2732 2393 2936 2448 utinam
2984 2387 3307 2464 impetratis,
3348 2412 3566 2453 oramus

1988 2495 2276 2550 supernam
2305 2483 2731 2540 misericordiam
2775 2494 2832 2540 ut
2862 2485 3175 2542 multimoda
3210 2504 3308 2544 vos
3343 2504 3566 2560 prospe-

1990 2569 2148 2625 ritate
2170 2572 2352 2628 valere
2385 2575 2647 2629 concedat
2679 2583 2736 2630 et
2759 2585 2974 2634 aeterna:
2997 2579 3346 2637 beatitudinis
3366 2581 3562 2652 gaudia

1987 2661 2243 2731 consequi
2273 2663 2594 2733 quandoque
2618 2657 2918 2734 permittat.

2058 2747 2268 2803 Eximio
2309 2750 2518 2805 domino
2561 2762 2608 2806 et
2646 2769 2760 2808 vere
2799 2756 3130 2810 sanctissimo
3171 2756 3430 2812 Hilduino
3474 2775 3562 2813 aa-

1985 2838 2088 2892 crt's
2138 2836 2353 2910 negotiis
2384 2859 2415 2894 a
2462 2839 2572 2894 Deo
2609 2841 2829 2911 praelato
2861 2842 3134 2908 Senoniae:
3169 2846 3312 2900 urbis
3357 2847 3561 2917 abjecta

1986 2926 2228 2999 [abjecuv
2255 2941 2303 2983 et
2345 2925 2580 3002 humilis]
2611 2931 2824 2987 [inmitis
2853 2927 3104 2989 Ecclesiae
3142 2945 3443 3005 perpetuam
3467 2955 3559 2992 sa-

1985 3016 2166 3073 Iutem.

2517 3112 2849 3169 EPISTOLA
2887 3113 3026 3170 XVI.

2533 3221 2601 3258 AD
2635 3220 2998 3260 EGINHARDUI.

2047 3298 2248 3372 lnclyto
2273 3309 2330 3358 et
2355 3303 2500 3357 omni
2534 3302 2813 3358 nobilitate
2843 3303 3099 3373 praeclaro
3130 3305 3442 3364 EGINHAIDO
3464 3309 3558 3365 do-

1978 3389 2126 3445 mino
2153 3391 2492 3447 sanctissimo
2519 3391 2796 3447 Senonicae
2837 3393 3092 3450 Ecclesia:
3127 3395 3428 3452 humillima
3463 3399 3556 3455 de-

1977 3479 2141 3534 votio.

2047 3569 2506 3639 Praasumpsimus,
2543 3571 2614 3623 mi
2639 3567 2871 3636 domine,
2897 3565 3119 3627 auribus
3139 3573 3442 3631 clementiae
3456 3593 3551 3633 ve-

1977 3671 2104 3716 strae
2120 3655 2457 3716 necessitatis
2477 3667 2674 3718 nostra:
2695 3679 2888 3719 causas
2904 3664 3179 3720 humiliter
3192 3667 3549 3734 innotescere.

1976 3759 2035 3804 ut
2072 3766 2168 3821 per
2190 3763 2430 3806 vestram
2460 3753 2718 3822 pietatem
2747 3755 2812 3809 de
2837 3755 2922 3811 his
2961 3756 3210 3811 celeriter
3243 3773 3552 3818 mereamur

1973 3841 2394 3898 consolationem
2422 3843 2683 3912 recipere.
2726 3843 2921 3898 Notum
2947 3846 3100 3900 vobis
3129 3860 3248 3902 esse
3279 3849 3553 3905 credimus

1975 3933 2116 4002 quod
2153 3934 2307 3990 nobis
2342 3929 2730 4006 indignissimis
2770 3953 2800 3992 a
2834 3932 3032 3994 domno
3073 3939 3400 4010 imperatore
3421 3957 3551 3999 con-

1975 4040 2182 4080 cessum
2207 4025 2385 4081 fuerat
2405 4036 2464 4081 ut
2493 4043 2560 4082 ex
2603 4028 2756 4083 nobis
2786 4025 2918 4099 ipsis
2957 4029 3274 4087 electionem
3315 4033 3548 4089 faciendi

1974 4115 2298 4171 haberemus
2339 4115 2632 4172 licentiam.
2694 4116 2802 4172 Sed
2842 4133 2964 4172 cum
3008 4115 3157 4174 illum
3199 4137 3360 4192 quem
3398 4124 3549 4180 scitis

1973 4205 2336 4275 elegissemus,
2362 4214 2417 4261 et
2455 4219 2486 4260 a
2522 4207 2810 4262 serenitate
2843 4205 3025 4262 domni
3061 4209 3401 4280 imperatoris
3439 4228 3546 4268 non

1971 4297 2200 4367 pleniter
2238 4297 2429 4354 fuisset
2469 4302 2736 4369 receptus,
2783 4303 3106 4371 permissum
3159 4306 3314 4361 nobis
3349 4307 3545 4363 iterum

1971 4399 2134 4444 estut
2161 4389 2342 4454 alium,
2382 4392 2426 4446 si
2465 4391 2848 4461 potuissemus,
2894 4407 2959 4446 ex
3004 4395 3157 4449 nobis
3175 4397 3322 4473 ‘huic
3363 4397 3546 4453 officio

1972 4497 2264 4552 congruum
2292 4482 2672 4536 inveniremus.
2711 4481 2817 4537 Sed
2848 4499 2970 4537 cum
3009 4494 3155 4539 esset
3191 4486 3461 4553 inventus,
3486 4499 3546 4543 ut

1970 4569 2262 4634 credimus,
2280 4570 2332 4622 in
2348 4569 2437 4624 Dei
2461 4569 2706 4625 etdomni
2731 4572 3068 4642 imperatoris
3089 4576 3308 4631 servitio
3328 4577 3543 4644 habilis,

1971 4662 2240 4715 nescimus
2273 4660 2342 4715 ob
2366 4677 2526 4732 quam
2562 4677 2778 4718 causam
2823 4673 2852 4718 a
2897 4663 3076 4721 missis
3119 4667 3403 4725 dominicis
3438 4685 3542 4724 non

1968 4757 2052 4805 est
2072 4750 2225 4820 plena
2252 4747 2626 4806 benevolentia
2659 4764 2961 4822 susceptus.
2989 4755 3139 4811 Unde
3160 4765 3394 4813 vestram
3415 4775 3538 4813 ora-
3578 4793 3582 4808 ι

1971 4856 2092 4894 mus
2129 4837 2514 4911 benignitatem
2559 4852 2617 4896 ut
2649 4857 2715 4896 ex
2756 4845 2910 4898 nobis
2963 4846 3016 4898 in
3067 4843 3388 4914 adiutorium
3421 4863 3542 4904 esse

1970 4929 2290 4998 dignemini;
2350 4939 2614 4999 quatenus
2659 4931 2832 4999 ipsum
2894 4932 2960 4986 de
3020 4949 3126 5002 quo
3187 4936 3415 4990 dicimus
3472 4937 3539 4991 ad

1969 5023 2304 5090 praesentiam
2328 5021 2507 5074 uomni
2542 5021 2882 5089 imperatoris
2904 5037 3001 5076 nos
3045 5023 3146 5092 ipsi
3187 5023 3534 5088 deducamus,

1968 5121 2020 5163 ct
2042 5109 2510 5180 qualiterjusserit
2541 5109 2882 5176 discutiatur,
2924 5121 2979 5166 et
3014 5112 3269 5180 probetur
3302 5115 3346 5168 si
3381 5115 3537 5170 nobis

1967 5202 2222 5270 prodesse
2241 5201 2440 5264 valeat,
2468 5205 2522 5256 et
2546 5201 2599 5255 in
2633 5197 2854 5256 servitio
2878 5199 2971 5258 Dei
3012 5212 3168 5272 aptus
3201 5218 3320 5258 esse
3345 5205 3534 5275 possit,

1968 5307 2034 5345 an
2061 5292 2256 5345 minus.
2281 5291 2541 5360 Optamus
2564 5307 2659 5346 vos
2693 5291 2889 5352 divinis
2911 5307 3124 5361 semper
3160 5293 3357 5348 muniri
3396 5308 3534 5364 prae-

2034 5444 2062 5482 b
2101 5441 2270 5496 Homo
2297 5442 2384 5496 ille
2420 5442 2665 5498 Aldricus
2697 5451 2799 5508 cst,
2823 5443 2904 5496 vel
2925 5443 3080 5507 alius,
3105 5442 3158 5496 in
3181 5440 3333 5512 cujus
3355 5443 3532 5498 locum

1959 5513 2161 5567 electus
2181 5523 2263 5567 est
2281 5513 2545 5566 Aldrirus.

3023 5666 3096 5724 28
