3898 6178
382 320 494 380 875

1445 316 1813 373 FROTHARH
1855 314 2230 370 TULLENSlS
2270 314 2568 369 EPISCOPI

3520 312 3619 370 876

391 440 562 504 sidils,
600 446 656 493 ct
694 434 1106 491 immortalitatis
1130 449 1329 488 corona
1365 434 1685 502 quandoque
1708 432 1949 501 gloriari,
1980 435 2025 490 Α
2053 430 2195 481 drca:
2222 430 2437 483 domum
2476 430 2682 499 regredi
2710 413 2894 499 ‘cupio.
2938 432 3041 484 Sed
3078 433 3123 483 si
3166 446 3260 484 vos
3290 429 3429 484 infra
3477 445 3625 486 eum-

392 532 631 603 piissime
660 536 715 583 et
736 527 1174 582 reverentissime
1194 525 1429 580 domine.

464 619 800 677 Sanctissimo
840 627 888 671 et
912 618 1145 687 piissimo
1177 605 1387 671 domino
1430 612 1732 684 Egitﬂtardo
1775 617 1959 667 merito

395 709 665 767 renerabili
695 706 963 764 Senoniae
1003 707 1146 762 urbis
1175 705 1286 761 vilis
1309 715 1357 768 et
1387 706 1587 775 objecta
1608 703 1956 775 congregatio.

909 834 1241 891 EPISTOLA
1290 834 1447 891 XVII.

362 942 374 986 ἱ
807 943 872 981 ΑΙ)
908 942 1096 981 JUDITH
1134 940 1554 980 llPERATBlCEI.

464 1018 680 1088 ιεεριγιω
710 1025 764 1071 et
792 1017 936 1070 omni
968 1016 1246 1071 nobilitate
1267 1016 1579 1072 clarissima:
1605 1015 1821 1080 Juotru‘,
1850 1015 1961 1087 glo-

358 1095 550 1184 iriosa:
578 1108 931 1179 imperatrici,
964 1107 1243 1162 Senonicze
1266 1106 1521 1165 Ecclesia:
1538 1108 1845 1167 humillima
1871 1107 1961 1162 de-

397 1197 560 1250 tulit).

467 1285 934 1354 Prmsumpsimus,
980 1284 1052 1338 mi
1112 1284 1348 1352 domina,
1404 1284 1626 1341 auribus
1665 1285 1965 1341 clementia:

395 1383 589 1429 vestrae
617 1372 955 1427 necessitatis
984 1381 1180 1427 nostra;
1219 1388 1411 1429 causas
1448 1373 1721 1428 humiliter
1758 1373 1964 1429 innote-

400 1478 576 1530 scere,
605 1471 664 1518 ut
688 1478 786 1533 per
811 1471 1044 1517 vestram
1081 1463 1333 1534 pietatem
1364 1463 1429 1518 de
1454 1463 1538 1518 bis
1577 1463 1829 1519 celeriter
1855 1478 1967 1519 me—

303 1587 306 1591 ~
400 1567 616 1607 reamur
659 1552 1078 1607 consolationem
1119 1553 1378 1623 recipere.
1415 1552 1611 1608 Notum
1652 1553 1804 1607 vobis
1845 1568 1966 1609 esse

399 1642 669 1697 credimus
704 1643 847 1713 quod
892 1643 1047 1698 nobis
1086 1642 1473 1712 indignissimis
1505 1658 1535 1696 a
1572 1644 1768 1699 domno
1799 1644 1967 1713 impe-

2056 519 2178 572 dcm
2220 534 2471 577 mensem
2508 521 2607 573 has
2656 522 2709 573 in
2761 529 2943 588 partes
2988 520 3255 589 proficisci
3302 535 3626 592 cognovero,

2058 624 2294 679 prmsens
2323 609 2511 663 adesse
2536 611 2754 674 curabo,
2786 619 2845 663 ut
2881 611 3046 664 vestri
3077 608 3366 664 famulator
3394 619 3451 664 et
3486 609 3629 679 adiu-

2058 711 2145 755 tor
2176 701 2231 755 in
2255 701 2506 755 omnibus
2533 702 2794 766 existens,
2824 716 2855 754 a
2886 701 3039 754 vobis
3066 716 3253 755 rursus
3290 710 3346 755 et
3377 701 3434 754 in
3464 700 3627 768 spiri-

2059 791 2257 846 talibus
2320 791 2483 846 rebus
2539 805 2834 861 congruum
2893 791 3322 860 supplementum
3387 790 3632 857 recipere

2060 894 2292 935 merear.
2336 878 2516 935 Nostri
2571 880 2626 934 in
2661 872 2912 935 omnibus
2962 879 3402 935 reminiscentem
3435 893 3531 933 vos
3576 878 3631 932 in

2060 970 2277 1027 Christo
2297 973 2433 1027 bene
2452 981 2581 1042 opto
2603 971 2803 1027 valere.

2339 1191 2406 1230 AD
2443 1189 2731 1229 “WGARDUI
2776 1189 3016 1229 ABBATEH
3054 1189 3332 1228 lNDENSEH.

2132 1284 2494 1351 FROTHANUS,
2511 1284 2879 1341 misericordia
2901 1286 2992 1340 Dei
3009 1286 3313 1357 cpiscopus,
3332 1285 3636 1345 \Vtonuoo

2065 1376 2260 1430 merito
2301 1382 2357 1430 et
2381 1374 2671 1430 sanctitate
2712 1374 3003 1430 venerabili
3041 1375 3245 1440 abbati,
3289 1387 3343 1431 et
3372 1377 3640 1431 universae

2065 1465 2468 1537 congregationi
2492 1465 2742 1521 salutem.

2053 1572 2060 1579 '
2137 1557 2213 1611 De
2244 1555 2488 1627 profectu
2530 1565 2693 1627 atque
2729 1554 2962 1610 utilitate
3005 1564 3185 1610 vestra
3222 1555 3640 1611 sollicitudinem

2066 1658 2121 1705 et
2147 1664 2331 1704 curam
2361 1662 2449 1703 me
2491 1647 2706 1703 assidue
2734 1645 2922 1707 sciatis
2962 1645 3183 1711 habere,
3216 1655 3271 1701 et
3298 1646 3365 1701 de
3410 1648 3497 1702 his
3521 1664 3642 1717 qua-

401 1739 582 1786 ratore
604 1746 914 1786 concessum
943 1730 1103 1785 fuerit
1132 1738 1191 1785 ut
1216 1747 1282 1786 ex
1310 1731 1465 1787 nobis
1491 1731 1618 1802 ipsis
1648 1731 1964 1787 electionem
1993 1768 2041 1828 Β
2068 1758 2237 1814 nuper
2282 1740 2657 1813 είεηίιίωειίε,
2708 1755 2805 1796 seu
2859 1740 2927 1795 de
2982 1739 3164 1795 clm-ge;
3210 1739 3381 1794 vestri
3424 1741 3644 1795 magna-

402 1821 631 1879 faciendi
661 1822 985 1877 haberemus
1013 1822 1304 1877 licentiam.
1337 1820 1443 1876 Sed
1473 1836 1596 1876 cum
1626 1820 1771 1876 illum
1806 1836 1964 1892 quem

402 1914 556 1970 scitis
584 1912 948 1984 elegissemus,
979 1921 1035 1968 et
1071 1929 1101 1967 a
1147 1913 1439 1968 serenitate
1472 1912 1654 1968 domni
1683 1912 1971 1981 imperato-

404 2006 481 2060 ris
509 2019 614 2059 non
636 2004 793 2076 plene
824 2003 1014 2059 fuisset
1040 2010 1310 2074 receptus,
1346 2003 1669 2074 permissum
1699 2002 1854 2058 nobis
1886 2009 1971 2058 est

402 2098 594 2153 iterum
624 2104 684 2152 ut
720 2095 905 2162 alium,
939 2095 984 2150 si
1011 2096 1391 2166 potuissemus,
1420 2111 1485 2151 ex
1515 2095 1670 2151 nobis
1695 2096 1822 2152 huic
1846 2093 1970 2150 om-

405 2187 489 2242 cio
511 2201 805 2256 congruum
832 2186 1216 2241 inveniremus.
1249 2185 1354 2241 Sed
1381 2201 1505 2242 cum
1530 2193 1675 2243 esset
1699 2185 1969 2252 inventus,

402 2286 466 2331 ut
489 2276 783 2341 credimus,
831 2275 886 2330 in
927 2275 1021 2330 Dei
1049 2282 1104 2331 et
1128 2264 1316 2331 vestro
1352 2275 1574 2331 servitio
1611 2275 1829 2342 habilis,
1878 2291 1974 2333 ne-

404 2365 605 2420 scimus
631 2363 702 2420 ob
730 2379 891 2436 quam
913 2379 1132 2420 causam
1172 2381 1204 2420 a
1233 2364 1417 2421 missis
1441 2365 1726 2422 dominicis
1756 2380 1862 2422 non
1891 2374 1971 2422 est

402 2458 561 2529 plena
590 2457 960 2513 benevolentia
988 2464 1286 2529 susceptus.
1315 2457 1470 2515 Unde
1492 2458 1728 2513 vestram
1755 2472 1973 2514 oramus

407 2548 793 2619 benignitatem
841 2556 902 2602 ut
939 2562 1006 2602 ex
1048 2548 1153 2603 hoc
1193 2547 1349 2603 nobis
1389 2547 1446 2602 in
1492 2546 1817 2618 adiutorium
1853 2561 1974 2602 esse

407 2634 702 2707 dignemini
745 2652 760 2688 :
803 2643 1071 2703 quatenus
1127 2649 1287 2691 causa
1352 2636 1741 2705 suspendatur,
1804 2636 1975 2694 donec

410 2725 586 2796 ipsum
614 2724 679 2780 de
708 2739 816 2796 quo
851 2725 1081 2782 dicimus
1114 2728 1182 2783 ad
1214 2728 1554 2797 praesentiam
1580 2729 1762 2785 domui
1807 2729 1975 2801 impe-

408 2815 607 2871 ratoris
635 2823 691 2871 et
723 2823 957 2872 vestram
993 2831 1092 2873 nos
1129 2817 1232 2889 ipsi
1271 2817 1622 2886 deducamus,
1659 2826 1715 2875 et
1743 2820 1976 2891 qualiter

402 2906 674 2979 iusseritis
702 2907 1044 2975 discutiatur,
1080 2917 1136 2966 et
1162 2908 1423 2980 probetur
1461 2910 1509 2966 si
1534 2910 1690 2967 nobis
1717 2911 1976 2983 prodesse

405 2996 600 3064 valeat,
634 3004 691 3054 et
725 2998 779 3054 in
822 2999 1046 3055 servitio
1092 3005 1274 3056 vestro
1322 3008 1480 3071 aptus
1525 3015 1643 3056 esse
1672 3001 1863 3072 possit,
1904 3017 1974 3056 an

407 3087 603 3143 minus.
651 3087 909 3157 Optamus
940 3104 1037 3146 vos
1068 3090 1265 3147 divinis
1304 3106 1516 3162 semper
1556 3092 1753 3147 muniri
1788 3093 1977 3163 praesi-
2000 3125 2045 3188 ρ

408 3173 535 3238 diis,
583 3182 640 3229 et
682 3175 1107 3232 immortalitatis
1141 3178 1337 3232 corona
1367 3180 1690 3249 quandoque
1732 3180 1972 3252 gloriari,

406 3264 649 3333 piissima
677 3273 733 3318 ct
765 3266 1107 3321 serenissima
1139 3267 1376 3322 domina.

483 3353 945 3410 Excellentissimte
987 3365 1034 3411 et
1064 3357 1205 3411 omni
1239 3357 1504 3412 nobilitate
1545 3358 1847 3415 clarissima:
1874 3360 1978 3417 Ju-

409 3444 521 3497 dith
549 3445 868 3513 iinperatriri
892 3445 1053 3515 plebis
1078 3446 1352 3504 Senoniae
1372 3448 1663 3504 humillima
1688 3450 1904 3507 devotio.

917 3556 1246 3614 EPISTOLA
1286 3558 1469 3615 XVIII.

616 3663 684 3699 AD
707 3663 869 3701 llET'I'I
897 3663 1344 3706 ARCHIEPISCOPUH
1373 3664 1761 3707 TREVIRENSEM.

481 3734 710 3790 Domino
754 3736 1068 3803 beatissimo
1116 3748 1170 3794 ct
1215 3741 1386 3796 unicm
1442 3741 1743 3798 dilectionis
1784 3743 1975 3800 affectu

410 3826 633 3882 colendo
652 3826 830 3881 Ilsrrt
854 3840 901 3893 θ,
926 3843 1172 3899 suprema
1196 3830 1455 3900 largiente
1480 3832 1978 3901 providentia,Tre-

408 3916 644 3969 virorum
697 3914 949 3971 Ecclesite
996 3917 1433 3989 archiepiscopo,
1480 3919 1829 3977 Fnoruamus
1865 3922 1977 3992 epi-

412 4019 693 4074 scoporum
719 4005 953 4063 extimus
975 4006 1027 4061 in
1057 4007 1272 4064 Christo
1300 4009 1548 4065 salutem.

484 4093 657 4149 Tanto
697 4096 892 4153 ardore
927 4104 1097 4151 aestuo
1139 4106 1330 4154 vestrae
1356 4101 1696 4170 patcruitatis
1734 4102 1978 4158 sublimi—

349 4216 361 4226 ο
410 4194 575 4239 tatem
615 4185 851 4240 intuendi
892 4193 1055 4255 atque
1087 4185 1304 4253 ali‘andi,
1333 4204 1397 4244 ac
1440 4190 1484 4244 si
1532 4191 1822 4246 multorum
1860 4191 1973 4262 iam

410 4284 709 4346 temporum
748 4275 999 4332 labantur
1025 4277 1316 4345 volumina,
1354 4282 1549 4351 quibus
1584 4293 1767 4340 vestro
1820 4300 1975 4356 aspe-

409 4374 497 4420 ctu
524 4366 610 4421 vel
643 4366 837 4422 vestris
874 4368 1157 4437 colloquiis
1201 4368 1398 4439 perfrui
1442 4372 1792 4443 nequiverim.
1838 4374 1971 4430 Nam

2072 1835 2233 1899 tione,
2281 1832 2541 1903 quidquid
2587 1830 2990 1893 rationabiliter
3020 1838 3076 1886 et
3109 1830 3298 1885 idonee
3328 1845 3638 1900 possumus.

2072 1923 2364 1994 adimplere
2411 1921 2564 1976 velle.
2601 1920 2869 1977 Caeterum
2920 1928 3046 1991 peto
3084 1931 3143 1976 ut
3172 1930 3356 1976 vestro
3410 1921 3641 1976 admini-

2071 2012 2193 2069 culo
2219 2014 2322 2067 tria
2348 2027 2506 2067 carra
2532 2010 2645 2065 vini
2674 2010 2740 2066 de
2765 2010 2946 2066 Bonna
2975 2009 3189 2066 faciatis
3228 2011 3385 2067 nobis
3423 2012 3642 2082 perduci

2072 2118 2140 2158 ao
2186 2103 2446 2174 palatium
2497 2100 2690 2172 Aquis,
2741 2109 2798 2156 et
2848 2100 3108 2172 quidquid
3155 2100 3350 2155 iterum
3384 2100 3541 2156 vobis
3580 2101 3645 2155 de

2072 2202 2256 2248 nostro
2297 2192 2520 2248 servitio
2560 2191 2816 2262 competit
2840 2191 3173 2246 remandate.
3224 2191 3413 2247 Valete
3451 2191 3507 2246 in
3544 2191 3645 2246 Do-

2072 2283 2220 2344 mino
2256 2297 2487 2353 semper.

2505 2465 2527 2489 ν
2610 2390 2944 2449 EPISTOLA
2985 2392 3103 2448 XX.

2495 2503 2565 2543 ΔΙ)
2591 2501 2916 2544 Αςιεωωι
2937 2503 3204 2544 ΔΒΒΔΤΕΙ.

2150 2619 2515 2685 Fac-ruamus,
2540 2619 2712 2692 gratia
2738 2620 2834 2676 Dei
2862 2620 3145 2692 episcopus
3172 2620 3443 2677 Tullensis
3468 2622 3643 2679 Eccle-

2074 2711 2188 2778 siae,
2213 2711 2511 2768 Accensa
2534 2713 2829 2769 venerabili
2858 2713 3039 2769 abbati
3075 2721 3387 2783 perpetuam
3416 2715 3471 2769 in
3498 2714 3644 2770 Chri-

2074 2809 2160 2858 sto
2186 2810 2314 2873 opto
2338 2801 2587 2858 salutem.

2143 2890 2365 2946 Noverit
2423 2884 2511 2945 me
2557 2890 2774 2947 dilectio
2818 2899 2909 2946 tua
2964 2890 3209 2962 corporis
3272 2891 3642 2947 incolumitate

2073 2989 2349 3052 utcunque
2374 2981 2575 3053 vigere,
2607 2990 2663 3038 et
2690 2996 2790 3052 pro
2832 2981 3091 3053 sospitate
3118 2982 3296 3038 cordis
3341 2998 3407 3039 ac
3453 3000 3642 3053 corpo-

2076 3071 2155 3126 ris
2194 3071 2272 3126 tui
2318 3084 2565 3140 supernae
2607 3070 2826 3141 pietatis
2865 3069 3204 3126 clementiam
3254 3072 3452 3141 saepius
3497 3072 3641 3143 ﬂagi-

2076 3168 2211 3216 tare.
2249 3159 2419 3231 Cupio
2467 3161 2613 3217 enim
2659 3170 2712 3217 te
2761 3161 3000 3233 longaeva
3044 3162 3301 3218 felicitate
3356 3164 3543 3235 potiri,
3591 3175 3645 3218 et

2072 3260 2199 3323 post
2224 3251 2383 3321 huius
2419 3253 2542 3308 vitae
2573 3251 2774 3320 calcem
2810 3266 3055 3324 supernae
3093 3247 3291 3324 quietis
3317 3254 3644 3309 charismate

2073 3341 2384 3411 perenniter
2425 3341 2683 3397 recreari.
2727 3340 2991 3397 ϐείω-πω
3033 3343 3172 3397 sciat
3213 3357 3299 3397 me
3334 3341 3644 3397 fraternitas

2075 3440 2255 3489 vestra
2282 3433 2336 3488 in
2367 3434 2520 3489 novis
2538 3432 2779 3489 ecclesiae
2812 3441 3011 3488 nostra:
3041 3433 3281 3489 aediﬁciis
3307 3446 3496 3489 vestro
3537 3433 3645 3488 suf-

2077 3522 2248 3593 fragio
2274 3522 2530 3595 indigere.
2564 3521 2717 3579 Unde
2743 3529 2869 3592 peto
2897 3532 2955 3577 ut
2989 3524 3145 3579 nobis
3182 3524 3367 3578 mittas
3389 3525 3460 3579 ad
3491 3525 3643 3578 deco-

2075 3614 2275 3670 randos
2301 3615 2535 3685 parietes
2555 3615 2764 3670 colores
2792 3614 3053 3677 diversos,
3086 3614 3176 3684 qui
3212 3616 3279 3669 ad
3305 3630 3529 3669 manum
3558 3623 3647 3669 ha-

2075 3704 2292 3771 bentur,
2334 3705 2585 3760 videlicet
2610 3705 2725 3760 auri
2757 3705 3108 3775 pigmentum,
3152 3703 3337 3760 folium
3380 3705 3641 3766 indicum.

2077 3795 2323 3860 minium,
2371 3794 2544 3860 lazur,
2600 3803 2762 3865 atque
2820 3795 3117 3864 prusinum,
3160 3804 3216 3849 et
3268 3794 3335 3849 de
3385 3796 3511 3851 vivo
3567 3810 3645 3849 ar-

2077 3892 2238 3957 gento
2256 3884 2411 3955 iuxta
2441 3882 2769 3938 facultatem.
2800 3882 2924 3938 Haec
2952 3884 3106 3939 nobis
3134 3883 3373 3954 dirigite,
3401 3895 3461 3939 et
3489 3901 3518 3939 a
3557 3902 3645 3939 no-

2076 3976 2160 4031 bis
2219 3975 2453 4032 debitum
2506 3975 2788 4032 servitium
2834 3976 3029 4031 iterum
3071 3976 3291 4047 exigito.
3350 3974 3644 4031 Charitatis

2077 4069 2220 4124 enim
2267 4069 2620 4125 indissolubili
2666 4085 2806 4124 nexu
2847 4068 3052 4124 astricti
3082 4068 3321 4123 vicissim
3372 4068 3532 4124 nobis
3571 4068 3643 4120 fa-

2079 4162 2293 4227 mulari,
2347 4172 2399 4217 et
2439 4160 2677 4216 fraterna
2727 4161 2982 4231 obsequia
3033 4161 3317 4217 redhibere
3360 4161 3641 4231 compelli-

2078 4267 2217 4307 mur.
2254 4252 2439 4307 Valete
2464 4253 2516 4307 in
2542 4252 2771 4308 Domino
2799 4267 3030 4323 semper.

2149 4343 2339 4398 Vestra
2376 4342 2572 4398 dudum
2607 4342 2905 4413 largissima
2945 4358 2973 4395 a
3011 4342 3117 4398 Deo
3142 4342 3267 4396 data
3299 4342 3642 4411 providentia

409 4465 463 4510 et
490 4455 612 4510 inde
636 4470 723 4511 me
751 4472 1134 4528 usquequaque
1167 4457 1343 4514 fateor
1368 4431 1596 4527 anxiari,
1627 4465 1767 4533 quod
1805 4481 1976 4535 nuper
1999 4457 2053 4518 D
2079 4432 2219 4535 fwue
2238 4431 2710 4535 ⁸ῗ¹¹⁰¹²ῗΕ⁰⁰1⁰⁸ί²⁹
2738 4433 2809 4486 im
2838 4432 3083 4535 manu”?
3103 4432 3238 4535 “teis
3257 4431 3557 4498 commisu’
3591 4444 3647 4485 ¹¹ί

408 4546 539 4599 mihi
580 4545 645 4599 de
673 4545 873 4614 palatio
899 4547 1217 4616 regredienti
1245 4547 1414 4603 defuit
1448 4548 1675 4607 facultas
1697 4553 1973 4608 vobiscum

409 4634 678 4705 loquendi.
709 4635 859 4692 Unde
883 4646 939 4693 et
976 4637 1386 4709 iuexplebilibus
1415 4642 1695 4699 desideriis
1730 4659 1826 4700 ora
1860 4647 1976 4702 dul-

411 4725 681 4781 cctudinis
723 4734 917 4781 vestra:
977 4726 1066 4782 his
1119 4728 1173 4782 in
1224 4728 1469 4799 partibus
1529 4732 1689 4788 citius
1743 4733 1975 4792 invisere

410 4827 555 4884 opto.
586 4815 923 4887 Quapropter
945 4817 1142 4872 vestris
1169 4817 1366 4874 litteris
1392 4819 1522 4874 mihi
1558 4821 1848 4893 significari
1878 4839 1975 4879 ex-

410 4915 554 4977 peto,
580 4904 793 4977 quando
835 4907 941 4963 huc
967 4922 1065 4978 pro
1110 4907 1375 4981 legatione
1418 4911 1570 4967 vobis
1602 4910 1838 4981 iniuncta
1884 4930 1976 4971 ve-

409 4995 546 5062 nire,
582 4994 667 5052 vel
702 4996 917 5066 quando
959 4998 1216 5070 synodale
1247 4999 1534 5056 concilium
1563 4999 1717 5072 juxta
1764 5005 1975 5059 moder-

408 5103 534 5144 nam
563 5088 1004 5147 constitutionem
1050 5091 1290 5150 debeatis
1317 5107 1637 5150 convocare.
1686 5095 1762 5151 De
1794 5097 1878 5152 his
1905 5098 1975 5153 ob

408 5177 462 5233 id
482 5178 750 5251 praecipue
773 5179 1034 5237 sollicitus
1058 5196 1272 5249 maneo,
1304 5185 1430 5252 quia
1457 5193 1508 5239 et
1541 5185 1656 5257 ipse
1680 5187 1973 5241 secundum

409 5268 686 5338 imperiale
707 5280 1033 5342 prteceptum
1070 5272 1138 5327 ad
1170 5274 1527 5343 providendas
1560 5277 1885 5334 mansiones.
1922 5277 1972 5331 in

410 5359 604 5428 quibus
631 5360 791 5433 legati
823 5361 1025 5432 suscipi
1055 5362 1272 5429 debent,
1312 5364 1517 5420 scilicet
1558 5381 1588 5419 a
1618 5365 1793 5422 Monte
1826 5366 1975 5423 Jovis

411 5462 580 5519 usque
617 5450 876 5521 palatium
919 5449 1089 5522 Aquis
1130 5451 1210 5508 ire
1244 5451 1435 5519 debeo,
1472 5464 1527 5511 et
1557 5454 1693 5519 intra
1734 5471 1969 5513 mensem

409 5533 697 5593 Octobrem
745 5538 1029 5610 egrediens
1070 5549 1195 5596 ante
1242 5541 1635 5599 solemnitatem
1684 5528 1822 5599 bcati
1863 5546 1971 5599 Λη-

2080 4523 2399 4577 irrucntium
2436 4522 2679 4593 lupormn
2710 4537 2921 4593 morsus
2948 4522 3293 4587 contrairem,
3323 4537 3529 4593 eosque
3554 4539 3647 4594 pa-

2082 4611 2216 4666 riter
2234 4619 2433 4681 quanta
2482 4612 2769 4667 voluissem
2795 4611 2993 4666 virtute
3032 4612 3450 4683 comprimerem
3490 4624 3649 4682 atque

2079 4717 2354 4757 necarem.
2381 4699 2487 4757 Sed
2515 4701 2641 4771 quia
2677 4702 2851 4757 adhuc
2879 4702 2944 4756 de
2964 4702 3151 4757 eodem
3181 4702 3481 4757 certamine
3512 4711 3646 4757 tem-

2078 4802 2181 4861 pus
2210 4791 2472 4845 ratiouem
2505 4790 2757 4847 reddendi
2786 4806 2889 4846 non
2914 4798 3018 4861 est,
3046 4790 3276 4849 referam
3302 4799 3483 4847 tamen
3511 4793 3649 4845 inte-

2079 4858 2183 4934 rim
2213 4888 2407 4935 vestra:
2438 4881 2717 4936 industria:
2761 4882 2816 4935 in
2851 4896 2983 4937 nece
2996 4858 3255 4952 \luporum
3286 4882 3649 4953 corporalium

2078 4971 2309 5040 qualiter
2344 4972 2631 5027 decertavi.
2659 4972 2948 5044 Postquam
2981 4975 3124 5030 enim
3162 4974 3293 5030 illud
3316 4974 3650 5046 episcopium

2080 5060 2211 5113 mihi
2247 5060 2685 5126 commendastis,
2730 5062 2975 5118 interfeci
3026 5062 3079 5116 in
3110 5063 3308 5118 vestris
3353 5062 3653 5118 forestibus

2080 5147 2233 5217 lupos
2255 5163 2423 5215 eest;
2458 5150 2703 5205 interfeci
2729 5151 2868 5218 dico,
2903 5152 3026 5221 quia
3057 5166 3144 5207 me
3173 5152 3396 5222 iubente
3418 5162 3475 5209 et
3503 5154 3651 5224 inge-

2080 5238 2264 5293 niante
2300 5240 2440 5307 capti
2480 5238 2714 5294 fuerunt.
2750 5241 2999 5312 Explicit.
3028 5242 3218 5296 Amen.

2604 5350 2936 5407 EPISTOLA
2975 5350 3113 5405 XXI.

2672 5456 2738 5494 ΑΙ)
2778 5457 3041 5497 ιῑυδοῐςειι.

2145 5549 2488 5604 Fnoruanws
2515 5549 2687 5622 gratia
2727 5550 2822 5605 Dei
2870 5551 3085 5606 humilis
3122 5553 3418 5625 episcopus,
3462 5551 3651 5607 nimia:

482 5678 506 5707 ο
530 5666 673 5721 lletti
718 5684 786 5723 ex
825 5669 1017 5726 abbate
1060 5670 1431 5727 blbdiolaccnsi
1469 5672 1641 5729 factus
1676 5685 1754 5730 cst
1785 5678 2217 5749 archiepiscopus
2240 5679 2574 5776 'l'revirensis
2593 5696 2732 5736 anno
2757 5680 2876 5737 8H.
