3900 6178
350 279 415 333 Π
1750 262 2103 320 ΕΡΞΞΤΟΙηοΕ
2115 304 2127 316 .

3440 257 3544 314 878

308 386 614 445 dilectionis
653 383 845 439 aﬂ‘ectu
895 381 1121 438 colendo
1159 380 1365 436 llucost
1392 386 1414 412 ³
1444 377 1641 432 famqu
1677 376 1875 431 Christi
1907 385 1952 439 Α
1979 374 2234 437 ostiario,
2276 371 2619 427 FROTHABIUS
2659 369 2875 425 humilis
2921 369 3231 438 episcopus,
3272 378 3328 424 et
3367 370 3549 426 omnis

306 475 658 534 devotissimo
681 483 941 528 aeternam
978 472 1029 524 in
1051 470 1281 525 Domino
1302 467 1548 523 salutem.
1589 511 1618 542 ,

385 566 527 634 Quia
568 579 666 618 vos
699 578 892 618 sanum
930 577 994 617 ac
1021 560 1276 630 sospitem
1324 559 1440 613 fore
1466 572 1561 627 per
1592 557 1879 613 instantem

308 667 503 715 vestrae
522 653 856 711 celsitudinis
887 661 1132 707 nuntium
1159 662 1484 721 cognoscere
1512 648 1703 711 merui,
1734 662 1879 702 sum-

308 765 401 805 ma
427 748 645 817 quidem
679 744 859 799 cordis
901 743 1180 797 alacritate
1216 741 1434 812 gavisus
1461 754 1601 794 suum
1632 737 1880 793 Felicita-

309 850 421 895 tem
459 838 605 892 enim
629 836 784 891 vobis
804 833 967 888 corde
994 841 1050 888 et
1077 846 1303 905 corpore
1334 831 1508 885 inesse
1541 842 1753 897 semper
1788 827 1881 882 de-

306 934 511 995 sidero,
538 937 593 985 et
620 928 671 984 id
703 927 954 982 omnibus
981 925 1121 979 votis
1141 936 1399 994 exposco.
1424 921 1529 975 Sed
1553 920 1676 974 inde
1704 919 1881 973 minus

308 1019 611 1092 gratulatus
660 1031 803 1079 sum,
848 1014 991 1084 quod
1045 1022 1157 1067 tam
1200 1012 1309 1066 cito
1355 1019 1550 1064 vestne
1604 1008 1881 1077 dignitatis

306 1109 597 1183 przesentia
646 1107 713 1161 ad
752 1115 961 1174 tempus
1010 1104 1304 1172 privamur.
1358 1099 1683 1154 Putabamus
1713 1098 1882 1168 siqui-

306 1201 435 1256 dem
470 1199 749 1260 hactenus,
775 1202 936 1262 atque
960 1191 1418 1253 desiderabamus,
1450 1198 1509 1242 ut
1537 1186 1604 1242 de
1646 1195 1755 1241 tam
1792 1185 1880 1256 pia

307 1290 562 1357 celsaque
579 1285 834 1357 progenie
859 1285 977 1338 dua:
1002 1282 1193 1336 saltem
1219 1282 1454 1336 lucerna:
1478 1280 1506 1320 ι»
1527 1278 1683 1334 nobis
1709 1293 1883 1334 rema-

310 1385 529 1441 nerent,
558 1388 787 1445 quarum
823 1371 1107 1442 splendore
1149 1379 1203 1425 et
1228 1369 1438 1423 meritis
1466 1382 1566 1424 nos
1600 1366 1882 1426 et,vicinos

311 1477 530 1524 nostros
566 1463 886 1525 illuntinare,
915 1469 1076 1530 atque
1122 1458 1466 1514 inmeliorare
1504 1456 1879 1527 gauderemus.

306 1559 577 1616 Caeterum
615 1569 679 1608 ex
724 1553 826 1607 hoc
875 1566 979 1605 non
1020 1549 1230 1605 modice
1267 1547 1583 1612 contristor,
1618 1546 1742 1616 quia
1784 1559 1883 1600 nec

309 1647 491 1701 adhuc
533 1643 706 1706 vobis,
753 1649 912 1710 prout
954 1639 1266 1703 debueram,
1294 1637 1572 1692 servitium
1622 1635 1880 1705 impendi,

308 1747 408 1788 nec
439 1732 620 1797 modo,
641 1738 700 1784 ut
719 1728 1037 1799 oportuerit,
1066 1726 1299 1782 diversis
1321 1725 1465 1781 curis
1484 1724 1876 1796 ingruentibus,
1910 1719 1955 1777 B

310 1822 564 1878 famulari
605 1819 827 1876 sufﬁcio.
857 1818 992 1873 Nam
1039 1817 1108 1872 ad
1151 1817 1348 1873 horum
1388 1816 1643 1871 itinerum
1678 1815 1881 1871 incom-

314 1912 498 1975 moda,
525 1926 645 1982 qua:
670 1909 753 1965 vel
792 1923 937 1964 nunc
963 1908 1190 1979 egimus,
1223 1907 1307 1962 vel
1347 1907 1521 1962 acturi
1554 1921 1761 1972 sumus,
1785 1920 1879 1961 seu

308 2004 382 2058 ad
412 2003 551 2056 dona
579 2000 801 2071 regalia,
829 2014 949 2069 qua:
994 1999 1062 2055 ad
1095 1999 1353 2069 palatium
1405 1998 1705 2067 dirigimus,
1745 2012 1881 2068 pene

307 2090 571 2161 quidquid
619 2104 687 2144 ex
737 2090 953 2159 optimis
1001 2089 1157 2159 equis
1199 2089 1506 2156 habuimus,
1559 2090 1882 2145 distribuere

307 2178 575 2248 compulsi
627 2193 833 2234 sumus.
900 2177 1066 2233 Pauci
1130 2179 1221 2249 qui
1277 2187 1556 2234 remanent
1605 2179 1883 2250 hucusque

307 2271 558 2339 equabus
604 2269 954 2341 progignendi
1010 2283 1177 2325 causa
1225 2269 1574 2325 inhteserunt.
1620 2269 1775 2325 Unde
1826 2278 1882 2325 et

312 2376 460 2416 nunc
504 2361 759 2419 carnibus
783 2360 1081 2431 consumpti
1104 2375 1228 2416 cum
1258 2360 1456 2416 decore
1481 2361 1550 2416 ad
1598 2360 1754 2415 solita
1779 2361 1880 2416 ob-

307 2451 498 2520 sequia
531 2449 825 2519 mancipari
867 2456 1159 2519 nequeunt.
1192 2448 1423 2504 Proinde
1454 2449 1578 2519 quia
1622 2448 1692 2503 ad
1740 2463 1881 2519 prte-

309 2553 439 2592 sens
466 2537 622 2592 talem
650 2552 756 2591 non
800 2537 1108 2603 habuimus,
1133 2537 1226 2607 qui
1259 2538 1326 2593 ad
1352 2537 1755 2594 subvectionem
1790 2553 1883 2595 ve-

308 2640 482 2685 stram
529 2630 722 2701 dignus
769 2630 1045 2695 existeret,
1098 2629 1236 2685 sciat
1286 2637 1466 2685 vestra
1509 2630 1881 2687 benevolentia

309 2719 478 2791 quod,
500 2734 622 2774 cum
639 2732 935 2791 regressus,
960 2719 1069 2775 Deo
1092 2719 1401 2788 adiuvante,
1426 2720 1491 2777 de
1510 2721 1768 2792 praedicto
1794 2721 1882 2778 iti-

313 2826 447 2867 nere
486 2810 658 2877 fuero,
708 2809 865 2865 talem
911 2812 1225 2882 praeparabo
1253 2812 1346 2883 qui
1383 2812 1469 2868 vel
1497 2813 1649 2870 vobis
1687 2815 1788 2870 has
1827 2816 1881 2870 in

307 2913 495 2973 partes
520 2900 820 2970 repedanti,
858 2900 942 2956 vel
972 2910 1153 2957 vestro
1192 2902 1359 2958 misso
1390 2903 1508 2958 sine
1538 2904 1737 2960 rubore
1764 2905 1881 2960 dari

307 2993 502 3065 possit.
529 2991 658 3047 Illud
684 3001 861 3047 autem
891 2992 1033 3063 quod
1054 3001 1248 3049 vestra:
1278 2994 1556 3050 industria:
1583 2995 1800 3052 charius
1828 3006 1883 3053 et

1980 465 2246 522 Tullensis
2272 463 2557 528 Ecclesia},
2605 462 2986 517 canonicorum
3028 463 3079 517 vi
3104 461 3311 526 'elicet,
3355 477 3545 518 mona-

1977 557 2234 620 chorum,
2262 554 2532 622 virginum
2556 560 2982 621 cteterorumque
3023 551 3259 608 fidelium
3296 561 3514 608 caterva
3533 594 3549 617 ,

1977 655 2233 702 aeternam
2271 647 2323 700 in
2352 645 2570 700 Christo
2595 655 2844 713 optamus
2864 643 3110 699 salutem.

2048 738 2311 792 Ill-emeres
2358 734 2620 799 vestriin
2668 734 2839 790 sacris
2877 734 3214 790 orationibus
3250 749 3469 798 sumus,
3496 742 3553 788 et

1980 830 2144 883 Deum
2171 826 2294 881 co:li
2325 842 2388 880 ac
2419 836 2579 879 terra:
2604 839 2703 895 pro
2727 824 2986 893 sospitate
3013 825 3254 895 corporis
3281 833 3337 880 et
3357 824 3552 879 anima:

1979 927 2174 973 vestra:
2220 917 2416 987 sepius
2444 916 2817 984 deprecamur,
2850 912 3054 967 scilicet
3078 922 3137 967 ut
3164 928 3260 968 vos
3283 922 3338 966 et
3366 914 3419 968 in
3451 914 3553 968 hac

1980 1012 2086 1065 vita
2140 1012 2207 1064 ad
2264 1008 2561 1080 profectum
2623 1016 2867 1061 nostrum
2929 1006 3262 1075 aliorumque
3315 1005 3552 1061 ﬁdelium

1980 1103 2178 1157 diutius
2218 1110 2497 1156 conservet
2525 1098 2843 1153 incolumem
2866 1137 2882 1162 ,
2931 1106 2987 1151 et
3025 1107 3146 1167 post
3177 1098 3383 1153 obitum
3424 1098 3551 1153 vita!

1980 1203 2195 1250 :cternre
2221 1194 2423 1247 tribuat
2462 1190 2690 1247 feliciter
2715 1204 2835 1246 esse
2880 1188 3216 1260 participem.
3245 1190 3512 1246 Cancrum
3534 1230 3550 1254 ,

1978 1283 2188 1338 noverit
2212 1281 2473 1336 celsitudo
2492 1288 2673 1335 vestra
2699 1294 2786 1334 me
2805 1287 3074 1333 oratorem
3099 1286 3339 1334 vestrum
3368 1278 3550 1334 multis

1981 1375 2393 1431 necessitatibus
2420 1373 2633 1441 urgeri,
2678 1372 2875 1441 quibus
2900 1370 3192 1441 compellor
3220 1371 3286 1425 ad
3310 1385 3549 1441 praesen-

1982 1469 2109 1521 tiam
2162 1466 2344 1521 domui
2393 1465 2735 1534 imperatoris
2786 1464 3000 1529 venire,
3052 1464 3277 1534 ejusque
3331 1464 3557 1533 pedibus

1981 1559 2293 1631 suppliciter
2317 1557 2555 1628 provolvi
2583 1575 2597 1609 :
2625 1563 2893 1626 quatenus
2912 1555 3030 1625 ejus
3057 1554 3428 1609 misericordia
3457 1568 3555 1625 per

1982 1656 2218 1702 vestrum
2242 1644 2588 1715 adjutorium,
2619 1653 2673 1699 et
2701 1644 2769 1699 de
2798 1641 3167 1714 ingruentibus
3193 1639 3351 1697 modo
3370 1656 3555 1697 neces-

1981 1738 2233 1793 sitatibus
2267 1736 2517 1792 solatium
2547 1747 2594 1789 ο.
2628 1735 2965 1806 Quapropter
3004 1734 3266 1803 deprecor
3287 1734 3558 1804 magnitu-

1981 1829 2162 1885 dinem
2186 1828 2485 1884 clementiae
2510 1837 2705 1882 vestrae
2734 1834 2793 1880 ut
2823 1825 2952 1879 mihi
2983 1833 3192 1879 secrete
3222 1837 3318 1893 per
3344 1834 3558 1881 vestras

1982 1924 2209 1987 litteras,
2233 1923 2318 1977 vel
2346 1938 2445 1993 per
2474 1931 2794 1994 prasentem
2822 1921 3045 1977 missum
3073 1929 3319 1977 nostrum
3340 1934 3557 1975 reman-

1980 2013 2111 2068 dare
2138 2012 2454 2083 dignemini,
2482 2026 2591 2082 quo
2624 2020 2866 2082 tempore
2887 2010 3072 2066 venire
3104 2010 3305 2080 possim
3336 2008 3403 2062 ad
3429 2021 3555 2069 vos,

1980 2116 2036 2161 et
2060 2120 2159 2176 per
2193 2114 2431 2161 vestrum
2462 2105 2746 2161 consilium
2776 2112 2934 2174 atque
2966 2103 3222 2158 auxilium
3263 2100 3338 2156 illi
3363 2113 3557 2155 neces-

1982 2197 2170 2252 sitates
2214 2211 2363 2251 meas
2391 2195 2599 2251 valeam
2627 2194 2951 2268 significare.
2982 2194 3169 2251 Valere
3207 2208 3302 2250 vos
3329 2200 3457 2265 opto
3502 2194 3559 2249 in

1979 2287 2215 2343 Christo.

2484 2353 2813 2411 EPISTOLA
2856 2354 3053 2415 XXIV..

2595 2443 2662 2481 AD
2690 2440 2928 2484 EUIIDEI.

2051 2515 2395 2572 Nobilissimo
2421 2516 2557 2581 viro,
2586 2525 2781 2571 etcum
2804 2516 2950 2570 omni
2972 2515 3175 2571 honore
3200 2515 3548 2580 nominando,

1981 2607 2259 2673 Gsuuaco,
2288 2604 2636 2663 Faoruamrs
2664 2607 2837 2679 gratia
2867 2607 2962 2662 Dei
2988 2607 3271 2677 cpiscOpus
3298 2616 3557 2661 :etcrnam

1984 2698 2036 2753 in
2070 2698 2299 2754 Domino
2325 2698 2579 2754 salutem.

2053 2787 2280 2859 Semper
2335 2789 2500 2844 vestri
2558 2789 2612 2843 in
2679 2790 2850 2845 sacris
2904 2790 3237 2846 orationibus
3286 2804 3554 2845 memores

1983 2897 2192 2948 sumus,
2222 2889 2464 2953 petentes
2484 2891 2543 2936 ut
2570 2881 2723 2937 vobis
2749 2882 2918 2954 longre
2952 2882 3075 2936 vita:
3117 2883 3321 2938 sanitas
3350 2882 3403 2937 in
3434 2883 3561 2938 hos-

1984 2980 2093 3027 tem
2121 2972 2478 3041 prtedonetur,
2522 2980 2577 3027 ct
2620 2980 2743 3043 post
2773 2981 2973 3027 acterna
3021 2973 3237 3043 requies
3267 2973 3556 3028 tribuatur.

304 3061 478 3141 ditius
507 3084 624 3149 fuit,
673 3061 932 3156 reliquias
960 3085 1210 3142 videlicet
1236 3086 1409 3143 sancti
1436 3086 1568 3157 Apri
1605 3062 1954 3145 eonfesso—C
1985 3061 2185 3157 δθῘΜῘδ
2210 3062 2377 3157 igitur
2411 3063 2555 3132 q‘md
2577 3104 2592 3128 ν
2634 3071 2919 3157 Wsm‘mm
2969 3064 3460 3157 “"Per_"°bisc“"'
3505 3063 3560 3119 in

304 3177 388 3233 ris
410 3174 636 3238 Christi,
671 3175 822 3229 vobis
851 3174 1150 3246 dirigimus.
1183 3174 1367 3232 Sancti
1412 3177 1544 3248 Apri
1583 3177 1883 3234 subsidium

307 3264 684 3333 implorantes,
714 3271 772 3317 ut
793 3263 898 3318 huc
927 3278 1049 3319 cum
1082 3265 1450 3321 incolumitate
1480 3265 1671 3322 festiue
1698 3268 1885 3323 redea-

308 3354 403 3417 tis,
450 3362 505 3408 et
553 3369 583 3408 a
617 3360 801 3408 nostra
834 3354 1116 3410 devotione
1159 3354 1304 3426 digni
1349 3356 1554 3411 servitii
1602 3358 1883 3414 commoda

306 3446 564 3517 capiatis.
594 3445 782 3525 Valere
807 3460 902 3502 vos
932 3446 984 3500 in
1016 3446 1238 3503 Christo
1269 3446 1495 3503 feliciter
1520 3458 1788 3519 optamus.

832 3559 1163 3616 EPISTULA
1201 3560 1362 3616 XXII.

996 3666 1065 3704 AD

384 3739 751 3802 FRO'ﬂlAltlUS,
780 3740 953 3811 gratia
992 3739 1083 3796 Dei
1112 3741 1416 3811 episcopus,
1444 3743 1882 3797 reverentissimo

307 3846 381 3886 ac
413 3840 524 3886 tota
552 3832 835 3889 devotione
872 3834 1096 3891 colendo
1129 3835 1221 3889 illo
1248 3835 1538 3891 venerabili
1587 3836 1788 3902 abbati,
1828 3845 1883 3891 et

310 3923 578 3977 universe
607 3924 1004 3994 congregationi
1032 3926 1133 3981 sub
1154 3927 1415 3997 regimine
1442 3910 1623 3983 vcstlo
1653 3927 1760 3983 Deo
1782 3928 1883 3982 mi-

310 4014 514 4077 litanti,
548 4014 601 4067 in
629 4014 852 4071 Domino
880 4027 1008 4087 opto
1039 4018 1267 4074 salutem

387 4102 607 4158 Noverit
640 4104 853 4160 dilectio
898 4114 1077 4162 vestra
1108 4122 1194 4162 me
1233 4122 1462 4177 corpore
1506 4117 1777 4178 utcunque
1804 4109 1870 4163 vi.

310 4204 464 4260 gere,
500 4198 798 4258 vestnequc
823 4189 1011 4246 salutis
1039 4192 1290 4261 cupidum
1321 4191 1456 4247 fore.
1483 4191 1750 4249 Caeterum
1778 4192 1880 4246 im-

312 4293 534 4333 mensas
571 4286 762 4333 vestra.-
796 4280 1065 4336 dilectioni
1112 4282 1457 4352 rependimus
1501 4283 1722 4353 gratias,
1756 4283 1880 4353 quia

312 4368 530 4424 fidelem
559 4370 730 4424 virum
755 4378 810 4425 et
856 4372 1029 4427 sacris
1064 4373 1310 4428 artificiis
1340 4374 1589 4429 idoneum
1618 4375 1776 4431 nobis
1807 4376 1883 4430 di-
1908 4403 1961 4463 Β

314 4466 555 4521 resistis.
604 4465 768 4537 Cujus
810 4468 1025 4537 quidem
1084 4468 1346 4524 industria
1398 4470 1536 4525 artis
1594 4470 1879 4525 admodum

311 4558 510 4629 placet,
543 4557 762 4628 ejusque
806 4559 1082 4630 religionis
1126 4561 1363 4632 dignitas
1404 4569 1558 4632 grata
1589 4562 1882 4631 spectanti-

313 4651 417 4704 bus
443 4649 640 4703 existit.
667 4649 833 4717 Quem
865 4658 1082 4719 peracto
1105 4652 1423 4707 obedientice
1460 4668 1573 4708 sua:
1612 4652 1788 4708 ollieio
1814 4656 1882 4708 ad

313 4754 415 4793 vos
440 4738 790 4803 remittemus,
817 4754 885 4795 ex
924 4740 1011 4794 illa
1046 4756 1183 4806 rem,
1214 4743 1423 4798 Domini
1460 4753 1731 4799 annuente.
1757 4760 1880 4815 gra-

314 4831 413 4892 tia,
445 4829 640 4884 vestris
675 4832 1050 4900 conspectibus
1077 4843 1543 4902 rcprmsentamus.
1576 4835 1764 4889 Valeat
1790 4850 1879 4889 vc-

314 4932 430 4975 stra
454 4919 688 4988 dignitas
713 4922 764 4973 in
796 4920 1041 4975 Domino.

820 5031 1146 5088 EPISTOLA
1187 5032 1371 5090 XXIII.

408 5135 478 5173 AD
502 5135 781 5176 θεηυκῦωι
818 5139 1033 5178 εωηιωι
1062 5139 1211 5179 SACBI
1248 5143 1457 5182 PALATII
1489 5145 1795 5184 OSTHRIL‘M.

391 5231 856 5289 Excellentissimo
912 5250 975 5291 ac
1032 5237 1366 5293 nobilissimo
1422 5241 1539 5294 viro
1570 5282 1583 5306 ,
1640 5243 1889 5312 celsoque

315 5322 526 5376 honore
569 5322 915 5392 dignissimo,
945 5324 1231 5389 Geauxoo,
1280 5342 1490 5381 summo
1524 5329 1662 5383 sacri
1705 5330 1887 5399 palatii

394 5444 418 5472 ι
436 5432 595 5510 Ilugo
616 5434 791 5510 Caroli
815 5436 993 5510 Magni
1016 5439 1175 5504 filius,
1202 5438 1462 5510 Ludovici
1490 5439 1567 5493 Pii
1606 5450 1660 5495 et
1688 5440 1887 5510 Drogo-

317 5503 408 5557 nis
436 5502 686 5578 Metensis
705 5502 943 5578 episcopi
974 5502 1168 5572 frater,
1192 5508 1481 5564 Sitbicnsis
1509 5520 1563 5563 rt
1588 5502 1887 5578 Quintiuiat

319 5589 426 5627 nus
449 5575 613 5629 abbas
642 5573 763 5636 fuit,
791 5573 1251 5634 archicancellm‘ii
1286 5594 1479 5632 munus
1500 5573 1631 5635 obiit
1657 5581 1757 5633 sub
1789 5578 1889 5633 Lu-

319 5644 513 5697 dovico
579 5645 705 5706 Pio;
762 5656 816 5706 'm
870 5649 1147 5703 obsidione
1215 5648 1479 5704 Tolosana
1542 5650 1751 5705 occisus
1806 5660 1888 5705 est

1984 3153 2185 3224 palatio
2210 3152 2421 3209 locutus
2438 3169 2580 3219 sum,
2608 3154 2804 3209 missas
2829 3169 2858 3209 c
2884 3163 2939 3209 et
2954 3155 3205 3225 psalteria
3224 3172 3255 3210 ι.
3270 3171 3367 3224 pro
3381 3165 3561 3211 vestra

1985 3243 2160 3297 salute
2192 3242 2469 3298 decantari
2501 3240 2811 3297 fecerimus.
2844 3243 2952 3298 Vos
2980 3252 3160 3298 autem
3190 3260 3477 3315 precamur
3505 3254 3563 3301 ut

1986 3351 2136 3392 more
2159 3335 2317 3392 solito
2338 3336 2440 3391 mei
2464 3351 2731 3392 memores
2755 3338 2893 3401 sitis,
2922 3346 2976 3393 et
3003 3339 3047 3393 si
3079 3338 3131 3393 in
3156 3347 3340 3408 partes
3362 3338 3560 3410 Hispa-

1986 3427 2087 3482 nia':
2121 3436 2339 3497 propter
2365 3427 2665 3481 custodiam
2704 3436 2758 3481 et
2799 3427 3213 3483 sollicitudinem
3256 3444 3341 3484 me
3379 3430 3560 3484 senior

1985 3527 2171 3575 noster
2200 3520 2301 3573 isto
2342 3519 2519 3573 hieme
2559 3518 2740 3572 futuro
2766 3518 3033 3573 destinare
3064 3520 3327 3584 voluerit,
3367 3537 3463 3576 vos
3491 3523 3560 3576 ab

1986 3609 2077 3663 illo
2128 3608 2350 3663 servitio
2395 3622 2658 3662 excusare
2691 3623 2776 3661 me
2807 3609 3122 3680 dignemini.
3174 3609 3357 3665 Nostis
3412 3612 3557 3666 enim

1984 3699 2108 3770 quia
2153 3699 2267 3768 ipse
2314 3699 2544 3771 domnus
2592 3700 2882 3768 imperator
2908 3700 3150 3768 sequenti
3199 3716 3341 3755 anno
3382 3700 3556 3757 locum

1985 3798 2229 3853 nostrum
2252 3789 2364 3844 vult
2388 3791 2626 3854 visitare,
2652 3798 2707 3845 et
2732 3798 2859 3844 tunc
2889 3789 2959 3844 illi
3000 3791 3207 3846 servire
3236 3806 3341 3845 non
3371 3801 3561 3859 potero

1984 3882 2123 3937 sicut
2164 3882 2353 3951 cupio,
2398 3881 2498 3935 nisi
2527 3896 2558 3935 a
2606 3882 2862 3952 praulicto
2889 3881 3109 3937 servitio
3142 3897 3239 3952 per
3267 3897 3361 3938 vos
3408 3882 3561 3939 fuero

1985 3973 2279 4029 absolutus.
2310 3972 2436 4027 Vale
2464 3972 2688 4028 multum
2726 3974 2780 4029 in
2809 3974 3051 4028 Domino.

2509 4083 2838 4140 EPISTOIA
2877 4084 3042 4140 XXV.

2439 4171 2600 4210 IIETTI
2636 4171 2701 4209 AD
2732 4170 3096 4211 FROTIIARIUM.

2052 4244 2109 4299 In
2134 4244 2350 4299 nomine
2383 4243 2590 4297 Domini
2622 4244 2792 4299 nostri
2822 4242 2946 4298 Jesu
2986 4244 3219 4309 Christi,
3245 4243 3422 4300 ῐιεττι
3456 4248 3557 4300 mi-

1984 4334 2278 4390 sericordia
2300 4333 2394 4388 Dei
2423 4333 2858 4405 archiepiscopus
2881 4333 3176 4389 dimceseos
3197 4334 3556 4399 Trevirensis,

1986 4440 2083 4480 ncc
2103 4441 2205 4479 non
2237 4433 2290 4478 ct
2320 4424 2526 4495 legatus
2554 4422 2824 4479 Ludovico
2851 4424 3200 4480 serenissimo
3226 4425 3554 4495 imperatori,

1986 4506 2273 4569 venerabili
2318 4513 2470 4568 fratri
2517 4513 2828 4570 Fnoruaato
2862 4514 3094 4569 Tullensi
3125 4515 3376 4585 episcopo
3399 4525 3556 4571 teter-

1986 4622 2108 4660 nain
2137 4606 2385 4660 salutem.

2056 4701 2249 4756 Notum
2301 4700 2373 4754 sit
2417 4700 2510 4753 tibi
2566 4700 2692 4769 quia
2738 4699 2973 4754 terribile
3010 4701 3290 4769 importuni
3341 4701 3408 4754 ad
3459 4713 3556 4754 nos

1985 4790 2228 4859 pervenit
2251 4789 2431 4843 domui
2459 4789 2820 4857 imperatoris,
2846 4797 2900 4841 ut
2927 4789 3178 4842 untuibus
3205 4797 3389 4842 notum
3418 4787 3556 4841 facc-

1990 4897 2170 4936 rcmus
2202 4882 2290 4952 qui
2320 4882 2369 4934 in
2396 4888 2574 4933 nostra
2601 4880 2862 4948 legatione
2892 4892 3108 4932 manere
3139 4879 3400 4941 videntur,
3425 4892 3554 4946 qua-

1991 4983 2148 5028 tenus
2198 4974 2433 5027 universi
2490 4987 2549 5026 se
2599 4980 2941 5040 praeparent,
3000 4970 3232 5039 qualiter
3284 4970 3551 5038 proficisci

1994 5064 2202 5118 valeant
2232 5065 2297 5118 ad
2340 5061 2532 5117 bellum
2588 5063 2640 5115 in
2680 5061 2923 5126 Italiam,
2968 5062 3219 5130 quoniam
3269 5060 3553 5114 insiliante

1994 5154 2189 5209 Satana
2241 5152 2545 5207 Bernardus
2609 5166 2703 5206 rex
2753 5150 2781 5190 ἀ
2839 5152 3071 5221 disponit
3134 5151 3396 5206 rebellare
3457 5148 3551 5202 illi.

1992 5244 2281 5313 Propterea
2306 5241 2399 5295 tibi
2425 5241 2741 5295 mandamus
2764 5250 2924 5309 atque
2944 5240 3281 5310 prtecipimus
3300 5238 3367 5293 de
3390 5238 3554 5293 verbo

1989 5334 2169 5388 domui
2201 5333 2538 5404 imperatoris
2562 5342 2620 5386 ut
2643 5332 2824 5387 solerti
2853 5332 3147 5402 sagacitate
3174 5330 3391 5386 studeas
3423 5342 3547 5385 cum

1991 5458 2131 5497 anno
2156 5442 2278 5499 841,

2064 5514 2089 5553 ιι
2113 5511 2384 5583 llugonem
2420 5519 2474 5583 et
2508 5511 2808 5583 Drogoncm
2838 5512 3100 5581 intelligit.

2063 5595 2082 5620 ί·
2119 5581 2290 5636 Locus
2321 5581 2560 5636 mutilus.

2060 5651 2083 5690 ἀ
2112 5652 2414 5705 llernardus
2472 5667 2562 5704 rex
2612 5651 2777 5707 Italia:
2804 5693 2818 5717 ,
2871 5651 3091 5721 Pippino
3132 5656 3334 5721 majore
3371 5645 3550 5706 Caroli
