3900 6178
376 302 491 359 '879

1198 296 1570 353 FROTHARII
1606 293 1988 355 TULLENSIS
2025 290 2326 349 EPISCOPI
2364 288 2741 348 EPISTOLIE.

3522 287 3637 346 880

385 429 596 471 summa
632 412 977 470 festinatione
1006 411 1256 466 omnibus
1285 411 1599 476 abbatibus,
1629 409 1951 474 abbatissis,
1981 413 2029 472 Α
2055 407 2233 463 cilicio
2275 416 2331 464 et
2357 422 2517 464 sacco
2559 403 2769 461 obvolvi
2791 442 2807 469 ,
2850 400 3033 457 cinere
3056 400 3337 473 conspergi
3357 443 3371 465 ,
3398 409 3459 457 et
3483 418 3642 458 com-

386 506 673 562 comitibus
700 504 872 559 vassis
894 502 1198 567 dominicis,
1227 502 1311 557 vel
1345 509 1543 557 cuncto
1569 501 1767 571 populo
1800 506 1960 571 paro-

386 598 523 653 cbim
550 606 685 662 tuae,
717 595 912 665 quibus
939 594 1192 649 convenit
1212 593 1455 648 militiam
1501 592 1663 663 regite
1707 592 1961 662 potestati

387 691 680 754 exhibere,
711 697 978 758 quatenus
1022 704 1210 743 omnes
1256 687 1548 758 praeparati
1595 688 1707 742 sint
1751 705 1764 741 :
1815 696 1876 743 ut
1911 687 1959 742 si

385 795 607 851 vespere
650 783 730 837 eis
778 782 1153 837 annnntiatum
1183 780 1363 849 fuerit,
1404 796 1591 847 mane;
1620 789 1676 836 et
1704 782 1749 836 si
1776 795 1954 846 mane,

356 872 612 957 #vesperi,
638 872 840 940 absque
857 871 964 925 ulla
991 871 1240 925 tarditate
1264 870 1673 940 proficiscantur
1700 870 1753 924 in
1774 878 1958 939 partes

342 948 568 1034 iiltalize,
591 964 717 1034 quia
741 965 967 1019 domnus
984 964 1278 1032 imperator
1296 977 1454 1017 suum
1469 961 1574 1016 iter
1591 969 1877 1031 pra-parat,
1897 968 1959 1015 ut

331 1045 586 1131 gquanto
603 1056 764 1111 citius
782 1056 983 1125 poterit
1004 1054 1057 1108 in
1087 1064 1272 1124 partes
1294 1051 1416 1108 illas
1439 1067 1542 1107 una
1567 1068 1689 1108 cum
1712 1051 1956 1108 fidelibus

382 1148 495 1202 suis
528 1155 734 1217 pergat.
890 1212 1156 1217 i____‘_
1193 1213 1203 1217 _
1258 1188 1355 1217 ____'

889 1212 1223 1270 EPISTULA
1258 1213 1445 1270 XXVI.

766 1320 1050 1361 FBOTIIABII
1074 1322 1141 1359 AD
1164 1320 1562 1359 τευτυειιιςωι.

455 1398 814 1463 Fno'rnanws,
838 1396 1013 1467 gratia
1036 1395 1127 1450 Dei
1149 1394 1401 1450 Ecclesia:
1422 1394 1688 1450 Tullensis
1706 1395 1951 1462 antistes,

380 1490 728 1543 Tsurnsnico
778 1499 805 1527 ιι
852 1494 910 1541 et
959 1486 1285 1541 Racsuanno
1326 1469 1723 1542 venerabilibns
1780 1487 1950 1553 viris,

379 1596 501 1635 cum
528 1580 778 1634 universo
807 1592 967 1649 grege
984 1579 1137 1634 vobis
1155 1576 1461 1643 commisso,
1485 1587 1756 1648 perpetuae
1775 1579 1952 1636 beati-

366 1670 581 1725 tudinis
601 1670 656 1724 in
683 1668 912 1724 Domino
935 1676 1063 1737 opto
1090 1668 1341 1723 salutem.

446 1760 670 1828 Quoties
697 1766 890 1814 vestra:
939 1758 1215 1829 dignitatis
1253 1771 1538 1829 personam
1582 1774 1706 1815 cum
1734 1760 1822 1815 his
1859 1761 1951 1830 qui
1984 1762 2027 1821 Β

376 1855 531 1911 vobis
553 1854 654 1908 sub
674 1861 861 1908 nostro
886 1852 1147 1924 regimine
1171 1853 1368 1908 subditi
1390 1861 1533 1918 sunt,
1563 1854 1699 1909 bene
1721 1869 1788 1909 ac
1811 1853 1955 1909 salu-

374 1947 547 2002 briter
594 1945 776 2016 vigere
829 1958 1133 2014 cognosco,
1180 1942 1376 1998 divina:
1414 1943 1599 2013 pietati
1652 1943 1954 1999 uberrimas

366 2037 579 2105 gratias
618 2034 815 2089 refero.
857 2033 1078 2100 Quoties
1102 2048 1233 2087 vero
1256 2032 1339 2086 vel
1388 2048 1485 2088 vos
1528 2048 1591 2088 ac
1624 2033 1833 2103 plebem
1862 2047 1955 2087 ve-

375 2137 542 2180 stram
575 2124 643 2179 ad
679 2123 954 2178 dimeesim
998 2132 1237 2178 nostram
1283 2123 1643 2193 pertinentem
1685 2132 1953 2192 utcunque

370 2216 636 2291 infirmari
671 2214 756 2270 vel
801 2213 1093 2285 periclitari
1139 2214 1332 2280 audio,
1380 2214 1581 2285 ingenti
1611 2228 1844 2268 maerore
1889 2227 1953 2270 ac

375 2310 577 2365 doloris
605 2309 877 2365 anxietate
906 2306 1126 2372 allicior,
1168 2316 1224 2363 et
1248 2308 1413 2362 veluti
1439 2322 1537 2377 pro
1582 2307 1706 2363 filiis
1742 2306 1954 2362 charis-

375 2401 526 2456 simis
556 2408 719 2470 atque
739 2398 932 2454 ovibus
950 2397 1184 2469 propriis
1203 2397 1440 2467 undique
1463 2397 1773 2452 contristor.
1801 2395 1952 2463 Quod

373 2491 461 2545 his
482 2490 671 2545 diebus
701 2488 874 2544 fateor
898 2488 1192 2553 accidisse,
1223 2502 1345 2542 cum
1384 2488 1592 2543 scilicet
1617 2486 1951 2542 mortiferam

372 2590 577 2652 pestem
605 2581 868 2637 acerrime
909 2589 1211 2652 grassatum
1246 2595 1332 2636 me
1372 2581 1610 2651 ’contigit
1644 2580 1946 2649 agnovisse.

373 2670 650 2740 Siquidem
676 2669 1041 2741 significatum
1068 2668 1202 2724 mihi
1239 2678 1357 2735 est,
1400 2669 1770 2725 devastatione
1798 2668 1950 2739 lupo-

374 2776 490 2814 rum
513 2761 774 2831 quosdam
795 2768 1102 2815 vestrorum
1122 2759 1402 2815 hominum
1429 2770 1732 2831 superatos,
1756 2768 1813 2815 et
1832 2759 1947 2813 rui-

373 2852 457 2907 nis
477 2852 668 2908 subitis
697 2850 936 2908 funditus
955 2852 1023 2907 ab
1043 2852 1145 2908 hac
1166 2852 1277 2907 vita
1298 2867 1419 2908 esse
1438 2852 1752 2908 exstinctos.
1777 2851 1946 2919 Quam

370 2945 585 3015 quidem
615 2945 824 3016 plagam
849 2959 944 3014 per
966 2944 1210 2999 fraudem
1232 2944 1575 3012 diabolicam,
1601 2944 1783 3000 divino
1803 2942 1948 3013 judi-

371 3037 452 3089 cio
472 3037 838 3105 permittente,
863 3036 914 3089 in
941 3035 1192 3090 omnibus
1215 3034 1411 3090 factam
1433 3049 1554 3090 esse
1574 3049 1683 3089 non
1704 3034 1939 3105 ambigo.

2057 496 2205 550 muni
2242 495 2636 568 supplicatione
2662 491 2873 568 Domini
2919 490 3261 546 clementiam
3299 489 3497 546 obnixe
3537 491 3643 546 de-

2054 584 2267 654 precari
2292 562 2396 639 {ﬁt
2420 584 2537 655 ejus
2562 562 2866 637 exuberans
2889 579 3258 636 misericordia
3289 595 3395 635 non
3430 596 3641 636 secun-

2055 673 2181 728 dum
2204 674 2395 728 merita
2417 689 2515 729 nos
2534 672 2813 742 dijudicet,
2839 686 2939 727 nec
2962 671 3257 725 secundum
3280 671 3644 741 iniquitatunt

2056 771 2363 818 nostrarum
2408 764 2615 819 scelera
2660 762 2917 817 ultionem
2947 775 3014 815 ex
3041 760 3194 815 nobis
3233 761 3443 829 capiat;
3492 761 3647 830 quin

2054 855 2235 924 potius
2275 855 2600 925 propitiatus
2635 860 2930 923 exspectet,
2953 860 3008 906 et
3034 851 3102 907 ad
3130 851 3497 921 paenitentiam
3552 866 3652 905 re-

2055 956 2336 1003 currentes
2358 945 2781 1001 misericorditer
2807 944 3082 1013 suscipere
3104 941 3368 1013 dignetur.
3396 941 3648 996 Omnem

2055 1037 2238 1108 itaque
2256 1036 2509 1108 populum
2538 1036 2606 1090 ad
2632 1033 3023 1090 confessionem
3042 1040 3097 1087 et
3116 1032 3499 1102 pcenitudinem
3535 1046 3651 1100 pro

2046 1129 2293 1201 peccatis
2312 1128 2425 1184 suis
2446 1126 2755 1183 sacerdotes
2774 1132 3085 1195 provocent,
3111 1130 3167 1176 et
3180 1138 3298 1193 qua:
3314 1122 3651 1191 ignoranter

2043 1231 2075 1273 a
2108 1217 2263 1288 plebe
2283 1216 2575 1272 commissa
2600 1223 2727 1269 sunt
2750 1214 2906 1285 digna
2926 1213 3299 1267 emendatione
3316 1212 3611 1266 solvantur
3628 1230 3645 1265 :

2048 1321 2124 1365 ne
2150 1309 2329 1364 subito
2357 1323 2456 1363 nos
2494 1306 2731 1362 exitialis
2763 1305 2982 1360 morbus
3015 1304 3294 1366 absumat,
3334 1310 3386 1356 et
3428 1302 3649 1359 inferni

2051 1401 2323 1457 voracitas
2340 1400 2651 1471 perenniter
2664 1395 2983 1453 cruciandos
2998 1395 3302 1450 absorbent.
3327 1394 3392 1447 Et
3408 1394 3456 1447 si
3473 1408 3650 1448 mens

2055 1502 2242 1549 nostra
2272 1490 2558 1547 charitatis
2583 1502 2768 1543 amore
2793 1486 2888 1540 Dei
2918 1483 3294 1554 conspectibus
3327 1483 3504 1537 renuit
3559 1483 3651 1536 fa-

2053 1580 2248 1636 mulari
2270 1622 2285 1646 ,
2316 1580 2506 1635 saltem
2531 1578 2724 1632 mortis
2752 1575 3041 1630 formidine
3066 1589 3098 1628 a
3125 1573 3282 1627 malis
3307 1580 3547 1627 retracta
3584 1572 3647 1626 in

2057 1669 2348 1727 salutiferis
2374 1668 2589 1724 actibus
2620 1665 2983 1723 convalescat.

2553 1776 2886 1834 EPISTOLA
2926 1775 3133 1831 XXVII.

2462 1865 2699 1906 JEREIIIE
2745 1866 2812 1903 AD
2838 1860 3203 1903 FRUTHARIUI.

2121 1943 2384 2000 Jeremias
2404 1941 2608 1999 Christi
2638 1940 2890 2005 famulus,
2922 1947 3029 1996 etc.
3056 1937 3274 2009 Reliqua
3293 1936 3402 1992 vide
3438 1934 3644 1991 Patro-

2052 2034 2206 2106 logia:
2240 2043 2377 2087 (omo
2402 2030 2517 2097 CV,
2547 2031 2647 2085 col.
2684 2031 2811 2095 755,
2847 2032 2984 2085 inter
3004 2027 3247 2082 Ieremia:
3274 2026 3467 2098 Opera.

2532 2140 2865 2198 EPISTOLA
2903 2139 3137 2196 XXVIII.

2514 2229 2679 2268 IIET'I'I
2712 2229 2779 2266 AD
2812 2227 3174 2268 FROTIIARIUII.
3472 2264 3487 2283 Ι

2123 2307 2320 2372 Ηεττι,
2367 2305 2540 2377 gratia
2588 2303 2683 2358 Dei
2730 2303 3190 2373 archiepiscopus,
3237 2301 3531 2358 venerabili
3579 2303 3638 2356 in

2050 2399 2266 2455 Christo
2294 2406 2500 2453 etcum
2534 2410 2745 2451 summa
2789 2394 3091 2449 reverentia
3122 2393 3441 2448 nominando
3486 2393 3641 2448 Fno-

2054 2505 2253 2544 THARIO
2292 2489 2543 2558 episcopo
2579 2485 2816 2541 Tullensi
2851 2484 3257 2546 saluberrimam
3289 2484 3542 2554 implorat
3580 2485 3635 2538 in

2049 2579 2279 2634 Domino
2316 2578 2566 2633 salutem.

2120 2669 2429 2724 Meminisse
2457 2667 2703 2723 volumus
2730 2665 3081 2738 sagacitatem
3110 2673 3344 2720 vestram
3368 2665 3615 2721 monitio

2046 2763 2132 2817 nis
2171 2776 2333 2832 quam
2384 2759 2607 2816 instanti
2637 2774 2778 2814 anno
2826 2757 3115 2822 simillimis
3153 2756 3394 2826 apicibus
3437 2771 3633 2811 susce-

2045 2852 2203 2923 pistis
2226 2864 2563 2922 expressam.
2587 2848 2704 2906 Non
2726 2847 2950 2903 nescitis
2976 2848 3119 2903 enim
3140 2862 3262 2901 cum
3289 2861 3390 2916 qua
3410 2846 3633 2901 cautela

2045 2943 2148 2998 hoc
2171 2942 2485 2998 mandatum
2515 2940 2851 3010 suscepimus
2880 2939 3062 2994 domni
3104 2938 3469 3009 imperatoris,
3522 2954 3632 2995 nos

2045 3032 2101 3087 in
2131 3033 2353 3089 diuaeesi
2401 3041 2614 3098 nostra,
2647 3041 2703 3087 et
2742 3031 2979 3102 episcopi
3008 3030 3203 3101 singuli
3255 3030 3308 3085 in
3350 3032 3631 3101 parocbiis

371 3126 646 3195 Siquidem
674 3124 911 3194 peccatis
930 3123 1129 3179 nostris
1150 3124 1488 3192 exigentibus
1512 3123 1666 3177 multi
1688 3123 1937 3189 adversa,
1967 3106 2014 3173 C
2044 3125 2177 3191 suis,
2207 3125 2262 3181 id
2289 3133 2375 3181 est
2410 3125 2478 3180 de
2512 3122 2697 3195 regula
2731 3124 2990 3194 augenda:
3042 3121 3318 3192 religionis
3339 3160 3354 3184 ,
3393 3130 3451 3174 et
3494 3121 3629 3175 dein

371 3215 715 3285 permittente
738 3214 867 3275 Deo,
892 3213 1147 3283 patimur,
1180 3228 1299 3282 quae
1346 3213 1566 3268 minime
1608 3213 1763 3268 nobis
1799 3213 1944 3269 acci-

369 3306 578 3370 derent,
614 3305 659 3359 si
685 3304 734 3359 ei
763 3314 818 3359 ut
848 3305 1065 3374 dignum
1110 3303 1285 3358 fuerat
1329 3311 1443 3359 tota
1489 3312 1670 3359 mente
1707 3306 1946 3385 quotidie

370 3395 775 3450 famularemur.
807 3394 961 3462 Quod
990 3394 1135 3448 enim
1165 3409 1287 3449 cum
1316 3393 1467 3466 gravi
1510 3395 1714 3463 gemitu
1757 3395 1944 3451 dicen-

370 3489 496 3543 dum
552 3496 671 3551 est,
718 3486 956 3542 abundat
1005 3484 1299 3555 iniquitas,
1358 3483 1661 3556 refrigescit
1709 3486 1946 3542 charitas

371 3576 681 3631 multorum.
705 3574 786 3632 Ob
814 3576 918 3631 hoc
946 3583 1026 3630 tot
1057 3575 1239 3646 plagas
1263 3575 1471 3631 caelesti
1499 3590 1728 3631 censura
1761 3576 1946 3647 dispo-

369 3677 531 3723 nente
559 3668 898 3739 ingruentes,
932 3674 1008 3722 tot
1051 3665 1406 3722 adversitates
1432 3665 1742 3721 daemonicae
1786 3666 1943 3722 insti-

368 3759 600 3830 gationis
627 3757 842 3813 miseria
874 3766 1057 3811 nostra
1086 3755 1280 3811 tolerat
1306 3756 1488 3826 generi
1510 3756 1747 3811 humano
1774 3754 1943 3812 infes-

369 3861 471 3904 tas.
495 3848 768 3919 Siquidem
786 3863 908 3904 cum
927 3848 1011 3903 his
1038 3846 1327 3918 praeteritis
1353 3846 1511 3906 annis
1533 3846 1768 3918 inopiam
1786 3847 1945 3904 famis

370 3941 739 3995 multimodam
780 3940 849 3995 ob
896 3938 1200 3994 ariditatem
1249 3947 1488 4009 segetum
1529 3938 1611 3994 vel
1666 3939 1944 4008 grandinis

369 4032 718 4100 irruptionem
752 4070 767 4095 ,
824 4029 1064 4100 perpessi
1126 4014 1418 4095 fuerimus;
1488 4028 1742 4100 praesenti
1801 4043 1942 4085 anno

367 4122 700 4176 fertilitatem
727 4120 979 4175 messium
1005 4128 1165 4189 atque
1189 4119 1489 4174 ubertatem
1518 4120 1797 4182 vinearum
1826 4135 1943 4174 mu-

369 4215 508 4268 rium
563 4213 932 4269 devastatione
982 4220 1357 4281 consumptam
1416 4212 1799 4282 conspicimus.
1860 4211 1941 4266 Ad

368 4313 691 4369 extremum,
731 4303 873 4373 quod
902 4318 1023 4356 cum
1052 4300 1195 4356 luctu
1225 4302 1510 4356 dicendum
1537 4309 1621 4356 est
1642 4342 1657 4366 ,
1690 4301 1940 4370 luporum

370 4397 554 4451 rabida
601 4394 945 4449 infestatione
991 4394 1200 4448 animas
1276 4393 1551 4447 hominum
1603 4392 1940 4449 Christianas
1976 4436 1985 4451 ς

367 4489 547 4543 subito
575 4487 757 4542 necari
795 4486 1055 4540 videmus.
1098 4483 1227 4550 Quae
1273 4482 1417 4537 facta
1446 4500 1542 4539 cur
1577 4496 1773 4538 nostra:
1801 4499 1935 4554 prte-

368 4579 553 4634 sentia:
580 4591 686 4632 non
729 4585 887 4631 antea
926 4573 1380 4644 significaveritis,
1422 4590 1807 4646 usquequaque
1835 4577 1937 4630 mi-

369 4686 478 4725 ror.
533 4670 812 4726 Venissem
862 4667 1060 4737 quippe
1111 4666 1178 4720 ad
1225 4680 1352 4731 vos,
1401 4674 1455 4722 et
1501 4676 1608 4721 tam
1650 4682 1747 4737 per
1784 4668 1934 4723 verbi

367 4758 803 4830 prmdicationem
827 4797 844 4824 ,
875 4770 1036 4827 quam
1072 4770 1170 4826 per
1213 4769 1403 4809 manus
1446 4755 1839 4824 impositionem
1870 4771 1935 4812 ac

368 4849 853 4914 confirmationem,
878 4856 1094 4918 pectora
1117 4846 1484 4902 fluctuantium
1514 4847 1790 4901 hominum
1809 4863 1931 4903 cor-

371 4943 631 4997 roborare
651 4950 982 5013 satagerem;
1009 4940 1172 5011 quod,
1201 4940 1327 5009 quia
1352 4940 1530 4994 adhuc
1550 4953 1654 4993 non
1677 4938 1731 4993 in
1754 4942 1938 5010 proxi-

370 5034 473 5089 mis
498 5033 685 5088 diebus
707 5072 721 5098 ,
751 5032 795 5086 si
825 5032 932 5085 vita
952 5046 1132 5086 comes
1159 5029 1343 5099 fuerit,
1374 5039 1594 5086 acturus
1619 5045 1757 5084 sum.
1787 5030 1941 5088 Nunc

369 5133 547 5178 autem
564 5137 755 5177 moneo
775 5130 832 5176 ut
852 5122 1175 5192 praccipiatis
1190 5137 1376 5176 omnes
1397 5122 1742 5192 presbyteros
1763 5123 1815 5177 in
1833 5123 1939 5180 illis

370 5211 500 5266 locis
517 5220 917 5267 commanentes
937 5211 1005 5264 ad
1034 5220 1212 5265 vestra
1232 5211 1556 5265 monasteria
1576 5212 1783 5281 pariter
1803 5228 1933 5268 con-

371 5301 553 5357 venire
572 5341 588 5366 ,
615 5312 669 5356 et
693 5315 790 5370 per
814 5300 1045 5354 triduum
1067 5298 1291 5371 jejuniis
1327 5310 1383 5355 et
1408 5301 1620 5357 letaniis
1648 5301 1897 5358 insistere
1920 5310 1961 5369 ,‘

370 5412 546 5484 Magni
567 5412 675 5468 filio
696 5421 876 5478 natus,
903 5412 1281 5484 instigantibus
1301 5414 1637 5483 proceribus,
1664 5402 1943 5470 Ludovico.

369 5480 488 5556 Pio,
523 5484 567 5556 si
592 5498 698 5556 qua
722 5493 922 5556 posset,
946 5480 1255 5556 imperium,
1276 5480 1417 5556 q:uod_
1443 5485 1543 5538 sibi
1568 5493 1793 5556 paterno
1811 5487 1934 5556 jure
1954 5504 1967 5515 ι

372 5551 554 5605 deberi
575 5551 851 5616 credebat,
881 5562 1188 5620 erepturus,
1226 5551 1583 5607 defectionem
1604 5551 1828 5609 molitus
1850 5564 1934 5610 est

372 5621 662 5695 amto__8l7.
708 5621 783 5675 De
811 5620 1194 5695 conjuralionis
1233 5623 1467 5693 consciis
1504 5638 1646 5678 anno
1687 5622 1930 5695 sequenti

372 5689 688 5756 supplicium
726 5690 953 5758 sumpsit
980 5689 1298 5747 Ludovicus.

2045 3215 2450 3272 ministratoriis
2488 3213 2873 3270 canonicorum
2910 3211 3144 3267 officinis
3178 3230 3191 3266 :
3224 3220 3283 3265 ut
3333 3212 3378 3265 si
3418 3211 3630 3281 quibus

2044 3309 2101 3365 in
2126 3308 2262 3363 locis
2286 3308 2424 3363 bene
2463 3316 2694 3378 comptae
2723 3312 2934 3372 essent,
2979 3304 3229 3375 deinceps
3259 3319 3377 3359 cum
3406 3318 3628 3359 summa

2045 3397 2322 3469 diligentia
2361 3404 2709 3452 ornarentur.
2755 3394 2909 3451 Nunc
2950 3403 3131 3450 autem
3174 3395 3229 3449 in
3264 3395 3513 3464 proximo
3541 3404 3629 3450 est

2042 3490 2326 3561 placitum,
2357 3504 2463 3560 quo
2489 3489 2609 3544 sine
2646 3487 2809 3544 dubio
2849 3486 3216 3544 sciscitabitur
3240 3488 3306 3543 de
3344 3488 3629 3556 obtempe-

2043 3582 2256 3639 ratione
2300 3582 2537 3637 mandati
2566 3582 2650 3637 sui
2676 3581 2936 3636 Dominus
2978 3580 3238 3635 mandati.
3286 3580 3628 3651 Quapropter

2044 3672 2363 3734 scrutemini
2391 3671 2677 3742 diligenter
2702 3671 2759 3726 in
2788 3671 3049 3742 parochia
3076 3678 3291 3736 vestra,
3329 3670 3384 3724 in
3421 3671 3629 3725 vestris

2045 3762 2384 3832 aliorumque
2407 3760 2772 3827 monasteriis,
2802 3762 2846 3815 si
2874 3759 3098 3830 prmfata
3127 3759 3309 3830 regula
3341 3758 3505 3830 digne
3528 3774 3628 3827 per

2042 3852 2225 3907 omnia
2246 3850 2620 3907 eonServetur.
2648 3849 2716 3905 Et
2739 3850 2788 3906 si
2811 3849 3042 3905 officina:
3048 3849 3201 3919 juxta
3228 3850 3391 3920 ipsius
3403 3850 3627 3904 decreta

2043 3951 2369 4000 constructae
2389 3950 2551 4013 atque
2572 3943 2841 3999 innovatae
2853 3943 3231 3998 contineantur
3256 3960 3269 3996 :
3297 3951 3355 3996 ut
3373 3957 3496 3996 cum
3521 3941 3625 3994 im-

2043 4034 2230 4105 periali
2255 4034 2493 4090 solertiae
2523 4033 2989 4105 pmsentabimur,
3020 4033 3229 4103 deiecta
3256 4031 3439 4105 procul
3465 4032 3626 4085 moli-

2043 4139 2225 4186 menta
2247 4130 2474 4185 aliorum
2499 4144 2605 4184 una
2628 4129 2907 4184 nobiscum
2935 4143 2999 4183 ex
3028 4128 3282 4184 omnibus
3307 4126 3379 4181 illi
3408 4140 3438 4180 a
3464 4125 3624 4179 nobis

2042 4221 2246 4276 veritas
2275 4221 2571 4276 nuntietur.
2603 4216 2708 4273 Per
2736 4219 3027 4273 triennium
3064 4219 3208 4274 enim
3253 4217 3367 4272 hzec
3394 4216 3624 4271 monitio

2042 4312 2187 4368 facta
2262 4321 2366 4368 est.
2419 4311 2627 4367 Idcirco
2682 4310 2827 4365 nulla
2878 4318 3057 4381 potest
3103 4309 3331 4365 inveniri
3381 4309 3619 4364 occasio.

2044 4403 2275 4473 Ideoque
2299 4411 2506 4474 quanto
2546 4402 2741 4471 cuique
2767 4402 2928 4457 fuerit
2970 4400 3357 4472 imperfectior,
3386 4408 3539 4454 tanto
3566 4408 3621 4453 et

2042 4493 2307 4565 fragilior.
2362 4492 2547 4548 Valete
2596 4492 2650 4547 in
2688 4492 2935 4557 Domino,
2991 4501 3047 4545 et
3090 4491 3373 4562 parvitatis
3420 4500 3621 4544 nostra:

2042 4585 2210 4640 nolite
2251 4583 2519 4639 oblivisci.
2550 4583 2693 4639 Deus
2731 4583 2885 4654 pacis
2912 4591 2968 4639 et
2993 4582 3298 4639 dilectionis
3336 4584 3410 4638 sit
3444 4584 3622 4638 vobis-

2040 4690 2183 4731 cum.
2207 4674 2399 4753 Amen.

2544 4762 2879 4835 EPIS'IOLA
2908 4758 3110 4819 xxxx.

2248 4868 2589 4909 LINGONENSIS
2626 4868 2904 4909 EPISCOPUS
2940 4869 3008 4909 AD
3048 4868 3411 4909 FROTIIABIUII.

2111 4944 2568 5003 Reverentissimo
2600 4960 2664 5000 ac
2694 4945 3189 5000 desiderantissimo
3230 4945 3450 5001 domino
3469 4942 3619 4999 Patri

2039 5050 2105 5091 ac
2151 5035 2303 5090 fratri
2348 5034 2667 5090 Fnoruxmo
2709 5034 2964 5101 Ecclesia
2990 5034 3330 5090 Tullonensis
3364 5036 3619 5105 episcopo

2038 5125 2392 5196 permissione
2431 5132 2594 5193 atque
2627 5124 2964 5179 ordinatione
3001 5125 3183 5179 divina
3212 5123 3569 5190 Lingonensis
3588 5125 3617 5163 δ

2040 5213 2321 5285 episcopus
2348 5213 2736 5282 sempiternam
2770 5212 2826 5267 in
2844 5210 3071 5267 Domino
3096 5209 3223 5266 Jesu
3243 5210 3461 5267 Christo
3488 5220 3619 5282 Opto

2040 5304 2289 5361 salutem.

2057 5431 2064 5438 ί
2111 5414 2532 5485 ιεΤΙιθίξᾱιετὶειὶε
2567 5414 2805 5485 creditur
2839 5414 3004 5469 fuisse
3049 5413 3382 5485 Senonensis
3425 5412 3608 5485 abbas.

2036 5482 2419 5554 Ragenardns,
2459 5499 2557 5537 seu
2596 5483 2932 5554 Reginardus
2971 5492 3092 5554 post
3145 5484 3460 5539 lsmundum
3502 5482 3614 5539 lle-

2034 5553 2195 5609 dlaho
2221 5553 2546 5623 monasterio
2575 5553 2805 5623 prmfuit.

2107 5625 2134 5663 ιι
2172 5622 2278 5678 Iste
2307 5621 2659 5693 Lingonensis
2683 5624 2965 5693 episcopus
2994 5622 3276 5680 Albericus
3302 5631 3439 5690 erat,
3465 5630 3527 5677 ut
3552 5635 3613 5677 se

2034 5692 2207 5763 ipsum
2241 5694 2479 5747 nominat
2512 5693 2565 5748 in
2604 5692 2831 5762 epistula
2864 5692 3127 5763 sequenti.
