3900 6178
303 405 408 462 881

1052 409 1502 468 ELDEFONSUS
1540 411 1878 469 HISPANUS
1918 413 2312 471 EPISCOPUS.
2371 448 2423 458 ι
2457 415 2790 474 MONITUM.

3470 423 3574 478 882

381 518 758 575 Necessarium
796 529 853 576 et
890 535 1224 593 consequens
1262 539 1383 580 esse
1420 534 1672 596 putamus
1709 525 1775 580 de
1807 525 1892 582 his
1918 529 1968 589 Α
1993 527 2776 584 ecclesiasticam'sanctionem
2805 530 2995 601 agatis,
3013 546 3080 587 ne
3099 541 3320 602 propter
3338 536 3576 592 novellas

304 613 509 684 quibus
535 628 634 666 nos
657 612 990 682 dispensatio
1019 616 1200 670 divina
1236 631 1469 687 praeesse
1509 617 1698 683 valuit,
1741 615 1893 672 debi-

307 711 425 757 tam
461 717 674 772 semper
701 718 886 758 curam
921 717 978 760 et
1005 705 1416 761 sollicitudinem
1456 721 1646 777 gerere
1670 725 1684 760 :
1708 716 1768 760 ut
1805 706 1896 760 illa

305 792 520 848 scilicet
547 808 665 861 quae
709 794 816 849 illis
853 797 1156 851 necessaria
1199 806 1255 852 et
1282 797 1432 852 utilia
1479 812 1599 852 esse
1622 797 1892 864 videntur,

305 881 518 935 nostris
551 881 768 936 valeant
798 883 884 937 vel
913 885 1166 953 precibus
1203 885 1290 940 vel
1325 886 1599 956 obsequiis
1644 887 1892 956 adipisci.

308 969 469 1024 Unde
502 979 556 1024 et
593 971 850 1026 clericum
898 986 1144 1028 nostrum
1187 974 1512 1046 Bertigango
1544 977 1764 1032 nomine
1809 977 1892 1032 di-

303 1065 552 1137 gnationi
599 1081 664 1120 ac
709 1067 977 1123 devotioni
1020 1078 1214 1126 vestra:
1259 1072 1594 1128 direximus:
1631 1083 1709 1137 ut,
1756 1075 1896 1130 sicut

305 1159 462 1214 vobis
491 1160 658 1213 moris
686 1167 742 1213 et
771 1161 1180 1217 consuetudinis
1208 1171 1314 1229 est,
1345 1164 1414 1218 ad
1448 1163 1680 1219 olIicium
1709 1180 1892 1220 sacer-

305 1249 441 1304 dotii
470 1250 724 1304 ordinare
754 1266 878 1306 eum
925 1268 1031 1306 non
1063 1253 1444 1324 dedigncmini.
1496 1255 1607 1310 lmo
1642 1257 1770 1327 quia
1815 1257 1896 1312 sic

303 1344 373 1397 de
422 1343 762 1396 humanitate
810 1358 875 1397 ac
919 1344 1254 1416 benignitate
1309 1356 1490 1402 vestra
1537 1349 1891 1415 conﬁdimus,

303 1432 603 1502 dignamini
639 1443 817 1486 tamen
849 1432 1081 1488 libenter
1109 1435 1316 1489 audire.
1344 1435 1413 1490 Et
1437 1437 1480 1490 si
1502 1451 1598 1492 vos
1627 1437 1682 1491 in
1710 1438 1892 1507 aliquo

302 1523 553 1592 impedit,
586 1535 646 1576 ut
679 1538 802 1577 eum
831 1524 1084 1579 ordinare
1131 1541 1239 1580 non
1278 1529 1582 1594 conveniat,
1634 1529 1905 1599 opuscula.

298 1621 486 1665 vestra
528 1612 684 1666 nobis
723 1611 1028 1667 libertatem
1076 1615 1356 1680 concedat,
1389 1623 1448 1670 ut
1487 1630 1610 1670 eum
1639 1619 1892 1674 ordinare

301 1700 580 1756 licentiam
607 1701 923 1758 habeamus.
953 1701 1062 1757 Nos
1087 1711 1288 1771 autem,
1319 1705 1433 1760 sive
1458 1707 1602 1775 quod
1629 1707 1694 1761 ad
1721 1707 1890 1763 Deum

299 1792 544 1859 pertinet
570 1790 855 1858 famulatu,
884 1793 998 1848 sive
1031 1794 1282 1850 omnibus
1307 1793 1518 1861 oliiciis,
1547 1796 1742 1866 quibus
1777 1806 1886 1852 tam

1997 617 2229 686 capellas
2277 619 2653 687 antiquissima
2701 620 2843 689 quod
2890 638 2986 692 per
3040 631 3117 678 tot
3175 641 3345 680 annos
3403 629 3572 682 tenuit

1996 710 2186 779 perdat
2219 710 2484 775 Ecclesia,
2529 719 2584 766 et
2624 711 2758 766 mihi
2802 727 2908 766 non
2953 713 3024 767 sit
3065 730 3286 771 necesse
3325 733 3424 787 pro
3471 719 3572 774 hoc

1995 799 2352 869 episcopalem
2380 801 2596 870 pulsare
2627 810 2972 868 conventum,
3011 805 3136 873 quia
3173 822 3270 860 vos
3310 823 3416 862 non
3447 810 3572 862 abs-

1995 905 2100 960 que
2124 891 2299 960 culpa,
2325 901 2381 946 ct
2407 905 2505 962 ego
2529 907 2654 946 reus
2677 907 2796 946 esse
2825 902 3032 962 potero,
3063 896 3106 950 si
3133 911 3230 964 per
3253 913 3350 952 nos
3373 900 3572 954 amittit

1995 980 2138 1049 quod
2167 996 2380 1051 semper
2423 983 2611 1036 tenuit.
2661 982 2767 1038 Sed
2803 983 2871 1038 de
2905 985 3009 1038 hoc
3041 986 3298 1055 quidquid
3328 989 3571 1043 decernit

1994 1079 2175 1125 vestra
2198 1071 2519 1142 paternitas,
2545 1073 2702 1128 nobis
2731 1075 2956 1144 recipite
2981 1089 3078 1144 per
3101 1077 3292 1130 harum
3324 1079 3566 1146 gerulum

1995 1161 2320 1217 litterarum.
2375 1162 2514 1233 Opto
2564 1173 2802 1218 vestram
2855 1166 3202 1220 sanctitatem
3257 1182 3288 1220 a
3341 1154 3574 1224 Domino

1995 1252 2308 1322 gubernari,
2338 1255 2442 1308 mei
2471 1255 2805 1309 meminisse.

2498 1365 2832 1421 EPISTOLA
2869 1367 3060 1422 XXXI.

2396 1450 2729 1490 FBOTBARIUS
2777 1454 2845 1492 AD
2883 1454 3182 1493 “ITTONEM.

2065 1522 2527 1580 Reverentissimo
2571 1543 2636 1582 ac
2683 1536 2794 1581 tota
2839 1528 3128 1584 dilectione
3171 1529 3401 1586 colendo
3434 1530 3568 1586 Hir-

1994 1627 2120 1668 rom
2167 1624 2192 1653 ι
2246 1615 2418 1684 gratia
2465 1615 2559 1669 Dei
2611 1618 2892 1686 episcopo,
2947 1619 3295 1675 Fuormnws
3353 1622 3568 1681 humilis

1991 1701 2259 1756 Tullensis
2287 1703 2569 1773 cpiscopus
2595 1715 2850 1760 aeternam
2879 1717 3006 1777 opto
3033 1709 3280 1764 salutem.

2063 1791 2267 1847 Vestra:
2291 1795 2632 1862 paternitatis
2659 1804 2858 1850 statum
2889 1797 3116 1852 feliciter
3141 1798 3337 1867 ubique
3359 1801 3564 1870 vigere,

300 1882 550 1936 sublimis
587 1897 819 1951 persona
858 1883 1113 1938 honorari
1151 1885 1330 1949 debet,
1370 1893 1648 1954 promptos
1675 1899 1889 1955 semper
1915 1872 1961 1931 Β
1989 1892 2046 1939 et
2080 1884 2135 1939 in
2177 1884 2428 1940 omnibus
2452 1900 2712 1955 prospere
2745 1901 2907 1956 agere
2933 1887 3316 1944 desideramus.
3367 1888 3565 1956 Quam-

300 1988 369 2026 ac
397 1971 774 2028 devotissimos
800 1973 1104 2032 nullatenus
1132 1975 1406 2030 dubitetis.
1435 1975 1649 2046 Optime
1674 1990 1888 2044 semper

297 2063 355 2118 in
392 2064 616 2119 Domino
645 2064 893 2130 valeatis,
938 2066 1377 2123 reverentissime
1407 2081 1470 2123 ac
1498 2067 1886 2124 desiderantis-

295 2156 441 2211 sime
466 2155 648 2224 Pater,
678 2157 896 2213 domine
933 2168 990 2214 et
1015 2157 1206 2214 frater.

824 2287 1160 2344 EPISTOLA
1198 2287 1370 2344 XXX.

693 2415 986 2456 ALBERICUS
1023 2416 1092 2456 ΔΙ)
1131 2416 1500 2456 ηοτιιηιωι.

371 2511 558 2567 Unicaa
575 2512 878 2569 dilectionis
909 2513 1104 2571 aﬁ'ectu
1126 2515 1355 2572 colendo
1382 2517 1624 2584 domino,
1654 2517 1801 2574 Patri
1829 2527 1886 2574 et

294 2603 643 2673 coepiscopo,
673 2605 990 2662 FBOTHABIO
1018 2607 1320 2665 ALBERICUS
1353 2609 1606 2682 indignus
1641 2620 1698 2666 et
1715 2612 1884 2668 inuti-

293 2695 365 2750 lis
406 2696 624 2752 nomine
657 2705 813 2752 tenus
852 2705 1065 2770 tantum
1091 2699 1378 2770 episcopus
1408 2700 1735 2770 imprecatur
1762 2701 1883 2758 feli-

295 2784 541 2838 citatem.
1204 2793 1207 2796 '

377 2873 436 2928 Si
482 2875 719 2932 secundo
760 2875 815 2931 in
856 2878 1108 2934 omnibus
1141 2878 1357 2934 utimini
1397 2887 1614 2947 eventu,
1645 2881 1778 2937 estis
1823 2889 1885 2936 ut

289 2968 412 3040 jugi
456 2979 707 3038 optamus
736 2979 881 3026 voto.
929 2972 1006 3028 De
1051 2982 1270 3040 czetero,
1314 2974 1702 3032 innotescimus
1750 2976 1883 3032 dile-

294 3063 467 3117 ctioni
497 3072 689 3119 vestrae
720 3066 844 3136 quia
881 3067 1171 3137 quemdam
1216 3069 1394 3124 vicum
1418 3070 1680 3127 habemus
1710 3072 1764 3126 in
1793 3086 1884 3138 ve-

291 3162 413 3208 stra
459 3157 755 3224 parochia,
800 3159 896 3229 qui
944 3159 1144 3215 dicitur
1190 3160 1419 3217 Bosonis
1466 3164 1877 3219 monasterium.

295 3245 410 3300 Sed
442 3263 587 3302 nunc
618 3257 674 3303 et
700 3263 896 3305 nomen
925 3251 1130 3322 pariter
1162 3267 1286 3308 cum
1314 3253 1596 3324 privilegio
1622 3269 1686 3310 ac
1715 3270 1880 3310 censu

293 3339 497 3407 perdit,
529 3348 754 3410 pr0pter
776 3341 1063 3399 Teuderici
1109 3331 1318 3400 scilicet
1351 3361 1380 3399 a
1409 3346 1560 3400 vobis
1605 3347 1881 3402 dedicatas

292 3441 468 3482 novas
495 3430 747 3499 capellas.
777 3431 930 3487 Unde
959 3439 1106 3487 tuam
1135 3433 1434 3488 fraternam
1463 3435 1724 3506 deprecor
1747 3436 1881 3490 dile-

291 3519 536 3574 ctionem
572 3529 633 3575 ut
660 3522 954 3578 secundum
999 3524 1367 3579 sinceritatem
1411 3525 1772 3596 episcopalem
1811 3541 1878 3582 ac

1988 1977 2177 2031 obrem
2204 1984 2260 2030 et
2288 1976 2526 2030 divinam
2575 1977 2769 2046 sapius
2812 1977 3155 2032 clementiam
3201 1980 3347 2034 omni
3390 1981 3566 2034 inten-

1988 2070 2138 2124 tione
2187 2069 2568 2140 imploramus,
2619 2071 2765 2124 omni
2815 2085 2976 2140 prece
3025 2072 3392 2140 deposcimus,
3452 2081 3564 2127 toto

1987 2162 2134 2228 nisu,
2174 2170 2288 2217 toto
2315 2163 2497 2217 animo
2538 2163 2910 2228 obsecramus,
2941 2172 3000 2218 ut
3025 2172 3220 2218 vestra:
3262 2164 3417 2219 bonae
3464 2166 3560 2220 de-

1985 2253 2220 2308 votionis
2263 2251 2566 2321 profectum
2607 2268 2820 2322 semper
2858 2253 3143 2324 adaugeat,
3169 2262 3362 2308 vestra:
3392 2269 3564 2306 remu-

1985 2341 2285 2397 nerationis
2328 2341 2508 2396 fructu
2553 2341 2842 2396 salubriter
2879 2349 3173 2396 reservato.
3225 2341 3285 2394 ln
3331 2343 3562 2395 labentis

1985 2432 2247 2501 temporis
2287 2447 2450 2487 cursu
2499 2447 2622 2486 cum
2683 2429 2851 2484 multa
2902 2445 2999 2484 vos
3059 2429 3315 2499 sospitate
3363 2428 3564 2482 diutius

1985 2531 2294 2588 conservet,
2329 2529 2390 2577 ut
2419 2530 2474 2576 et
2504 2522 2594 2576 hic
2633 2521 2922 2576 multorum
2964 2521 3175 2576 orneris
3209 2519 3382 2590 gloria
3422 2519 3560 2573 tilio-

1983 2629 2126 2678 rum,
2166 2619 2222 2670 et
2263 2609 2318 2667 in
2359 2611 2511 2668 ccelis
2547 2611 2902 2680 plurimorum
2943 2611 3168 2666 socieris
3211 2609 3563 2664 contubernio

1983 2712 2315 2761 sanctorum.
2349 2705 2457 2760 Vos
2485 2719 2697 2774 quoque
2725 2711 3014 2772 vestroque
3042 2702 3289 2773 regimini
3320 2702 3564 2756 subditos

1983 2797 2332 2852 obsecramus
2359 2793 2562 2859 ﬁdeles,
2591 2803 2653 2849 ut
2675 2795 2845 2848 nostri
2874 2793 3282 2848 reminiscentes
3312 2793 3363 2846 in
3393 2791 3565 2846 sacris

1984 2889 2320 2944 orationibus
2355 2889 2530 2942 vicem
2567 2887 2885 2956 rependant,
2921 2895 3270 2956 nostramque
3300 2886 3560 2956 fragilita-

1983 2985 2095 3033 tem
2128 2975 2332 3031 orando
2375 2975 2586 3030 munire
2621 2984 2782 3045 atque
2822 2973 2961 3030 tueri
3006 2989 3112 3028 non
3151 2974 3416 3029 desinant.
3467 2973 3563 3028 llis

1984 3069 2060 3124 ita
2098 3069 2334 3134 omissis,
2367 3075 2562 3124 vestrae
2597 3067 2869 3122 dilectioni
2918 3067 3303 3122 innotescimus
3342 3067 3558 3119 nuntia-

1984 3171 2100 3218 tum
2123 3161 2280 3217 nobis
2308 3176 2428 3218 esse
2454 3159 2597 3231 quod
2637 3160 2778 3214 inter
2805 3175 2900 3214 vos
2927 3168 2981 3214 et
3008 3158 3312 3214 Bertarium
3349 3156 3559 3212 ﬁdelem

1986 3251 2279 3307 vassallum
2326 3258 2573 3306 nostrum
2621 3250 2864 3318 quaedam
2909 3248 3183 3304 contentio
3237 3249 3310 3302 sit
3346 3249 3559 3311 oborta,

1985 3357 2086 3412 pro
2133 3357 2199 3396 eo
2240 3340 2382 3411 quod
2426 3339 2570 3394 illius
2612 3355 2802 3394 servus
2835 3347 3068 3394 vestram
3121 3338 3370 3392 ancillam
3418 3337 3560 3390 furto

1985 3433 2303 3489 subductam
2333 3431 2647 3501 aliquandiu
2695 3431 2970 3495 celaverit,
2996 3438 3048 3484 et
3091 3430 3146 3484 in
3175 3445 3268 3485 sua
3296 3437 3561 3499 potestate

1981 3524 2285 3581 retinuerit.
2315 3522 2519 3577 Cretera
2539 3522 2922 3577 desiderantur.

364 3644 394 3672 ει
433 3632 586 3688 Ηίῑιο
617 3650 713 3690 seu
755 3634 937 3703 Hetto,
966 3636 1051 3693 vel
1080 3637 1272 3709 Heyw,
1323 3637 1606 3709 episcOpus
1653 3637 1755 3693 fuit
1778 3637 2102 3693 Basileensis
2130 3648 2185 3692 et
2209 3637 2494 3707 Augiensis
2521 3635 2706 3689 abbas.
2739 3635 2884 3691 Obiit
2922 3651 3062 3689 anno
3086 3635 3210 3690 8'56.

932 3744 938 3746 γ
1169 3744 1176 3749 ,
3547 3744 3554 3784 Ι

1559 3849 1727 3894 ANNO
1768 3850 1996 3894 DOMINI
2041 3850 2349 3894 DCCCXLV.

1156 3975 2713 4136 ELDEFONSUS

1484 4199 1870 4262 HISPANUS
1909 4201 2352 4264 EPISCOPUS.

2775 4279 2782 4290 θ

1724 4306 2127 4325 ..ι-φ

637 4383 1130 4463 MONITUM
1191 4386 1838 4479 IN‘SEQUENS
1917 4387 2481 4466 ELDEFONSI
2558 4381 3217 4465 OPUSCULUM.

1251 4517 1412 4581 (Apud
1439 4517 1622 4568 Mabill.
1649 4517 1762 4570 νει.
1785 4517 2030 4582 Analect.,
2051 4519 2297 4582 Append,
2323 4532 2432 4582 pag.
2449 4517 2586 4578 548.)

368 4680 490 4760 _E_tsi
522 4693 628 4760 non
658 4677 996 4760 du'bitoqujn
1024 4693 1215 4760 parum
1259 4676 1383 4733 ﬁdei
1424 4677 1563 4760 apud
1594 4675 1878 4760 nonnullqs
1905 4658 1956 4716 Ῑ)
1981 4677 2124 4760 quod
2172 4674 2492 4760 in“quon
2522 4673 2955 4760 Aquisgranensi
2979 4671 3553 4760 anniJSVl‘rli'statutum

291 4752 549 4809 habitura
579 4749 687 4804 sint
711 4747 1074 4802 Revelationis
1094 4763 1287 4802 nomen
1315 4763 1378 4802 ac
1398 4747 1588 4801 modus
1609 4747 1874 4801 tractandi

293 4822 451 4878 rudis
490 4827 546 4874 et
571 4819 827 4889 mysticus
864 4818 1058 4887 quibus
1102 4827 1290 4872 auctor
1335 4834 1465 4872 usus
1509 4827 1592 4880 est
1627 4817 1880 4889 ineptis-

291 4893 420 4947 culo
447 4887 714 4958 sequenti,
743 4905 848 4943 non
877 4889 1258 4958 tamenvisum
1289 4897 1371 4942 est
1389 4889 1602 4957 penitus
1630 4887 1875 4958 rejicien-

292 4962 448 5025 dum,
477 4957 588 5013 tum
611 4959 680 5012 ob
701 4959 935 5013 auctoris
967 4957 1363 5025 antiquitatem,
1387 4967 1499 5012 tum
1521 4960 1590 5012 ob
1614 4957 1875 5026 quasdam

296 5045 391 5084 res
421 5029 720 5098 singulares
752 5044 870 5098 quae
905 5029 959 5082 in
992 5043 1056 5083 eo
1093 5027 1450 5098 explicantur,
1492 5037 1602 5082 tum
1644 5028 1876 5096 denique

293 5101 369 5154 ob
402 5097 635 5169 inopiam
655 5097 897 5154 veterum
918 5105 1197 5153 auctorum
1223 5097 1312 5166 qui
1339 5097 1404 5151 de
1431 5099 1532 5153 hoc
1558 5104 1874 5168 argumento

294 5169 636 5225 scripserint.

371 5186 763 5308 Rgstiqiiiiatem
783 5239 976 5306 probat
1001 5250 1173 5308 annus
1203 5237 1590 5308 incarnationis
1617 5235 1742 5308 845,
1770 5251 1878 5304 quo

292 5306 577 5390 ﬂevelatjo
601 5307 886 5390 contigisse
913 5307 1242 5390 perhibetur.
1267 5306 1600 5390 gonﬁrmant
1629 5307 1766 5390 ritus
1785 5321 1876 5360 ce-

294 5379 448 5433 lebra
456 5378 543 5432 ndi
566 5375 768 5432 missas
779 5387 890 5432 tres
914 5375 966 5433 in
981 5377 1186 5432 Pascha
1194 5386 1264 5440 te,
1279 5376 1596 5431 Pentecoste
1610 5385 1665 5431 et
1679 5375 1879 5430 Trans-

295 5448 651 5518 ﬁgnratione;
697 5463 760 5502 ac
799 5449 989 5518 modus
1017 5447 1316 5518 explicandi
1362 5446 1525 5518 librch
1544 5445 1752 5518 pondus
1781 5460 1878 5518 per

294 5515 482 5588 viginti
510 5529 557 5572 et
580 5518 806 5588 quinque
834 5517 1046 5580 solidos,
1085 5515 1176 5586 qui
1205 5531 1320 5571 mos
1347 5531 1460 5588 (evo
1489 5515 1666 5588 Garoli
1698 5515 1873 5588 Magni

295 5585 444 5656 apud
474 5585 972 5642 Francos'maxime
999 5585 1228 5642 usitatus
1265 5594 1400 5640 erat.
1432 5585 1680 5642 Auctoris
1711 5587 1874 5656 verba

295 5655 430 5728 sunt
456 5657 509 5711 in
538 5658 644 5712 ﬁne
668 5657 909 5728 opusculi
939 5674 952 5710 :
987 5675 1004 5707 ι
1038 5657 1104 5711 Ει
1135 5657 1360 5728 trecenti
1387 5656 1521 5728 tales
1545 5655 1746 5728 nummi
1780 5671 1874 5728 an-

299 5725 508 5798 tiquam
553 5743 651 5798 per
691 5725 878 5797 viginti
916 5735 972 5782 et
1012 5728 1248 5798 quinque
1289 5726 1487 5798 solidos
1535 5725 1772 5793 efﬁciunt
1813 5725 1877 5798 li:

299 5797 479 5851 bram.
516 5817 534 5849 ι
574 5797 707 5854 Huic
739 5798 1100 5868 expendenda:
1129 5797 1278 5854 librae
1307 5797 1502 5853 rationi
1533 5805 1796 5854 consonat
1822 5797 1873 5852 id

1983 4735 2086 4810 est,
2120 4735 2414 4814 capite.57,
2445 4743 2522 4797 De
2549 4735 2683 4796 libra
2695 4735 2874 4814 panis,
2901 4752 2956 4796 ut
2978 4740 3405 4814 triginla_solidos
3430 4760 3555 4814 pert-7

1984 4827 2058 4870 set
2109 4811 2387 4886 antequam
2431 4811 2718 4886 coquatur;
2767 4813 2846 4867 sic
2889 4811 3296 4886 enim’prrefert
3335 4811 3553 4886 capituli

1984 4880 2297 4954 inscriptio.
2325 4885 2460 4938 Tum
2505 4880 2764 4954 'sequitur‘
2781 4890 3096 4954 contextus,
3139 4880 3366 4954 ut_libra
3397 4882 3554 4954 panis

1981 4949 2196 5026 triginta
2222 4953 2404 5009 solidis
2429 4969 2522 5022 per
2536 4949 2817 5026 duodecim
2837 4950 3078 5003 denarios
3104 4949 3366 5026 metiatur.
3397 4949 3557 5026 Nem-

1982 5018 2146 5094 pevuti
2176 5025 2314 5080 libra
2341 5018 2614 5094 numerica
2639 5020 2974 5094 etiamununc
3001 5018 3455 5094 apud_nostrates,
3481 5018 3552 5070 ita

1983 5086 2112 5152 olim
2142 5093 2451 5165 ponderalis
2485 5091 2670 5166 viginti
2712 5087 2926 5166 assibus
2963 5086 3268 5166 constabat.
3308 5086 3387 5166 At.
3427 5100 3554 5166 vero

1980 5167 2107 5237 quia
2142 5155 2464 5237 propensam
2492 5155 2648 5237 crudi
2678 5159 2833 5228 panis
2874 5155 3556 5237 libl'amsynodusﬁnquis-

2020 5225 2264 5292 ranensis
2292 5230 2532 5287 deﬁnivit
2563 5231 2630 5283 ad
2660 5225 2896 5283 mentem
2932 5225 3158 5297 Regulze
3178 5225 3552 5297 sancti_l_3ette—

2018 5305 2142 5371 icti,
2169 5305 2296 5358 hinc
2325 5301 2524 5355 factum
2553 5307 2648 5371 est
2675 5307 2749 5371 ut
2772 5298 2991 5371 triginta
3016 5294 3245 5371 solidos
3262 5295 3327 5347 ad
3361 5294 3556 5371 librant

1980 5363 2240 5446 exigeret.
2253 5371 2390 5446 _Cur
2426 5385 2556 5446 vero
2593 5363 2912 5446 El‘defonsus
2941 5365 3126 5446 viginti
3156 5364 3393 5444 quinque
3430 5363 3558 5417 soli-

1981 5434 2177 5502 dosvad
2211 5444 2401 5497 libram
2429 5443 2704 5510 antiquam
2722 5439 2922 5510 exigat,
2947 5434 3074 5510 illud
3101 5434 3281 5510 forsan
3312 5434 3365 5510 in
3395 5448 3556 5487 causa

1979 5524 2064 5571 est
2098 5513 2251 5585 quod
2268 5512 2411 5585 libra-
2434 5503 2860 5585 tumeispanic'a
2891 5504 3192 5585 quindecim
3219 5503 3394 5557 unciis
3423 5517 3557 5556 con-

1978 5576 2170 5641 staret.
2214 5583 2292 5654 Ex
2333 5576 3346 5654 hac,__inqua'nl_,_c9mputandaa‘_per
3410 5587 3560 5654 asses

1979 5655 2132 5710 librae
2167 5653 2372 5708 ratione
2401 5644 2689 5723 colligitur,
2717 5644 3058 5723 EldefonSum
3091 5660 3156 5698 eo
3191 5644 3386 5723 vixisse
3422 5650 3552 5723 tem-

1979 5740 2131 5797 pore,
2157 5724 2300 5794 quod
2317 5724 2438 5798 ipse
2463 5712 2780 5798 designavit.
2810 5717 3244 5798 Denique_a_n_nos
3266 5712 3376 5798 fere
3398 5713 3554 5798 (ptin-

1981 5781 2426 5859 cclitos'nrmfert
2445 5781 2820 5848 membraneus
2849 5781 3014 5844 codex
3043 5785 3380 5842 bibliothecae
3411 5781 3554 5834 Vati-
