3900 6178
352 283 470 342 885

1330 280 1748 341 OPUSCULUM
1785 281 1875 337 DE
1912 279 2095 336 PANE
2126 277 2648 338 KUCHARISTICO.

3526 281 3630 338 886

346 418 453 458 nes
492 400 547 456 in
580 399 811 456 circuitu
852 404 978 454 sunt
1020 395 1308 454 oﬂerentes
1347 411 1592 452 munera.
1634 395 1692 451 Si
1728 403 1811 452 est
1845 395 1933 450 via
1961 397 2010 457 Α
2038 395 2179 450 sicut
2207 390 2561 449 millenarius.
2591 392 2706 453 Hoc
2734 392 2908 464 ipsum
2946 391 3159 451 decimo
3199 407 3387 451 mense
3421 394 3628 454 Natalis

344 492 549 565 pedum
595 492 649 545 in
687 489 883 554 terris,
916 496 1000 543 est
1045 488 1249 543 veritas
1286 487 1481 558 capitis
1522 487 1577 542 in
1606 485 1790 552 caelis,
1823 486 1934 539 vita

346 582 591 655 pectoris
613 589 699 637 est
719 581 773 635 in
806 580 985 635 medio
1020 593 1246 633 manens
1281 577 1552 633 reddenda
1576 576 1802 632 sanctis.
1834 574 1939 630 Re—

349 673 707 728 miniseamur
726 670 1000 741 paulisper
1016 668 1147 739 quid
1173 668 1226 722 in
1248 675 1471 738 pectore
1490 665 1669 723 Aaron
1690 666 1940 737 superius

347 762 731 833 quaesivimus,
770 760 897 815 dum
936 772 1155 830 azymos
1200 773 1370 828 panes
1405 755 1625 812 eil‘ectos
1657 772 1779 812 esse
1815 756 1941 810 vita:

347 852 699 923 sempiterna:
726 849 1131 905 aﬁirmavimus.
1160 846 1219 903 Si
1258 847 1458 903 fuerint
1487 846 1729 902 Andreas
1758 857 1814 902 et
1850 845 1941 901 Ja-

348 944 527 997 cobus
554 941 685 997 socii
720 939 773 994 in
804 938 999 1004 terris,
1033 947 1089 993 et
1118 947 1244 993 sunt
1272 937 1606 1003 consociati,
1642 937 1785 992 sicut
1815 944 1943 991 sunt

348 1032 553 1088 Petrus
583 1040 639 1087 ct
664 1029 864 1085 Paulus
900 1044 1023 1083 cum
1063 1027 1326 1083 altissimo
1356 1026 1466 1082 Deo
1495 1027 1852 1098 omnipotenti
1887 1036 1944 1083 et

346 1121 528 1175 sancti
574 1133 765 1174 omnes
804 1116 859 1173 in
902 1116 1076 1172 caelis.
1130 1114 1374 1182 Quatuor
1423 1116 1766 1189 evangelista:
1811 1117 1944 1173 dant

349 1210 663 1266 testimonia
694 1208 820 1263 Jesu
847 1222 970 1262 cum
994 1206 1247 1263 omnibus
1270 1208 1474 1263 sanctis
1499 1208 1754 1279 undique.
1784 1206 1939 1265 Sicut

343 1303 499 1358 enim
528 1301 703 1372 pollex
734 1299 971 1355 hominis
1000 1306 1172 1353 totum
1202 1297 1361 1354 debet
1385 1314 1664 1355 nummum
1698 1300 1935 1370 Operire,

344 1398 434 1454 sic
463 1406 574 1452 tres
598 1393 839 1460 nummi,
868 1393 971 1448 hac
1001 1391 1268 1446 Triuitate
1293 1391 1405 1447 Deo
1429 1400 1679 1463 regente,
1708 1393 1941 1449 invicem

345 1507 413 1547 se
442 1496 751 1559 tangentes,
784 1492 864 1541 tot
906 1494 1016 1540 tres
1041 1484 1121 1539 sic
1153 1483 1461 1555 triangulati
1480 1525 1495 1551 ,
1535 1484 1734 1539 debent
1772 1493 1941 1541 totam

343 1582 510 1654 panis
545 1578 780 1635 hostiam
817 1575 956 1631 infra
991 1590 1049 1630 se
1079 1574 1153 1630 ita
1194 1575 1506 1643 cooperire,
1540 1583 1600 1629 ut
1637 1589 1736 1629 nec
1774 1575 1942 1631 ullum

348 1685 634 1726 nummum
661 1684 729 1724 ex
758 1675 871 1723 toto
897 1665 1069 1736 possit
1092 1664 1197 1719 ulla
1230 1665 1402 1719 tribus
1437 1681 1503 1720 ex
1544 1665 1665 1721 aliis
1701 1666 1945 1736 partibus

345 1761 708 1831 discoopertis
741 1772 936 1829 capere
962 1757 1015 1810 in
1049 1770 1142 1819 sc,
1182 1755 1234 1808 in
1266 1763 1508 1821 tantum,
1537 1763 1597 1810 ut
1638 1772 1738 1812 nec
1773 1772 1942 1828 angu—
1972 1750 2019 1810 B

344 1855 490 1910 stior
514 1852 586 1907 sit
613 1850 767 1923 panis
794 1848 959 1913 infra,
986 1861 1088 1902 nec
1118 1845 1280 1900 latior
1307 1854 1485 1906 extra.
1518 1854 1749 1913 tantum,
1774 1864 1919 1917 quan

342 1951 467 1998 tum
494 1949 578 1998 est
602 1940 759 1997 albus
784 1937 1021 1995 hominis
1044 1934 1256 2006 ungula:
1283 1935 1519 1992 circulus

372 3550 375 3553 _
430 3478 494 3534 Et
519 3478 649 3550 quid
683 3476 871 3549 plura?
902 3474 1008 3543 Qui
1045 3491 1128 3530 me
1164 3475 1430 3530 erubuerit
1469 3482 1519 3529 et
1560 3456 1701 3528 meos
1740 3488 1940 3528 sermo-

346 3586 477 3634 nes,
509 3569 640 3625 dicit
676 3567 958 3634 Dominus,
989 3566 1129 3621 hunc
1169 3564 1344 3620 Filius
1381 3563 1607 3620 hominis
1651 3563 1938 3629 erubescet,

347 3660 678 3717 subauditur
712 3657 1060 3715 tribulantem
1085 3656 1309 3722 audire,
1344 3655 1622 3726 aspicere,
1642 3652 1940 3729 adjuvare,

348 3765 481 3805 cum
504 3749 714 3805 venerit
738 3749 792 3804 in
816 3749 1102 3820 majestate
1125 3761 1248 3813 sua,
1272 3754 1330 3801 et
1351 3744 1531 3800 Patris
1557 3750 1613 3799 et
1631 3750 1945 3799 sanctorum

350 3840 692 3913 angelorum.
719 3840 789 3895 Et
815 3839 906 3911 qui
928 3855 1019 3894 vos
1044 3838 1263 3910 spernit,
1285 3853 1366 3892 me
1392 3835 1589 3906 spernit
1618 3846 1636 3886 :
1662 3842 1712 3888 et
1738 3832 1827 3905 qui
1857 3848 1944 3887 vos

353 3933 535 3999 audit,
563 3950 644 3989 me
669 3932 821 3988 audit
851 3948 870 3988 :
900 3942 948 3988 et
977 3932 1025 3987 si
1055 3945 1346 3987 sermonem
1383 3944 1555 3983 meum
1586 3936 1945 3992 servaverunt,

314 4066 327 4073 .
351 4035 407 4080 et
436 4035 658 4080 vestrum
682 4025 978 4081 servabunt.
1003 4025 1072 4080 Et
1091 4039 1191 4096 ego
1210 4022 1541 4079 voluntatem
1562 4020 1861 4076 amantium
1882 4034 1949 4074 ac

354 4115 665 4171 timentium
686 4131 774 4170 me
798 4114 1013 4170 faciam.
1039 4113 1347 4169 Redeamus
1365 4109 1481 4180 jam
1508 4110 1579 4165 ad
1598 4107 1865 4165 ordinem.
1887 4107 1949 4164 ln

352 4208 549 4264 Natale
586 4224 716 4264 vero
760 4207 1009 4274 Domini,
1039 4206 1093 4261 in
1124 4205 1299 4277 prima
1325 4203 1492 4258 missa
1527 4209 1585 4257 et
1620 4199 1858 4257 secunda
1885 4215 1949 4256 ac

356 4300 545 4366 tertia,
576 4297 835 4355 oﬁ‘ercndi
862 4306 993 4354 sunt
1016 4312 1185 4369 panes
1205 4293 1400 4366 aequali
1420 4307 1648 4348 numero
1673 4299 1730 4347 et
1754 4290 1947 4362 ﬁgura,

352 4405 573 4460 semper
599 4388 883 4445 duodecim
909 4403 1008 4459 per
1036 4401 1258 4458 gyrum,
1287 4385 1391 4440 hoc
1426 4391 1511 4439 est
1549 4383 1606 4439 in
1632 4382 1946 4448 rotundum,

352 4480 426 4535 ad
472 4478 889 4552 signiﬁcandum
932 4478 1233 4549 angelicum
1277 4476 1533 4542 chorum;
1578 4484 1635 4530 et
1674 4474 1730 4529 in
1773 4473 1950 4529 medio
1977 4461 2028 4521 Ι)

350 4571 597 4642 quinque
634 4572 691 4626 in
728 4570 910 4626 crucis
942 4570 1163 4626 modum
1195 4568 1264 4624 ad
1297 4567 1682 4641 signiﬁeandos
1722 4580 1953 4638 evange-

351 4662 530 4727 listas,
559 4672 615 4717 et
643 4662 863 4718 unicum
888 4661 985 4716 Dei
1010 4661 1238 4728 Filium,
1268 4676 1432 4731 quem
1471 4665 1762 4723 testantur,
1792 4657 1949 4728 quasi

349 4753 687 4808 sustinentes
720 4752 907 4822 utique
942 4768 1042 4823 pro
1070 4752 1441 4823 redemptione
1475 4749 1690 4822 generis
1719 4749 1945 4805 humani

347 4844 486 4898 olim
512 4842 850 4898 crucifixum.
897 4843 1087 4898 Divide
1118 4843 1263 4913 ipsos
1295 4857 1392 4913 per
1430 4841 1617 4897 decem
1644 4848 1698 4894 et
1736 4847 1944 4910 septem

349 4933 518 4987 simul
547 4934 777 4998 mixtos,
804 4934 932 5003 quia
966 4948 1160 4988 novem
1194 4941 1318 4987 sunt
1355 4932 1575 4987 ordines
1604 4929 1939 5005 angelorum,

352 5022 600 5079 invenies
637 5023 781 5093 quod
818 5036 1036 5093 semper
1072 5022 1405 5093 septiformis
1447 5021 1683 5091 Spiritus
1722 5028 1946 5075 sanctus

348 5121 460 5170 est.
492 5113 743 5169 Decimus
775 5114 951 5170 llomo
986 5115 1128 5169 Deus
1157 5113 1464 5185 generando
1495 5129 1660 5168 carne
1701 5120 1941 5178 creatus,

348 5214 409 5260 et
434 5205 666 5260 creando
690 5205 743 5260 in
766 5203 934 5259 Maria
954 5203 1161 5276 virgine
1182 5203 1363 5274 specie
1391 5205 1628 5258 humana
1652 5201 1937 5258 formatus.

353 5297 432 5352 De
478 5295 667 5352 olliciis
709 5312 839 5353 vero
882 5297 1052 5352 ternis
1094 5296 1261 5368 jungc
1308 5310 1476 5364 panes
1522 5294 1681 5350 simul
1731 5309 1941 5359 omnes,

353 5385 492 5441 ﬁunt
520 5386 876 5459 quadraginta
921 5393 977 5442 et
1026 5402 1199 5461 unus.
1231 5385 1476 5440 Invenies
1520 5392 1734 5450 autem,
1769 5382 1939 5440 amice

352 5477 473 5544 Dei,
500 5477 555 5533 in
585 5478 775 5535 deiﬁca
801 5477 1218 5549 signiﬁcatione,
1250 5477 1391 5548 quod
1417 5476 1464 5531 si
1495 5492 1632 5532 unus
1657 5483 1743 5532 est
1776 5476 1939 5538 Deus,

351 5588 573 5626 υιηιιοω
595 5571 864 5643 signiﬁcat
884 5572 1271 5643 plenitudinem
1299 5571 1350 5626 in
1375 5572 1485 5626 Deo
1509 5586 1768 5625 numerus
1792 5569 1945 5640 quin-

351 5664 740 5735 quagenarius,
767 5664 908 5720 sicut
931 5664 1313 5729 centonarius;
1343 5670 1400 5718 et
1420 5662 1674 5718 denarius
1698 5662 1938 5731 insuper,

2042 490 2254 556 Domini
2284 489 2658 561 signiﬁcante,
2694 488 2749 542 in
2777 502 2886 558 quo
2924 487 3037 544 Deo
3064 486 3283 545 Christo
3321 499 3378 546 et
3409 490 3630 549 homine

2042 580 2399 652 corporaliter
2423 586 2507 635 est
2542 593 2649 634 non
2688 579 2968 646 habitans,
3012 579 3110 634 sed
3146 594 3371 651 semper
3402 596 3632 637 manens

2042 672 2219 729 omnis
2255 670 2555 727 divinitatis
2593 670 2902 741 plenitudo,
2944 678 3180 728 testante
3206 673 3262 728 id
3289 673 3465 742 ipsum
3495 690 3629 746 apo-

2042 759 2183 816 stolo
2220 758 2406 813 Paulo.
2444 758 2503 811 ln
2540 757 2747 813 Pascha
2792 758 3001 814 scilicet
3040 756 3321 817 Dominiea
3362 761 3629 820 Resurrc-

2043 850 2257 915 ctionis,
2289 850 2356 905 de
2383 864 2488 921 qua
2512 849 2571 904 ﬁt
2598 848 2865 905 sermonis
2888 849 3051 915 ratio,
3077 858 3294 905 centum
3323 852 3547 924 triginta
3576 865 3631 910 et

2044 943 2283 1013 quinque
2317 956 2483 1012 panes
2521 949 2647 996 sunt
2681 940 2942 997 oil'erendi
2988 934 3041 995 in
3071 941 3250 997 erucis
3280 942 3499 999 modum
3533 958 3631 1015 per

2044 1038 2207 1092 trium
2231 1037 2519 1092 missarum
2537 1036 2733 1102 oilicia,
2755 1035 3007 1093 videlicet
3023 1038 3379 1110 quadraginta
3400 1047 3457 1099 et
3474 1040 3630 1111 quin-

2047 1143 2150 1199 que
2180 1128 2235 1183 in
2260 1141 2584 1199 unaquaque
2606 1128 2795 1195 missa,
2826 1128 2901 1185 ita
2926 1145 2941 1181 :

2476 1362 3245 1771 51””:

2251 2263 3454 2946 Vnggr

2114 3252 2172 3308 ln
2205 3250 2417 3308 Domini
2450 3249 2579 3309 Jesu
2608 3246 2811 3305 Chiisti
2842 3245 3200 3312 Ascensione,
3230 3249 3289 3301 et
3318 3242 3489 3314 ipsius
3517 3257 3634 3299 ma—

2043 3345 2241 3404 nil'esta
2261 3345 2585 3417 quibusdam
2606 3339 2886 3412 discipulis
2908 3340 2963 3394 in
2986 3344 3171 3393 inmte
3191 3336 3406 3392 excelso
3435 3333 3634 3389 Trans-

2042 3439 2394 3514 ﬁguratione,
2434 3452 2556 3509 quae
2594 3434 2698 3491 fuit
2732 3445 2759 3474 α
2789 3440 2944 3488 sexto
2980 3429 3100 3485 Kal.
3131 3428 3405 3497 Augustas
3446 3424 3637 3495 quinto

2046 3531 2102 3588 in
2131 3545 2336 3595 mense,
2372 3528 2447 3584 ita
2477 3536 2605 3583 sunt
2639 3540 2749 3581 uno
2778 3523 3076 3590 eodemque
3114 3533 3343 3573 numero
3379 3523 3434 3569 et
3466 3514 3636 3586 ﬁgura

2048 3635 2220 3693 panes
2249 3618 2531 3675 efferendi.
2575 3613 2847 3671 Similiter‘
2865 3610 3086 3668 omnino
3119 3616 3177 3663 et
3215 3606 3270 3661 in
3308 3603 3500 3660 Natale
3529 3602 3646 3658 llo-

2049 3709 2185 3767 mini
2237 3717 2300 3766 ut
2324 3708 2645 3767 ostenditur.

2198 4050 3441 4662 3%?-
3534 4298 3552 4509 ‘

2327 4973 3376 5377 01‘

2117 5559 2391 5615 lntucntcs
2434 5566 2614 5614 monte
2662 5553 3067 5612 consideremus
3122 5546 3190 5604 de
3242 5543 3636 5619 signiﬁcatione

2048 5649 2189 5703 facta
2232 5649 2284 5703 in
2326 5648 2565 5719 piscibus
2604 5655 2821 5702 centum
2869 5640 3259 5713 quinquaginta
3303 5636 3493 5691 tribus.
3540 5631 3635 5687 Vel

427 5789 455 5819 ι
488 5778 560 5834 Εἰ
599 5787 779 5834 tamen
806 5778 965 5834 modo
1011 5778 1320 5837 celebratur
1362 5785 1553 5836 octavo
1582 5779 1706 5835 ldus
1729 5776 1985 5847 Augusti,
2019 5780 2112 5850 qui
2145 5778 2345 5835 mensis
2392 5777 2628 5847 antiquis
2673 5776 2847 5833 dictus
2881 5783 2964 5829 est
3005 5770 3249 5837 Sextilis,
3292 5783 3386 5826 seu
3409 5775 3620 5824 sextus.
