1950 3089
197 145 249 172 887

196 245 244 274 scd
264 254 342 275 unus.
359 247 450 280 Qualis
468 248 558 281 Pater,
582 250 643 277 talis
667 250 761 283 Filius,
784 251 847 278 talis
870 250 989 286 Spiritus

196 296 318 319 sanctus.
335 292 370 319 Et
386 299 451 320 ecce
465 294 554 322 omnis
572 294 710 328 plenitudo
730 300 757 322 et
774 295 839 322 latet
859 301 887 322 ct
906 288 991 335 putet,

196 337 347 372 signiﬁcata
372 339 399 366 in
421 339 503 370 Patre
525 345 552 367 et
574 340 643 368 Filio
668 344 696 367 et
721 340 822 375 Spiritu
851 347 946 369 sancto
970 350 986 369 a

193 382 297 411 Joanne
311 385 338 412 in
355 385 442 413 cmlis.
462 386 554 420 Neque
568 386 653 414 Filius
670 387 728 414 sine
743 387 823 414 Patre
841 392 869 415 et
882 388 984 423 Spiritu

194 432 289 456 sancto
304 429 409 456 videtur
427 430 454 456 in
475 430 585 458 ﬂumine
602 430 737 459 Jordanis.
757 431 850 466 Neque
866 432 984 467 Spiritus

193 478 302 502 sanctus
315 475 374 502 sine
387 476 468 503 Patre
483 479 509 503 et
524 476 592 504 Filio
611 477 741 511 aspicitur
754 478 848 505 volans
862 485 909 512 per
920 486 984 513 spa-

193 520 260 548 tium
284 521 364 556 hujus
386 522 474 555 aeris,
500 526 568 550 teste
588 522 713 555 Christo,
737 523 844 551 dicente
864 524 986 559 Philippo

192 566 326 599 apostolo,
341 567 387 602 qui
405 568 544 602 quaerebat
569 568 660 595 videre
684 568 791 598 Patrem
817 577 824 596 :
845 568 896 601 Qui
919 569 986 600 vide;

191 620 243 650 me,
258 613 355 647 inquit,
370 613 439 639 videt
452 618 474 640 et
488 612 606 647 Patrem,
618 615 680 649 quia
692 613 773 641 Pater
784 615 811 641 in
822 623 863 641 me
877 623 985 642 manens

191 659 245 694 ipse
261 660 325 694 facit
340 668 428 693 opera.
441 659 561 694 lntellige
571 667 644 695 ergo,
659 660 750 692 homo,
762 661 807 695 qui
823 661 906 688 habes
923 661 981 695 ipse

191 710 247 734 tres
263 712 392 739 personas
411 706 438 732 in
454 709 480 732 te
495 705 640 732 dissimiles
661 705 733 732 inter
751 713 796 738 se;
810 706 929 732 animam
942 706 981 732 vi-

191 756 313 784 ventem,
332 759 441 782 carnem
466 756 638 786 apparentem
650 771 657 783 ,
676 752 800 787 spiritum
822 752 879 779 sine
897 752 983 779 inter—

191 797 321 825 missione
342 801 488 825 exeuntem
509 804 524 824 a
547 801 589 829 te,
610 797 673 831 quia
695 797 775 824 Pater
794 802 836 824 est
852 797 909 832 ipsa
928 798 983 825 vita

191 844 366 878 sempiterna,
381 843 468 872 Filius
481 844 538 879 ipsa
554 844 653 871 locutio
671 844 850 879 sempiterna,
867 843 984 878 Spiritus

189 895 299 918 sanctus
320 890 354 918 ad
380 890 467 918 instar
490 890 554 919 solis
576 891 644 918 radii
670 891 764 918 exiens
788 895 816 918 et
841 894 981 918 revertens

189 936 314 971 splendor
330 936 398 964 lucis
415 941 532 965 mternaa.
549 936 653 965 Idcirco
668 944 701 964 ne
716 941 794 972 putes
806 937 892 972 ipsum
904 937 980 965 altis-

188 983 286 1009 simum
307 982 392 1013 Deum
418 982 526 1009 Patrem
546 988 606 1009 esse
629 981 740 1010 confuse
760 982 848 1017 ipsum
872 982 981 1010 unicum

188 1028 285 1055 Filium
300 1028 450 1062 proprium.
466 1027 565 1054 Delinit
581 1031 691 1055 sanctus
710 1026 836 1055 Sedulius
850 1026 982 1054 mirabili-

188 1077 230 1100 ter
244 1073 337 1101 dicens
353 1081 360 1100 :

233 1128 286 1153 Non
297 1129 353 1159 quia
366 1129 407 1159 qui
419 1135 528 1159 summus
539 1128 612 1152 Pater
624 1131 671 1157 est,
686 1130 711 1152 et
724 1127 799 1159 Filius
810 1127 849 1152 hic
861 1131 901 1152 est
914 1134 921 1151 :

233 1159 282 1184 Sed
296 1158 351 1190 quia
361 1158 426 1191 quod
437 1166 545 1184 summus
558 1159 632 1183 Pater
645 1162 692 1189 est,
704 1161 731 1184 et
740 1158 815 1183 Filius
826 1158 873 1184 hoc
883 1163 932 1183 est.

223 1210 351 1240 Dicamus
370 1211 404 1239 de
426 1210 566 1246 mysterio.
590 1210 618 1238 In
638 1209 798 1237 Pentecoste
824 1210 906 1236 etiam
930 1209 980 1237 sub

185 1255 330 1290 quadrata,
343 1263 405 1285 cum
417 1263 498 1284 cruce
509 1260 600 1283 tamen
611 1255 639 1282 in
650 1255 750 1287 medio,
762 1254 882 1281 civitatis
894 1253 980 1288 ﬁgura

187 1300 309 1327 caelestis
330 1300 509 1333 Hierusalem,
532 1304 572 1327 tot
592 1307 676 1334 panes
697 1299 826 1327 oﬁ'erendi
847 1302 910 1326 sunt
932 1306 981 1334 per

186 1344 293 1377 omnia,
315 1345 444 1375 subaudis
463 1345 608 1372 missarum
627 1344 731 1377 ollicia,
752 1348 820 1382 quot
839 1344 866 1371 in
879 1344 980 1372 Resur-

187 1388 309 1418 rcctione
332 1389 492 1423 Dominica,
518 1393 598 1426 prout
621 1389 728 1420 videtur
751 1390 778 1417 in
804 1388 980 1426 subsequenti

187 1434 285 1471 ﬁgura.

204 1535 435 1705 .80

205 1705 285 1853 ἓ
876 1701 940 1916 ἓ

209 1892 280 1935 ,.
861 1923 862 1927 γ

208 1900 940 2166 §©§

513 2180 654 2316 ω
873 2179 957 2382 ξ

210 2388 952 2497 ,ΟΟΟΟΟΟΟΟὉι

217 2629 246 2657 In
268 2630 362 2658 diebus
384 2634 474 2658 autem
488 2630 636 2658 Dominicis
654 2635 682 2658 et
702 2631 749 2659 Dei
762 2636 918 2660 sanctorum
934 2631 975 2659 fe-

182 2674 233 2701 stis
245 2674 361 2709 amplius
373 2682 427 2702 non
433 2678 496 2702 sunt
505 2675 634 2702 oﬁ'erendi
647 2683 742 2710 panes,
752 2684 802 2703 nec
812 2676 901 2703 minus
916 2685 973 2703 ma-

182 2719 265 2751 xime,
290 2727 371 2753 quam
388 2720 506 2754 quinque
532 2720 559 2747 in
577 2720 666 2747 crucis
691 2720 788 2747 forma.
813 2721 860 2748 llle
870 2721 971 2748 etenim

181 2763 369 2799 panismedius
376 2771 445 2798 saepe
460 2764 539 2791 debet
555 2772 615 2791 esse
637 2764 725 2799 potius
738 2764 835 2798 major,
851 2770 878 2794 et
890 2767 974 2794 bone-

184 2807 250 2834 stior
263 2808 323 2836 aliis
333 2809 457 2836 omnibus
475 2810 527 2836 :de
546 2818 599 2844 quo
612 2810 709 2845 iegitur
719 2811 746 2840 in
769 2811 886 2845 quodam
898 2812 966 2846 loco,

184 2853 276 2889 Agnus
288 2853 315 2878 in
326 2853 413 2880 medio
426 2854 602 2889 signiﬁcatus.

499 147 618 176 OPUSC.
638 148 825 179 ELDEF'ONSI
844 149 930 180 HISP.
948 150 1056 180 EPISC.
1077 152 1121 180 DE
1139 153 1229 181 BANE
1248 153 1508 184 EUCHARISTIGO.

196 201 276 229 aliter
289 209 337 237 per
349 203 527 232 Athanasium
543 205 624 233 altius
645 205 802 233 intuendum
817 216 824 233 :
843 206 902 233 Non
918 211 983 240 tres,
998 209 1024 239 Α

1772 163 1824 191 88$

1337 226 1518 401 ᾧ)

1061 519 1355 711 ©<<
1510 519 1807 711 ΜΣ

1336 831 1518 1009 ©

1067 1033 1237 1067 Quotidianis
1248 1036 1338 1065 autem
1352 1037 1447 1067 diebus
1461 1047 1512 1068 nec
1524 1041 1638 1075 amplius
1652 1050 1705 1070 nec
1722 1043 1826 1077 minus.

1035 1079 1088 1106 nisi
1116 1088 1185 1108 unus
1203 1086 1308 1110 tantum
1321 1092 1327 1109 :
1339 1084 1402 1118 quia
1417 1092 1487 1112 unus
1500 1090 1542 1113 est
1556 1087 1626 1115 Deus
1636 1088 1683 1122 qui
1699 1092 1742 1116 est
1752 1096 1825 1117 sem-

1034 1132 1084 1160 per
1095 1133 1176 1161 supra
1186 1135 1280 1156 omnes
1291 1137 1370 1157 unus.

1071 1633 1105 1661 Et
1116 1634 1243 1670 quoniam
1252 1634 1278 1661 in
1290 1635 1330 1662 sic
1343 1642 1428 1670 parvo
1439 1634 1501 1664 libri
1521 1637 1609 1672 spatio
1620 1638 1709 1673 hujus,
1724 1641 1779 1669 nisi
1791 1643 1828 1670 sit

1034 1683 1065 1706 ut
1074 1678 1205 1707 latissima
1218 1679 1392 1713 bibliotheca,
1422 1681 1496 1716 ipsos
1508 1690 1592 1717 panes
1611 1684 1711 1719 integre
1737 1686 1827 1715 factos

1033 1727 1062 1751 et
1082 1723 1179 1752 litteris
1192 1724 1290 1759 pictos,
1302 1725 1372 1753 sicut
1387 1733 1448 1754 esse
1461 1726 1586 1761 debeant,
1601 1733 1628 1756 et
1643 1737 1722 1765 super
1737 1731 1827 1760 altare

1033 1769 1107 1804 poni,
1121 1777 1172 1797 nec
1184 1770 1256 1805 ipsas
1268 1770 1368 1806 ﬁguras
1382 1772 1582 1801 solemnitatum
1597 1774 1726 1809 ipsarum,
1743 1782 1827 1811 prout

1033 1818 1075 1841 est
1090 1814 1220 1849 scriptum
1236 1823 1328 1850 supra,
1348 1824 1394 1844 seu
1409 1818 1583 1852 quantitates,
1599 1820 1650 1848 hoc
1662 1825 1701 1848 est
1714 1823 1824 1858 magni-

1033 1860 1141 1887 tudines
1152 1861 1296 1889 ostendere
1312 1869 1439 1896 possum;
1460 1864 1555 1892 saltem
1574 1866 1646 1893 velut
1658 1874 1705 1901 per
1717 1873 1823 1902 puncta

1032 1903 1084 1931 hoc
1103 1904 1184 1931 velim
1197 1904 1408 1934 demonstrando
1419 1907 1587 1943 signiﬁcare;
1608 1915 1636 1938 et
1656 1911 1725 1939 sicut
1741 1920 1823 1948 supra

1031 1949 1230 1985 pratigurando
1256 1951 1456 1986 denotavimus,
1478 1953 1575 1982 iterum
1600 1956 1635 1983 ob
1661 1958 1825 1986 memoriam

1032 1995 1122 2023 cordis
1134 1996 1306 2030 replicamus.
1321 1997 1349 2024 ln
1369 1997 1462 2026 Natale
1477 1999 1595 2033 Domini,
1610 2001 1680 2029 sicut
1693 2003 1821 2037 audistis,

1032 2041 1123 2069 decem
1135 2046 1161 2069 et
1174 2048 1277 2077 septem
1288 2049 1398 2078 pertres
1411 2046 1492 2074 vices.
1508 2046 1537 2074 ln
1549 2047 1821 2078 ResurrectioneDo-

1031 2088 1097 2131 mini
1122 2089 1300 2124 quadraginta
1327 2095 1354 2117 et
1374 2091 1491 2126 quinque
1506 2099 1590 2131 panes
1605 2093 1691 2121 tribus
1703 2095 1821 2124 vicibus.

1031 2130 1078 2158 Sic
1089 2131 1116 2158 in
1129 2131 1289 2160 Pentecoste
1304 2134 1482 2170 quadraginta
1500 2140 1528 2163 et
1541 2130 1659 2172 quinque
1672 2146 1758 2173 panes
1773 2141 1823 2167 tri-

1031 2176 1080 2203 bus
1092 2177 1206 2204 vicibus.
1232 2177 1278 2205 Sic
1294 2179 1320 2206 in
1335 2179 1595 2216 Transtiguratione,
1611 2190 1670 2217 quae
1682 2188 1722 2211 est
1738 2192 1822 2220 supra

953 2217 960 2262 |
992 2218 1019 2248 D
1032 2223 1132 2257 scripto
1144 2228 1275 2258 tempore,
1292 2225 1385 2252 decem
1405 2230 1432 2253 et
1444 2232 1546 2261 septem
1558 2235 1642 2262 panes
1656 2230 1741 2258 tribus
1755 2217 1822 2259 vici-

1031 2268 1092 2301 bus,
1105 2269 1228 2297 slmiliter
1239 2275 1270 2297 ut
1284 2271 1310 2297 in
1324 2271 1429 2299 Natale.
1453 2273 1482 2300 ln
1498 2274 1646 2302 Dominicis
1661 2281 1752 2303 autem
1764 2278 1821 2306 die-

1030 2315 1080 2342 bus
1101 2319 1128 2342 et
1141 2321 1296 2343 sanctorum
1321 2316 1513 2347 festivitatibus
1528 2320 1610 2348 semel
1628 2325 1744 2354 tantum,
1769 2323 1821 2350 hoc

1029 2365 1071 2388 est
1083 2362 1141 2389 vice
1156 2370 1219 2394 una,
1235 2363 1354 2398 quinque
1368 2371 1451 2398 panes
1466 2365 1514 2392 sic,
1528 2365 1557 2392 Si
1569 2367 1612 2393 cui
1625 2367 1731 2394 videtur
1747 2368 1818 2396 forte

1030 2406 1205 2440 impossibile,
1220 2415 1320 2435 nausea
1340 2408 1441 2443 repleta
1456 2414 1555 2441 mente,
1579 2411 1619 2438 sic
1633 2416 1721 2439 tantos
1735 2421 1820 2448 panes

1028 2457 1122 2478 omnes
1134 2451 1229 2486 aequali
1243 2452 1428 2487 magnitudine
1437 2454 1490 2481 Deo
1499 2455 1579 2481 simul
1591 2455 1690 2484 offerre
1702 2465 1709 2489 ;
1722 2458 1819 2485 saltem

1028 2503 1097 2523 unus
1111 2497 1214 2524 medius
1225 2504 1258 2523 ex
1271 2497 1313 2524 his
1326 2498 1446 2532 quintus,
1470 2499 1517 2527 ille“
1537 2500 1639 2528 scilicet
1652 2502 1818 2536 Dominicus,

1028 2541 1063 2567 sit
1075 2541 1114 2568 sic
1128 2549 1252 2576 magnus,
1267 2546 1295 2569 et
1315 2543 1352 2569 ita
1369 2543 1504 2578 scriptura
1517 2549 1632 2580 utraque
1644 2552 1817 2581 perornatus,

1026 2589 1106 2620 prout
1125 2585 1151 2612 in
1176 2586 1243 2613 rotis
1256 2587 1361 2615 duabus
1378 2588 1590 2617 demoustratum
1617 2595 1659 2618 est
1681 2594 1817 2628 superius.

1026 2631 1121 2658 Cmtcri
1131 2631 1175 2658 alii
1187 2632 1306 2660 habeant
1320 2634 1505 2669 unusquisque
1519 2636 1627 2663 tertiam
1640 2642 1743 2672 partem
1759 2647 1818 2665 ma-

1026 2677 1184 2712 gnitudinis,
1200 2682 1228 2706 et
1241 2687 1323 2706 unum
1338 2688 1435 2708 nomen
1452 2686 1556 2709 tantum
1567 2690 1600 2709 ex
1609 2683 1652 2710 his
1666 2685 1753 2712 tribus
1769 2694 1817 2713 no-

1025 2722 1142 2750 minibus
1155 2723 1295 2758 scriptum,
1309 2729 1355 2752 aut
1374 2725 1449 2758 XPC,
1465 2732 1512 2754 aut
1526 2728 1593 2760 IHC,
1607 2734 1655 2756 aut
1665 2730 1708 2757 DS
1722 2739 1729 2757 :
1744 2732 1817 2759 aliud

1028 2775 1126 2794 nomen
1153 2768 1235 2795 ullum
1271 2777 1349 2797 nemo
1373 2777 1515 2805 assumat,
1544 2774 1631 2801 solum
1667 2776 1759 2804 volens
1788 2778 1814 2804 in

1024 2813 1116 2840 Hostia
1131 2815 1250 2842 scribere
1269 2815 1353 2847 illum,
1379 2817 1405 2842 ni
1422 2825 1503 2844 unum
1517 2827 1548 2845 ex
1572 2820 1614 2846 his
1627 2820 1713 2848 tribus
1728 2831 1733 2847 :
1750 2823 1813 2856 quia

1024 2867 1076 2886 non
1100 2860 1186 2888 solum
1199 2869 1281 2889 unum
1295 2863 1317 2889 si
1332 2864 1389 2890 sine
1402 2863 1496 2895 altero.
1513 2866 1559 2892 sed
1579 2867 1660 2893 etiam
1679 2876 1740 2895 vere
1755 2869 1811 2900 sine
