1950 3089
106 147 160 177 889

536 147 709 177 JOSEPHUS
728 148 917 177 SACERDOS.
930 165 966 170 ——
976 149 1112 178 NOTITIA
1133 150 1325 180 HISTORICA.

1692 155 1743 181 890

106 206 171 234 aliis
191 204 314 240 pluribus
328 207 426 231 caetera
443 212 512 239 pene
526 206 723 239 nomina,sicut
738 206 804 233 mihi
822 213 900 233 reve-
913 207 940 238 Α
952 205 1015 233 beat
1029 206 1144 241 pondus,
1165 212 1212 234 aut
1224 207 1303 234 unius
1326 207 1429 234 nummi
1441 214 1608 242 unaquaeque
1619 208 1674 236 sint
1692 212 1741 239 mi-

106 253 194 280 latum
208 255 250 279 est
265 258 314 286 per
325 249 455 285 Spiritum
470 255 603 290 sanctum,
615 260 669 279 non
688 253 788 280 debent
805 253 832 280 in
846 253 899 280 Ho-

106 298 169 325 stiis
180 296 273 329 scribi,
299 296 352 323 nisi
370 304 451 322 unum
473 303 506 323 ex
521 297 563 323 his
580 297 677 330 tribtts,
693 298 772 332 quale
787 299 837 331 vis,
852 304 899 327 aut

105 344 187 377 XPC,
207 347 253 370 aut
271 342 337 375 lllC,
367 347 414 370 aut
434 342 487 370 DS.
511 343 569 370 Non
584 341 660 376 DNS,
678 352 730 372 non
746 344 814 378 Rex,
844 354 898 373 non

105 390 176 422 Pax,
189 397 242 416 nou
252 388 436 421 Oumpo'rms,
456 396 508 416 non
530 389 610 422 Vin,
623 397 674 416 non
692 390 783 423 PANIS,
798 395 827 418 ut
839 392 898 426 qui-

106 436 171 462 dam
195 433 342 470 apocryphi
355 438 469 469 putant;
490 434 542 461 nisi
570 439 674 462 tantum
699 435 726 462 in
747 444 798 463 una
821 442 898 471 parte

106 480 185 513 XPC,
197 481 224 507 in
239 479 291 506 alia
305 486 371 507 crux
387 486 449 506 cum
461 479 564 506 duabus
578 479 683 512 litteris,
697 480 742 512 ita,

132 1031 166 1058 In
180 1039 234 1059 uno
250 1039 347 1066 nempe
359 1030 442 1064 ferro,
459 1035 550 1058 tamen
566 1035 675 1063 magno,
690 1024 891 1061 possuntquin—

97 1085 152 1112 que.
167 1076 246 1109 simul
260 1076 355 1104 hostia:
369 1076 480 1104 formari
504 1075 549 1102 tali
574 1073 669 1105 modo,
695 1076 724 1099 ut
749 1070 835 1105 major
857 1069 892 1096 sit

97 1122 198 1154 media.
218 1130 277 1157 qua:
289 1122 377 1157 primo
391 1128 433 1149 est
446 1121 575 1157 superius
590 1120 707 1154 scripta;
734 1121 762 1144 et
775 1120 891 1151 quatuor

79 1172 81 1176 ‘
97 1166 160 1194 alia:
171 1167 299 1199 minores,
316 1172 419 1202 partem
433 1166 492 1201 ejus
506 1166 612 1193 tertiam
628 1164 726 1199 quippe
743 1163 887 1193 habentes,

97 1219 147 1246 per
159 1216 275 1246 quatuor
285 1212 396 1247 angulos
406 1212 490 1247 ipsius
498 1211 560 1239 ferri
573 1210 628 1237 :ita
641 1215 670 1235 ut
683 1209 709 1235 in
723 1215 776 1235 uno
789 1207 890 1233 habeat

96 1257 229 1291 seripwm
251 1256 327 1289 XPC,
355 1265 472 1287 sursum,
496 1257 522 1284 in
542 1256 628 1283 altero
641 1253 697 1281 [HC
713 1253 850 1284 deorsum,
862 1256 890 1279 et

96 1300 131 1328 ad
142 1300 236 1328 laevam
256 1301 323 1328 sz.
349 1301 403 1329 Sed
425 1308 563 1336 nunquam
584 1304 626 1327 est
641 1299 714 1327 solus
736 1297 889 1325 offerendus

95 1344 202 1380 absque
215 1345 269 1373 ullo
280 1347 408 1379 maximo,
421 1350 467 1373 aut
482 1346 540 1373 sine
552 1345 606 1373 ullo
617 1353 649 1372 ex
666 1344 727 1371 aliis
741 1343 840 1376 tribus,
856 1347 885 1370 et

95 1390 123 1417 in
135 1394 233 1426 quarto
243 1391 303 1418 loco
317 1391 350 1418 ad
361 1391 499 1419 meridiem
514 1390 568 1418 DS.

132 1436 170 1464 Ut
183 1441 271 1464 autem
284 1437 355 1464 scire
366 1437 464 1471 possis,
480 1436 527 1463 Dei
547 1434 645 1467 ﬁdelis,
669 1438 772 1461 certam
787 1432 888 1460 hostia-

95 1490 158 1509 rum
172 1482 263 1509 talium
285 1490 450 1515 mensuram,
476 1489 536 1517 qum
556 1485 583 1508 te
599 1488 651 1508 non
665 1480 738 1507 sinat
752 1478 887 1506 ullatenus

93 1536 191 1556 errare
204 1536 212 1555 :
227 1529 288 1556 audi
301 1528 376 1562 cujus
387 1529 421 1556 sit
431 1527 559 1563 ponderis
572 1531 698 1554 ostensus
709 1524 787 1559 panis
798 1523 886 1558 primo

92 1574 221 1609 superius
240 1573 267 1600 in
283 1573 352 1600 rotis
379 1573 537 1607 majoribus,
551 1572 625 1605 audi,
641 1576 668 1599 et
688 1572 715 1598 in
738 1569 889 1597 minoribus

92 1618 238 1653 perspice;
265 1621 346 1653 prout
369 1618 506 1645 revelaute
525 1625 558 1645 ac
580 1621 689 1652 regente
703 1616 839 1644 individua
851 1616 888 1643 si-

93 1664 152 1691 mul
176 1668 269 1691 sancta
287 1664 421 1691 Trinitate
452 1663 480 1691 in
502 1663 603 1698 Spiritu
628 1662 710 1690 didici
736 1662 885 1689 verissime.

93 1710 165 1737 Tres
182 1710 284 1737 nummi
296 1710 417 1738 moderni
433 1714 537 1737 tantum
552 1709 656 1745 pondus
675 1709 778 1736 habent
799 1717 886 1744 quan-

93 1761 152 1784 tum
170 1763 232 1784 cun
248 1756 365 1785 maxima
382 1755 488 1783 ωενιιίθί
504 1763 587 1791 grana
597 1754 669 1790 quod
686 1754 805 1781 triticum
821 1754 887 1781 dici-

92 1807 139 1829 tur
155 1811 161 1829 :
175 1807 203 1830 et
215 1804 300 1838 major
315 1804 359 1831 illa
372 1801 459 1831 hostia
473 1800 561 1830 adhuc
574 1800 656 1828 cruda
668 1803 772 1826 tantum
782 1799 887 1833 pondus

92 1847 180 1875 habet
197 1853 327 1882 quantum
351 1854 406 1876 tres
424 1850 525 1876 nttmmi
538 1845 649 1883 appensi
663 1845 691 1872 in
715 1848 832 1877 statera;
859 1848 887 1871 ει

92 1893 159 1928 igne
177 1894 298 1927 decocta,
324 1895 454 1922 minuitur
474 1895 578 1930 pondus
600 1897 676 1929 parte
691 1895 777 1920 sexta.
801 1889 887 1917 Minor

91 1940 179 1967 etiam
194 1939 282 1967 hostia
307 1948 361 1968 non
376 1941 491 1976 amplius
508 1948 589 1975 quam
616 1939 696 1967 unius
712 1936 815 1966 nummi
834 1936 882 1964 ha-

951 258 1033 278 nores
1047 251 1152 283 hostim,
1170 257 1217 279 aut
1230 252 1311 279 trium
1327 260 1499 280 nummorum
1510 257 1566 280 tres
1579 254 1658 281 simul
1672 265 1741 292 pon-

950 295 1025 327 dere,
1044 295 1096 322 hoc
1115 296 1202 331 ipsum
1221 304 1274 324 non
1299 297 1358 324 sine
1381 305 1478 333 magno
1496 301 1626 335 mysterio
1646 306 1740 329 saneta

950 340 1083 368 Trinitate
1105 347 1223 377 regente.
1244 342 1311 369 Cum
1330 343 1401 370 enim
1418 345 1560 373 considero
1575 347 1608 374 de
1627 355 1741 375 numero

949 386 1078 420 piscium,
1100 391 1210 414 centum
1242 386 1367 414 videlicet
1392 388 1587 425 quinquaginta
1604 392 1695 424 trium,
1713 396 1741 419 et

949 434 982 461 de
996 438 1036 461 tot
1049 434 1176 462 similiter
1186 435 1278 470 granis
1291 435 1373 463 tritici
1387 436 1412 463 in
1432 438 1550 471 pondere
1567 440 1637 467 datis
1650 440 1675 467 in
1691 441 1740 467 tri-

949 478 999 505 bus
1013 479 1140 510 nummis,
1164 484 1191 506 et
1204 480 1236 507 de
1248 480 1336 507 hostia
1348 481 1437 515 panis,
1453 490 1512 516 quae
1524 492 1577 511 non
1589 490 1631 512 est
1644 485 1738 519 major.

948 531 998 551 nec
1010 524 1109 557 minor,
1119 525 1141 552 si
1154 524 1396 559 fueritjustissime
1411 528 1570 562 ponderata,
1582 531 1633 557 nisi
1649 530 1740 565 (prout

948 570 1079 604 scriptum
1101 571 1152 606 est)
1174 579 1300 599 mensura
1318 573 1399 599 trium
1425 574 1515 609 anguli
1529 575 1685 611 digitorum,
1710 582 1740 604 ut

948 623 1120 644 nummorum
1133 617 1214 644 trium
1229 618 1316 653 spatio
1328 620 1453 654 superius
1466 625 1508 647 est
1518 625 1674 654 ostensum;
1691 623 1738 649 ad-

947 660 1034 688 miror
1052 661 1219 696 stupelactus
1236 663 1317 690 nimis
1341 671 1405 691 vere
1421 664 1543 693 deiﬁcam
1559 666 1738 700 dispensatio-

947 713 1008 733 nem
1021 710 1047 733 et
1063 707 1315 742 pratordinationem
1329 713 1357 735 et
1369 708 1582 744 dispositionem.
1597 711 1653 738 Hoc
1666 712 1738 738 enim

947 758 1000 778 non
1014 751 1050 778 sit
1067 751 1146 778 alicui
1160 752 1271 779 dubium
1282 753 1353 787 quod
1367 753 1472 787 hostim,
1488 755 1613 789 quamvis
1621 756 1738 783 habeant

946 796 1067 824 diversas
1083 803 1110 824 et
1133 797 1279 826 dissimiles
1306 799 1332 825 in
1356 799 1427 827 libro
1451 800 1561 832 formas,
1588 801 1615 828 id
1630 807 1671 828 est
1683 801 1738 828 illic

946 843 1043 878 major,
1060 843 1121 871 istic
1136 844 1234 877 minor,
1250 852 1310 872 cum
1329 845 1413 872 fuerit
1426 850 1501 873 certe
1525 846 1737 881 uniuscujusque

907 884 1071 925 Bponderis
1101 891 1127 918 in
1154 890 1234 918 ferris
1266 899 1406 926 expressa,
1436 891 1538 925 absque
1560 892 1737 927 ambiguitate

943 935 1034 962 statim
1058 940 1238 970 cognoscetur
1251 936 1277 963 in
1292 944 1358 971 gyro
1376 936 1529 963 certissima
1546 936 1641 963 forma.
1659 936 1736 964 Dica<

943 989 1003 1008 mus
1018 980 1052 1008 de
1068 982 1197 1016 pondere.
1210 981 1243 1008 Et
1261 989 1324 1009 ecce
1337 987 1392 1009 tres
1410 981 1478 1009 tales
1489 982 1603 1014 nummi,
1619 990 1735 1016 quorum

941 1026 1046 1061 pondus
1062 1035 1116 1054 non
1126 1027 1241 1062 amplius
1256 1035 1305 1054 nec
1317 1029 1405 1055 minus
1420 1035 1501 1062 quam
1515 1027 1601 1062 major
1614 1029 1736 1055 continet

941 1071 1040 1104 hostia,
1058 1072 1080 1098 si
1091 1072 1242 1107 justissima
1255 1072 1334 1099 fuerit
1345 1072 1466 1107 pondere
1478 1072 1588 1104 factum,
1603 1081 1652 1100 nec
1662 1073 1731 1108 plus,

940 1124 992 1144 nec
1017 1117 1117 1149 minus,
1151 1117 1301 1144 secundum
1332 1117 1555 1144 consuetudinem
1582 1118 1733 1152 antiquam,

941 1164 1093 1199 suscipiunt
1107 1164 1221 1199 pondus,
1254 1164 1306 1191 nisi
1325 1170 1454 1199 quantum
1473 1164 1572 1191 habent
1585 1164 1611 1191 in
1629 1172 1659 1192 se
1669 1172 1734 1191 cen-

940 1213 997 1236 tum
1010 1209 1203 1245 quinquaginta
1221 1214 1275 1237 tres
1289 1210 1501 1245 magnitudinem
1516 1210 1597 1237 tritici
1610 1210 1732 1245 majoris.

939 1255 973 1282 Et
987 1256 1100 1282 trecenti
1112 1255 1179 1283 tales
1191 1255 1293 1283 nummi
1302 1256 1441 1290 antiquam
1451 1263 1500 1290 per
1512 1255 1608 1289 viginti
1620 1260 1646 1282 et
1655 1256 1734 1289 quin-

939 1309 991 1336 que
1012 1301 1113 1329 solidos
1127 1301 1247 1329 cilicium
1265 1302 1360 1329 libram
1381 1311 1387 1328 :
1405 1306 1431 1329 et
1454 1302 1594 1329 duodecim
1610 1302 1676 1329 tales
1700 1302 1733 1329 li-

938 1347 1004 1379 brtc,
1017 1355 1077 1381 qua:
1095 1346 1162 1373 ﬁunt
1183 1354 1233 1381 per
1257 1347 1307 1373 tria
1334 1346 1418 1373 millia
1437 1351 1581 1374 sexcentos
1596 1355 1733 1379 nummos,

939 1393 1088 1420 sextarium
1113 1392 1196 1419 tritici
1225 1391 1344 1419 efﬁciunt
1366 1400 1449 1419 unum
1464 1402 1470 1418 :
1487 1400 1521 1419 ex
1552 1399 1605 1426 quo
1630 1396 1733 1426 septctn

937 1445 1022 1472 panes
1035 1437 1145 1464 formari
1168 1441 1292 1472 possunt,
1312 1437 1345 1464 de
1369 1437 1467 1471 quibus
1491 1444 1540 1471 per
1566 1441 1650 1463 totam
1664 1437 1731 1464 beb-

939 1482 1080 1509 domadam
1099 1482 1180 1508 homo
1193 1482 1285 1509 vivere
1297 1489 1368 1509 unus
1379 1486 1490 1517 potest;
1515 1486 1562 1509 aut
1580 1486 1684 1516 septem
1704 1482 1731 1509 in

939 1534 993 1553 una
1020 1527 1073 1554 die.
1104 1526 1210 1554 Etenim
1233 1527 1339 1556 modius
1367 1534 1461 1561 mquus
1484 1531 1511 1554 et
1532 1526 1622 1562 justus
1653 1527 1733 1554 debet

939 1579 999 1599 esse
1024 1579 1073 1607 per
1091 1572 1183 1599 decem
1204 1576 1232 1600 et
1253 1577 1355 1607 septem
1378 1572 1447 1600 tales
1469 1572 1605 1599 sextarios
1630 1580 1731 1606 aequos,

938 1617 984 1652 qui
1015 1620 1103 1652 potest
1127 1617 1155 1644 in
1179 1624 1254 1650 una,
1277 1616 1391 1644 Domino
1425 1620 1593 1653 protegente,
1622 1621 1730 1644 centum

938 1663 1033 1691 decem
1048 1668 1075 1690 et
1089 1671 1187 1691 novem
1202 1663 1326 1691 homines
1341 1663 1383 1691 die
1404 1663 1493 1698 pastui
1508 1663 1656 1691 conductos
1670 1671 1732 1691 sus-

937 1712 1053 1737 tentare.

973 1755 1110 1782 llactenus
1127 1754 1160 1781 de
1172 1754 1302 1789 pondere,
1312 1758 1340 1781 et
1353 1753 1448 1786 forma,
1470 1757 1497 1781 et
1516 1761 1656 1786 mensura,
1683 1752 1730 1779 ad-

934 1799 1046 1834 juvante
1063 1798 1170 1826 Christo
1191 1803 1218 1826 et
1232 1803 1373 1833 operante,
1389 1798 1588 1833 disputavimus
1607 1802 1644 1830 et,
1658 1797 1730 1838 sicut

937 1844 1058 1871 auditum
1073 1849 1115 1871 est
1121 1844 1258 1879 superius,
1274 1848 1354 1879 prout
1366 1844 1514 1879 potuimus,
1526 1843 1669 1872 scribendo
1681 1842 1728 1870 dc-

937 1890 1084 1917 ﬁnivimus.

1365 1934 1491 1970 Explicit.

96 2000 1724 2028 W

721 2087 757 2107 AN
763 2086 803 2107 ΝΟ
825 2085 941 2107 DOMINI
962 2085 1128 2107 DCCCXLVI.

92 2212 100 2294 ,ί
447 2170 1368 2353 numquamne.

643 2391 863 2431 NOTITIA
893 2392 1177 2431 HISTOBICA.

560 2466 641 2498 (Apud
653 2466 801 2498 Fabriclnm,
814 2468 929 2494 Biblioth.
941 2469 1006 2494 med.
1018 2472 1044 2494 et
1055 2468 1097 2493 iul‘.
1111 2467 1268 2498 Latinitatis.)

130 2555 265 2591 Josepbus
277 2559 414 2588 sacerdos,
431 2555 635 2591 cujusjlistoria
647 2556 828 2583 translationis
836 2565 890 2582 ror-
904 2559 926 2589 (ζ

89 2589 263 2628 ῃοηιπιξδις.
277 2591 448 2628 Ragnoberti_
456 2596 479 2617 et
492 2589 611 2628 Zenonis
635 2591 822 2628 ant_t_q_Christi
837 2591 889 2628 846

90 2625 177 2654 facta
189 2626 217 2653 in
232 2625 390 2654 lucem’data
405 2634 420 2652 a
436 2625 567 2652 Dacherio
583 2630 646 2660 tom.
673 2625 718 2652 XII
737 2625 887 2660 Spieilegii,

114 2682 121 2688 .
144 2660 198 2697 600
218 2661 293 2697 (edit.
310 2669 385 2688 nova:
405 2660 494 2697 in—fol,
514 2664 579 2697 tom.
593 2659 623 2691 ll,
636 2668 696 2695 pag.
715 2659 763 2686 127
787 2659 860 2694 155).

114 2682 121 2688 .
144 2670 198 2688 υυυ
218 2670 293 2697 (eun.
310 2670 385 2688 nova:
405 2670 493 2688 ιη-ιυι.
515 2670 579 2686 ιοιιι.
593 2670 623 2691 ιι⁷
636 2670 696 2695 pag.
715 2670 760 2686 IZI
787 2670 860 2694 10.)).

89 2670 229 2724 ἕειωάοω
250 2695 396 2724 Historiam
411 2695 590 2722 translationis
606 2703 754 2729 corporum,
773 2699 840 2727 clc.,
852 2702 886 2722 ex

91 2731 196 2764 duplici
214 2738 265 2758 ms.
293 2731 385 2758 codice
406 2730 538 2757 dederunt
557 2729 607 2756 PP.
635 2729 804 2757 Bollandistte
820 2734 884 2756 tom.

92 2765 168 2798 XIV,
180 2774 241 2803 pag.
253 2766 315 2799 618,
329 2766 376 2793 sed
391 2766 490 2800 passim
503 2765 537 2792 ab
548 2764 599 2792 alio
612 2764 811 2799 interpolatam.
824 2764 886 2799 Opi-

943 2562 1041 2585 nantur
1059 2564 1124 2583 vero
1139 2556 1178 2583 illi
1206 2559 1344 2582 auctorem
1362 2555 1484 2588 ejusdem
1510 2556 1647 2588 Historiae,
1670 2564 1725 2586 non

942 2593 1050 2627 quidem
1073 2591 1219 2628 Joscphttm
1246 2590 1393 2628 esstitisse,
1421 2591 1471 2628 sed
1497 2590 1622 2628 Erveum,
1647 2594 1727 2628 cujus

941 2625 1011 2662 shape
1025 2627 1052 2654 in
1067 2627 1160 2653 eadem
1175 2625 1439 2662 Ilistorianunquant
1451 2625 1508 2652 sine
1516 2625 1594 2662 laude
1602 2626 1638 2662 lit
1651 2625 1727 2654 men-

940 2660 986 2688 tio.
1002 2662 1155 2696 Script0res
1166 2665 1255 2687 tamen
1269 2660 1392 2696 Historiae
1412 2660 1549 2696 litterarta:
1559 2660 1670 2689 Galliae
1687 2662 1727 2689 ei—

939 2697 998 2723 dem
1012 2695 1128 2731 Joseplto
1145 2696 1241 2723 merito
1255 2695 1403 2731 vindicant.
1425 2695 1491 2722 Vide
1502 2696 1623 2723 eamdem
1636 2696 1727 2725 Histth

938 2732 1016 2764 riam,
1039 2730 1105 2759 tom.
1134 2731 1165 2764 γ,
1180 2730 1298 2766 pagum.

665 2836 1108 2853 ψ-
