  <div class='ocr_page' id='page_1' title='image "/cluster/home/n/w/nwhite01/storage/ocr_20150623/106/hvd.32044054759717/451.png"; bbox 0 0 3900 6178; ppageno 0'>
   <div class='ocr_carea' id='block_1_1' title="bbox 371 316 467 374">
    <p class='ocr_par' dir='ltr' id='par_1_1' title="bbox 371 316 467 374">
     <span class='ocr_line' id='line_1_1' title="bbox 371 316 467 374; baseline -0.01 0"><span class='ocrx_word' id='word_1_1' title='bbox 371 316 467 374; x_wconf 71' lang='lat'><strong><em>33!</em></strong></span> 
     </span>
    </p>
   </div>
   <div class='ocr_carea' id='block_1_2' title="bbox 1647 314 2387 374">
    <p class='ocr_par' dir='ltr' id='par_1_2' title="bbox 1647 314 2387 374">
     <span class='ocr_line' id='line_1_2' title="bbox 1647 314 2387 374; baseline 0.003 -3"><span class='ocrx_word' id='word_1_2' title='bbox 1647 314 1921 373; x_wconf 77' lang='lat' dir='ltr'><strong><em>JOSEI’HI</em></strong></span> <span class='ocrx_word' id='word_1_3' title='bbox 1962 316 2387 374; x_wconf 74' lang='lat' dir='ltr'><strong><em>SACERDOTIS</em></strong></span> 
     </span>
    </p>
   </div>
   <div class='ocr_carea' id='block_1_3' title="bbox 3526 323 3668 380">
    <p class='ocr_par' dir='ltr' id='par_1_3' title="bbox 3526 323 3668 380">
     <span class='ocr_line' id='line_1_3' title="bbox 3526 323 3668 380; baseline 0 0"><span class='ocrx_word' id='word_1_4' title='bbox 3526 323 3668 380; x_wconf 67' lang='lat'><strong><em>892</em></strong></span> 
     </span>
    </p>
   </div>
   <div class='ocr_carea' id='block_1_4' title="bbox 1655 438 3659 467">
    <p class='ocr_par' dir='ltr' id='par_1_4' title="bbox 1655 438 3659 467">
     <span class='ocr_line' id='line_1_4' title="bbox 1655 438 3659 467; baseline 0.002 -12"><span class='ocrx_word' id='word_1_5' title='bbox 1655 438 3659 467; x_wconf 48' lang='grc' dir='ltr'><strong><em>*ιιι-*Ἥ</em></strong></span> 
     </span>
    </p>
   </div>
   <div class='ocr_carea' id='block_1_5' title="bbox 404 521 1955 863">
    <p class='ocr_par' dir='ltr' id='par_1_5' title="bbox 404 525 1955 837">
     <span class='ocr_line' id='line_1_5' title="bbox 404 525 1955 837; baseline -0.007 0"><span class='ocrx_word' id='word_1_6' title='bbox 404 707 1228 837; x_wconf 76' lang='lat' dir='ltr'><strong><em>.TRANSLATIONIS</em></strong></span> <span class='ocrx_word' id='word_1_7' title='bbox 1313 525 1955 833; x_wconf 46' lang='grc' dir='ltr'><strong><em>οοιωοηῗιξιδῖ</em></strong></span> 
     </span>
    </p>
   </div>
   <div class='ocr_carea' id='block_1_6' title="bbox 2059 521 3613 863">
    <p class='ocr_par' dir='ltr' id='par_1_6' title="bbox 2059 521 3613 863">
     <span class='ocr_line' id='line_1_6' title="bbox 2059 521 2573 608; baseline 0.006 -82"><span class='ocrx_word' id='word_1_8' title='bbox 2059 542 2069 608; x_wconf 29' lang='grc' dir='ltr'>ν</span> <span class='ocrx_word' id='word_1_9' title='bbox 2564 521 2573 529; x_wconf 80' lang='lat'><em>.</em></span> 
     </span>
     <span class='ocr_line' id='line_1_7' title="bbox 2059 521 3613 863; baseline 0.006 -35"><span class='ocrx_word' id='word_1_10' title='bbox 2059 521 2834 863; x_wconf 36' lang='lat' dir='ltr'><strong><em>filiumin</em></strong></span> <span class='ocrx_word' id='word_1_11' title='bbox 2917 703 3048 832; x_wconf 80' lang='lat' dir='ltr'><strong><em>In</em></strong></span> <span class='ocrx_word' id='word_1_12' title='bbox 3130 708 3613 856; x_wconf 78' lang='lat' dir='ltr'><strong><em>znons,</em></strong></span> 
     </span>
    </p>
   </div>
   <div class='ocr_carea' id='block_1_7' title="bbox 1189 896 2850 978">
    <p class='ocr_par' dir='ltr' id='par_1_7' title="bbox 1189 896 2850 978">
     <span class='ocr_line' id='line_1_8' title="bbox 1189 896 2850 978; baseline 0.001 -3"><span class='ocrx_word' id='word_1_13' title='bbox 1189 898 1654 978; x_wconf 79' lang='lat' dir='ltr'><strong><em>AUCTORE</em></strong></span> <span class='ocrx_word' id='word_1_14' title='bbox 1729 896 2181 975; x_wconf 81' lang='lat' dir='ltr'><strong><em>JOSEPHO</em></strong></span> <span class='ocrx_word' id='word_1_15' title='bbox 2242 896 2850 976; x_wconf 79' lang='lat' dir='ltr'><strong><em>SACEBDOTE.</em></strong></span> 
     </span>
    </p>
   </div>
   <div class='ocr_carea' id='block_1_8' title="bbox 897 1030 3093 1112">
    <p class='ocr_par' dir='ltr' id='par_1_8' title="bbox 897 1030 3093 1112">
     <span class='ocr_line' id='line_1_9' title="bbox 897 1030 3093 1112; baseline -0.002 -14"><span class='ocrx_word' id='word_1_16' title='bbox 897 1037 1003 1099; x_wconf 78' lang='lat' dir='ltr'><strong><em>Ea:</em></strong></span> <span class='ocrx_word' id='word_1_17' title='bbox 1034 1034 1410 1098; x_wconf 76' lang='lat' dir='ltr'><strong><em>cancellario</em></strong></span> <span class='ocrx_word' id='word_1_18' title='bbox 1447 1033 1613 1112; x_wconf 78' lang='lat' dir='ltr'><strong><em>regis</em></strong></span> <span class='ocrx_word' id='word_1_19' title='bbox 1642 1032 2126 1112; x_wconf 74' lang='lat' dir='ltr'><strong><em>Aquitanorum,</em></strong></span> <span class='ocrx_word' id='word_1_20' title='bbox 2152 1036 2532 1109; x_wconf 66' lang='lat' dir='ltr'><strong><em>praeoptare</em></strong></span> <span class='ocrx_word' id='word_1_21' title='bbox 2560 1031 2726 1108; x_wconf 80' lang='lat' dir='ltr'><strong><em>regis</em></strong></span> <span class='ocrx_word' id='word_1_22' title='bbox 2760 1030 3093 1094; x_wconf 83' lang='lat' dir='ltr'><strong><em>Ludovici.</em></strong></span> 
     </span>
    </p>
   </div>
   <div class='ocr_carea' id='block_1_9' title="bbox 1359 1147 2624 1221">
    <p class='ocr_par' dir='ltr' id='par_1_9' title="bbox 1359 1147 2624 1221">
     <span class='ocr_line' id='line_1_10' title="bbox 1359 1147 2624 1221; baseline -0.007 -15"><span class='ocrx_word' id='word_1_23' title='bbox 1359 1155 1520 1221; x_wconf 68' lang='lat' dir='ltr'><strong><em>(Apud</em></strong></span> <span class='ocrx_word' id='word_1_24' title='bbox 1551 1150 2094 1213; x_wconf 76' lang='lat' dir='ltr'><strong><em>Achcrium,Splcileg.</em></strong></span> <span class='ocrx_word' id='word_1_25' title='bbox 2114 1157 2233 1200; x_wconf 88' lang='lat' dir='ltr'><strong><em>tom.</em></strong></span> <span class='ocrx_word' id='word_1_26' title='bbox 2259 1147 2325 1207; x_wconf 88' lang='lat' dir='ltr'><strong><em>ll,</em></strong></span> <span class='ocrx_word' id='word_1_27' title='bbox 2351 1160 2461 1213; x_wconf 82' lang='lat' dir='ltr'><strong><em>pag.</em></strong></span> <span class='ocrx_word' id='word_1_28' title='bbox 2491 1147 2624 1210; x_wconf 75' lang='lat'><strong><em>127.)</em></strong></span> 
     </span>
    </p>
   </div>
   <div class='ocr_carea' id='block_1_10' title="bbox 370 1312 3665 1416">
    <p class='ocr_par' dir='ltr' id='par_1_10' title="bbox 370 1312 3665 1416">
     <span class='ocr_line' id='line_1_11' title="bbox 370 1312 3665 1416; baseline -0.001 -17"><span class='ocrx_word' id='word_1_29' title='bbox 370 1338 604 1416; x_wconf 70' lang='grc' dir='ltr'><strong><em>ιινηιὴιὶῐ</em></strong></span> <span class='ocrx_word' id='word_1_30' title='bbox 637 1337 717 1398; x_wconf 86' lang='lat' dir='ltr'><strong><em>de</em></strong></span> <span class='ocrx_word' id='word_1_31' title='bbox 752 1331 1196 1411; x_wconf 82' lang='lat' dir='ltr'><strong><em>Translatioue</em></strong></span> <span class='ocrx_word' id='word_1_32' title='bbox 1238 1340 1579 1416; x_wconf 71' lang='lat' dir='ltr'><strong><em>corporum</em></strong></span> <span class='ocrx_word' id='word_1_33' title='bbox 1616 1324 1951 1416; x_wconf 62' lang='lat' dir='ltr'><strong><em>beatorum</em></strong></span> <span class='ocrx_word' id='word_1_34' title='bbox 1983 1323 2030 1380; x_wconf 87' lang='lat' dir='ltr'><strong>A</strong></span> <span class='ocrx_word' id='word_1_35' title='bbox 2057 1312 2133 1368; x_wconf 68' lang='grc' dir='ltr'><strong><em>τῖε</em></strong></span> <span class='ocrx_word' id='word_1_36' title='bbox 2166 1312 2388 1416; x_wconf 56' lang='grc' dir='ltr'><strong><em>νῖεξοιξξε</em></strong></span> <span class='ocrx_word' id='word_1_37' title='bbox 2425 1312 2747 1416; x_wconf 62' lang='grc' dir='ltr'><strong><em>Ῑυεεῑξιιιθω›</em></strong></span> <span class='ocrx_word' id='word_1_38' title='bbox 2802 1334 2977 1416; x_wconf 35' lang='grc' dir='ltr'><strong><em>(Ιιιειιιι-</em></strong></span> <span class='ocrx_word' id='word_1_39' title='bbox 2999 1319 3257 1416; x_wconf 55' lang='grc' dir='ltr'><strong><em>Βοιηίηυξ</em></strong></span> <span class='ocrx_word' id='word_1_40' title='bbox 3308 1340 3405 1416; x_wconf 66' lang='lat' dir='ltr'><strong><em>tW</em></strong></span> <span class='ocrx_word' id='word_1_41' title='bbox 3451 1344 3665 1380; x_wconf 60' lang='lat' dir='ltr'><strong><em>Sen”</em></strong></span> 
     </span>
    </p>
   </div>
   <div class='ocr_carea' id='block_1_11' title="bbox 457 1399 1954 1477">
    <p class='ocr_par' dir='ltr' id='par_1_11' title="bbox 457 1399 1954 1477">
     <span class='ocr_line' id='line_1_12' title="bbox 457 1399 1954 1477; baseline -0.013 0"><span class='ocrx_word' id='word_1_42' title='bbox 457 1399 866 1477; x_wconf 48' lang='lat' dir='ltr'><strong><em>“lenonem:</em></strong></span> <span class='ocrx_word' id='word_1_43' title='bbox 904 1408 969 1474; x_wconf 87' lang='lat' dir='ltr'><strong><em>et</em></strong></span> <span class='ocrx_word' id='word_1_44' title='bbox 1025 1411 1321 1477; x_wconf 73' lang='lat' dir='ltr'><strong><em>Zenoms,</em></strong></span> <span class='ocrx_word' id='word_1_45' title='bbox 1355 1399 1425 1467; x_wconf 76' lang='lat' dir='ltr'><strong><em>et</em></strong></span> <span class='ocrx_word' id='word_1_46' title='bbox 1479 1404 1558 1466; x_wconf 80' lang='lat' dir='ltr'><strong><em>de</em></strong></span> <span class='ocrx_word' id='word_1_47' title='bbox 1605 1399 1954 1463; x_wconf 80' lang='lat' dir='ltr'><strong><em>virtutibus</em></strong></span> 
     </span>
    </p>
   </div>
   <div class='ocr_carea' id='block_1_12' title="bbox 456 1479 1956 1572">
    <p class='ocr_par' dir='ltr' id='par_1_12' title="bbox 456 1479 1956 1572">
     <span class='ocr_line' id='line_1_13' title="bbox 456 1479 1956 1572; baseline -0.013 -16"><span class='ocrx_word' id='word_1_48' title='bbox 456 1512 618 1572; x_wconf 77' lang='lat' dir='ltr'><strong><em>quas</em></strong></span> <span class='ocrx_word' id='word_1_49' title='bbox 672 1492 985 1553; x_wconf 83' lang='lat' dir='ltr'><strong><em>Dominus</em></strong></span> <span class='ocrx_word' id='word_1_50' title='bbox 1018 1506 1129 1567; x_wconf 88' lang='lat' dir='ltr'><strong><em>per</em></strong></span> <span class='ocrx_word' id='word_1_51' title='bbox 1171 1486 1316 1548; x_wconf 90' lang='lat' dir='ltr'><strong><em>illos</em></strong></span> <span class='ocrx_word' id='word_1_52' title='bbox 1357 1480 1697 1546; x_wconf 78' lang='lat' dir='ltr'><strong><em>ostendere</em></strong></span> <span class='ocrx_word' id='word_1_53' title='bbox 1731 1479 1956 1554; x_wconf 80' lang='lat' dir='ltr'><strong><em>digna-</em></strong></span> 
     </span>
    </p>
   </div>
   <div class='ocr_carea' id='block_1_13' title="bbox 463 1578 717 1636">
    <p class='ocr_par' dir='ltr' id='par_1_13' title="bbox 463 1578 717 1636">
     <span class='ocr_line' id='line_1_14' title="bbox 463 1578 717 1636; baseline -0.016 -1"><span class='ocrx_word' id='word_1_54' title='bbox 463 1582 563 1636; x_wconf 89' lang='lat' dir='ltr'><strong><em>tus</em></strong></span> <span class='ocrx_word' id='word_1_55' title='bbox 600 1578 717 1634; x_wconf 88' lang='lat' dir='ltr'><strong><em>est.</em></strong></span> 
     </span>
    </p>
   </div>
   <div class='ocr_carea' id='block_1_14' title="bbox 942 1640 1496 1700">
    <p class='ocr_par' dir='ltr' id='par_1_14' title="bbox 942 1640 1496 1700">
     <span class='ocr_line' id='line_1_15' title="bbox 942 1640 1496 1700; baseline -0.013 0"><span class='ocrx_word' id='word_1_56' title='bbox 942 1644 1171 1700; x_wconf 82' lang='lat' dir='ltr'><strong><em>CAPUT</em></strong></span> <span class='ocrx_word' id='word_1_57' title='bbox 1206 1640 1496 1698; x_wconf 65' lang='lat' dir='ltr'><strong><em>PRIMUM.</em></strong></span> 
     </span>
    </p>
   </div>
   <div class='ocr_carea' id='block_1_15' title="bbox 592 1731 1810 1799">
    <p class='ocr_par' dir='ltr' id='par_1_15' title="bbox 592 1731 1810 1799">
     <span class='ocr_line' id='line_1_16' title="bbox 592 1731 1810 1799; baseline -0.011 -5"><span class='ocrx_word' id='word_1_58' title='bbox 592 1739 666 1794; x_wconf 86' lang='lat' dir='ltr'><strong><em>De</em></strong></span> <span class='ocrx_word' id='word_1_59' title='bbox 690 1737 1045 1792; x_wconf 70' lang='lat' dir='ltr'><strong><em>admonitione</em></strong></span> <span class='ocrx_word' id='word_1_60' title='bbox 1067 1735 1171 1790; x_wconf 81' lang='lat' dir='ltr'><strong><em>sive</em></strong></span> <span class='ocrx_word' id='word_1_61' title='bbox 1191 1731 1533 1787; x_wconf 75' lang='lat' dir='ltr'><strong><em>translatione</em></strong></span> <span class='ocrx_word' id='word_1_62' title='bbox 1556 1743 1810 1799; x_wconf 74' lang='lat' dir='ltr'><strong><em>corporis.</em></strong></span> 
     </span>
    </p>
   </div>
   <div class='ocr_carea' id='block_1_16' title="bbox 443 1838 1957 1908">
    <p class='ocr_par' dir='ltr' id='par_1_16' title="bbox 443 1838 1957 1908">
     <span class='ocr_line' id='line_1_17' title="bbox 443 1838 1957 1908; baseline -0.009 0"><span class='ocrx_word' id='word_1_63' title='bbox 443 1853 608 1908; x_wconf 78' lang='lat' dir='ltr'><strong><em>Anno</em></strong></span> <span class='ocrx_word' id='word_1_64' title='bbox 660 1847 1054 1905; x_wconf 82' lang='lat' dir='ltr'><strong><em>incarnationis</em></strong></span> <span class='ocrx_word' id='word_1_65' title='bbox 1106 1845 1317 1902; x_wconf 84' lang='lat' dir='ltr'><strong><em>Domini</em></strong></span> <span class='ocrx_word' id='word_1_66' title='bbox 1348 1842 1521 1899; x_wconf 90' lang='lat' dir='ltr'><strong><em>nostri</em></strong></span> <span class='ocrx_word' id='word_1_67' title='bbox 1573 1840 1703 1897; x_wconf 85' lang='lat' dir='ltr'><strong><em>Jesu</em></strong></span> <span class='ocrx_word' id='word_1_68' title='bbox 1753 1838 1957 1897; x_wconf 90' lang='lat' dir='ltr'><strong><em>Christi</em></strong></span> 
     </span>
    </p>
   </div>
   <div class='ocr_carea' id='block_1_17' title="bbox 375 1931 1958 2012">
    <p class='ocr_par' dir='ltr' id='par_1_17' title="bbox 375 1931 1958 2012">
     <span class='ocr_line' id='line_1_18' title="bbox 375 1931 1958 2012; baseline -0.01 -9"><span class='ocrx_word' id='word_1_69' title='bbox 375 1947 502 2012; x_wconf 66' lang='lat'><strong><em>816,</em></strong></span> <span class='ocrx_word' id='word_1_70' title='bbox 541 1943 833 2000; x_wconf 91' lang='lat' dir='ltr'><strong><em>indictione</em></strong></span> <span class='ocrx_word' id='word_1_71' title='bbox 870 1956 1000 1996; x_wconf 88' lang='lat' dir='ltr'><strong><em>vero</em></strong></span> <span class='ocrx_word' id='word_1_72' title='bbox 1050 1956 1107 2005; x_wconf 69' lang='grc' dir='ltr'><strong><em>κ,</em></strong></span> <span class='ocrx_word' id='word_1_73' title='bbox 1149 1953 1291 1993; x_wconf 89' lang='lat' dir='ltr'><strong><em>anno</em></strong></span> <span class='ocrx_word' id='word_1_74' title='bbox 1323 1952 1422 2002; x_wconf 83' lang='lat' dir='ltr'><strong><em>vn,</em></strong></span> <span class='ocrx_word' id='word_1_75' title='bbox 1474 1942 1734 2007; x_wconf 77' lang='lat' dir='ltr'><strong><em>regnante</em></strong></span> <span class='ocrx_word' id='word_1_76' title='bbox 1766 1931 1958 1989; x_wconf 82' lang='lat' dir='ltr'><strong><em>Carolo</em></strong></span> 
     </span>
    </p>
   </div>
   <div class='ocr_carea' id='block_1_18' title="bbox 378 2024 1957 2110">
    <p class='ocr_par' dir='ltr' id='par_1_18' title="bbox 378 2024 1957 2110">
     <span class='ocr_line' id='line_1_19' title="bbox 378 2024 1957 2110; baseline -0.009 -16"><span class='ocrx_word' id='word_1_77' title='bbox 378 2055 531 2110; x_wconf 77' lang='lat' dir='ltr'><strong><em>rege,</em></strong></span> <span class='ocrx_word' id='word_1_78' title='bbox 560 2037 767 2094; x_wconf 75' lang='lat' dir='ltr'><strong><em>scilicet</em></strong></span> <span class='ocrx_word' id='word_1_79' title='bbox 806 2035 914 2089; x_wconf 87' lang='lat' dir='ltr'><strong><em>lilio</em></strong></span> <span class='ocrx_word' id='word_1_80' title='bbox 942 2032 1194 2088; x_wconf 85' lang='lat' dir='ltr'><strong><em>Hluduici</em></strong></span> <span class='ocrx_word' id='word_1_81' title='bbox 1226 2028 1592 2099; x_wconf 83' lang='lat' dir='ltr'><strong><em>imperatoris,</em></strong></span> <span class='ocrx_word' id='word_1_82' title='bbox 1626 2025 1816 2097; x_wconf 79' lang='lat' dir='ltr'><strong><em>Sergio</em></strong></span> <span class='ocrx_word' id='word_1_83' title='bbox 1851 2024 1957 2080; x_wconf 81' lang='lat' dir='ltr'><strong><em>Ro-</em></strong></span> 
     </span>
    </p>
   </div>
   <div class='ocr_carea' id='block_1_19' title="bbox 379 2119 1957 2196">
    <p class='ocr_par' dir='ltr' id='par_1_19' title="bbox 379 2119 1957 2196">
     <span class='ocr_line' id='line_1_20' title="bbox 379 2119 1957 2196; baseline -0.01 -10"><span class='ocrx_word' id='word_1_84' title='bbox 379 2146 593 2186; x_wconf 86' lang='lat' dir='ltr'><strong><em>manam</em></strong></span> <span class='ocrx_word' id='word_1_85' title='bbox 615 2127 912 2184; x_wconf 81' lang='lat' dir='ltr'><strong><em>Ecclesiam</em></strong></span> <span class='ocrx_word' id='word_1_86' title='bbox 944 2127 1279 2196; x_wconf 78' lang='lat' dir='ltr'><strong><em>gubernante</em></strong></span> <span class='ocrx_word' id='word_1_87' title='bbox 1310 2120 1666 2191; x_wconf 86' lang='lat' dir='ltr'><strong><em>(apostolatus</em></strong></span> <span class='ocrx_word' id='word_1_88' title='bbox 1694 2119 1957 2173; x_wconf 88' lang='lat' dir='ltr'><strong><em>honorem</em></strong></span> 
     </span>
    </p>
   </div>
   <div class='ocr_carea' id='block_1_20' title="bbox 378 2214 1961 2286">
    <p class='ocr_par' dir='ltr' id='par_1_20' title="bbox 378 2214 1961 2286">
     <span class='ocr_line' id='line_1_21' title="bbox 378 2214 1961 2286; baseline -0.01 -8"><span class='ocrx_word' id='word_1_89' title='bbox 378 2223 606 2277; x_wconf 88' lang='lat' dir='ltr'><strong><em>sortitus</em></strong></span> <span class='ocrx_word' id='word_1_90' title='bbox 624 2228 709 2274; x_wconf 91' lang='lat' dir='ltr'><strong><em>est</em></strong></span> <span class='ocrx_word' id='word_1_91' title='bbox 747 2232 891 2273; x_wconf 89' lang='lat' dir='ltr'><strong><em>anno</em></strong></span> <span class='ocrx_word' id='word_1_92' title='bbox 920 2217 1115 2286; x_wconf 88' lang='lat' dir='ltr'><strong><em>primo,</em></strong></span> <span class='ocrx_word' id='word_1_93' title='bbox 1144 2230 1250 2283; x_wconf 91' lang='lat' dir='ltr'><strong><em>quo</em></strong></span> <span class='ocrx_word' id='word_1_94' title='bbox 1277 2214 1376 2268; x_wconf 89' lang='lat' dir='ltr'><strong><em>sub</em></strong></span> <span class='ocrx_word' id='word_1_95' title='bbox 1403 2220 1643 2282; x_wconf 86' lang='lat' dir='ltr'><strong><em>tempore</em></strong></span> <span class='ocrx_word' id='word_1_96' title='bbox 1688 2217 1845 2280; x_wconf 90' lang='lat' dir='ltr'><strong><em>capta</em></strong></span> <span class='ocrx_word' id='word_1_97' title='bbox 1875 2214 1961 2263; x_wconf 90' lang='lat' dir='ltr'><strong><em>est</em></strong></span> 
     </span>
    </p>
   </div>
   <div class='ocr_carea' id='block_1_21' title="bbox 378 2298 1958 2381">
    <p class='ocr_par' dir='ltr' id='par_1_21' title="bbox 378 2298 1958 2381">
     <span class='ocr_line' id='line_1_22' title="bbox 378 2298 1958 2381; baseline -0.011 -11"><span class='ocrx_word' id='word_1_98' title='bbox 378 2314 608 2370; x_wconf 80' lang='lat' dir='ltr'><strong><em>ecclesia</em></strong></span> <span class='ocrx_word' id='word_1_99' title='bbox 630 2311 774 2366; x_wconf 80' lang='lat' dir='ltr'><strong><em>beati</em></strong></span> <span class='ocrx_word' id='word_1_100' title='bbox 802 2309 947 2364; x_wconf 86' lang='lat' dir='ltr'><strong><em>Petri</em></strong></span> <span class='ocrx_word' id='word_1_101' title='bbox 974 2307 1233 2378; x_wconf 87' lang='lat' dir='ltr'><strong><em>principis</em></strong></span> <span class='ocrx_word' id='word_1_102' title='bbox 1262 2300 1674 2381; x_wconf 87' lang='lat' dir='ltr'><strong><em>apostolorum),</em></strong></span> <span class='ocrx_word' id='word_1_103' title='bbox 1697 2298 1958 2355; x_wconf 87' lang='lat' dir='ltr'><strong><em>Baltfrido</em></strong></span> 
     </span>
    </p>
   </div>
   <div class='ocr_carea' id='block_1_22' title="bbox 381 2394 1955 2472">
    <p class='ocr_par' dir='ltr' id='par_1_22' title="bbox 381 2394 1955 2472">
     <span class='ocr_line' id='line_1_23' title="bbox 381 2394 1955 2472; baseline -0.008 -16"><span class='ocrx_word' id='word_1_104' title='bbox 381 2402 677 2460; x_wconf 78' lang='lat' dir='ltr'><strong><em>venerabili</em></strong></span> <span class='ocrx_word' id='word_1_105' title='bbox 703 2402 955 2472; x_wconf 83' lang='lat' dir='ltr'><strong><em>episcopo</em></strong></span> <span class='ocrx_word' id='word_1_106' title='bbox 989 2397 1363 2453; x_wconf 85' lang='lat' dir='ltr'><strong><em>Baiocensium</em></strong></span> <span class='ocrx_word' id='word_1_107' title='bbox 1392 2394 1688 2451; x_wconf 86' lang='lat' dir='ltr'><strong><em>Ecclesiam</em></strong></span> <span class='ocrx_word' id='word_1_108' title='bbox 1714 2400 1955 2463; x_wconf 77' lang='lat' dir='ltr'><strong><em>regente,</em></strong></span> 
     </span>
    </p>
   </div>
   <div class='ocr_carea' id='block_1_23' title="bbox 382 2484 1958 2564">
    <p class='ocr_par' dir='ltr' id='par_1_23' title="bbox 382 2484 1958 2564">
     <span class='ocr_line' id='line_1_24' title="bbox 382 2484 1958 2564; baseline -0.005 -18"><span class='ocrx_word' id='word_1_109' title='bbox 382 2493 634 2564; x_wconf 86' lang='lat' dir='ltr'><strong><em>apparuit</em></strong></span> <span class='ocrx_word' id='word_1_110' title='bbox 670 2491 1016 2546; x_wconf 78' lang='lat' dir='ltr'><strong><em>beatissimus</em></strong></span> <span class='ocrx_word' id='word_1_111' title='bbox 1053 2488 1429 2542; x_wconf 86' lang='lat' dir='ltr'><strong><em>Baioccnsium</em></strong></span> <span class='ocrx_word' id='word_1_112' title='bbox 1458 2485 1708 2540; x_wconf 62' lang='lat' dir='ltr'><strong><em>Ecclesia!</em></strong></span> <span class='ocrx_word' id='word_1_113' title='bbox 1739 2484 1958 2553; x_wconf 77' lang='lat' dir='ltr'><strong><em>Ragna-</em></strong></span> 
     </span>
    </p>
   </div>
   <div class='ocr_carea' id='block_1_24' title="bbox 381 2572 1960 2651">
    <p class='ocr_par' dir='ltr' id='par_1_24' title="bbox 381 2572 1960 2651">
     <span class='ocr_line' id='line_1_25' title="bbox 381 2572 1960 2651; baseline -0.006 -15"><span class='ocrx_word' id='word_1_114' title='bbox 381 2584 567 2637; x_wconf 85' lang='lat' dir='ltr'><strong><em>bertus</em></strong></span> <span class='ocrx_word' id='word_1_115' title='bbox 596 2580 835 2651; x_wconf 73' lang='lat' dir='ltr'><strong><em>pontifex</em></strong></span> <span class='ocrx_word' id='word_1_116' title='bbox 867 2580 920 2634; x_wconf 89' lang='lat' dir='ltr'><strong><em>in</em></strong></span> <span class='ocrx_word' id='word_1_117' title='bbox 949 2579 1067 2632; x_wconf 86' lang='lat' dir='ltr'><strong><em>visu</em></strong></span> <span class='ocrx_word' id='word_1_118' title='bbox 1095 2578 1307 2634; x_wconf 78' lang='lat' dir='ltr'><strong><em>cuidam</em></strong></span> <span class='ocrx_word' id='word_1_119' title='bbox 1343 2574 1635 2630; x_wconf 81' lang='lat' dir='ltr'><strong><em>venerabili</em></strong></span> <span class='ocrx_word' id='word_1_120' title='bbox 1663 2574 1778 2628; x_wconf 83' lang='lat' dir='ltr'><strong><em>viro</em></strong></span> <span class='ocrx_word' id='word_1_121' title='bbox 1829 2572 1960 2627; x_wconf 87' lang='lat' dir='ltr'><strong><em>Her-</em></strong></span> 
     </span>
    </p>
   </div>
   <div class='ocr_carea' id='block_1_25' title="bbox 2058 1405 3674 1483">
    <p class='ocr_par' dir='ltr' id='par_1_25' title="bbox 2058 1405 3674 1483">
     <span class='ocr_line' id='line_1_26' title="bbox 2058 1405 3674 1483; baseline 0.007 -22"><span class='ocrx_word' id='word_1_122' title='bbox 2058 1421 2185 1461; x_wconf 83' lang='lat' dir='ltr'><strong><em>suos</em></strong></span> <span class='ocrx_word' id='word_1_123' title='bbox 2214 1406 2265 1460; x_wconf 91' lang='lat' dir='ltr'><strong><em>ei</em></strong></span> <span class='ocrx_word' id='word_1_124' title='bbox 2292 1406 2540 1479; x_wconf 83' lang='lat' dir='ltr'><strong><em>dignatus</em></strong></span> <span class='ocrx_word' id='word_1_125' title='bbox 2564 1405 2743 1463; x_wconf 80' lang='lat' dir='ltr'><strong><em>fuerat</em></strong></span> <span class='ocrx_word' id='word_1_126' title='bbox 2787 1412 3077 1466; x_wconf 84' lang='lat' dir='ltr'><strong><em>ostendere</em></strong></span> <span class='ocrx_word' id='word_1_127' title='bbox 3105 1431 3118 1466; x_wconf 90' lang='lat'><strong>:</strong></span> <span class='ocrx_word' id='word_1_128' title='bbox 3144 1413 3242 1483; x_wconf 87' lang='lat' dir='ltr'><strong><em>qui</em></strong></span> <span class='ocrx_word' id='word_1_129' title='bbox 3286 1413 3354 1468; x_wconf 89' lang='lat' dir='ltr'><strong><em>ob</em></strong></span> <span class='ocrx_word' id='word_1_130' title='bbox 3406 1415 3517 1471; x_wconf 76' lang='lat' dir='ltr'><strong><em>hac</em></strong></span> <span class='ocrx_word' id='word_1_131' title='bbox 3580 1421 3674 1473; x_wconf 75' lang='lat' dir='ltr'><strong><em>fe-</em></strong></span> 
     </span>
    </p>
   </div>
   <div class='ocr_carea' id='block_1_26' title="bbox 2057 1497 3665 1569">
    <p class='ocr_par' dir='ltr' id='par_1_26' title="bbox 2057 1497 3665 1569">
     <span class='ocr_line' id='line_1_27' title="bbox 2057 1497 3665 1569; baseline 0.007 -17"><span class='ocrx_word' id='word_1_132' title='bbox 2057 1497 2155 1553; x_wconf 87' lang='lat' dir='ltr'><strong><em>bre</em></strong></span> <span class='ocrx_word' id='word_1_133' title='bbox 2208 1506 2524 1569; x_wconf 87' lang='lat' dir='ltr'><strong><em>correptus,</em></strong></span> <span class='ocrx_word' id='word_1_134' title='bbox 2585 1498 2750 1554; x_wconf 87' lang='lat' dir='ltr'><strong><em>trium</em></strong></span> <span class='ocrx_word' id='word_1_135' title='bbox 2809 1504 3076 1557; x_wconf 88' lang='lat' dir='ltr'><strong><em>mensium</em></strong></span> <span class='ocrx_word' id='word_1_136' title='bbox 3126 1506 3498 1561; x_wconf 79' lang='lat' dir='ltr'><strong><em>cruciamenta</em></strong></span> <span class='ocrx_word' id='word_1_137' title='bbox 3571 1525 3665 1563; x_wconf 72' lang='lat' dir='ltr'><strong><em>ve</em></strong></span> 
     </span>
    </p>
   </div>
   <div class='ocr_carea' id='block_1_27' title="bbox 2058 1592 3671 1659">
    <p class='ocr_par' dir='ltr' id='par_1_27' title="bbox 2058 1592 3671 1659">
     <span class='ocr_line' id='line_1_28' title="bbox 2058 1592 3671 1659; baseline 0.005 -18"><span class='ocrx_word' id='word_1_138' title='bbox 2058 1595 2217 1643; x_wconf 82' lang='lat' dir='ltr'><strong><em>xatus</em></strong></span> <span class='ocrx_word' id='word_1_139' title='bbox 2262 1595 2387 1654; x_wconf 89' lang='lat' dir='ltr'><strong><em>est;</em></strong></span> <span class='ocrx_word' id='word_1_140' title='bbox 2449 1603 2572 1659; x_wconf 62' lang='lat' dir='ltr'><strong><em>quas</em></strong></span> <span class='ocrx_word' id='word_1_141' title='bbox 2637 1592 2860 1646; x_wconf 88' lang='lat' dir='ltr'><strong><em>secundi</em></strong></span> <span class='ocrx_word' id='word_1_142' title='bbox 2913 1593 3121 1650; x_wconf 88' lang='lat' dir='ltr'><strong><em>ordinis</em></strong></span> <span class='ocrx_word' id='word_1_143' title='bbox 3164 1595 3300 1651; x_wconf 81' lang='lat' dir='ltr'><strong><em>visio</em></strong></span> <span class='ocrx_word' id='word_1_144' title='bbox 3363 1611 3466 1650; x_wconf 77' lang='lat' dir='ltr'><strong><em>vin</em></strong></span> <span class='ocrx_word' id='word_1_145' title='bbox 3524 1598 3671 1651; x_wconf 75' lang='lat' dir='ltr'><strong><em>Kal.</em></strong></span> 
     </span>
    </p>
   </div>
   <div class='ocr_carea' id='block_1_28' title="bbox 2057 1676 3673 1755">
    <p class='ocr_par' dir='ltr' id='par_1_28' title="bbox 2057 1676 3673 1755">
     <span class='ocr_line' id='line_1_29' title="bbox 2057 1676 3673 1755; baseline 0.005 -24"><span class='ocrx_word' id='word_1_146' title='bbox 2057 1676 2183 1734; x_wconf 85' lang='lat' dir='ltr'><strong><em>Julii</em></strong></span> <span class='ocrx_word' id='word_1_147' title='bbox 2211 1678 2287 1733; x_wconf 89' lang='lat' dir='ltr'><strong><em>illi</em></strong></span> <span class='ocrx_word' id='word_1_148' title='bbox 2319 1688 2535 1734; x_wconf 89' lang='lat' dir='ltr'><strong><em>ostensa</em></strong></span> <span class='ocrx_word' id='word_1_149' title='bbox 2562 1687 2665 1746; x_wconf 86' lang='lat' dir='ltr'><strong><em>est,</em></strong></span> <span class='ocrx_word' id='word_1_150' title='bbox 2698 1697 2860 1751; x_wconf 88' lang='lat' dir='ltr'><strong><em>quam</em></strong></span> <span class='ocrx_word' id='word_1_151' title='bbox 2888 1683 3035 1739; x_wconf 87' lang='lat' dir='ltr'><strong><em>velut</em></strong></span> <span class='ocrx_word' id='word_1_152' title='bbox 3061 1685 3295 1754; x_wconf 89' lang='lat' dir='ltr'><strong><em>priorem</em></strong></span> <span class='ocrx_word' id='word_1_153' title='bbox 3322 1687 3555 1755; x_wconf 80' lang='lat' dir='ltr'><strong><em>penitus</em></strong></span> <span class='ocrx_word' id='word_1_154' title='bbox 3592 1692 3673 1743; x_wconf 77' lang='lat' dir='ltr'><strong><em>ob</em></strong></span> 
     </span>
    </p>
   </div>
   <div class='ocr_carea' id='block_1_29' title="bbox 2059 1770 3669 1843">
    <p class='ocr_par' dir='ltr' id='par_1_29' title="bbox 2059 1770 3669 1843">
     <span class='ocr_line' id='line_1_30' title="bbox 2059 1770 3669 1843; baseline 0.005 -17"><span class='ocrx_word' id='word_1_155' title='bbox 2059 1787 2170 1826; x_wconf 69' lang='lat' dir='ltr'><strong><em>sua:</em></strong></span> <span class='ocrx_word' id='word_1_156' title='bbox 2191 1770 2500 1843; x_wconf 65' lang='lat' dir='ltr'><strong><em>fngilitatis</em></strong></span> <span class='ocrx_word' id='word_1_157' title='bbox 2532 1773 3022 1830; x_wconf 82' lang='lat' dir='ltr'><strong><em>eansiderationcm</em></strong></span> <span class='ocrx_word' id='word_1_158' title='bbox 3055 1777 3448 1834; x_wconf 81' lang='lat' dir='ltr'><strong><em>incredibiliter</em></strong></span> <span class='ocrx_word' id='word_1_159' title='bbox 3470 1780 3669 1835; x_wconf 84' lang='lat' dir='ltr'><strong><em>siluit.</em></strong></span> 
     </span>
    </p>
   </div>
   <div class='ocr_carea' id='block_1_30' title="bbox 2743 1881 3075 1941">
    <p class='ocr_par' dir='ltr' id='par_1_30' title="bbox 2743 1881 3075 1941">
     <span class='ocr_line' id='line_1_31' title="bbox 2743 1881 3075 1941; baseline 0.003 -2"><span class='ocrx_word' id='word_1_160' title='bbox 2743 1881 2972 1941; x_wconf 83' lang='lat' dir='ltr'><strong><em>CAPUT</em></strong></span> <span class='ocrx_word' id='word_1_161' title='bbox 3009 1885 3075 1940; x_wconf 93' lang='lat' dir='ltr'><strong><em>Il.</em></strong></span> 
     </span>
    </p>
   </div>
   <div class='ocr_carea' id='block_1_31' title="bbox 2060 1970 3665 2051">
    <p class='ocr_par' dir='ltr' id='par_1_31' title="bbox 2060 1970 3665 2051">
     <span class='ocr_line' id='line_1_32' title="bbox 2060 1970 3665 2051; baseline 0.006 -25"><span class='ocrx_word' id='word_1_162' title='bbox 2060 1970 2138 2051; x_wconf 81' lang='lat' dir='ltr'><strong><em>D_e</em></strong></span> <span class='ocrx_word' id='word_1_163' title='bbox 2160 1981 2370 2051; x_wconf 71' lang='lat' dir='ltr'><strong><em>aspectu</em></strong></span> <span class='ocrx_word' id='word_1_164' title='bbox 2390 1972 2797 2051; x_wconf 34' lang='lat' dir='ltr'><strong><em>terribiliumtet</em></strong></span> <span class='ocrx_word' id='word_1_165' title='bbox 2823 1974 2889 2029; x_wconf 83' lang='lat' dir='ltr'><strong><em>de</em></strong></span> <span class='ocrx_word' id='word_1_166' title='bbox 2907 1978 3227 2051; x_wconf 63' lang='lat' dir='ltr'><strong><em>pedimentis</em></strong></span> <span class='ocrx_word' id='word_1_167' title='bbox 3244 1979 3381 2033; x_wconf 64' lang='lat' dir='ltr'><strong><em>beati</em></strong></span> <span class='ocrx_word' id='word_1_168' title='bbox 3429 1979 3665 2051; x_wconf 79' lang='lat' dir='ltr'><strong><em>Ragna—</em></strong></span> 
     </span>
    </p>
   </div>
   <div class='ocr_carea' id='block_1_32' title="bbox 2095 2042 3620 2119">
    <p class='ocr_par' dir='ltr' id='par_1_32' title="bbox 2095 2042 3620 2119">
     <span class='ocr_line' id='line_1_33' title="bbox 2095 2042 3620 2119; baseline 0.007 -24"><span class='ocrx_word' id='word_1_169' title='bbox 2095 2042 2243 2108; x_wconf 82' lang='lat' dir='ltr'><strong><em>berti,</em></strong></span> <span class='ocrx_word' id='word_1_170' title='bbox 2269 2059 2389 2113; x_wconf 62' lang='lat' dir='ltr'><strong><em>quae</em></strong></span> <span class='ocrx_word' id='word_1_171' title='bbox 2411 2043 2469 2097; x_wconf 82' lang='lat' dir='ltr'><strong><em>in</em></strong></span> <span class='ocrx_word' id='word_1_172' title='bbox 2501 2042 2847 2099; x_wconf 74' lang='lat' dir='ltr'><strong><em>translatione</em></strong></span> <span class='ocrx_word' id='word_1_173' title='bbox 2868 2045 2984 2115; x_wconf 82' lang='lat' dir='ltr'><strong><em>ejus</em></strong></span> <span class='ocrx_word' id='word_1_174' title='bbox 3024 2045 3195 2102; x_wconf 69' lang='lat' dir='ltr'><strong><em>illam:</em></strong></span> <span class='ocrx_word' id='word_1_175' title='bbox 3218 2042 3620 2119; x_wconf 49' lang='lat' dir='ltr'><strong><em>apparuerint.</em></strong></span> 
     </span>
    </p>
   </div>
   <div class='ocr_carea' id='block_1_33' title="bbox 2129 2131 3655 2203">
    <p class='ocr_par' dir='ltr' id='par_1_33' title="bbox 2129 2131 3655 2203">
     <span class='ocr_line' id='line_1_34' title="bbox 2129 2131 3655 2203; baseline 0.007 -18"><span class='ocrx_word' id='word_1_176' title='bbox 2129 2131 2609 2203; x_wconf 82' lang='lat' dir='ltr'><strong><em>Appropinquante</em></strong></span> <span class='ocrx_word' id='word_1_177' title='bbox 2643 2142 2826 2189; x_wconf 88' lang='lat' dir='ltr'><strong><em>autem</em></strong></span> <span class='ocrx_word' id='word_1_178' title='bbox 2855 2133 3166 2191; x_wconf 83' lang='lat' dir='ltr'><strong><em>Nativitatis</em></strong></span> <span class='ocrx_word' id='word_1_179' title='bbox 3216 2137 3431 2194; x_wconf 83' lang='lat' dir='ltr'><strong><em>Domini</em></strong></span> <span class='ocrx_word' id='word_1_180' title='bbox 3462 2142 3655 2196; x_wconf 75' lang='lat' dir='ltr'><strong><em>nostri</em></strong></span> 
     </span>
    </p>
   </div>
   <div class='ocr_carea' id='block_1_34' title="bbox 2058 2221 3655 2292">
    <p class='ocr_par' dir='ltr' id='par_1_34' title="bbox 2058 2221 3655 2292">
     <span class='ocr_line' id='line_1_35' title="bbox 2058 2221 3655 2292; baseline 0.006 -13"><span class='ocrx_word' id='word_1_181' title='bbox 2058 2221 2187 2279; x_wconf 72' lang='lat' dir='ltr'><strong><em>Jesu</em></strong></span> <span class='ocrx_word' id='word_1_182' title='bbox 2212 2222 2415 2279; x_wconf 84' lang='lat' dir='ltr'><strong><em>Christi</em></strong></span> <span class='ocrx_word' id='word_1_183' title='bbox 2436 2224 2772 2292; x_wconf 84' lang='lat' dir='ltr'><strong><em>celebritate,</em></strong></span> <span class='ocrx_word' id='word_1_184' title='bbox 2823 2226 3013 2282; x_wconf 86' lang='lat' dir='ltr'><strong><em>eadem</em></strong></span> <span class='ocrx_word' id='word_1_185' title='bbox 3055 2228 3449 2284; x_wconf 89' lang='lat' dir='ltr'><strong><em>solemnissima</em></strong></span> <span class='ocrx_word' id='word_1_186' title='bbox 3475 2244 3655 2288; x_wconf 83' lang='lat' dir='ltr'><strong><em>nocte</em></strong></span> 
     </span>
    </p>
   </div>
   <div class='ocr_carea' id='block_1_35' title="bbox 2060 2313 3644 2392">
    <p class='ocr_par' dir='ltr' id='par_1_35' title="bbox 2060 2313 3644 2392">
     <span class='ocr_line' id='line_1_36' title="bbox 2060 2313 3644 2392; baseline 0.006 -23"><span class='ocrx_word' id='word_1_187' title='bbox 2060 2323 2184 2385; x_wconf 89' lang='lat' dir='ltr'><strong><em>post</em></strong></span> <span class='ocrx_word' id='word_1_188' title='bbox 2209 2313 2476 2385; x_wconf 87' lang='lat' dir='ltr'><strong><em>pullorum</em></strong></span> <span class='ocrx_word' id='word_1_189' title='bbox 2511 2326 2730 2371; x_wconf 89' lang='lat' dir='ltr'><strong><em>cantum</em></strong></span> <span class='ocrx_word' id='word_1_190' title='bbox 2780 2327 3045 2373; x_wconf 89' lang='lat' dir='ltr'><strong><em>venerunt</em></strong></span> <span class='ocrx_word' id='word_1_191' title='bbox 3073 2319 3141 2375; x_wconf 89' lang='lat' dir='ltr'><strong><em>ad</em></strong></span> <span class='ocrx_word' id='word_1_192' title='bbox 3171 2321 3458 2392; x_wconf 75' lang='lat' dir='ltr'><strong><em>praefatum</em></strong></span> <span class='ocrx_word' id='word_1_193' title='bbox 3504 2322 3644 2379; x_wconf 58' lang='lat' dir='ltr'><strong><em>Her.</em></strong></span> 
     </span>
    </p>
   </div>
   <div class='ocr_carea' id='block_1_36' title="bbox 2059 2404 3644 2479">
    <p class='ocr_par' dir='ltr' id='par_1_36' title="bbox 2059 2404 3644 2479">
     <span class='ocr_line' id='line_1_37' title="bbox 2059 2404 3644 2479; baseline 0.007 -21"><span class='ocrx_word' id='word_1_194' title='bbox 2059 2419 2219 2461; x_wconf 86' lang='lat' dir='ltr'><strong><em>veum</em></strong></span> <span class='ocrx_word' id='word_1_195' title='bbox 2274 2404 2380 2460; x_wconf 89' lang='lat' dir='ltr'><strong><em>duo</em></strong></span> <span class='ocrx_word' id='word_1_196' title='bbox 2435 2405 2533 2460; x_wconf 90' lang='lat' dir='ltr'><strong><em>viri</em></strong></span> <span class='ocrx_word' id='word_1_197' title='bbox 2583 2406 2893 2473; x_wconf 87' lang='lat' dir='ltr'><strong><em>visibilitcr,</em></strong></span> <span class='ocrx_word' id='word_1_198' title='bbox 2942 2423 3176 2479; x_wconf 82' lang='lat' dir='ltr'><strong><em>quorum</em></strong></span> <span class='ocrx_word' id='word_1_199' title='bbox 3209 2427 3346 2466; x_wconf 90' lang='lat' dir='ltr'><strong><em>unus</em></strong></span> <span class='ocrx_word' id='word_1_200' title='bbox 3393 2414 3644 2469; x_wconf 66' lang='lat' dir='ltr'><strong><em>vestitur</em></strong></span> 
     </span>
    </p>
   </div>
   <div class='ocr_carea' id='block_1_37' title="bbox 2059 2498 3629 2576">
    <p class='ocr_par' dir='ltr' id='par_1_37' title="bbox 2059 2498 3629 2576">
     <span class='ocr_line' id='line_1_38' title="bbox 2059 2498 3629 2576; baseline 0.006 -24"><span class='ocrx_word' id='word_1_201' title='bbox 2059 2498 2343 2554; x_wconf 86' lang='lat' dir='ltr'><strong><em>videbatur</em></strong></span> <span class='ocrx_word' id='word_1_202' title='bbox 2371 2499 2591 2556; x_wconf 90' lang='lat' dir='ltr'><strong><em>indutus</em></strong></span> <span class='ocrx_word' id='word_1_203' title='bbox 2637 2515 2757 2557; x_wconf 85' lang='lat' dir='ltr'><strong><em>esse</em></strong></span> <span class='ocrx_word' id='word_1_204' title='bbox 2783 2503 3217 2572; x_wconf 82' lang='lat' dir='ltr'><strong><em>episcopalibus:</em></strong></span> <span class='ocrx_word' id='word_1_205' title='bbox 3252 2505 3437 2576; x_wconf 83' lang='lat' dir='ltr'><strong><em>planta</em></strong></span> <span class='ocrx_word' id='word_1_206' title='bbox 3471 2508 3498 2548; x_wconf 68' lang='grc' dir='ltr'>δ</span> <span class='ocrx_word' id='word_1_207' title='bbox 3554 2525 3629 2562; x_wconf 83' lang='lat' dir='ltr'><strong><em>an</em></strong></span> 
     </span>
    </p>
   </div>
   <div class='ocr_carea' id='block_1_38' title="bbox 2060 2593 3648 2672">
    <p class='ocr_par' dir='ltr' id='par_1_38' title="bbox 2060 2593 3648 2672">
     <span class='ocr_line' id='line_1_39' title="bbox 2060 2593 3648 2672; baseline 0.006 -25"><span class='ocrx_word' id='word_1_208' title='bbox 2060 2600 2169 2647; x_wconf 86' lang='lat' dir='ltr'><strong><em>tem</em></strong></span> <span class='ocrx_word' id='word_1_209' title='bbox 2196 2593 2428 2664; x_wconf 85' lang='lat' dir='ltr'><strong><em>desuper</em></strong></span> <span class='ocrx_word' id='word_1_210' title='bbox 2458 2608 2562 2663; x_wconf 89' lang='lat' dir='ltr'><strong><em>qua</em></strong></span> <span class='ocrx_word' id='word_1_211' title='bbox 2592 2596 2847 2651; x_wconf 86' lang='lat' dir='ltr'><strong><em>utebatur</em></strong></span> <span class='ocrx_word' id='word_1_212' title='bbox 2883 2612 3077 2653; x_wconf 87' lang='lat' dir='ltr'><strong><em>croceo</em></strong></span> <span class='ocrx_word' id='word_1_213' title='bbox 3106 2600 3363 2655; x_wconf 88' lang='lat' dir='ltr'><strong><em>rutilabat</em></strong></span> <span class='ocrx_word' id='word_1_214' title='bbox 3391 2612 3648 2672; x_wconf 80' lang='lat' dir='ltr'><strong><em>aspectu,</em></strong></span> 
     </span>
    </p>
   </div>
   <div class='ocr_carea' id='block_1_39' title="bbox 382 2665 3649 2760">
    <p class='ocr_par' dir='ltr' id='par_1_39' title="bbox 382 2665 3649 2760">
     <span class='ocr_line' id='line_1_40' title="bbox 382 2665 3649 2760; baseline 0.001 -33"><span class='ocrx_word' id='word_1_215' title='bbox 382 2690 482 2732; x_wconf 85' lang='lat' dir='ltr'><strong><em>vco</em></strong></span> <span class='ocrx_word' id='word_1_216' title='bbox 512 2674 748 2736; x_wconf 87' lang='lat' dir='ltr'><strong><em>nomine,</em></strong></span> <span class='ocrx_word' id='word_1_217' title='bbox 770 2671 1086 2741; x_wconf 84' lang='lat' dir='ltr'><strong><em>blandisque</em></strong></span> <span class='ocrx_word' id='word_1_218' title='bbox 1111 2685 1234 2725; x_wconf 90' lang='lat' dir='ltr'><strong><em>eum</em></strong></span> <span class='ocrx_word' id='word_1_219' title='bbox 1256 2667 1546 2738; x_wconf 85' lang='lat' dir='ltr'><strong><em>alloquitur</em></strong></span> <span class='ocrx_word' id='word_1_220' title='bbox 1571 2665 1953 2760; x_wconf 80' lang='lat' dir='ltr'><strong><em>sermonibus:</em></strong></span> <span class='ocrx_word' id='word_1_221' title='bbox 1987 2679 2033 2739; x_wconf 75' lang='grc' dir='ltr'><strong>Β</strong></span> <span class='ocrx_word' id='word_1_222' title='bbox 2060 2697 2165 2752; x_wconf 67' lang='lat' dir='ltr'><strong><em>qua</em></strong></span> <span class='ocrx_word' id='word_1_223' title='bbox 2191 2682 2356 2740; x_wconf 47' lang='lat' dir='ltr'><strong><em>etiam</em></strong></span> <span class='ocrx_word' id='word_1_224' title='bbox 2387 2698 2512 2738; x_wconf 70' lang='lat' dir='ltr'><strong><em>eum</em></strong></span> <span class='ocrx_word' id='word_1_225' title='bbox 2554 2684 2612 2739; x_wconf 74' lang='lat' dir='ltr'><strong>in</strong></span> <span class='ocrx_word' id='word_1_226' title='bbox 2636 2685 2718 2740; x_wconf 62' lang='lat' dir='ltr'><strong><em>sui</em></strong></span> <span class='ocrx_word' id='word_1_227' title='bbox 2750 2685 3102 2743; x_wconf 49' lang='lat' dir='ltr'><strong><em>translatione</em></strong></span> <span class='ocrx_word' id='word_1_228' title='bbox 3123 2691 3368 2760; x_wconf 62' lang='lat' dir='ltr'><strong><em>corporis</em></strong></span> <span class='ocrx_word' id='word_1_229' title='bbox 3402 2665 3649 2747; x_wconf 48' lang='grc' dir='ltr'><strong><em>γίξιίωυέ</em></strong></span> 
     </span>
    </p>
   </div>
   <div class='ocr_carea' id='block_1_40' title="bbox 382 2757 1957 2838">
    <p class='ocr_par' dir='ltr' id='par_1_40' title="bbox 382 2757 1957 2838">
     <span class='ocr_line' id='line_1_41' title="bbox 382 2757 1957 2838; baseline -0.006 -15"><span class='ocrx_word' id='word_1_230' title='bbox 382 2768 577 2838; x_wconf 74' lang='lat' dir='ltr'><strong><em>Surge,</em></strong></span> <span class='ocrx_word' id='word_1_231' title='bbox 602 2766 683 2821; x_wconf 85' lang='lat' dir='ltr'><strong><em>vir</em></strong></span> <span class='ocrx_word' id='word_1_232' title='bbox 705 2764 819 2829; x_wconf 89' lang='lat' dir='ltr'><strong><em>Dei,</em></strong></span> <span class='ocrx_word' id='word_1_233' title='bbox 842 2763 977 2818; x_wconf 88' lang='lat' dir='ltr'><strong><em>vade</em></strong></span> <span class='ocrx_word' id='word_1_234' title='bbox 1000 2763 1069 2819; x_wconf 89' lang='lat' dir='ltr'><strong><em>ad</em></strong></span> <span class='ocrx_word' id='word_1_235' title='bbox 1086 2762 1311 2818; x_wconf 82' lang='lat' dir='ltr'><strong><em>Baiocas</em></strong></span> <span class='ocrx_word' id='word_1_236' title='bbox 1334 2760 1631 2825; x_wconf 83' lang='lat' dir='ltr'><strong><em>civitatem,</em></strong></span> <span class='ocrx_word' id='word_1_237' title='bbox 1648 2766 1704 2815; x_wconf 92' lang='lat' dir='ltr'><strong><em>et</em></strong></span> <span class='ocrx_word' id='word_1_238' title='bbox 1725 2757 1957 2814; x_wconf 84' lang='lat' dir='ltr'><strong><em>ascende</em></strong></span> 
     </span>
    </p>
   </div>
   <div class='ocr_carea' id='block_1_41' title="bbox 381 2854 1961 2932">
    <p class='ocr_par' dir='ltr' id='par_1_41' title="bbox 381 2854 1961 2932">
     <span class='ocr_line' id='line_1_42' title="bbox 381 2854 1961 2932; baseline -0.004 -15"><span class='ocrx_word' id='word_1_239' title='bbox 381 2863 559 2919; x_wconf 87' lang='lat' dir='ltr'><strong><em>locum</em></strong></span> <span class='ocrx_word' id='word_1_240' title='bbox 594 2860 687 2932; x_wconf 90' lang='lat' dir='ltr'><strong><em>qui</em></strong></span> <span class='ocrx_word' id='word_1_241' title='bbox 722 2867 946 2915; x_wconf 77' lang='lat' dir='ltr'><strong><em>vocatur</em></strong></span> <span class='ocrx_word' id='word_1_242' title='bbox 974 2857 1207 2914; x_wconf 79' lang='lat' dir='ltr'><strong><em>Montem</em></strong></span> <span class='ocrx_word' id='word_1_243' title='bbox 1242 2856 1521 2923; x_wconf 63' lang='lat' dir='ltr'><strong><em>Ecclesiae,</em></strong></span> <span class='ocrx_word' id='word_1_244' title='bbox 1559 2856 1653 2912; x_wconf 89' lang='lat' dir='ltr'><strong><em>ubi</em></strong></span> <span class='ocrx_word' id='word_1_245' title='bbox 1686 2854 1961 2927; x_wconf 88' lang='lat' dir='ltr'><strong><em>quondam</em></strong></span> 
     </span>
    </p>
   </div>
   <div class='ocr_carea' id='block_1_42' title="bbox 381 2945 1957 3023">
    <p class='ocr_par' dir='ltr' id='par_1_42' title="bbox 381 2945 1957 3023">
     <span class='ocr_line' id='line_1_43' title="bbox 381 2945 1957 3023; baseline -0.004 -17"><span class='ocrx_word' id='word_1_246' title='bbox 381 2953 755 3023; x_wconf 78' lang='lat' dir='ltr'><strong><em>episcoporum</em></strong></span> <span class='ocrx_word' id='word_1_247' title='bbox 782 2949 951 3021; x_wconf 85' lang='lat' dir='ltr'><strong><em>ipsius</em></strong></span> <span class='ocrx_word' id='word_1_248' title='bbox 971 2948 1209 3005; x_wconf 79' lang='lat' dir='ltr'><strong><em>civitatis</em></strong></span> <span class='ocrx_word' id='word_1_249' title='bbox 1231 2961 1461 3019; x_wconf 80' lang='lat' dir='ltr'><strong><em>corpora</em></strong></span> <span class='ocrx_word' id='word_1_250' title='bbox 1507 2945 1910 3018; x_wconf 83' lang='lat' dir='ltr'><strong><em>sepeliebantur</em></strong></span> <span class='ocrx_word' id='word_1_251' title='bbox 1942 2963 1957 3000; x_wconf 90' lang='lat'><strong>:</strong></span> 
     </span>
    </p>
   </div>
   <div class='ocr_carea' id='block_1_43' title="bbox 385 3035 1959 3107">
    <p class='ocr_par' dir='ltr' id='par_1_43' title="bbox 385 3035 1959 3107">
     <span class='ocr_line' id='line_1_44' title="bbox 385 3035 1959 3107; baseline -0.004 -9"><span class='ocrx_word' id='word_1_252' title='bbox 385 3042 630 3099; x_wconf 77' lang='lat' dir='ltr'><strong><em>invenies</em></strong></span> <span class='ocrx_word' id='word_1_253' title='bbox 679 3041 753 3097; x_wconf 88' lang='lat' dir='ltr'><strong><em>ibi</em></strong></span> <span class='ocrx_word' id='word_1_254' title='bbox 784 3041 1062 3096; x_wconf 85' lang='lat' dir='ltr'><strong><em>basilicam</em></strong></span> <span class='ocrx_word' id='word_1_255' title='bbox 1125 3039 1181 3094; x_wconf 90' lang='lat' dir='ltr'><strong><em>in</em></strong></span> <span class='ocrx_word' id='word_1_256' title='bbox 1231 3039 1438 3094; x_wconf 84' lang='lat' dir='ltr'><strong><em>honore</em></strong></span> <span class='ocrx_word' id='word_1_257' title='bbox 1489 3037 1635 3094; x_wconf 87' lang='lat' dir='ltr'><strong><em>beati</em></strong></span> <span class='ocrx_word' id='word_1_258' title='bbox 1674 3035 1959 3107; x_wconf 79' lang='lat' dir='ltr'><strong><em>Exsuperii</em></strong></span> 
     </span>
    </p>
   </div>
   <div class='ocr_carea' id='block_1_44' title="bbox 383 3128 1957 3203">
    <p class='ocr_par' dir='ltr' id='par_1_44' title="bbox 383 3128 1957 3203">
     <span class='ocr_line' id='line_1_45' title="bbox 383 3128 1957 3203; baseline -0.003 -17"><span class='ocrx_word' id='word_1_259' title='bbox 383 3133 543 3203; x_wconf 87' lang='lat' dir='ltr'><strong><em>primi</em></strong></span> <span class='ocrx_word' id='word_1_260' title='bbox 595 3132 836 3203; x_wconf 80' lang='lat' dir='ltr'><strong><em>ejusdem</em></strong></span> <span class='ocrx_word' id='word_1_261' title='bbox 887 3132 1033 3187; x_wconf 85' lang='lat' dir='ltr'><strong><em>sedis</em></strong></span> <span class='ocrx_word' id='word_1_262' title='bbox 1068 3130 1310 3199; x_wconf 86' lang='lat' dir='ltr'><strong><em>episcopi</em></strong></span> <span class='ocrx_word' id='word_1_263' title='bbox 1340 3128 1512 3184; x_wconf 88' lang='lat' dir='ltr'><strong><em>fuisse</em></strong></span> <span class='ocrx_word' id='word_1_264' title='bbox 1546 3134 1957 3194; x_wconf 86' lang='lat' dir='ltr'><strong><em>constructam;</em></strong></span> 
     </span>
    </p>
   </div>
   <div class='ocr_carea' id='block_1_45' title="bbox 384 3216 1961 3291">
    <p class='ocr_par' dir='ltr' id='par_1_45' title="bbox 384 3216 1961 3291">
     <span class='ocr_line' id='line_1_46' title="bbox 384 3216 1961 3291; baseline -0.003 -14"><span class='ocrx_word' id='word_1_265' title='bbox 384 3224 478 3277; x_wconf 90' lang='lat' dir='ltr'><strong><em>sed</em></strong></span> <span class='ocrx_word' id='word_1_266' title='bbox 502 3221 618 3291; x_wconf 85' lang='lat' dir='ltr'><strong><em>jam</em></strong></span> <span class='ocrx_word' id='word_1_267' title='bbox 653 3236 685 3275; x_wconf 89' lang='lat' dir='ltr'><strong><em>a</em></strong></span> <span class='ocrx_word' id='word_1_268' title='bbox 710 3222 824 3277; x_wconf 88' lang='lat' dir='ltr'><strong><em>suis</em></strong></span> <span class='ocrx_word' id='word_1_269' title='bbox 856 3236 993 3291; x_wconf 88' lang='lat' dir='ltr'><strong><em>pene</em></strong></span> <span class='ocrx_word' id='word_1_270' title='bbox 1014 3219 1297 3276; x_wconf 82' lang='lat' dir='ltr'><strong><em>ornatibus</em></strong></span> <span class='ocrx_word' id='word_1_271' title='bbox 1322 3218 1587 3284; x_wconf 85' lang='lat' dir='ltr'><strong><em>avulsam,</em></strong></span> <span class='ocrx_word' id='word_1_272' title='bbox 1616 3227 1676 3273; x_wconf 92' lang='lat' dir='ltr'><strong><em>ut</em></strong></span> <span class='ocrx_word' id='word_1_273' title='bbox 1704 3216 1780 3272; x_wconf 91' lang='lat' dir='ltr'><strong><em>nil</em></strong></span> <span class='ocrx_word' id='word_1_274' title='bbox 1803 3218 1961 3273; x_wconf 84' lang='lat' dir='ltr'><strong><em>deco-</em></strong></span> 
     </span>
    </p>
   </div>
   <div class='ocr_carea' id='block_1_46' title="bbox 385 3306 1963 3378">
    <p class='ocr_par' dir='ltr' id='par_1_46' title="bbox 385 3306 1963 3378">
     <span class='ocr_line' id='line_1_47' title="bbox 385 3306 1963 3378; baseline -0.004 -10"><span class='ocrx_word' id='word_1_275' title='bbox 385 3313 461 3368; x_wconf 81' lang='lat' dir='ltr'><strong><em>ris</em></strong></span> <span class='ocrx_word' id='word_1_276' title='bbox 489 3313 709 3377; x_wconf 86' lang='lat' dir='ltr'><strong><em>habeat,</em></strong></span> <span class='ocrx_word' id='word_1_277' title='bbox 735 3326 837 3367; x_wconf 89' lang='lat' dir='ltr'><strong><em>nec</em></strong></span> <span class='ocrx_word' id='word_1_278' title='bbox 868 3312 1033 3368; x_wconf 89' lang='lat' dir='ltr'><strong><em>etiam</em></strong></span> <span class='ocrx_word' id='word_1_279' title='bbox 1057 3310 1223 3366; x_wconf 91' lang='lat' dir='ltr'><strong><em>ullum</em></strong></span> <span class='ocrx_word' id='word_1_280' title='bbox 1250 3309 1449 3367; x_wconf 86' lang='lat' dir='ltr'><strong><em>ibidem</em></strong></span> <span class='ocrx_word' id='word_1_281' title='bbox 1474 3308 1716 3365; x_wconf 89' lang='lat' dir='ltr'><strong><em>divinum</em></strong></span> <span class='ocrx_word' id='word_1_282' title='bbox 1758 3306 1963 3378; x_wconf 87' lang='lat' dir='ltr'><strong><em>persol-</em></strong></span> 
     </span>
    </p>
   </div>
   <div class='ocr_carea' id='block_1_47' title="bbox 386 3396 1958 3475">
    <p class='ocr_par' dir='ltr' id='par_1_47' title="bbox 386 3396 1958 3475">
     <span class='ocr_line' id='line_1_48' title="bbox 386 3396 1958 3475; baseline -0.004 -18"><span class='ocrx_word' id='word_1_283' title='bbox 386 3415 546 3461; x_wconf 87' lang='lat' dir='ltr'><strong><em>vatur</em></strong></span> <span class='ocrx_word' id='word_1_284' title='bbox 570 3404 802 3461; x_wconf 80' lang='lat' dir='ltr'><strong><em>cilicium</em></strong></span> <span class='ocrx_word' id='word_1_285' title='bbox 824 3422 839 3472; x_wconf 91' lang='lat'><strong><em>;</em></strong></span> <span class='ocrx_word' id='word_1_286' title='bbox 868 3405 963 3460; x_wconf 90' lang='lat' dir='ltr'><strong><em>sed</em></strong></span> <span class='ocrx_word' id='word_1_287' title='bbox 995 3418 1193 3475; x_wconf 79' lang='lat' dir='ltr'><strong><em>quassa</em></strong></span> <span class='ocrx_word' id='word_1_288' title='bbox 1229 3410 1393 3472; x_wconf 89' lang='lat' dir='ltr'><strong><em>atque</em></strong></span> <span class='ocrx_word' id='word_1_289' title='bbox 1415 3399 1673 3456; x_wconf 89' lang='lat' dir='ltr'><strong><em>derelicta</em></strong></span> <span class='ocrx_word' id='word_1_290' title='bbox 1696 3396 1958 3465; x_wconf 86' lang='lat' dir='ltr'><strong><em>solitaria,</em></strong></span> 
     </span>
    </p>
   </div>
   <div class='ocr_carea' id='block_1_48' title="bbox 385 3490 1961 3566">
    <p class='ocr_par' dir='ltr' id='par_1_48' title="bbox 385 3490 1961 3566">
     <span class='ocr_line' id='line_1_49' title="bbox 385 3490 1961 3566; baseline -0.003 -17"><span class='ocrx_word' id='word_1_291' title='bbox 385 3497 467 3552; x_wconf 87' lang='lat' dir='ltr'><strong><em>vel</em></strong></span> <span class='ocrx_word' id='word_1_292' title='bbox 500 3498 708 3552; x_wconf 84' lang='lat' dir='ltr'><strong><em>ruinam</em></strong></span> <span class='ocrx_word' id='word_1_293' title='bbox 736 3497 817 3553; x_wconf 90' lang='lat' dir='ltr'><strong><em>sui</em></strong></span> <span class='ocrx_word' id='word_1_294' title='bbox 843 3511 1002 3552; x_wconf 88' lang='lat' dir='ltr'><strong><em>casus</em></strong></span> <span class='ocrx_word' id='word_1_295' title='bbox 1036 3495 1412 3566; x_wconf 64' lang='lat' dir='ltr'><strong><em>praetendens;</em></strong></span> <span class='ocrx_word' id='word_1_296' title='bbox 1455 3492 1508 3547; x_wconf 91' lang='lat' dir='ltr'><strong><em>in</em></strong></span> <span class='ocrx_word' id='word_1_297' title='bbox 1544 3506 1651 3562; x_wconf 88' lang='lat' dir='ltr'><strong><em>qua</em></strong></span> <span class='ocrx_word' id='word_1_298' title='bbox 1674 3490 1961 3546; x_wconf 89' lang='lat' dir='ltr'><strong><em>beatorum</em></strong></span> 
     </span>
    </p>
   </div>
   <div class='ocr_carea' id='block_1_49' title="bbox 388 3578 1953 3657">
    <p class='ocr_par' dir='ltr' id='par_1_49' title="bbox 388 3578 1953 3657">
     <span class='ocr_line' id='line_1_50' title="bbox 388 3578 1953 3657; baseline -0.006 -13"><span class='ocrx_word' id='word_1_299' title='bbox 388 3588 762 3644; x_wconf 85' lang='lat' dir='ltr'><strong><em>confessorum</em></strong></span> <span class='ocrx_word' id='word_1_300' title='bbox 815 3585 1145 3657; x_wconf 73' lang='lat' dir='ltr'><strong><em>Ragnoberti</em></strong></span> <span class='ocrx_word' id='word_1_301' title='bbox 1193 3582 1463 3656; x_wconf 81' lang='lat' dir='ltr'><strong><em>pontificis</em></strong></span> <span class='ocrx_word' id='word_1_302' title='bbox 1509 3591 1672 3652; x_wconf 86' lang='lat' dir='ltr'><strong><em>atque</em></strong></span> <span class='ocrx_word' id='word_1_303' title='bbox 1718 3578 1953 3636; x_wconf 87' lang='lat' dir='ltr'><strong><em>ministri</em></strong></span> 
     </span>
    </p>
   </div>
   <div class='ocr_carea' id='block_1_50' title="bbox 382 3669 1955 3749">
    <p class='ocr_par' dir='ltr' id='par_1_50' title="bbox 382 3669 1955 3749">
     <span class='ocr_line' id='line_1_51' title="bbox 382 3669 1955 3749; baseline -0.006 -14"><span class='ocrx_word' id='word_1_304' title='bbox 382 3680 466 3735; x_wconf 86' lang='lat' dir='ltr'><strong><em>sui</em></strong></span> <span class='ocrx_word' id='word_1_305' title='bbox 497 3679 731 3735; x_wconf 77' lang='lat' dir='ltr'><strong><em>Zenonis</em></strong></span> <span class='ocrx_word' id='word_1_306' title='bbox 761 3692 989 3749; x_wconf 87' lang='lat' dir='ltr'><strong><em>corpora</em></strong></span> <span class='ocrx_word' id='word_1_307' title='bbox 1014 3676 1215 3733; x_wconf 88' lang='lat' dir='ltr'><strong><em>inculte</em></strong></span> <span class='ocrx_word' id='word_1_308' title='bbox 1249 3673 1617 3745; x_wconf 87' lang='lat' dir='ltr'><strong><em>requiescunt,</em></strong></span> <span class='ocrx_word' id='word_1_309' title='bbox 1649 3670 1767 3729; x_wconf 86' lang='lat' dir='ltr'><strong><em>sine</em></strong></span> <span class='ocrx_word' id='word_1_310' title='bbox 1794 3669 1955 3726; x_wconf 86' lang='lat' dir='ltr'><strong><em>ullius</em></strong></span> 
     </span>
    </p>
   </div>
   <div class='ocr_carea' id='block_1_51' title="bbox 383 3761 1962 3841">
    <p class='ocr_par' dir='ltr' id='par_1_51' title="bbox 383 3761 1962 3841">
     <span class='ocr_line' id='line_1_52' title="bbox 383 3761 1962 3841; baseline -0.004 -17"><span class='ocrx_word' id='word_1_311' title='bbox 383 3769 666 3841; x_wconf 76' lang='lat' dir='ltr'><strong><em>dignitatis</em></strong></span> <span class='ocrx_word' id='word_1_312' title='bbox 703 3777 797 3824; x_wconf 89' lang='lat' dir='ltr'><strong><em>aut</em></strong></span> <span class='ocrx_word' id='word_1_313' title='bbox 836 3768 1060 3823; x_wconf 88' lang='lat' dir='ltr'><strong><em>honoris</em></strong></span> <span class='ocrx_word' id='word_1_314' title='bbox 1109 3765 1416 3823; x_wconf 89' lang='lat' dir='ltr'><strong><em>reverentia</em></strong></span> <span class='ocrx_word' id='word_1_315' title='bbox 1455 3782 1468 3819; x_wconf 92' lang='lat'>:</span> <span class='ocrx_word' id='word_1_316' title='bbox 1499 3764 1726 3834; x_wconf 86' lang='lat' dir='ltr'><strong><em>ideoque</em></strong></span> <span class='ocrx_word' id='word_1_317' title='bbox 1773 3761 1962 3833; x_wconf 69' lang='lat' dir='ltr'><strong><em>praeci-</em></strong></span> 
     </span>
    </p>
   </div>
   <div class='ocr_carea' id='block_1_52' title="bbox 382 3851 1959 3931">
    <p class='ocr_par' dir='ltr' id='par_1_52' title="bbox 382 3851 1959 3931">
     <span class='ocr_line' id='line_1_53' title="bbox 382 3851 1959 3931; baseline -0.006 -15"><span class='ocrx_word' id='word_1_318' title='bbox 382 3861 472 3931; x_wconf 81' lang='lat' dir='ltr'><strong><em>pio</em></strong></span> <span class='ocrx_word' id='word_1_319' title='bbox 515 3861 567 3915; x_wconf 92' lang='lat' dir='ltr'><strong><em>in</em></strong></span> <span class='ocrx_word' id='word_1_320' title='bbox 616 3861 833 3916; x_wconf 90' lang='lat' dir='ltr'><strong><em>nomine</em></strong></span> <span class='ocrx_word' id='word_1_321' title='bbox 860 3856 1073 3915; x_wconf 86' lang='lat' dir='ltr'><strong><em>Domini</em></strong></span> <span class='ocrx_word' id='word_1_322' title='bbox 1103 3856 1274 3913; x_wconf 89' lang='lat' dir='ltr'><strong><em>nostri</em></strong></span> <span class='ocrx_word' id='word_1_323' title='bbox 1302 3854 1429 3912; x_wconf 83' lang='lat' dir='ltr'><strong><em>Jesu</em></strong></span> <span class='ocrx_word' id='word_1_324' title='bbox 1475 3854 1698 3920; x_wconf 91' lang='lat' dir='ltr'><strong><em>Christi,</em></strong></span> <span class='ocrx_word' id='word_1_325' title='bbox 1735 3861 1797 3908; x_wconf 91' lang='lat' dir='ltr'><strong><em>ut</em></strong></span> <span class='ocrx_word' id='word_1_326' title='bbox 1834 3851 1959 3907; x_wconf 91' lang='lat' dir='ltr'><strong><em>inde</em></strong></span> 
     </span>
    </p>
   </div>
   <div class='ocr_carea' id='block_1_53' title="bbox 381 3942 1956 4021">
    <p class='ocr_par' dir='ltr' id='par_1_53' title="bbox 381 3942 1956 4021">
     <span class='ocr_line' id='line_1_54' title="bbox 381 3942 1956 4021; baseline -0.006 -16"><span class='ocrx_word' id='word_1_327' title='bbox 381 3951 463 4006; x_wconf 83' lang='lat' dir='ltr'><strong><em>eis</em></strong></span> <span class='ocrx_word' id='word_1_328' title='bbox 509 3966 633 4005; x_wconf 89' lang='lat' dir='ltr'><strong><em>cum</em></strong></span> <span class='ocrx_word' id='word_1_329' title='bbox 669 3965 894 4006; x_wconf 75' lang='lat' dir='ltr'><strong><em>summa:</em></strong></span> <span class='ocrx_word' id='word_1_330' title='bbox 933 3946 1207 4021; x_wconf 78' lang='lat' dir='ltr'><strong><em>religionis</em></strong></span> <span class='ocrx_word' id='word_1_331' title='bbox 1238 3944 1543 4002; x_wconf 90' lang='lat' dir='ltr'><strong><em>reverentia</em></strong></span> <span class='ocrx_word' id='word_1_332' title='bbox 1572 3942 1809 4008; x_wconf 84' lang='lat' dir='ltr'><strong><em>eli&#39;ossis,</em></strong></span> <span class='ocrx_word' id='word_1_333' title='bbox 1832 3956 1956 4013; x_wconf 82' lang='lat' dir='ltr'><strong><em>per-</em></strong></span> 
     </span>
    </p>
   </div>
   <div class='ocr_carea' id='block_1_54' title="bbox 2061 2773 3648 2853">
    <p class='ocr_par' dir='ltr' id='par_1_54' title="bbox 2061 2773 3648 2853">
     <span class='ocr_line' id='line_1_55' title="bbox 2061 2773 3648 2853; baseline 0.008 -25"><span class='ocrx_word' id='word_1_334' title='bbox 2061 2773 2392 2842; x_wconf 89' lang='lat' dir='ltr'><strong><em>obvolutum,</em></strong></span> <span class='ocrx_word' id='word_1_335' title='bbox 2436 2775 2703 2847; x_wconf 87' lang='lat' dir='ltr'><strong><em>hodieque</em></strong></span> <span class='ocrx_word' id='word_1_336' title='bbox 2731 2777 2788 2831; x_wconf 91' lang='lat' dir='ltr'><strong><em>in</em></strong></span> <span class='ocrx_word' id='word_1_337' title='bbox 2817 2778 3066 2847; x_wconf 86' lang='lat' dir='ltr'><strong><em>sepulcro</em></strong></span> <span class='ocrx_word' id='word_1_338' title='bbox 3090 2795 3214 2836; x_wconf 89' lang='lat' dir='ltr'><strong><em>cum</em></strong></span> <span class='ocrx_word' id='word_1_339' title='bbox 3253 2781 3371 2852; x_wconf 82' lang='lat' dir='ltr'><strong><em>ipso</em></strong></span> <span class='ocrx_word' id='word_1_340' title='bbox 3408 2798 3648 2853; x_wconf 83' lang='lat' dir='ltr'><strong><em>corpore</em></strong></span> 
     </span>
    </p>
   </div>
   <div class='ocr_carea' id='block_1_55' title="bbox 2059 2864 3643 2934">
    <p class='ocr_par' dir='ltr' id='par_1_55' title="bbox 2059 2864 3643 2934">
     <span class='ocr_line' id='line_1_56' title="bbox 2059 2864 3643 2934; baseline 0.008 -17"><span class='ocrx_word' id='word_1_341' title='bbox 2059 2872 2380 2934; x_wconf 81' lang='lat' dir='ltr'><strong><em>permanere</em></strong></span> <span class='ocrx_word' id='word_1_342' title='bbox 2410 2864 2709 2923; x_wconf 75' lang='lat' dir='ltr'><strong><em>ﬁrmamus.</em></strong></span> <span class='ocrx_word' id='word_1_343' title='bbox 2749 2866 2881 2923; x_wconf 81' lang='lat' dir='ltr'><strong><em>Erat</em></strong></span> <span class='ocrx_word' id='word_1_344' title='bbox 2910 2868 3052 2923; x_wconf 84' lang='lat' dir='ltr'><strong><em>enim</em></strong></span> <span class='ocrx_word' id='word_1_345' title='bbox 3100 2869 3268 2927; x_wconf 87' lang='lat' dir='ltr'><strong><em>isdem</em></strong></span> <span class='ocrx_word' id='word_1_346' title='bbox 3304 2874 3643 2930; x_wconf 80' lang='lat' dir='ltr'><strong><em>veneralilis</em></strong></span> 
     </span>
    </p>
   </div>
   <div class='ocr_carea' id='block_1_56' title="bbox 2062 2956 3643 3035">
    <p class='ocr_par' dir='ltr' id='par_1_56' title="bbox 2062 2956 3643 3035">
     <span class='ocr_line' id='line_1_57' title="bbox 2062 2956 3643 3035; baseline 0.007 -26"><span class='ocrx_word' id='word_1_347' title='bbox 2062 2963 2286 3026; x_wconf 89' lang='lat' dir='ltr'><strong><em>aspectu</em></strong></span> <span class='ocrx_word' id='word_1_348' title='bbox 2313 2956 2594 3024; x_wconf 89' lang='lat' dir='ltr'><strong><em>terribilis,</em></strong></span> <span class='ocrx_word' id='word_1_349' title='bbox 2622 2966 2831 3012; x_wconf 86' lang='lat' dir='ltr'><strong><em>statura</em></strong></span> <span class='ocrx_word' id='word_1_350' title='bbox 2875 2959 3142 3026; x_wconf 87' lang='lat' dir='ltr'><strong><em>sublimis,</em></strong></span> <span class='ocrx_word' id='word_1_351' title='bbox 3197 2974 3408 3034; x_wconf 86' lang='lat' dir='ltr'><strong><em>compta</em></strong></span> <span class='ocrx_word' id='word_1_352' title='bbox 3441 2967 3643 3035; x_wconf 78' lang='lat' dir='ltr'><strong><em>capitis</em></strong></span> 
     </span>
    </p>
   </div>
   <div class='ocr_carea' id='block_1_57' title="bbox 2062 3039 3641 3124">
    <p class='ocr_par' dir='ltr' id='par_1_57' title="bbox 2062 3039 3641 3124">
     <span class='ocr_line' id='line_1_58' title="bbox 2062 3039 3641 3124; baseline 0.006 -23"><span class='ocrx_word' id='word_1_353' title='bbox 2062 3045 2285 3124; x_wconf 63' lang='lat' dir='ltr'><strong><em>caesarie</em></strong></span> <span class='ocrx_word' id='word_1_354' title='bbox 2313 3039 2542 3102; x_wconf 85' lang='lat' dir='ltr'><strong><em>canities</em></strong></span> <span class='ocrx_word' id='word_1_355' title='bbox 2573 3048 2966 3118; x_wconf 79' lang='lat' dir='ltr'><strong><em>reSplendebat,</em></strong></span> <span class='ocrx_word' id='word_1_356' title='bbox 3000 3051 3299 3108; x_wconf 78' lang='lat' dir='ltr'><strong><em>rubicunda</em></strong></span> <span class='ocrx_word' id='word_1_357' title='bbox 3315 3055 3536 3124; x_wconf 83' lang='lat' dir='ltr'><strong><em>quidem</em></strong></span> <span class='ocrx_word' id='word_1_358' title='bbox 3566 3055 3641 3110; x_wconf 56' lang='lat' dir='ltr'><strong><em>fa.</em></strong></span> 
     </span>
    </p>
   </div>
   <div class='ocr_carea' id='block_1_58' title="bbox 2061 3120 3638 3209">
    <p class='ocr_par' dir='ltr' id='par_1_58' title="bbox 2061 3120 3638 3209">
     <span class='ocr_line' id='line_1_59' title="bbox 2061 3120 3638 3209; baseline 0.007 -21"><span class='ocrx_word' id='word_1_359' title='bbox 2061 3130 2146 3188; x_wconf 87' lang='lat' dir='ltr'><strong><em>cie</em></strong></span> <span class='ocrx_word' id='word_1_360' title='bbox 2171 3120 2237 3188; x_wconf 87' lang='lat' dir='ltr'><strong><em>ac</em></strong></span> <span class='ocrx_word' id='word_1_361' title='bbox 2266 3133 2434 3189; x_wconf 91' lang='lat' dir='ltr'><strong><em>nimio</em></strong></span> <span class='ocrx_word' id='word_1_362' title='bbox 2462 3136 2698 3192; x_wconf 87' lang='lat' dir='ltr'><strong><em>candore</em></strong></span> <span class='ocrx_word' id='word_1_363' title='bbox 2726 3136 2925 3192; x_wconf 76' lang='lat' dir='ltr'><strong><em>suffusa</em></strong></span> <span class='ocrx_word' id='word_1_364' title='bbox 2953 3156 2967 3192; x_wconf 88' lang='lat'><strong>:</strong></span> <span class='ocrx_word' id='word_1_365' title='bbox 3001 3140 3091 3209; x_wconf 89' lang='lat' dir='ltr'><strong><em>qui</em></strong></span> <span class='ocrx_word' id='word_1_366' title='bbox 3119 3150 3244 3197; x_wconf 91' lang='lat' dir='ltr'><strong><em>ante</em></strong></span> <span class='ocrx_word' id='word_1_367' title='bbox 3271 3120 3399 3197; x_wconf 74' lang='lat' dir='ltr'><strong><em>eum</em></strong></span> <span class='ocrx_word' id='word_1_368' title='bbox 3429 3153 3638 3209; x_wconf 65' lang='lat' dir='ltr'><strong><em>ashes,</em></strong></span> 
     </span>
    </p>
   </div>
   <div class='ocr_carea' id='block_1_59' title="bbox 2063 3223 3637 3306">
    <p class='ocr_par' dir='ltr' id='par_1_59' title="bbox 2063 3223 3637 3306">
     <span class='ocr_line' id='line_1_60' title="bbox 2063 3223 3637 3306; baseline 0.008 -28"><span class='ocrx_word' id='word_1_369' title='bbox 2063 3223 2237 3294; x_wconf 88' lang='lat' dir='ltr'><strong><em>ipsum</em></strong></span> <span class='ocrx_word' id='word_1_370' title='bbox 2264 3226 2595 3283; x_wconf 79' lang='lat' dir='ltr'><strong><em>terribilibus</em></strong></span> <span class='ocrx_word' id='word_1_371' title='bbox 2617 3229 2798 3284; x_wconf 88' lang='lat' dir='ltr'><strong><em>verbis</em></strong></span> <span class='ocrx_word' id='word_1_372' title='bbox 2823 3229 3112 3301; x_wconf 88' lang='lat' dir='ltr'><strong><em>alloquitur</em></strong></span> <span class='ocrx_word' id='word_1_373' title='bbox 3132 3233 3319 3290; x_wconf 88' lang='lat' dir='ltr'><strong><em>dicens</em></strong></span> <span class='ocrx_word' id='word_1_374' title='bbox 3344 3254 3358 3289; x_wconf 89' lang='lat'><strong>:</strong></span> <span class='ocrx_word' id='word_1_375' title='bbox 3385 3235 3501 3306; x_wconf 70' lang='lat' dir='ltr'><strong><em>Ego</em></strong></span> <span class='ocrx_word' id='word_1_376' title='bbox 3514 3253 3637 3292; x_wconf 80' lang='lat' dir='ltr'><strong><em>sum</em></strong></span> 
     </span>
    </p>
   </div>
   <div class='ocr_carea' id='block_1_60' title="bbox 2062 3311 3638 3388">
    <p class='ocr_par' dir='ltr' id='par_1_60' title="bbox 2062 3311 3638 3388">
     <span class='ocr_line' id='line_1_61' title="bbox 2062 3311 3638 3388; baseline 0.01 -22"><span class='ocrx_word' id='word_1_377' title='bbox 2062 3311 2437 3384; x_wconf 75' lang='lat' dir='ltr'><strong><em>Ragnobertns</em></strong></span> <span class='ocrx_word' id='word_1_378' title='bbox 2465 3316 2671 3386; x_wconf 89' lang='lat' dir='ltr'><strong><em>pariter</em></strong></span> <span class='ocrx_word' id='word_1_379' title='bbox 2694 3332 2817 3373; x_wconf 88' lang='lat' dir='ltr'><strong><em>cum</em></strong></span> <span class='ocrx_word' id='word_1_380' title='bbox 2844 3319 3061 3376; x_wconf 88' lang='lat' dir='ltr'><strong><em>Zenone</em></strong></span> <span class='ocrx_word' id='word_1_381' title='bbox 3085 3337 3206 3377; x_wconf 89' lang='lat' dir='ltr'><strong><em>meo</em></strong></span> <span class='ocrx_word' id='word_1_382' title='bbox 3241 3324 3408 3388; x_wconf 89' lang='lat' dir='ltr'><strong><em>socio,</em></strong></span> <span class='ocrx_word' id='word_1_383' title='bbox 3468 3336 3524 3380; x_wconf 88' lang='lat' dir='ltr'><strong><em>et</em></strong></span> <span class='ocrx_word' id='word_1_384' title='bbox 3551 3344 3638 3381; x_wconf 84' lang='lat' dir='ltr'><strong><em>su-</em></strong></span> 
     </span>
    </p>
   </div>
   <div class='ocr_carea' id='block_1_61' title="bbox 2062 3399 3633 3482">
    <p class='ocr_par' dir='ltr' id='par_1_61' title="bbox 2062 3399 3633 3482">
     <span class='ocr_line' id='line_1_62' title="bbox 2062 3399 3633 3482; baseline 0.011 -27"><span class='ocrx_word' id='word_1_385' title='bbox 2062 3415 2182 3457; x_wconf 89' lang='lat' dir='ltr'><strong><em>mus</em></strong></span> <span class='ocrx_word' id='word_1_386' title='bbox 2207 3399 2364 3471; x_wconf 87' lang='lat' dir='ltr'><strong><em>jussu</em></strong></span> <span class='ocrx_word' id='word_1_387' title='bbox 2392 3404 2777 3476; x_wconf 87' lang='lat' dir='ltr'><strong><em>omnipotentis</em></strong></span> <span class='ocrx_word' id='word_1_388' title='bbox 2806 3407 2902 3463; x_wconf 87' lang='lat' dir='ltr'><strong><em>Dei</em></strong></span> <span class='ocrx_word' id='word_1_389' title='bbox 2928 3410 3100 3476; x_wconf 90' lang='lat' dir='ltr'><strong><em>missi,</em></strong></span> <span class='ocrx_word' id='word_1_390' title='bbox 3129 3427 3266 3482; x_wconf 90' lang='lat' dir='ltr'><strong><em>quos</em></strong></span> <span class='ocrx_word' id='word_1_391' title='bbox 3305 3415 3455 3470; x_wconf 86' lang='lat' dir='ltr'><strong><em>misit</em></strong></span> <span class='ocrx_word' id='word_1_392' title='bbox 3479 3414 3633 3472; x_wconf 75' lang='lat' dir='ltr'><strong><em>Jesus</em></strong></span> 
     </span>
    </p>
   </div>
   <div class='ocr_carea' id='block_1_62' title="bbox 2061 3486 3631 3574">
    <p class='ocr_par' dir='ltr' id='par_1_62' title="bbox 2061 3486 3631 3574">
     <span class='ocr_line' id='line_1_63' title="bbox 2061 3486 3631 3574; baseline 0.009 -24"><span class='ocrx_word' id='word_1_393' title='bbox 2061 3486 2312 3550; x_wconf 85' lang='lat' dir='ltr'><strong><em>Christus</em></strong></span> <span class='ocrx_word' id='word_1_394' title='bbox 2343 3495 2410 3550; x_wconf 85' lang='lat' dir='ltr'><strong><em>ad</em></strong></span> <span class='ocrx_word' id='word_1_395' title='bbox 2450 3505 2502 3567; x_wconf 64' lang='lat' dir='ltr'><strong><em>te</em></strong></span> <span class='ocrx_word' id='word_1_396' title='bbox 2533 3499 2715 3565; x_wconf 90' lang='lat' dir='ltr'><strong><em>tertio,</em></strong></span> <span class='ocrx_word' id='word_1_397' title='bbox 2776 3509 2832 3555; x_wconf 91' lang='lat' dir='ltr'><strong><em>et</em></strong></span> <span class='ocrx_word' id='word_1_398' title='bbox 2863 3503 3099 3557; x_wconf 85' lang='lat' dir='ltr'><strong><em>ostendit</em></strong></span> <span class='ocrx_word' id='word_1_399' title='bbox 3118 3520 3215 3574; x_wconf 86' lang='lat' dir='ltr'><strong><em>per</em></strong></span> <span class='ocrx_word' id='word_1_400' title='bbox 3244 3521 3344 3562; x_wconf 90' lang='lat' dir='ltr'><strong><em>nos</em></strong></span> <span class='ocrx_word' id='word_1_401' title='bbox 3368 3517 3631 3563; x_wconf 81' lang='lat' dir='ltr'><strong><em>secretum</em></strong></span> 
     </span>
    </p>
   </div>
   <div class='ocr_carea' id='block_1_63' title="bbox 2063 3585 3634 3667">
    <p class='ocr_par' dir='ltr' id='par_1_63' title="bbox 2063 3585 3634 3667">
     <span class='ocr_line' id='line_1_64' title="bbox 2063 3585 3634 3667; baseline 0.007 -25"><span class='ocrx_word' id='word_1_402' title='bbox 2063 3585 2447 3644; x_wconf 64' lang='lat' dir='ltr'><strong><em>misericordiae</em></strong></span> <span class='ocrx_word' id='word_1_403' title='bbox 2478 3604 2590 3646; x_wconf 70' lang='lat' dir='ltr'><strong><em>sua:</em></strong></span> <span class='ocrx_word' id='word_1_404' title='bbox 2618 3590 2715 3647; x_wconf 87' lang='lat' dir='ltr'><strong><em>tibi</em></strong></span> <span class='ocrx_word' id='word_1_405' title='bbox 2749 3609 2761 3646; x_wconf 90' lang='lat'>:</span> <span class='ocrx_word' id='word_1_406' title='bbox 2789 3594 2884 3648; x_wconf 89' lang='lat' dir='ltr'><strong><em>sed</em></strong></span> <span class='ocrx_word' id='word_1_407' title='bbox 2915 3601 2970 3647; x_wconf 91' lang='lat' dir='ltr'><strong><em>tu</em></strong></span> <span class='ocrx_word' id='word_1_408' title='bbox 3002 3593 3340 3662; x_wconf 87' lang='lat' dir='ltr'><strong><em>inobediens,</em></strong></span> <span class='ocrx_word' id='word_1_409' title='bbox 3386 3598 3503 3652; x_wconf 90' lang='lat' dir='ltr'><strong><em>suis</em></strong></span> <span class='ocrx_word' id='word_1_410' title='bbox 3521 3597 3634 3667; x_wconf 82' lang='lat' dir='ltr'><strong><em>jus-</em></strong></span> 
     </span>
    </p>
   </div>
   <div class='ocr_carea' id='block_1_64' title="bbox 2061 3674 3630 3748">
    <p class='ocr_par' dir='ltr' id='par_1_64' title="bbox 2061 3674 3630 3748">
     <span class='ocr_line' id='line_1_65' title="bbox 2061 3674 3630 3748; baseline 0.009 -19"><span class='ocrx_word' id='word_1_411' title='bbox 2061 3674 2304 3732; x_wconf 89' lang='lat' dir='ltr'><strong><em>sionibus</em></strong></span> <span class='ocrx_word' id='word_1_412' title='bbox 2329 3691 2521 3747; x_wconf 85' lang='lat' dir='ltr'><strong><em>parere</em></strong></span> <span class='ocrx_word' id='word_1_413' title='bbox 2547 3678 2694 3736; x_wconf 90' lang='lat' dir='ltr'><strong><em>nullo</em></strong></span> <span class='ocrx_word' id='word_1_414' title='bbox 2705 3683 2864 3737; x_wconf 91' lang='lat' dir='ltr'><strong><em>modo</em></strong></span> <span class='ocrx_word' id='word_1_415' title='bbox 2891 3681 3126 3748; x_wconf 89' lang='lat' dir='ltr'><strong><em>voluisti,</em></strong></span> <span class='ocrx_word' id='word_1_416' title='bbox 3155 3692 3449 3741; x_wconf 74' lang='lat' dir='ltr'><strong><em>contumax</em></strong></span> <span class='ocrx_word' id='word_1_417' title='bbox 3471 3687 3630 3742; x_wconf 67' lang='lat' dir='ltr'><strong><em>etiam</em></strong></span> 
     </span>
    </p>
   </div>
   <div class='ocr_carea' id='block_1_65' title="bbox 2060 3769 3630 3848">
    <p class='ocr_par' dir='ltr' id='par_1_65' title="bbox 2060 3769 3630 3848">
     <span class='ocr_line' id='line_1_66' title="bbox 2060 3769 3630 3848; baseline 0.006 -27"><span class='ocrx_word' id='word_1_418' title='bbox 2060 3776 2446 3837; x_wconf 65' lang='lat' dir='ltr'><strong><em>praeceptorum</em></strong></span> <span class='ocrx_word' id='word_1_419' title='bbox 2473 3784 2693 3825; x_wconf 89' lang='lat' dir='ltr'><strong><em>suorum</em></strong></span> <span class='ocrx_word' id='word_1_420' title='bbox 2706 3769 2857 3841; x_wconf 88' lang='lat' dir='ltr'><strong><em>jussa</em></strong></span> <span class='ocrx_word' id='word_1_421' title='bbox 2888 3773 3110 3844; x_wconf 87' lang='lat' dir='ltr'><strong><em>implere</em></strong></span> <span class='ocrx_word' id='word_1_422' title='bbox 3126 3776 3353 3831; x_wconf 88' lang='lat' dir='ltr'><strong><em>renuisti</em></strong></span> <span class='ocrx_word' id='word_1_423' title='bbox 3386 3794 3401 3832; x_wconf 90' lang='lat'><strong>:</strong></span> <span class='ocrx_word' id='word_1_424' title='bbox 3429 3787 3486 3833; x_wconf 88' lang='lat' dir='ltr'><strong><em>et</em></strong></span> <span class='ocrx_word' id='word_1_425' title='bbox 3510 3778 3630 3848; x_wconf 81' lang='lat' dir='ltr'><strong><em>quia</em></strong></span> 
     </span>
    </p>
   </div>
   <div class='ocr_carea' id='block_1_66' title="bbox 2062 3856 3623 3936">
    <p class='ocr_par' dir='ltr' id='par_1_66' title="bbox 2062 3856 3623 3936">
     <span class='ocr_line' id='line_1_67' title="bbox 2062 3856 3623 3936; baseline 0.007 -25"><span class='ocrx_word' id='word_1_426' title='bbox 2062 3856 2179 3912; x_wconf 60' lang='lat' dir='ltr'><strong><em>hate</em></strong></span> <span class='ocrx_word' id='word_1_427' title='bbox 2209 3873 2328 3928; x_wconf 71' lang='lat' dir='ltr'><strong><em>qua:</em></strong></span> <span class='ocrx_word' id='word_1_428' title='bbox 2364 3860 2525 3916; x_wconf 88' lang='lat' dir='ltr'><strong><em>tertio</em></strong></span> <span class='ocrx_word' id='word_1_429' title='bbox 2557 3860 2652 3917; x_wconf 89' lang='lat' dir='ltr'><strong><em>tibi</em></strong></span> <span class='ocrx_word' id='word_1_430' title='bbox 2673 3863 3039 3920; x_wconf 88' lang='lat' dir='ltr'><strong><em>nuntiavimus</em></strong></span> <span class='ocrx_word' id='word_1_431' title='bbox 3063 3865 3481 3936; x_wconf 88' lang='lat' dir='ltr'><strong><em>parvipendcns,</em></strong></span> <span class='ocrx_word' id='word_1_432' title='bbox 3523 3882 3623 3922; x_wconf 82' lang='lat' dir='ltr'><strong><em>non</em></strong></span> 
     </span>
    </p>
   </div>
   <div class='ocr_carea' id='block_1_67' title="bbox 2061 3945 3627 4027">
    <p class='ocr_par' dir='ltr' id='par_1_67' title="bbox 2061 3945 3627 4027">
     <span class='ocr_line' id='line_1_68' title="bbox 2061 3945 3627 4027; baseline 0.009 -27"><span class='ocrx_word' id='word_1_433' title='bbox 2061 3945 2314 4002; x_wconf 84' lang='lat' dir='ltr'><strong><em>oblivioni</em></strong></span> <span class='ocrx_word' id='word_1_434' title='bbox 2359 3956 2569 4005; x_wconf 88' lang='lat' dir='ltr'><strong><em>tantum</em></strong></span> <span class='ocrx_word' id='word_1_435' title='bbox 2621 3951 2906 4027; x_wconf 85' lang='lat' dir='ltr'><strong><em>tradidisti,</em></strong></span> <span class='ocrx_word' id='word_1_436' title='bbox 2962 3970 3065 4009; x_wconf 91' lang='lat' dir='ltr'><strong><em>non</em></strong></span> <span class='ocrx_word' id='word_1_437' title='bbox 3096 3956 3384 4013; x_wconf 83' lang='lat' dir='ltr'><strong><em>attendens</em></strong></span> <span class='ocrx_word' id='word_1_438' title='bbox 3418 3958 3627 4014; x_wconf 62' lang='lat' dir='ltr'><strong><em>coalitus</em></strong></span> 
     </span>
    </p>
   </div>
   <div class='ocr_carea' id='block_1_68' title="bbox 382 4029 3626 4115">
    <p class='ocr_par' dir='ltr' id='par_1_68' title="bbox 382 4029 3626 4115">
     <span class='ocr_line' id='line_1_69' title="bbox 382 4029 3626 4115; baseline 0.003 -22"><span class='ocrx_word' id='word_1_439' title='bbox 382 4034 581 4096; x_wconf 84' lang='lat' dir='ltr'><strong><em>ducere</em></strong></span> <span class='ocrx_word' id='word_1_440' title='bbox 604 4054 696 4095; x_wconf 89' lang='lat' dir='ltr'><strong><em>eos</em></strong></span> <span class='ocrx_word' id='word_1_441' title='bbox 723 4041 1052 4111; x_wconf 86' lang='lat' dir='ltr'><strong><em>asportando</em></strong></span> <span class='ocrx_word' id='word_1_442' title='bbox 1089 4039 1256 4094; x_wconf 77' lang='lat' dir='ltr'><strong><em>facias</em></strong></span> <span class='ocrx_word' id='word_1_443' title='bbox 1281 4037 1349 4092; x_wconf 91' lang='lat' dir='ltr'><strong><em>ad</em></strong></span> <span class='ocrx_word' id='word_1_444' title='bbox 1372 4035 1591 4108; x_wconf 83' lang='lat' dir='ltr'><strong><em>prepria</em></strong></span> <span class='ocrx_word' id='word_1_445' title='bbox 1627 4034 1703 4089; x_wconf 92' lang='lat' dir='ltr'><strong><em>tui</em></strong></span> <span class='ocrx_word' id='word_1_446' title='bbox 1733 4033 1958 4090; x_wconf 88' lang='lat' dir='ltr'><strong><em>honoris</em></strong></span> <span class='ocrx_word' id='word_1_447' title='bbox 1985 4029 2030 4092; x_wconf 89' lang='lat' dir='ltr'><strong><em>C</em></strong></span> <span class='ocrx_word' id='word_1_448' title='bbox 2062 4033 2157 4090; x_wconf 87' lang='lat' dir='ltr'><strong><em>tibi</em></strong></span> <span class='ocrx_word' id='word_1_449' title='bbox 2182 4030 2516 4094; x_wconf 82' lang='lat' dir='ltr'><strong><em>secretorum</em></strong></span> <span class='ocrx_word' id='word_1_450' title='bbox 2550 4054 2749 4096; x_wconf 87' lang='lat' dir='ltr'><strong><em>arcana</em></strong></span> <span class='ocrx_word' id='word_1_451' title='bbox 2778 4041 3034 4109; x_wconf 88' lang='lat' dir='ltr'><strong><em>revelari;</em></strong></span> <span class='ocrx_word' id='word_1_452' title='bbox 3086 4045 3180 4100; x_wconf 89' lang='lat' dir='ltr'><strong><em>sed</em></strong></span> <span class='ocrx_word' id='word_1_453' title='bbox 3202 4047 3332 4115; x_wconf 87' lang='lat' dir='ltr'><strong><em>quia</em></strong></span> <span class='ocrx_word' id='word_1_454' title='bbox 3357 4047 3473 4102; x_wconf 63' lang='lat' dir='ltr'><strong><em>haec</em></strong></span> <span class='ocrx_word' id='word_1_455' title='bbox 3491 4049 3626 4102; x_wconf 79' lang='lat' dir='ltr'><strong><em>intra</em></strong></span> 
     </span>
    </p>
   </div>
   <div class='ocr_carea' id='block_1_69' title="bbox 382 4125 1991 4199">
    <p class='ocr_par' dir='ltr' id='par_1_69' title="bbox 382 4125 1991 4199">
     <span class='ocr_line' id='line_1_70' title="bbox 382 4125 1991 4199; baseline -0.002 -18"><span class='ocrx_word' id='word_1_456' title='bbox 382 4128 520 4193; x_wconf 89' lang='lat' dir='ltr'><strong><em>loca,</em></strong></span> <span class='ocrx_word' id='word_1_457' title='bbox 544 4138 835 4199; x_wconf 87' lang='lat' dir='ltr'><strong><em>custosque</em></strong></span> <span class='ocrx_word' id='word_1_458' title='bbox 859 4144 1046 4183; x_wconf 88' lang='lat' dir='ltr'><strong><em>eorum</em></strong></span> <span class='ocrx_word' id='word_1_459' title='bbox 1068 4126 1215 4183; x_wconf 90' lang='lat' dir='ltr'><strong><em>omni</em></strong></span> <span class='ocrx_word' id='word_1_460' title='bbox 1239 4135 1481 4196; x_wconf 89' lang='lat' dir='ltr'><strong><em>tempore</em></strong></span> <span class='ocrx_word' id='word_1_461' title='bbox 1502 4125 1621 4191; x_wconf 85' lang='lat' dir='ltr'><strong><em>fias,</em></strong></span> <span class='ocrx_word' id='word_1_462' title='bbox 1645 4132 1807 4195; x_wconf 89' lang='lat' dir='ltr'><strong><em>atque</em></strong></span> <span class='ocrx_word' id='word_1_463' title='bbox 1820 4136 1956 4193; x_wconf 65' lang='lat' dir='ltr'><strong><em>pra:-</em></strong></span> <span class='ocrx_word' id='word_1_464' title='bbox 1982 4184 1991 4191; x_wconf 35' lang='grc' dir='ltr'><em>λ</em></span> 
     </span>
    </p>
   </div>
   <div class='ocr_carea' id='block_1_70' title="bbox 383 4212 1956 4289">
    <p class='ocr_par' dir='ltr' id='par_1_70' title="bbox 383 4212 1956 4289">
     <span class='ocr_line' id='line_1_71' title="bbox 383 4212 1956 4289; baseline -0.004 -15"><span class='ocrx_word' id='word_1_465' title='bbox 383 4220 571 4275; x_wconf 81' lang='lat' dir='ltr'><strong><em>videas</em></strong></span> <span class='ocrx_word' id='word_1_466' title='bbox 595 4220 662 4275; x_wconf 89' lang='lat' dir='ltr'><strong><em>ad</em></strong></span> <span class='ocrx_word' id='word_1_467' title='bbox 691 4235 878 4275; x_wconf 90' lang='lat' dir='ltr'><strong><em>eorum</em></strong></span> <span class='ocrx_word' id='word_1_468' title='bbox 915 4218 1186 4274; x_wconf 87' lang='lat' dir='ltr'><strong><em>humanda</em></strong></span> <span class='ocrx_word' id='word_1_469' title='bbox 1214 4232 1440 4289; x_wconf 89' lang='lat' dir='ltr'><strong><em>corpora</em></strong></span> <span class='ocrx_word' id='word_1_470' title='bbox 1468 4216 1586 4272; x_wconf 87' lang='lat' dir='ltr'><strong><em>loca</em></strong></span> <span class='ocrx_word' id='word_1_471' title='bbox 1611 4213 1726 4271; x_wconf 88' lang='lat' dir='ltr'><strong><em>suis</em></strong></span> <span class='ocrx_word' id='word_1_472' title='bbox 1764 4212 1956 4269; x_wconf 84' lang='lat' dir='ltr'><strong><em>nitori-</em></strong></span> 
     </span>
    </p>
   </div>
   <div class='ocr_carea' id='block_1_71' title="bbox 380 4305 1956 4381">
    <p class='ocr_par' dir='ltr' id='par_1_71' title="bbox 380 4305 1956 4381">
     <span class='ocr_line' id='line_1_72' title="bbox 380 4305 1956 4381; baseline -0.003 -16"><span class='ocrx_word' id='word_1_473' title='bbox 380 4312 481 4367; x_wconf 87' lang='lat' dir='ltr'><strong><em>bus</em></strong></span> <span class='ocrx_word' id='word_1_474' title='bbox 526 4319 670 4381; x_wconf 85' lang='lat' dir='ltr'><strong><em>apta,</em></strong></span> <span class='ocrx_word' id='word_1_475' title='bbox 723 4309 812 4364; x_wconf 87' lang='lat' dir='ltr'><strong><em>ubi</em></strong></span> <span class='ocrx_word' id='word_1_476' title='bbox 845 4307 1143 4364; x_wconf 75' lang='lat' dir='ltr'><strong><em>honorifice</em></strong></span> <span class='ocrx_word' id='word_1_477' title='bbox 1175 4322 1498 4379; x_wconf 86' lang='lat' dir='ltr'><strong><em>permanere</em></strong></span> <span class='ocrx_word' id='word_1_478' title='bbox 1551 4306 1785 4361; x_wconf 84' lang='lat' dir='ltr'><strong><em>valeant.</em></strong></span> <span class='ocrx_word' id='word_1_479' title='bbox 1840 4305 1956 4372; x_wconf 88' lang='lat' dir='ltr'><strong><em>Quo</em></strong></span> 
     </span>
    </p>
   </div>
   <div class='ocr_carea' id='block_1_72' title="bbox 383 4396 1955 4464">
    <p class='ocr_par' dir='ltr' id='par_1_72' title="bbox 383 4396 1955 4464">
     <span class='ocr_line' id='line_1_73' title="bbox 383 4396 1955 4464; baseline 0 -13"><span class='ocrx_word' id='word_1_480' title='bbox 383 4398 529 4451; x_wconf 65' lang='lat' dir='ltr'><strong><em>dicto</em></strong></span> <span class='ocrx_word' id='word_1_481' title='bbox 565 4412 693 4459; x_wconf 75' lang='lat' dir='ltr'><strong><em>mox</em></strong></span> <span class='ocrx_word' id='word_1_482' title='bbox 751 4405 1108 4453; x_wconf 89' lang='lat' dir='ltr'><strong><em>evanuerunt.</em></strong></span> <span class='ocrx_word' id='word_1_483' title='bbox 1169 4396 1272 4464; x_wconf 86' lang='lat' dir='ltr'><strong><em>Qui</em></strong></span> <span class='ocrx_word' id='word_1_484' title='bbox 1324 4410 1679 4464; x_wconf 75' lang='lat' dir='ltr'><strong><em>consurgens,</em></strong></span> <span class='ocrx_word' id='word_1_485' title='bbox 1733 4396 1955 4451; x_wconf 71' lang='lat' dir='ltr'><strong><em>reducm</em></strong></span> 
     </span>
    </p>
   </div>
   <div class='ocr_carea' id='block_1_73' title="bbox 377 4486 1952 4561">
    <p class='ocr_par' dir='ltr' id='par_1_73' title="bbox 377 4486 1952 4561">
     <span class='ocr_line' id='line_1_74' title="bbox 377 4486 1952 4561; baseline -0.001 -19"><span class='ocrx_word' id='word_1_486' title='bbox 377 4503 539 4561; x_wconf 84' lang='lat' dir='ltr'><strong><em>quam</em></strong></span> <span class='ocrx_word' id='word_1_487' title='bbox 570 4486 779 4542; x_wconf 84' lang='lat' dir='ltr'><strong><em>viderat</em></strong></span> <span class='ocrx_word' id='word_1_488' title='bbox 837 4487 1046 4541; x_wconf 88' lang='lat' dir='ltr'><strong><em>visione</em></strong></span> <span class='ocrx_word' id='word_1_489' title='bbox 1082 4486 1152 4541; x_wconf 85' lang='lat' dir='ltr'><strong><em>ad</em></strong></span> <span class='ocrx_word' id='word_1_490' title='bbox 1179 4486 1520 4551; x_wconf 83' lang='lat' dir='ltr'><strong><em>memoriam,</em></strong></span> <span class='ocrx_word' id='word_1_491' title='bbox 1565 4494 1952 4541; x_wconf 86' lang='lat' dir='ltr'><strong><em>consternatus</em></strong></span> 
     </span>
    </p>
   </div>
   <div class='ocr_carea' id='block_1_74' title="bbox 378 4575 1952 4633">
    <p class='ocr_par' dir='ltr' id='par_1_74' title="bbox 378 4575 1952 4633">
     <span class='ocr_line' id='line_1_75' title="bbox 378 4575 1952 4633; baseline -0.002 0"><span class='ocrx_word' id='word_1_492' title='bbox 378 4577 559 4633; x_wconf 81' lang='lat' dir='ltr'><strong><em>animo</em></strong></span> <span class='ocrx_word' id='word_1_493' title='bbox 588 4576 956 4631; x_wconf 88' lang='lat' dir='ltr'><strong><em>incredibilem</em></strong></span> <span class='ocrx_word' id='word_1_494' title='bbox 1002 4575 1284 4629; x_wconf 78' lang='lat' dir='ltr'><strong><em>exhorruit</em></strong></span> <span class='ocrx_word' id='word_1_495' title='bbox 1316 4576 1510 4631; x_wconf 90' lang='lat' dir='ltr'><strong><em>visum.</em></strong></span> <span class='ocrx_word' id='word_1_496' title='bbox 1560 4575 1695 4630; x_wconf 88' lang='lat' dir='ltr'><strong><em>Nam</em></strong></span> <span class='ocrx_word' id='word_1_497' title='bbox 1724 4576 1952 4631; x_wconf 87' lang='lat' dir='ltr'><strong><em>credidit</em></strong></span> 
     </span>
    </p>
   </div>
   <div class='ocr_carea' id='block_1_75' title="bbox 378 4664 1952 4739">
    <p class='ocr_par' dir='ltr' id='par_1_75' title="bbox 378 4664 1952 4739">
     <span class='ocr_line' id='line_1_76' title="bbox 378 4664 1952 4739; baseline 0.001 -19"><span class='ocrx_word' id='word_1_498' title='bbox 378 4666 802 4739; x_wconf 86' lang='lat' dir='ltr'><strong><em>phantasmatica</em></strong></span> <span class='ocrx_word' id='word_1_499' title='bbox 848 4664 1096 4720; x_wconf 89' lang='lat' dir='ltr'><strong><em>illusione</em></strong></span> <span class='ocrx_word' id='word_1_500' title='bbox 1124 4678 1183 4720; x_wconf 91' lang='lat' dir='ltr'><strong><em>se</em></strong></span> <span class='ocrx_word' id='word_1_501' title='bbox 1229 4665 1498 4731; x_wconf 90' lang='lat' dir='ltr'><strong><em>delusum,</em></strong></span> <span class='ocrx_word' id='word_1_502' title='bbox 1535 4673 1593 4720; x_wconf 90' lang='lat' dir='ltr'><strong><em>et</em></strong></span> <span class='ocrx_word' id='word_1_503' title='bbox 1632 4666 1701 4720; x_wconf 89' lang='lat' dir='ltr'><strong><em>ob</em></strong></span> <span class='ocrx_word' id='word_1_504' title='bbox 1728 4666 1782 4721; x_wconf 83' lang='lat' dir='ltr'><strong><em>id</em></strong></span> <span class='ocrx_word' id='word_1_505' title='bbox 1822 4665 1952 4722; x_wconf 82' lang='lat' dir='ltr'><strong><em>nulli</em></strong></span> 
     </span>
    </p>
   </div>
   <div class='ocr_carea' id='block_1_76' title="bbox 379 4754 1949 4826">
    <p class='ocr_par' dir='ltr' id='par_1_76' title="bbox 379 4754 1949 4826">
     <span class='ocr_line' id='line_1_77' title="bbox 379 4754 1949 4826; baseline 0 -15"><span class='ocrx_word' id='word_1_506' title='bbox 379 4756 657 4824; x_wconf 77' lang='lat' dir='ltr'><strong><em>indicavit,</em></strong></span> <span class='ocrx_word' id='word_1_507' title='bbox 695 4757 789 4811; x_wconf 82' lang='lat' dir='ltr'><strong><em>sed</em></strong></span> <span class='ocrx_word' id='word_1_508' title='bbox 834 4772 929 4826; x_wconf 89' lang='lat' dir='ltr'><strong><em>per</em></strong></span> <span class='ocrx_word' id='word_1_509' title='bbox 975 4756 1158 4811; x_wconf 89' lang='lat' dir='ltr'><strong><em>omnia</em></strong></span> <span class='ocrx_word' id='word_1_510' title='bbox 1192 4754 1450 4810; x_wconf 89' lang='lat' dir='ltr'><strong><em>oblivioni</em></strong></span> <span class='ocrx_word' id='word_1_511' title='bbox 1479 4754 1717 4810; x_wconf 85' lang='lat' dir='ltr'><strong><em>tradidit.</em></strong></span> <span class='ocrx_word' id='word_1_512' title='bbox 1756 4756 1949 4811; x_wconf 89' lang='lat' dir='ltr'><strong><em>Consi-</em></strong></span> 
     </span>
    </p>
   </div>
   <div class='ocr_carea' id='block_1_77' title="bbox 378 4845 1952 4919">
    <p class='ocr_par' dir='ltr' id='par_1_77' title="bbox 378 4845 1952 4919">
     <span class='ocr_line' id='line_1_78' title="bbox 378 4845 1952 4919; baseline 0.002 -18"><span class='ocrx_word' id='word_1_513' title='bbox 378 4846 587 4919; x_wconf 80' lang='lat' dir='ltr'><strong><em>deravit</em></strong></span> <span class='ocrx_word' id='word_1_514' title='bbox 633 4855 813 4903; x_wconf 87' lang='lat' dir='ltr'><strong><em>autem</em></strong></span> <span class='ocrx_word' id='word_1_515' title='bbox 856 4847 1182 4918; x_wconf 84' lang='lat' dir='ltr'><strong><em>ponderibus</em></strong></span> <span class='ocrx_word' id='word_1_516' title='bbox 1217 4846 1507 4901; x_wconf 88' lang='lat' dir='ltr'><strong><em>multorum</em></strong></span> <span class='ocrx_word' id='word_1_517' title='bbox 1547 4845 1840 4903; x_wconf 87' lang='lat' dir='ltr'><strong><em>criminum</em></strong></span> <span class='ocrx_word' id='word_1_518' title='bbox 1893 4863 1952 4904; x_wconf 87' lang='lat' dir='ltr'><strong><em>se</em></strong></span> 
     </span>
    </p>
   </div>
   <div class='ocr_carea' id='block_1_78' title="bbox 377 4938 1949 5010">
    <p class='ocr_par' dir='ltr' id='par_1_78' title="bbox 377 4938 1949 5010">
     <span class='ocr_line' id='line_1_79' title="bbox 377 4938 1949 5010; baseline 0.001 -17"><span class='ocrx_word' id='word_1_519' title='bbox 377 4940 582 4994; x_wconf 86' lang='lat' dir='ltr'><strong><em>iilatum</em></strong></span> <span class='ocrx_word' id='word_1_520' title='bbox 608 4952 657 5004; x_wconf 68' lang='grc' dir='ltr'><strong><em>υ,</em></strong></span> <span class='ocrx_word' id='word_1_521' title='bbox 685 4955 750 4995; x_wconf 85' lang='lat' dir='ltr'><strong><em>ac</em></strong></span> <span class='ocrx_word' id='word_1_522' title='bbox 768 4939 951 4996; x_wconf 61' lang='lat' dir='ltr'><strong><em>smculi</em></strong></span> <span class='ocrx_word' id='word_1_523' title='bbox 975 4939 1182 4994; x_wconf 87' lang='lat' dir='ltr'><strong><em>scilicet</em></strong></span> <span class='ocrx_word' id='word_1_524' title='bbox 1208 4938 1489 4994; x_wconf 86' lang='lat' dir='ltr'><strong><em>laicalibus</em></strong></span> <span class='ocrx_word' id='word_1_525' title='bbox 1512 4938 1748 5008; x_wconf 72' lang='lat' dir='ltr'><strong><em>negotiis</em></strong></span> <span class='ocrx_word' id='word_1_526' title='bbox 1773 4940 1949 5010; x_wconf 83' lang='lat' dir='ltr'><strong><em>impli-</em></strong></span> 
     </span>
    </p>
   </div>
   <div class='ocr_carea' id='block_1_79' title="bbox 378 5029 1950 5095">
    <p class='ocr_par' dir='ltr' id='par_1_79' title="bbox 378 5029 1950 5095">
     <span class='ocr_line' id='line_1_80' title="bbox 378 5029 1950 5095; baseline 0.004 -13"><span class='ocrx_word' id='word_1_527' title='bbox 378 5041 578 5095; x_wconf 74' lang='lat' dir='ltr'><strong><em>catum,</em></strong></span> <span class='ocrx_word' id='word_1_528' title='bbox 600 5031 897 5085; x_wconf 86' lang='lat' dir='ltr'><strong><em>visionibus</em></strong></span> <span class='ocrx_word' id='word_1_529' title='bbox 934 5029 1077 5084; x_wconf 91' lang='lat' dir='ltr'><strong><em>nullo</em></strong></span> <span class='ocrx_word' id='word_1_530' title='bbox 1109 5030 1267 5084; x_wconf 84' lang='lat' dir='ltr'><strong><em>modo</em></strong></span> <span class='ocrx_word' id='word_1_531' title='bbox 1296 5044 1353 5085; x_wconf 89' lang='lat' dir='ltr'><strong><em>se</em></strong></span> <span class='ocrx_word' id='word_1_532' title='bbox 1379 5031 1610 5085; x_wconf 76' lang='lat' dir='ltr'><strong><em>credens</em></strong></span> <span class='ocrx_word' id='word_1_533' title='bbox 1633 5031 1950 5089; x_wconf 60' lang='lat' dir='ltr'><strong><em>caelestibus</em></strong></span> 
     </span>
    </p>
   </div>
   <div class='ocr_carea' id='block_1_80' title="bbox 376 5120 1950 5192">
    <p class='ocr_par' dir='ltr' id='par_1_80' title="bbox 376 5120 1950 5192">
     <span class='ocr_line' id='line_1_81' title="bbox 376 5120 1950 5192; baseline 0.003 -19"><span class='ocrx_word' id='word_1_534' title='bbox 376 5120 608 5191; x_wconf 77' lang='lat' dir='ltr'><strong><em>perfrui,</em></strong></span> <span class='ocrx_word' id='word_1_535' title='bbox 633 5138 736 5177; x_wconf 90' lang='lat' dir='ltr'><strong><em>nec</em></strong></span> <span class='ocrx_word' id='word_1_536' title='bbox 760 5129 1069 5177; x_wconf 83' lang='lat' dir='ltr'><strong><em>sanctorum</em></strong></span> <span class='ocrx_word' id='word_1_537' title='bbox 1095 5134 1325 5191; x_wconf 87' lang='lat' dir='ltr'><strong><em>corpora</em></strong></span> <span class='ocrx_word' id='word_1_538' title='bbox 1361 5121 1428 5175; x_wconf 86' lang='lat' dir='ltr'><strong><em>de</em></strong></span> <span class='ocrx_word' id='word_1_539' title='bbox 1460 5126 1646 5175; x_wconf 82' lang='lat' dir='ltr'><strong><em>eorum</em></strong></span> <span class='ocrx_word' id='word_1_540' title='bbox 1688 5121 1950 5192; x_wconf 85' lang='lat' dir='ltr'><strong><em>sepulcris</em></strong></span> 
     </span>
    </p>
   </div>
   <div class='ocr_carea' id='block_1_81' title="bbox 375 5210 1943 5282">
    <p class='ocr_par' dir='ltr' id='par_1_81' title="bbox 375 5210 1943 5282">
     <span class='ocr_line' id='line_1_82' title="bbox 375 5210 1943 5282; baseline 0 -17"><span class='ocrx_word' id='word_1_541' title='bbox 375 5212 686 5278; x_wconf 82' lang='lat' dir='ltr'><strong><em>sublevare,</em></strong></span> <span class='ocrx_word' id='word_1_542' title='bbox 714 5227 888 5282; x_wconf 89' lang='lat' dir='ltr'><strong><em>neque</em></strong></span> <span class='ocrx_word' id='word_1_543' title='bbox 929 5211 1127 5265; x_wconf 87' lang='lat' dir='ltr'><strong><em>audere</em></strong></span> <span class='ocrx_word' id='word_1_544' title='bbox 1159 5210 1226 5264; x_wconf 88' lang='lat' dir='ltr'><strong><em>ad</em></strong></span> <span class='ocrx_word' id='word_1_545' title='bbox 1262 5211 1481 5281; x_wconf 88' lang='lat' dir='ltr'><strong><em>propria</em></strong></span> <span class='ocrx_word' id='word_1_546' title='bbox 1507 5210 1619 5265; x_wconf 85' lang='lat' dir='ltr'><strong><em>loca</em></strong></span> <span class='ocrx_word' id='word_1_547' title='bbox 1645 5222 1943 5282; x_wconf 79' lang='lat' dir='ltr'><strong><em>asportare.</em></strong></span> 
     </span>
    </p>
   </div>
   <div class='ocr_carea' id='block_1_82' title="bbox 445 5302 1944 5373">
    <p class='ocr_par' dir='ltr' id='par_1_82' title="bbox 445 5302 1944 5373">
     <span class='ocr_line' id='line_1_83' title="bbox 445 5302 1944 5373; baseline -0.001 -12"><span class='ocrx_word' id='word_1_548' title='bbox 445 5302 675 5362; x_wconf 83' lang='lat' dir='ltr'><strong><em>Peracto</em></strong></span> <span class='ocrx_word' id='word_1_549' title='bbox 702 5304 883 5372; x_wconf 87' lang='lat' dir='ltr'><strong><em>itaque</em></strong></span> <span class='ocrx_word' id='word_1_550' title='bbox 908 5303 1140 5372; x_wconf 86' lang='lat' dir='ltr'><strong><em>quodam</em></strong></span> <span class='ocrx_word' id='word_1_551' title='bbox 1169 5303 1343 5372; x_wconf 87' lang='lat' dir='ltr'><strong><em>spatio</em></strong></span> <span class='ocrx_word' id='word_1_552' title='bbox 1387 5304 1667 5373; x_wconf 84' lang='lat' dir='ltr'><strong><em>temporis,</em></strong></span> <span class='ocrx_word' id='word_1_553' title='bbox 1707 5304 1944 5359; x_wconf 82' lang='lat' dir='ltr'><strong><em>secunda</em></strong></span> 
     </span>
    </p>
   </div>
   <div class='ocr_carea' id='block_1_83' title="bbox 2060 4129 3629 4203">
    <p class='ocr_par' dir='ltr' id='par_1_83' title="bbox 2060 4129 3629 4203">
     <span class='ocr_line' id='line_1_84' title="bbox 2060 4129 3629 4203; baseline 0.006 -23"><span class='ocrx_word' id='word_1_554' title='bbox 2060 4134 2113 4182; x_wconf 84' lang='lat' dir='ltr'><strong><em>te</em></strong></span> <span class='ocrx_word' id='word_1_555' title='bbox 2142 4135 2422 4198; x_wconf 90' lang='lat' dir='ltr'><strong><em>penetrare</em></strong></span> <span class='ocrx_word' id='word_1_556' title='bbox 2445 4129 2688 4196; x_wconf 87' lang='lat' dir='ltr'><strong><em>noluisti,</em></strong></span> <span class='ocrx_word' id='word_1_557' title='bbox 2712 4146 2972 4202; x_wconf 89' lang='lat' dir='ltr'><strong><em>spernens</em></strong></span> <span class='ocrx_word' id='word_1_558' title='bbox 2996 4131 3281 4203; x_wconf 85' lang='lat' dir='ltr'><strong><em>legationis</em></strong></span> <span class='ocrx_word' id='word_1_559' title='bbox 3308 4144 3509 4190; x_wconf 70' lang='lat' dir='ltr'><strong><em>nostra:</em></strong></span> <span class='ocrx_word' id='word_1_560' title='bbox 3532 4137 3629 4190; x_wconf 79' lang='lat' dir='ltr'><strong><em>im-</em></strong></span> 
     </span>
    </p>
   </div>
   <div class='ocr_carea' id='block_1_84' title="bbox 2057 4217 3630 4296">
    <p class='ocr_par' dir='ltr' id='par_1_84' title="bbox 2057 4217 3630 4296">
     <span class='ocr_line' id='line_1_85' title="bbox 2057 4217 3630 4296; baseline 0.005 -24"><span class='ocrx_word' id='word_1_561' title='bbox 2057 4217 2288 4289; x_wconf 89' lang='lat' dir='ltr'><strong><em>perium,</em></strong></span> <span class='ocrx_word' id='word_1_562' title='bbox 2326 4235 2453 4276; x_wconf 88' lang='lat' dir='ltr'><strong><em>ecce</em></strong></span> <span class='ocrx_word' id='word_1_563' title='bbox 2489 4220 2843 4291; x_wconf 88' lang='lat' dir='ltr'><strong><em>complebitur</em></strong></span> <span class='ocrx_word' id='word_1_564' title='bbox 2889 4239 3051 4293; x_wconf 90' lang='lat' dir='ltr'><strong><em>super</em></strong></span> <span class='ocrx_word' id='word_1_565' title='bbox 3082 4232 3137 4280; x_wconf 92' lang='lat' dir='ltr'><strong><em>te</em></strong></span> <span class='ocrx_word' id='word_1_566' title='bbox 3178 4226 3322 4294; x_wconf 89' lang='lat' dir='ltr'><strong><em>quod</em></strong></span> <span class='ocrx_word' id='word_1_567' title='bbox 3352 4225 3630 4296; x_wconf 68' lang='lat' dir='ltr'><strong><em>Propheta.-</em></strong></span> 
     </span>
    </p>
   </div>
   <div class='ocr_carea' id='block_1_85' title="bbox 2058 4306 3625 4381">
    <p class='ocr_par' dir='ltr' id='par_1_85' title="bbox 2058 4306 3625 4381">
     <span class='ocr_line' id='line_1_86' title="bbox 2058 4306 3625 4381; baseline 0.005 -20"><span class='ocrx_word' id='word_1_568' title='bbox 2058 4306 2316 4365; x_wconf 88' lang='lat' dir='ltr'><strong><em>Dominus</em></strong></span> <span class='ocrx_word' id='word_1_569' title='bbox 2370 4326 2501 4367; x_wconf 83' lang='lat' dir='ltr'><strong><em>voce</em></strong></span> <span class='ocrx_word' id='word_1_570' title='bbox 2535 4310 2795 4381; x_wconf 89' lang='lat' dir='ltr'><strong><em>loquitur,</em></strong></span> <span class='ocrx_word' id='word_1_571' title='bbox 2834 4312 3018 4369; x_wconf 88' lang='lat' dir='ltr'><strong><em>dicens</em></strong></span> <span class='ocrx_word' id='word_1_572' title='bbox 3049 4332 3061 4366; x_wconf 92' lang='lat'>:</span> <span class='ocrx_word' id='word_1_573' title='bbox 3088 4312 3193 4379; x_wconf 79' lang='lat' dir='ltr'><strong><em>Qui</em></strong></span> <span class='ocrx_word' id='word_1_574' title='bbox 3225 4314 3391 4369; x_wconf 81' lang='lat' dir='ltr'><strong><em>noluit</em></strong></span> <span class='ocrx_word' id='word_1_575' title='bbox 3421 4316 3625 4369; x_wconf 72' lang='lat' dir='ltr'><strong><em>benedi-</em></strong></span> 
     </span>
    </p>
   </div>
   <div class='ocr_carea' id='block_1_86' title="bbox 2057 4397 3624 4471">
    <p class='ocr_par' dir='ltr' id='par_1_86' title="bbox 2057 4397 3624 4471">
     <span class='ocr_line' id='line_1_87' title="bbox 2057 4397 3624 4471; baseline 0.006 -21"><span class='ocrx_word' id='word_1_576' title='bbox 2057 4397 2300 4465; x_wconf 80' lang='lat' dir='ltr'><strong><em>ctionem,</em></strong></span> <span class='ocrx_word' id='word_1_577' title='bbox 2325 4398 2656 4471; x_wconf 80' lang='lat' dir='ltr'><strong><em>elongabilur</em></strong></span> <span class='ocrx_word' id='word_1_578' title='bbox 2691 4403 2757 4457; x_wconf 82' lang='lat' dir='ltr'><strong><em>ab</em></strong></span> <span class='ocrx_word' id='word_1_579' title='bbox 2799 4419 2880 4469; x_wconf 83' lang='lat' dir='ltr'><strong><em>eo,</em></strong></span> <span class='ocrx_word' id='word_1_580' title='bbox 2921 4413 2971 4459; x_wconf 86' lang='lat' dir='ltr'><strong><em>ct</em></strong></span> <span class='ocrx_word' id='word_1_581' title='bbox 2993 4404 3162 4459; x_wconf 82' lang='lat' dir='ltr'><strong><em>induit</em></strong></span> <span class='ocrx_word' id='word_1_582' title='bbox 3209 4405 3624 4460; x_wconf 75' lang='lat' dir='ltr'><strong><em>maledictionan</em></strong></span> 
     </span>
    </p>
   </div>
   <div class='ocr_carea' id='block_1_87' title="bbox 2055 4489 3625 4570">
    <p class='ocr_par' dir='ltr' id='par_1_87' title="bbox 2055 4489 3625 4570">
     <span class='ocr_line' id='line_1_88' title="bbox 2055 4489 3625 4570; baseline 0.007 -26"><span class='ocrx_word' id='word_1_583' title='bbox 2055 4489 2188 4544; x_wconf 82' lang='lat' dir='ltr'><strong><em>sicut</em></strong></span> <span class='ocrx_word' id='word_1_584' title='bbox 2214 4489 2595 4559; x_wconf 72' lang='lat' dir='ltr'><strong><em>vestimentum,</em></strong></span> <span class='ocrx_word' id='word_1_585' title='bbox 2641 4502 2747 4551; x_wconf 88' lang='lat' dir='ltr'><strong><em>etc.</em></strong></span> <span class='ocrx_word' id='word_1_586' title='bbox 2789 4493 2968 4567; x_wconf 77' lang='grc' dir='ltr'><strong><em>(Ρωι.</em></strong></span> <span class='ocrx_word' id='word_1_587' title='bbox 3077 4515 3208 4557; x_wconf 84' lang='lat' dir='ltr'><strong><em>cvtu</em></strong></span> <span class='ocrx_word' id='word_1_588' title='bbox 3239 4535 3258 4564; x_wconf 87' lang='grc'><strong>,</strong></span> <span class='ocrx_word' id='word_1_589' title='bbox 3306 4498 3426 4570; x_wconf 79' lang='grc'><strong><em>18.)</em></strong></span> <span class='ocrx_word' id='word_1_590' title='bbox 3476 4498 3625 4555; x_wconf 82' lang='lat' dir='ltr'><strong><em>Scias</em></strong></span> 
     </span>
    </p>
   </div>
   <div class='ocr_carea' id='block_1_88' title="bbox 2055 4583 3623 4659">
    <p class='ocr_par' dir='ltr' id='par_1_88' title="bbox 2055 4583 3623 4659">
     <span class='ocr_line' id='line_1_89' title="bbox 2055 4583 3623 4659; baseline 0.006 -26"><span class='ocrx_word' id='word_1_591' title='bbox 2055 4586 2237 4635; x_wconf 87' lang='lat' dir='ltr'><strong><em>autem</em></strong></span> <span class='ocrx_word' id='word_1_592' title='bbox 2273 4588 2349 4647; x_wconf 93' lang='lat' dir='ltr'><strong><em>te,</em></strong></span> <span class='ocrx_word' id='word_1_593' title='bbox 2396 4583 2651 4650; x_wconf 89' lang='lat' dir='ltr'><strong><em>quoniam</em></strong></span> <span class='ocrx_word' id='word_1_594' title='bbox 2686 4583 2754 4639; x_wconf 88' lang='lat' dir='ltr'><strong><em>ab</em></strong></span> <span class='ocrx_word' id='word_1_595' title='bbox 2784 4585 2887 4639; x_wconf 91' lang='lat' dir='ltr'><strong><em>isto</em></strong></span> <span class='ocrx_word' id='word_1_596' title='bbox 2915 4585 3002 4641; x_wconf 88' lang='lat' dir='ltr'><strong><em>die</em></strong></span> <span class='ocrx_word' id='word_1_597' title='bbox 3040 4595 3429 4657; x_wconf 71' lang='lat' dir='ltr'><strong><em>prmoeptorum</em></strong></span> <span class='ocrx_word' id='word_1_598' title='bbox 3478 4589 3623 4659; x_wconf 80' lang='lat' dir='ltr'><strong><em>jnssa</em></strong></span> 
     </span>
    </p>
   </div>
   <div class='ocr_carea' id='block_1_89' title="bbox 2053 4667 3622 4745">
    <p class='ocr_par' dir='ltr' id='par_1_89' title="bbox 2053 4667 3622 4745">
     <span class='ocr_line' id='line_1_90' title="bbox 2053 4667 3622 4745; baseline 0.006 -24"><span class='ocrx_word' id='word_1_599' title='bbox 2053 4667 2315 4738; x_wconf 84' lang='lat' dir='ltr'><strong><em>perficere</em></strong></span> <span class='ocrx_word' id='word_1_600' title='bbox 2360 4679 2589 4726; x_wconf 89' lang='lat' dir='ltr'><strong><em>conatus</em></strong></span> <span class='ocrx_word' id='word_1_601' title='bbox 2623 4687 2729 4727; x_wconf 89' lang='lat' dir='ltr'><strong><em>non</em></strong></span> <span class='ocrx_word' id='word_1_602' title='bbox 2776 4671 2964 4738; x_wconf 88' lang='lat' dir='ltr'><strong><em>fueris,</em></strong></span> <span class='ocrx_word' id='word_1_603' title='bbox 3003 4683 3227 4745; x_wconf 88' lang='lat' dir='ltr'><strong><em>propter</em></strong></span> <span class='ocrx_word' id='word_1_604' title='bbox 3254 4677 3396 4745; x_wconf 89' lang='lat' dir='ltr'><strong><em>quod</em></strong></span> <span class='ocrx_word' id='word_1_605' title='bbox 3447 4677 3622 4731; x_wconf 71' lang='lat' dir='ltr'><strong><em>inobo-</em></strong></span> 
     </span>
    </p>
   </div>
   <div class='ocr_carea' id='block_1_90' title="bbox 2054 4757 3619 4835">
    <p class='ocr_par' dir='ltr' id='par_1_90' title="bbox 2054 4757 3619 4835">
     <span class='ocr_line' id='line_1_91' title="bbox 2054 4757 3619 4835; baseline 0.005 -24"><span class='ocrx_word' id='word_1_606' title='bbox 2054 4757 2207 4813; x_wconf 87' lang='lat' dir='ltr'><strong><em>diens</em></strong></span> <span class='ocrx_word' id='word_1_607' title='bbox 2253 4758 2391 4813; x_wconf 82' lang='lat' dir='ltr'><strong><em>tanti</em></strong></span> <span class='ocrx_word' id='word_1_608' title='bbox 2417 4760 2675 4830; x_wconf 88' lang='lat' dir='ltr'><strong><em>temporis</em></strong></span> <span class='ocrx_word' id='word_1_609' title='bbox 2705 4760 2878 4831; x_wconf 86' lang='lat' dir='ltr'><strong><em>spatio</em></strong></span> <span class='ocrx_word' id='word_1_610' title='bbox 2911 4762 3187 4828; x_wconf 83' lang='lat' dir='ltr'><strong><em>exstitisti,</em></strong></span> <span class='ocrx_word' id='word_1_611' title='bbox 3226 4763 3489 4835; x_wconf 74' lang='lat' dir='ltr'><strong><em>languore</em></strong></span> <span class='ocrx_word' id='word_1_612' title='bbox 3514 4765 3619 4833; x_wconf 82' lang='lat' dir='ltr'><strong><em>plu-</em></strong></span> 
     </span>
    </p>
   </div>
   <div class='ocr_carea' id='block_1_91' title="bbox 2053 4849 3619 4925">
    <p class='ocr_par' dir='ltr' id='par_1_91' title="bbox 2053 4849 3619 4925">
     <span class='ocr_line' id='line_1_92' title="bbox 2053 4849 3619 4925; baseline 0.005 -23"><span class='ocrx_word' id='word_1_613' title='bbox 2053 4849 2190 4904; x_wconf 89' lang='lat' dir='ltr'><strong><em>rimo</em></strong></span> <span class='ocrx_word' id='word_1_614' title='bbox 2221 4859 2459 4920; x_wconf 90' lang='lat' dir='ltr'><strong><em>tempore</em></strong></span> <span class='ocrx_word' id='word_1_615' title='bbox 2486 4853 2750 4918; x_wconf 90' lang='lat' dir='ltr'><strong><em>consumi,</em></strong></span> <span class='ocrx_word' id='word_1_616' title='bbox 2788 4867 2852 4908; x_wconf 90' lang='lat' dir='ltr'><strong><em>ac</em></strong></span> <span class='ocrx_word' id='word_1_617' title='bbox 2908 4854 3013 4909; x_wconf 89' lang='lat' dir='ltr'><strong><em>tale</em></strong></span> <span class='ocrx_word' id='word_1_618' title='bbox 3070 4854 3144 4908; x_wconf 91' lang='lat' dir='ltr'><strong><em>tui</em></strong></span> <span class='ocrx_word' id='word_1_619' title='bbox 3193 4857 3439 4925; x_wconf 88' lang='lat' dir='ltr'><strong><em>corporis</em></strong></span> <span class='ocrx_word' id='word_1_620' title='bbox 3477 4857 3619 4911; x_wconf 81' lang='lat' dir='ltr'><strong><em>luere</em></strong></span> 
     </span>
    </p>
   </div>
   <div class='ocr_carea' id='block_1_92' title="bbox 2051 4939 3617 5011">
    <p class='ocr_par' dir='ltr' id='par_1_92' title="bbox 2051 4939 3617 5011">
     <span class='ocr_line' id='line_1_93' title="bbox 2051 4939 3617 5011; baseline 0.003 -18"><span class='ocrx_word' id='word_1_621' title='bbox 2051 4939 2451 5004; x_wconf 86' lang='lat' dir='ltr'><strong><em>detrimentum,</em></strong></span> <span class='ocrx_word' id='word_1_622' title='bbox 2508 4949 2570 4995; x_wconf 86' lang='lat' dir='ltr'><strong><em>ut</em></strong></span> <span class='ocrx_word' id='word_1_623' title='bbox 2601 4949 2799 5011; x_wconf 63' lang='lat' dir='ltr'><strong><em>praeter</em></strong></span> <span class='ocrx_word' id='word_1_624' title='bbox 2827 4958 3038 4997; x_wconf 85' lang='lat' dir='ltr'><strong><em>servum</em></strong></span> <span class='ocrx_word' id='word_1_625' title='bbox 3072 4943 3164 4997; x_wconf 90' lang='lat' dir='ltr'><strong><em>Dei</em></strong></span> <span class='ocrx_word' id='word_1_626' title='bbox 3198 4943 3300 4999; x_wconf 81' lang='lat' dir='ltr'><strong><em>Job</em></strong></span> <span class='ocrx_word' id='word_1_627' title='bbox 3328 4945 3506 4999; x_wconf 89' lang='lat' dir='ltr'><strong><em>nullus</em></strong></span> <span class='ocrx_word' id='word_1_628' title='bbox 3532 4946 3617 4999; x_wconf 85' lang='lat' dir='ltr'><strong><em>ho-</em></strong></span> 
     </span>
    </p>
   </div>
   <div class='ocr_carea' id='block_1_93' title="bbox 2050 5030 3616 5104">
    <p class='ocr_par' dir='ltr' id='par_1_93' title="bbox 2050 5030 3616 5104">
     <span class='ocr_line' id='line_1_94' title="bbox 2050 5030 3616 5104; baseline 0.004 -21"><span class='ocrx_word' id='word_1_629' title='bbox 2050 5030 2256 5083; x_wconf 85' lang='lat' dir='ltr'><strong><em>minum</em></strong></span> <span class='ocrx_word' id='word_1_630' title='bbox 2289 5031 2356 5085; x_wconf 87' lang='lat' dir='ltr'><strong><em>ad</em></strong></span> <span class='ocrx_word' id='word_1_631' title='bbox 2402 5031 2585 5085; x_wconf 88' lang='lat' dir='ltr'><strong><em>vitalia</em></strong></span> <span class='ocrx_word' id='word_1_632' title='bbox 2626 5032 2838 5086; x_wconf 88' lang='lat' dir='ltr'><strong><em>rediens</em></strong></span> <span class='ocrx_word' id='word_1_633' title='bbox 2873 5033 3011 5087; x_wconf 88' lang='lat' dir='ltr'><strong><em>dona</em></strong></span> <span class='ocrx_word' id='word_1_634' title='bbox 3049 5032 3257 5099; x_wconf 88' lang='lat' dir='ltr'><strong><em>fuisset,</em></strong></span> <span class='ocrx_word' id='word_1_635' title='bbox 3285 5042 3513 5104; x_wconf 59' lang='lat' dir='ltr'><strong><em>qua-itas</em></strong></span> <span class='ocrx_word' id='word_1_636' title='bbox 3539 5036 3616 5089; x_wconf 81' lang='lat' dir='ltr'><strong><em>sui</em></strong></span> 
     </span>
    </p>
   </div>
   <div class='ocr_carea' id='block_1_94' title="bbox 2049 5119 3609 5195">
    <p class='ocr_par' dir='ltr' id='par_1_94' title="bbox 2049 5119 3609 5195">
     <span class='ocr_line' id='line_1_95' title="bbox 2049 5119 3609 5195; baseline 0.003 -21"><span class='ocrx_word' id='word_1_637' title='bbox 2049 5119 2293 5192; x_wconf 88' lang='lat' dir='ltr'><strong><em>corporis</em></strong></span> <span class='ocrx_word' id='word_1_638' title='bbox 2320 5120 2669 5190; x_wconf 87' lang='lat' dir='ltr'><strong><em>persolvisset</em></strong></span> <span class='ocrx_word' id='word_1_639' title='bbox 2697 5135 2907 5191; x_wconf 79' lang='lat' dir='ltr'><strong><em>pumas.</em></strong></span> <span class='ocrx_word' id='word_1_640' title='bbox 2937 5120 3017 5176; x_wconf 80' lang='lat' dir='ltr'><strong><em>Ac</em></strong></span> <span class='ocrx_word' id='word_1_641' title='bbox 3042 5137 3140 5192; x_wconf 88' lang='lat' dir='ltr'><strong><em>per</em></strong></span> <span class='ocrx_word' id='word_1_642' title='bbox 3167 5124 3271 5179; x_wconf 88' lang='lat' dir='ltr'><strong><em>hoc</em></strong></span> <span class='ocrx_word' id='word_1_643' title='bbox 3300 5124 3609 5195; x_wconf 75' lang='lat' dir='ltr'><strong><em>castigatus,</em></strong></span> 
     </span>
    </p>
   </div>
   <div class='ocr_carea' id='block_1_95' title="bbox 2049 5209 3610 5285">
    <p class='ocr_par' dir='ltr' id='par_1_95' title="bbox 2049 5209 3610 5285">
     <span class='ocr_line' id='line_1_96' title="bbox 2049 5209 3610 5285; baseline 0.003 -22"><span class='ocrx_word' id='word_1_644' title='bbox 2049 5223 2116 5263; x_wconf 91' lang='lat' dir='ltr'><strong><em>ne</em></strong></span> <span class='ocrx_word' id='word_1_645' title='bbox 2162 5209 2413 5279; x_wconf 89' lang='lat' dir='ltr'><strong><em>amplius,</em></strong></span> <span class='ocrx_word' id='word_1_646' title='bbox 2466 5210 2613 5285; x_wconf 78' lang='lat' dir='ltr'><strong><em>tanti</em></strong></span> <span class='ocrx_word' id='word_1_647' title='bbox 2666 5210 2831 5266; x_wconf 89' lang='lat' dir='ltr'><strong><em>divini</em></strong></span> <span class='ocrx_word' id='word_1_648' title='bbox 2876 5211 3114 5268; x_wconf 87' lang='lat' dir='ltr'><strong><em>muneris</em></strong></span> <span class='ocrx_word' id='word_1_649' title='bbox 3174 5212 3610 5282; x_wconf 77' lang='lat' dir='ltr'><strong><em>persuasionibus</em></strong></span> 
     </span>
    </p>
   </div>
   <div class='ocr_carea' id='block_1_96' title="bbox 2049 5301 3610 5373">
    <p class='ocr_par' dir='ltr' id='par_1_96' title="bbox 2049 5301 3610 5373">
     <span class='ocr_line' id='line_1_97' title="bbox 2049 5301 3610 5373; baseline 0.001 -17"><span class='ocrx_word' id='word_1_650' title='bbox 2049 5301 2385 5373; x_wconf 87' lang='lat' dir='ltr'><strong><em>perfunctus,</em></strong></span> <span class='ocrx_word' id='word_1_651' title='bbox 2434 5303 2516 5359; x_wconf 91' lang='lat' dir='ltr'><strong><em>sic</em></strong></span> <span class='ocrx_word' id='word_1_652' title='bbox 2567 5303 2902 5360; x_wconf 87' lang='lat' dir='ltr'><strong><em>incredibilia</em></strong></span> <span class='ocrx_word' id='word_1_653' title='bbox 2933 5305 3213 5361; x_wconf 77' lang='lat' dir='ltr'><strong><em>arbitreris</em></strong></span> <span class='ocrx_word' id='word_1_654' title='bbox 3243 5304 3506 5360; x_wconf 87' lang='lat' dir='ltr'><strong><em>donorum</em></strong></span> <span class='ocrx_word' id='word_1_655' title='bbox 3533 5319 3610 5358; x_wconf 83' lang='lat' dir='ltr'><strong><em>se—</em></strong></span> 
     </span>
    </p>
   </div>
   <div class='ocr_carea' id='block_1_97' title="bbox 377 5366 3607 5465">
    <p class='ocr_par' dir='ltr' id='par_1_97' title="bbox 377 5366 3607 5465">
     <span class='ocr_line' id='line_1_98' title="bbox 377 5366 3607 5465; baseline 0 -15"><span class='ocrx_word' id='word_1_656' title='bbox 377 5395 497 5450; x_wconf 77' lang='lat' dir='ltr'><strong><em>vice</em></strong></span> <span class='ocrx_word' id='word_1_657' title='bbox 550 5393 723 5449; x_wconf 79' lang='lat' dir='ltr'><strong><em>adfuit</em></strong></span> <span class='ocrx_word' id='word_1_658' title='bbox 775 5394 944 5449; x_wconf 86' lang='lat' dir='ltr'><strong><em>isdem</em></strong></span> <span class='ocrx_word' id='word_1_659' title='bbox 984 5394 1307 5449; x_wconf 86' lang='lat' dir='ltr'><strong><em>venerabilis</em></strong></span> <span class='ocrx_word' id='word_1_660' title='bbox 1358 5394 1444 5447; x_wconf 82' lang='lat' dir='ltr'><strong><em>vir</em></strong></span> <span class='ocrx_word' id='word_1_661' title='bbox 1482 5395 1683 5465; x_wconf 75' lang='lat' dir='ltr'><strong><em>iacenti</em></strong></span> <span class='ocrx_word' id='word_1_662' title='bbox 1736 5394 1947 5449; x_wconf 89' lang='lat' dir='ltr'><strong><em>llerveo</em></strong></span> <span class='ocrx_word' id='word_1_663' title='bbox 1972 5366 2026 5426; x_wconf 78' lang='lat' dir='ltr'><strong><em>D</em></strong></span> <span class='ocrx_word' id='word_1_664' title='bbox 2049 5400 2217 5447; x_wconf 86' lang='lat' dir='ltr'><strong><em>creta.</em></strong></span> <span class='ocrx_word' id='word_1_665' title='bbox 2246 5392 2303 5447; x_wconf 87' lang='lat' dir='ltr'><strong><em>id</em></strong></span> <span class='ocrx_word' id='word_1_666' title='bbox 2329 5401 2432 5458; x_wconf 89' lang='lat' dir='ltr'><strong><em>est,</em></strong></span> <span class='ocrx_word' id='word_1_667' title='bbox 2458 5393 2503 5448; x_wconf 89' lang='lat' dir='ltr'><strong><em>si</em></strong></span> <span class='ocrx_word' id='word_1_668' title='bbox 2533 5396 2697 5448; x_wconf 86' lang='lat' dir='ltr'><strong><em>etiam</em></strong></span> <span class='ocrx_word' id='word_1_669' title='bbox 2727 5395 2904 5450; x_wconf 86' lang='lat' dir='ltr'><strong><em>adhuc</em></strong></span> <span class='ocrx_word' id='word_1_670' title='bbox 2939 5396 3415 5451; x_wconf 82' lang='lat' dir='ltr'><strong><em>contumacissimo</em></strong></span> <span class='ocrx_word' id='word_1_671' title='bbox 3433 5396 3607 5452; x_wconf 82' lang='lat' dir='ltr'><strong><em>elatio-</em></strong></span> 
     </span>
    </p>
   </div>
   <div class='ocr_carea' id='block_1_98' title="bbox 375 5484 1945 5557">
    <p class='ocr_par' dir='ltr' id='par_1_98' title="bbox 375 5484 1945 5557">
     <span class='ocr_line' id='line_1_99' title="bbox 375 5484 1945 5557; baseline 0.001 -18"><span class='ocrx_word' id='word_1_672' title='bbox 375 5501 537 5555; x_wconf 85' lang='lat' dir='ltr'><strong><em>supcr</em></strong></span> <span class='ocrx_word' id='word_1_673' title='bbox 561 5484 699 5540; x_wconf 78' lang='lat' dir='ltr'><strong><em>latus</em></strong></span> <span class='ocrx_word' id='word_1_674' title='bbox 719 5486 996 5541; x_wconf 79' lang='lat' dir='ltr'><strong><em>sinistrum</em></strong></span> <span class='ocrx_word' id='word_1_675' title='bbox 1021 5501 1034 5549; x_wconf 93' lang='lat'><strong><em>;</em></strong></span> <span class='ocrx_word' id='word_1_676' title='bbox 1060 5485 1232 5538; x_wconf 87' lang='lat' dir='ltr'><strong><em>visum</em></strong></span> <span class='ocrx_word' id='word_1_677' title='bbox 1259 5494 1342 5539; x_wconf 83' lang='lat' dir='ltr'><strong><em>est</em></strong></span> <span class='ocrx_word' id='word_1_678' title='bbox 1361 5485 1409 5540; x_wconf 90' lang='lat' dir='ltr'><strong><em>ei</em></strong></span> <span class='ocrx_word' id='word_1_679' title='bbox 1434 5501 1530 5555; x_wconf 80' lang='lat' dir='ltr'><strong><em>per</em></strong></span> <span class='ocrx_word' id='word_1_680' title='bbox 1552 5500 1800 5557; x_wconf 84' lang='lat' dir='ltr'><strong><em>soporem</em></strong></span> <span class='ocrx_word' id='word_1_681' title='bbox 1823 5500 1945 5541; x_wconf 87' lang='lat' dir='ltr'><strong><em>noc-</em></strong></span> 
     </span>
    </p>
   </div>
   <div class='ocr_carea' id='block_1_99' title="bbox 377 5572 1943 5645">
    <p class='ocr_par' dir='ltr' id='par_1_99' title="bbox 377 5572 1943 5645">
     <span class='ocr_line' id='line_1_100' title="bbox 377 5572 1943 5645; baseline 0.003 -20"><span class='ocrx_word' id='word_1_682' title='bbox 377 5572 465 5634; x_wconf 80' lang='lat' dir='ltr'><strong><em>tis,</em></strong></span> <span class='ocrx_word' id='word_1_683' title='bbox 493 5583 551 5627; x_wconf 83' lang='lat' dir='ltr'><strong><em>ut</em></strong></span> <span class='ocrx_word' id='word_1_684' title='bbox 573 5574 760 5628; x_wconf 78' lang='lat' dir='ltr'><strong><em>dextro</em></strong></span> <span class='ocrx_word' id='word_1_685' title='bbox 789 5575 841 5627; x_wconf 90' lang='lat' dir='ltr'><strong><em>in</em></strong></span> <span class='ocrx_word' id='word_1_686' title='bbox 871 5573 1037 5629; x_wconf 81' lang='lat' dir='ltr'><strong><em>latere</em></strong></span> <span class='ocrx_word' id='word_1_687' title='bbox 1064 5588 1239 5643; x_wconf 78' lang='lat' dir='ltr'><strong><em>pugno</em></strong></span> <span class='ocrx_word' id='word_1_688' title='bbox 1271 5575 1411 5629; x_wconf 63' lang='lat' dir='ltr'><strong><em>idem</em></strong></span> <span class='ocrx_word' id='word_1_689' title='bbox 1452 5585 1670 5629; x_wconf 84' lang='lat' dir='ltr'><strong><em>sanctus</em></strong></span> <span class='ocrx_word' id='word_1_690' title='bbox 1697 5586 1943 5645; x_wconf 86' lang='lat' dir='ltr'><strong><em>percute-</em></strong></span> 
     </span>
    </p>
   </div>
   <div class='ocr_carea' id='block_1_100' title="bbox 379 5662 1947 5735">
    <p class='ocr_par' dir='ltr' id='par_1_100' title="bbox 379 5662 1947 5735">
     <span class='ocr_line' id='line_1_101' title="bbox 379 5662 1947 5735; baseline 0.004 -21"><span class='ocrx_word' id='word_1_691' title='bbox 379 5669 459 5714; x_wconf 84' lang='lat' dir='ltr'><strong><em>ret</em></strong></span> <span class='ocrx_word' id='word_1_692' title='bbox 482 5677 626 5725; x_wconf 87' lang='lat' dir='ltr'><strong><em>eum,</em></strong></span> <span class='ocrx_word' id='word_1_693' title='bbox 653 5662 936 5732; x_wconf 83' lang='lat' dir='ltr'><strong><em>increpans</em></strong></span> <span class='ocrx_word' id='word_1_694' title='bbox 962 5664 1114 5727; x_wconf 84' lang='lat' dir='ltr'><strong><em>dure,</em></strong></span> <span class='ocrx_word' id='word_1_695' title='bbox 1148 5680 1315 5733; x_wconf 85' lang='lat' dir='ltr'><strong><em>quare</em></strong></span> <span class='ocrx_word' id='word_1_696' title='bbox 1338 5666 1776 5735; x_wconf 66' lang='lat' dir='ltr'><strong><em>praetermitteret</em></strong></span> <span class='ocrx_word' id='word_1_697' title='bbox 1797 5667 1947 5735; x_wconf 83' lang='lat' dir='ltr'><strong><em>prio-</em></strong></span> 
     </span>
    </p>
   </div>
   <div class='ocr_carea' id='block_1_101' title="bbox 448 5764 1242 5840">
    <p class='ocr_par' dir='ltr' id='par_1_101' title="bbox 448 5764 1242 5840">
     <span class='ocr_line' id='line_1_102' title="bbox 448 5764 1242 5840; baseline 0.006 -21"><span class='ocrx_word' id='word_1_698' title='bbox 448 5776 474 5805; x_wconf 80' lang='grc' dir='ltr'>ι</span> <span class='ocrx_word' id='word_1_699' title='bbox 503 5764 745 5833; x_wconf 65' lang='lat' dir='ltr'><strong><em>“latum,</em></strong></span> <span class='ocrx_word' id='word_1_700' title='bbox 772 5768 934 5839; x_wconf 77' lang='lat' dir='ltr'><strong><em>chc,</em></strong></span> <span class='ocrx_word' id='word_1_701' title='bbox 966 5769 1242 5840; x_wconf 69' lang='lat' dir='ltr'><strong><em>illigatum.</em></strong></span> 
     </span>
    </p>
   </div>
   <div class='ocr_carea' id='block_1_102' title="bbox 2049 5483 3605 5557">
    <p class='ocr_par' dir='ltr' id='par_1_102' title="bbox 2049 5483 3605 5557">
     <span class='ocr_line' id='line_1_103' title="bbox 2049 5483 3605 5557; baseline 0.003 -20"><span class='ocrx_word' id='word_1_702' title='bbox 2049 5484 2134 5538; x_wconf 85' lang='lat' dir='ltr'><strong><em>nis</em></strong></span> <span class='ocrx_word' id='word_1_703' title='bbox 2178 5483 2361 5538; x_wconf 84' lang='lat' dir='ltr'><strong><em>animo</em></strong></span> <span class='ocrx_word' id='word_1_704' title='bbox 2414 5483 2628 5540; x_wconf 80' lang='lat' dir='ltr'><strong><em>dili‘erre</em></strong></span> <span class='ocrx_word' id='word_1_705' title='bbox 2675 5486 2990 5549; x_wconf 85' lang='lat' dir='ltr'><strong><em>tentavcris,</em></strong></span> <span class='ocrx_word' id='word_1_706' title='bbox 3018 5501 3081 5541; x_wconf 89' lang='lat' dir='ltr'><strong><em>ac</em></strong></span> <span class='ocrx_word' id='word_1_707' title='bbox 3117 5486 3208 5542; x_wconf 84' lang='lat' dir='ltr'><strong><em>Dei</em></strong></span> <span class='ocrx_word' id='word_1_708' title='bbox 3236 5487 3605 5557; x_wconf 80' lang='lat' dir='ltr'><strong><em>omnipotentis</em></strong></span> 
     </span>
    </p>
   </div>
   <div class='ocr_carea' id='block_1_103' title="bbox 2042 5562 3601 5643">
    <p class='ocr_par' dir='ltr' id='par_1_103' title="bbox 2042 5562 3601 5643">
     <span class='ocr_line' id='line_1_104' title="bbox 2042 5562 3601 5643; baseline 0.001 -18"><span class='ocrx_word' id='word_1_709' title='bbox 2042 5562 2192 5642; x_wconf 82' lang='lat' dir='ltr'><strong><em>jussa</em></strong></span> <span class='ocrx_word' id='word_1_710' title='bbox 2226 5570 2447 5643; x_wconf 73' lang='lat' dir='ltr'><strong><em>implere</em></strong></span> <span class='ocrx_word' id='word_1_711' title='bbox 2487 5576 2837 5637; x_wconf 78' lang='lat' dir='ltr'><strong><em>rccnsavcris,</em></strong></span> <span class='ocrx_word' id='word_1_712' title='bbox 2867 5575 2937 5629; x_wconf 87' lang='lat' dir='ltr'><strong><em>sit</em></strong></span> <span class='ocrx_word' id='word_1_713' title='bbox 2983 5574 3073 5630; x_wconf 84' lang='lat' dir='ltr'><strong><em>tibi</em></strong></span> <span class='ocrx_word' id='word_1_714' title='bbox 3104 5576 3294 5631; x_wconf 78' lang='lat' dir='ltr'><strong><em>morbo</em></strong></span> <span class='ocrx_word' id='word_1_715' title='bbox 3343 5577 3475 5631; x_wconf 43' lang='lat' dir='ltr'><strong><em>movi</em></strong></span> <span class='ocrx_word' id='word_1_716' title='bbox 3503 5575 3601 5631; x_wconf 80' lang='lat' dir='ltr'><strong><em>cle-</em></strong></span> 
     </span>
    </p>
   </div>
   <div class='ocr_carea' id='block_1_104' title="bbox 2050 5664 3598 5738">
    <p class='ocr_par' dir='ltr' id='par_1_104' title="bbox 2050 5664 3598 5738">
     <span class='ocr_line' id='line_1_105' title="bbox 2050 5664 3598 5738; baseline 0 -20"><span class='ocrx_word' id='word_1_717' title='bbox 2050 5664 2326 5733; x_wconf 75' lang='lat' dir='ltr'><strong><em>phuntino,</em></strong></span> <span class='ocrx_word' id='word_1_718' title='bbox 2357 5675 2519 5734; x_wconf 84' lang='lat' dir='ltr'><strong><em>atque</em></strong></span> <span class='ocrx_word' id='word_1_719' title='bbox 2548 5673 2657 5719; x_wconf 87' lang='lat' dir='ltr'><strong><em>toto</em></strong></span> <span class='ocrx_word' id='word_1_720' title='bbox 2688 5665 2833 5734; x_wconf 86' lang='lat' dir='ltr'><strong><em>lepra</em></strong></span> <span class='ocrx_word' id='word_1_721' title='bbox 2862 5666 3108 5721; x_wconf 77' lang='lat' dir='ltr'><strong><em>interibis</em></strong></span> <span class='ocrx_word' id='word_1_722' title='bbox 3137 5682 3368 5737; x_wconf 86' lang='lat' dir='ltr'><strong><em>corpore</em></strong></span> <span class='ocrx_word' id='word_1_723' title='bbox 3404 5680 3598 5738; x_wconf 66' lang='lat' dir='ltr'><strong><em>per-cus</em></strong></span> 
     </span>
    </p>
   </div>
   <div class='ocr_carea' id='block_1_105' title="bbox 2122 5774 3226 5846">
    <p class='ocr_par' dir='ltr' id='par_1_105' title="bbox 2122 5774 3226 5846">
     <span class='ocr_line' id='line_1_106' title="bbox 2122 5774 3226 5846; baseline 0.003 -19"><span class='ocrx_word' id='word_1_724' title='bbox 2122 5774 2147 5815; x_wconf 71' lang='grc' dir='ltr'><strong>ιι</strong></span> <span class='ocrx_word' id='word_1_725' title='bbox 2180 5774 2393 5842; x_wconf 75' lang='lat' dir='ltr'><strong><em>Planta,</em></strong></span> <span class='ocrx_word' id='word_1_726' title='bbox 2414 5774 2676 5831; x_wconf 76' lang='lat' dir='ltr'><strong><em>Acbcrius</em></strong></span> <span class='ocrx_word' id='word_1_727' title='bbox 2704 5777 2972 5842; x_wconf 78' lang='lat' dir='ltr'><strong><em>emendat,</em></strong></span> <span class='ocrx_word' id='word_1_728' title='bbox 2996 5776 3226 5846; x_wconf 72' lang='lat' dir='ltr'><strong><em>planctu.</em></strong></span> 
     </span>
    </p>
   </div>
  </div>
