3898 6178
266 361 375 421 895

1044 356 1217 413 HIST.
1260 355 1645 411 TRANSLAT.
1689 353 1788 410 SS.
1828 352 2266 411 RAGNOBERTI
2307 356 2394 410 ΕΤ
2433 356 2743 412 ZENONIS.

3410 358 3518 415 895

264 488 331 529 so
358 492 372 526 :
406 485 587 527 sanies
623 477 805 523 autem
829 474 1076 523 'u.cerum
1132 469 1391 523 scatur-iet
1422 483 1522 538 per
1550 466 1843 522 munitissi-
1872 476 1919 529 Λ
1947 470 2083 524 clam
2108 472 2349 525 eamdem
2390 471 2661 525 civitatem
2693 480 2916 542 propter
2940 471 3243 526 Brittonum
3274 474 3520 530 devasta-

265 580 390 619 mas
440 576 613 631 usque
637 559 704 614 ad
727 561 1234 615 exterminationem
1266 561 1342 615 tui
1381 560 1622 630 corporis
1651 569 1840 623 metas,

264 665 325 711 ut
347 655 437 709 vix
468 652 695 724 quilibet
745 651 1034 705 cbarorum
1076 650 1302 707 suﬁ’erre
1329 651 1564 720 pessime
1607 651 1843 720 putent‘s

262 742 515 811 corporis
542 741 720 798 valeat
744 742 1046 809 cicatrices,
1078 757 1143 798 ac
1172 743 1266 797 tali
1284 742 1600 813 perfunctus
1630 741 1841 806 funere,

263 828 559 885 damnabili
589 829 642 883 in
669 827 882 884 inferno
903 828 1012 884 eris
1036 830 1261 900 sopitus.
1286 830 1355 886 Ut
1384 832 1527 886 enim
1557 830 1672 885 tunc
1699 846 1843 886 men-

264 929 319 974 te
373 924 722 988 pertractans
769 924 953 973 utrum
999 918 1193 989 agendi
1233 919 1564 973 concedatur
1599 918 1694 973 tibi
1746 933 1843 988 po-

264 1016 436 1062 testas
507 1022 537 1060 a
588 1006 817 1061 Domino
842 1046 857 1071 ,
906 1015 1001 1061 aut
1062 1013 1122 1061 ut
1177 1007 1432 1076 accepisti
1504 1005 1844 1075 perﬁcaciter

261 1094 526 1165 perﬁcere
548 1097 747 1165 possis,
779 1094 1091 1166 quindecim
1131 1095 1341 1151 dierum
1372 1095 1607 1165 spatium
1638 1096 1732 1151 tibi
1760 1103 1841 1150 at-

264 1185 540 1240 tribuitur.

334 1273 568 1329 Sanctus
594 1281 775 1329 autem
801 1273 1006 1340 Zenon,
1042 1275 1134 1343 qui
1167 1289 1291 1330 cum
1332 1274 1488 1329 beato
1525 1274 1712 1328 aderat
1736 1274 1841 1329 Ra-

259 1366 527 1438 gnoberto
554 1365 862 1422 confessore
887 1366 1152 1439 (obtectus
1176 1368 1417 1424 vestibus
1458 1369 1710 1440 prmalbis
1735 1371 1843 1425 dia-

259 1455 384 1510 coni
434 1456 738 1523 videbatur,
790 1471 910 1526 quae
962 1457 1015 1510 in
1052 1458 1403 1513 translatione
1461 1460 1545 1515 sui
1598 1460 1843 1530 corporis

258 1559 548 1614 nusquam,
580 1544 720 1600 sicut
745 1544 888 1600 beati
916 1545 1245 1617 Ragnoberti
1284 1557 1483 1615 vestes,
1522 1564 1840 1619 comparue-

259 1642 388 1688 runt
412 1632 486 1707 Il),
511 1634 598 1691 his
634 1635 791 1690 dictis
817 1636 885 1691 ab
927 1645 1146 1706 aspectu
1178 1638 1280 1692 viri
1308 1639 1695 1694 discesserunt.
1726 1638 1841 1711 Age

257 1738 423 1789 nunc,
452 1724 539 1778 vir
558 1724 674 1789 Dei,
707 1726 1013 1791 recordare,
1051 1736 1107 1782 et
1156 1728 1358 1782 illatam
1390 1729 1604 1786 caelitus
1633 1731 1730 1786 tibi
1759 1731 1839 1785 vi-

1946 563 2169 620 tioncm.
2216 563 2306 632 qui
2349 563 2538 616 eodem
2582 572 2818 632 tempore
2845 563 3088 617 eamdem
3121 573 3321 618 terram
3355 580 3518 641 occu-

1942 664 2223 728 paverant,
2257 664 2312 709 et
2332 654 2493 710 multa
2524 653 2676 708 clade
2708 655 2979 723 regionem
3005 656 3396 725 deprimebant,
3422 671 3517 726 ag-

1942 764 2161 820 gressus
2185 756 2288 803 est.

2522 862 2551 887 ι
2640 834 2866 891 CAPUT
2903 836 2985 891 III.

1940 951 2019 1007 De
2036 952 2251 1007 introitu
2280 950 2509 1005 ccclesim
2529 949 2737 1019 quando
2762 958 3093 1003 monumenta
3130 966 3308 1004 eorum
3336 962 3511 1006 trans-

2011 1023 2120 1075 lata
2133 1031 2272 1082 sunt,
2299 1032 2344 1074 et
2367 1021 2431 1074 de
2451 1019 2636 1091 nebula
2652 1020 2833 1091 quwin
2856 1020 3085 1074 crastino
3106 1036 3197 1088 per
3220 1022 3512 1076 universam

2009 1092 2155 1145 illam
2199 1092 2458 1161 regionem
2487 1090 2606 1158 fuit.

1934 1230 1937 1231 ν
2010 1202 2254 1258 Introivit
2310 1211 2488 1255 autem
2532 1198 2774 1268 ejusdem
2835 1201 3073 1257 civitatis
3117 1203 3426 1265 ecclesiam,
3458 1211 3516 1257 et

1940 1293 2185 1350 accensis
2236 1290 2592 1346 luminaribus
2618 1290 2835 1345 Domini
2877 1291 3134 1346 auxilium
3181 1292 3377 1346 ibidem
3416 1294 3513 1345 deo

1940 1383 2282 1453 precabatur.
2298 1381 2795 1450 Advesperascente
2810 1381 3073 1450 siquidem
3105 1381 3192 1435 die
3216 1389 3275 1434 ut
3304 1381 3517 1448 signum

1939 1474 2006 1527 ad
2035 1471 2368 1542 completorii
2401 1471 2583 1526 sonuit
2607 1468 2865 1536 ofﬁcium,
2899 1470 3124 1524 intravit
3157 1486 3277 1525 cum
3309 1470 3404 1524 Dei
3431 1484 3517 1522 sa-

1939 1560 2249 1617 cerdotibus
2283 1560 2567 1615 ecclesiam
2598 1559 2652 1613 in
2699 1575 2804 1630 qua
2848 1568 3004 1613 erant
3043 1569 3358 1613 sanctorum
3390 1574 3515 1613 cor-

1938 1667 2069 1723 pora
2096 1649 2486 1706 confessorum.
2514 1649 2810 1721 Coeperunt
2829 1649 3012 1704 fodere
3040 1649 3345 1719 sepulcrum
3368 1648 3514 1703 beati

1939 1741 2271 1797 confessoris
2299 1741 2648 1811 Bagnoberti,
2704 1749 2760 1795 et
2804 1739 2929 1794 inde
2964 1740 3155 1793 devote
3180 1753 3302 1793 eum
3348 1739 3516 1792 divini

258 1814 470 1870 sionem
524 1825 704 1871 mente
752 1824 1023 1887 pertracta
1054 1835 1067 1871 :
1093 1828 1147 1873 et
1199 1819 1324 1888 quia
1373 1820 1479 1875 duo
1531 1821 1630 1876 tibi
1660 1821 1838 1876 oblata

1944 1834 2185 1890 muneris
2206 1832 2563 1902 protectione,
2605 1830 2803 1901 gaudio
2840 1844 3034 1900 magno
3061 1828 3246 1898 repleti
3291 1827 3518 1898 college-

254 1904 513 1959 videntur
561 1920 683 1975 quae
733 1906 913 1975 potius
942 1916 1068 1963 sunt
1112 1908 1365 1964 sanitatis
1417 1917 1524 1964 tute
1571 1910 1832 1975 remedia,

256 1995 608 2066 exsequenda
656 2011 726 2052 ne
752 1996 992 2069 negligas
1047 2006 1309 2065 statuere,
1357 2000 1610 2068 quoniam
1634 1999 1838 2069 judicio

254 2084 442 2140 divino
471 2092 563 2139 aut
590 2098 780 2155 poenas
803 2088 1085 2156 praesentis
1111 2089 1233 2143 vita:
1257 2089 1553 2159 persolves,
1579 2099 1674 2145 aut
1694 2089 1837 2145 futu-

260 2193 350 2231 ras
370 2176 721 2232 :cternaliter.

325 2265 401 2319 At
424 2265 605 2320 subito
641 2268 960 2334 perterritus
983 2269 1263 2339 evngilans,
1318 2270 1387 2326 de
1414 2278 1587 2326 stratu
1621 2286 1729 2342 quo
1747 2270 1835 2340 ja-

259 2357 421 2411 ccbat
448 2357 706 2422 surrexit,
756 2369 811 2412 et
852 2374 970 2428 quae
1000 2360 1208 2415 viderat
1238 2362 1445 2417 ratione
1487 2363 1685 2418 mentis
1713 2378 1837 2418 cum

258 2456 472 2502 terrore
506 2447 827 2517 penetravit,
867 2457 923 2503 et
946 2450 1013 2503 ad
1035 2450 1321 2505 ecclesiam
1378 2452 1446 2506 ad
1495 2468 1660 2522 quant
1711 2467 1837 2507 ves-

258 2550 390 2605 pere
452 2536 602 2591 venit
664 2537 733 2592 ob
792 2536 1136 2593 Nativitatem
1206 2539 1417 2594 Domini
1484 2541 1653 2595 nostri
1708 2541 1836 2597 Jesn

257 2627 461 2683 Christi
510 2626 882 2683 celebrandam
909 2669 926 2695 ,
979 2629 1284 2685 convolavit
1338 2648 1352 2685 :
1390 2645 1454 2687 ac
1504 2641 1724 2702 peracto
1782 2633 1836 2688 in

258 2718 357 2775 Dei
404 2719 653 2775 lau.!ibus
712 2720 920 2777 festivae
962 2722 1140 2778 noetis
1187 2722 1368 2780 ofﬁcio
1395 2764 1413 2791 ,
1477 2724 1642 2779 etiam
1687 2725 1836 2781 dior-

258 2826 360 2875 no,
419 2811 770 2869 sacratissimi
831 2814 935 2870 diei
985 2814 1341 2871 ministerium
1398 2816 1664 2873 audiendo
1718 2832 1838 2889 per-

255 2903 441 2971 solvit.
1706 2950 1715 2957 .

326 2996 516 3067 Itaque
535 2997 723 3054 eodem
745 2997 1057 3057 Nativitatis
1088 2999 1298 3056 Domini
1327 3001 1497 3057 nostri
1523 3001 1653 3058 Iesu
1680 3001 1839 3059 Chri-

254 3090 351 3151 sti.
402 3105 511 3160 qna
556 3093 644 3147 die
691 3092 935 3150 eamdem
972 3095 1247 3150 civitatem
1297 3095 1519 3150 territus
1569 3096 1833 3165 perrexit,

1940 1925 2284 1996 runtprarfati
2298 1924 2635 1980 venerabiles
2659 1923 2968 1979 sacerdotes
2989 1936 3109 1976 ossa
3130 1920 3271 1975 beati
3301 1919 3530 1990 Ragna-

1938 2016 2075 2072 berti
2109 2013 2401 2084 pontiﬁcis,
2441 2013 2819 2082 clevantesque
2863 2012 2930 2066 de
2979 2010 3225 2079 sepulcro
3250 2025 3373 2064 cum
3401 2016 3515 2064 tota

1938 2105 2241 2160 devotionis
2290 2103 2613 2169 reverentia,
2673 2101 3188 2158 astrinxeruuteum
3230 2098 3415 2168 pallio,
3458 2106 3516 2153 et

1936 2210 2080 2251 novo
2116 2195 2170 2249 in
2218 2208 2346 2249 vase
2374 2200 2690 2263 posuerunt.
2730 2191 2860 2246 Post
2897 2190 3015 2245 haec
3042 2190 3108 2244 ad
3140 2189 3371 2243 Zenonis
3398 2186 3516 2256 ejus

1938 2286 2207 2357 quondam
2230 2282 2477 2355 discipuli
2518 2284 2854 2339 divertcrunt
2879 2278 3219 2351 sepulcrum;
3268 2293 3377 2348 quo
3401 2294 3515 2332 ma-

1938 2392 2038 2430 nus
2067 2374 2386 2445 injicientes,
2418 2373 2654 2428 tulerunt
2674 2387 2796 2428 cum
2811 2374 2879 2427 de
2909 2370 3116 2425 tumulo
3141 2385 3250 2440 quo
3269 2370 3509 2440 iacebat,

1937 2463 2075 2518 etin
2121 2464 2228 2517 alio
2276 2477 2403 2516 vase
2440 2461 2837 2517 concluserunt.
2889 2460 3237 2514 Illncescente
3283 2457 3513 2527 denique

1937 2552 2024 2607 die
2051 2560 2360 2607 sanctorum
2382 2565 2609 2622 corpora
2638 2565 2762 2605 cum
2793 2548 3008 2620 hymnis
3029 2557 3085 2602 et
3108 2546 3356 2608 laudibus
3375 2544 3513 2599 divi-

1938 2644 2023 2699 nis
2049 2643 2417 2714 deportantes,
2457 2642 2733 2697 civitatem
2769 2640 3040 2695 exierunt.
3069 2636 3196 2691 Fuit
3236 2644 3416 2691 autent
3444 2650 3512 2691 eo

1936 2734 2025 2790 die
2061 2735 2205 2790 circa
2230 2748 2451 2789 omnem
2482 2732 2754 2802 regionem
2794 2739 2903 2785 tam
2933 2729 3100 2784 densa
3123 2727 3269 2783 aeris
3293 2727 3512 2793 nebula,

1937 2833 1997 2881 ut
2046 2827 2139 2881 vix
2193 2825 2513 2879 alterutrum
2578 2821 2891 2891 conspicere
2938 2826 3188 2890 possent,
3249 2817 3392 2887 quod
3442 2817 3513 2871 ad
3584 2838 3593 2847 ί

1937 2916 2039 2971 viae
2083 2914 2379 2970 subsidium
2407 2912 2636 2966 Domino
2667 2917 2941 2965 annuente
2959 2908 3249 2978 plurimum
3282 2905 3510 2978 profuit.

2008 3005 2211 3060 Eodem
2235 3012 2479 3073 tempore
2496 2998 2788 3054 Baltfridus
2810 2998 2977 3069 ipsius
3004 2996 3241 3053 civitatis
3275 2988 3508 3066 prieerat

1938 3096 2245 3168 episcOpus,
2270 3092 2363 3163 qui
2401 3090 2631 3147 crimine
2654 3088 2832 3145 fuerat
2855 3087 3089 3144 nefando
3134 3086 3275 3156 apud
3306 3085 3509 3157 glorio—

253 3180 487 3249 cnpiens
508 3180 733 3252 praefato
752 3181 1011 3239 Baltfrido
1035 3184 1257 3254 proprio
1280 3184 1431 3239 urbis
1451 3184 1704 3255 episcopo
1732 3198 1833 3255 pa-
1860 3170 1906 3235 C
1938 3203 2059 3244 sum
2112 3201 2295 3258 regem
2328 3184 2582 3241 Carolum
2609 3191 2919 3248 accusatus,
2969 3188 3026 3235 et
3048 3179 3206 3245 obiit,
3242 3189 3264 3218 ο
3292 3178 3419 3248 quia
3445 3176 3513 3232 ad

255 3269 500 3327 tefacere
528 3272 823 3329 nominata.
855 3272 960 3329 Sed
982 3289 1104 3331 cum
1142 3275 1455 3331 nullomodo
1477 3290 1603 3331 eum
1632 3275 1834 3332 ibidem

256 3360 570 3431 rrperisset,
603 3362 789 3420 Liudis
826 3363 857 3406 δ
880 3380 1041 3435 quam
1075 3365 1356 3421 celerrime
1384 3367 1607 3423 civitate
1631 3368 1830 3435 rediit;

254 3450 442 3521 ibique
476 3451 723 3509 Freculfo
773 3453 942 3525 ipsius
970 3455 1203 3510 civitatis
1242 3456 1537 3512 venerabili
1581 3457 1835 3528 episcopo

255 3547 483 3602 invento
509 3561 607 3618 per
626 3548 806 3604 omnia
827 3563 947 3620 quae
973 3549 1185 3604 viderat
1207 3549 1483 3604 indicavit.
1516 3549 1721 3606 Praesul
1741 3567 1837 3606 au-

254 3644 362 3690 tem
405 3636 525 3691 haec
550 3637 795 3704 audiens,
849 3638 916 3693 ad
952 3639 1069 3694 haec
1093 3654 1217 3694 eum
1237 3637 1622 3709 perﬁciendum
1653 3654 1837 3695 corro-

254 3723 439 3779 borari
491 3726 717 3792 studuit,
750 3726 937 3782 dicens
973 3745 988 3782 :
1024 3726 1082 3782 Si
1109 3728 1254 3784 enim
1306 3743 1426 3798 quae
1460 3728 1664 3784 asseris
1707 3744 1834 3785 vera

255 3814 352 3868 tibi
396 3814 645 3869 nuntiata
683 3814 954 3879 videntur,
985 3830 1104 3887 age,
1137 3817 1221 3871 vir
1258 3816 1372 3883 Dei,
1405 3818 1747 3889 quantocius,
1776 3825 1838 3872 ut

254 3904 509 3974 percias
553 3905 695 3975 quod
722 3905 816 3962 tibi
847 3915 1117 3963 annuente
1143 3907 1371 3964 Domino
1398 3908 1699 3978 injunctum
1725 3917 1834 3964 est.

252 3998 520 4053 Dominus
552 3999 699 4054 enim
727 3999 818 4069 qui
855 3999 951 4054 tibi
979 3999 1094 4055 haec
1113 3998 1280 4070 jussit
1321 4003 1588 4065 nuntiare,
1641 4002 1746 4057 erit
1771 4003 1825 4057 in

250 4090 518 4146 comitatu
575 4098 687 4156 tuo,
756 4089 1037 4160 ipsumque
1085 4090 1306 4146 habebis
1356 4090 1709 4147 fortissimum
1761 4093 1837 4148 tui

251 4182 439 4252 operis
483 4179 804 4249 adjutorem,
836 4188 893 4235 et
917 4180 1113 4252 diriget
1135 4180 1285 4251 pacis
1315 4194 1426 4236 sua:
1474 4181 1720 4251 angelum
1759 4189 1837 4237 te-

251 4288 402 4337 cum,
442 4272 537 4342 qui
576 4269 631 4325 te
669 4272 958 4336 custodiat,
997 4279 1052 4326 et
1085 4286 1182 4342 per
1227 4271 1371 4325 viam
1406 4270 1593 4326 salutis
1620 4285 1840 4342 gressus

254 4365 510 4419 incedere
546 4361 710 4418 faciat
736 4373 873 4427 tuos,
897 4371 956 4417 ut
976 4363 1129 4433 juxta
1168 4362 1451 4432 imperium
1485 4361 1694 4418 Domini
1722 4378 1840 4418 om-

256 4456 345 4509 nia
398 4463 652 4524 satagere
685 4468 871 4524 queas.
924 4453 1020 4508 Sin
1065 4462 1245 4508 autem
1295 4452 1539 4507 illusione
1582 4453 1839 4524 dcccpZus

253 4544 521 4618 quadam,
558 4560 708 4602 more
760 4544 1078 4601 somniantis
1141 4544 1549 4615 phantasiarum
1602 4545 1835 4614 caperis,

257 4638 365 4692 hoc
390 4637 546 4691 nisus
588 4636 777 4691 ethoc
817 4644 1044 4691 conatus
1081 4634 1248 4689 fueris
1307 4633 1629 4688 temerarius
1656 4650 1838 4705 agerc,

257 4725 454 4792 procul
521 4725 687 4781 dubio
743 4724 1027 4795 praesentis
1094 4724 1219 4779 vitae
1288 4722 1585 4792 periculum
1645 4722 1841 4779 anima:

258 4832 559 4887 rerumque
611 4824 825 4872 tuarum
878 4816 1143 4879 incurres,
1178 4822 1342 4882 atque
1383 4826 1545 4881 paena
1587 4811 1842 4881 plectcris

257 4919 489 4965 aeterna.
986 4910 993 4923 ’

332 4998 610 5054 Praeterea
656 4997 952 5070 instructus
991 4994 1382 5066 religiosissimi
1431 4994 1677 5064 prmsulis
1712 4993 1841 5051 Frc-

257 5087 389 5144 culﬁ
456 5087 685 5143 consilio
727 5085 990 5151 Herveus,
1047 5088 1339 5158 assumptis
1388 5086 1595 5141 duobus
1652 5100 1838 5141 secum

238 5178 670 5235 ,venerabilibus
720 5177 1078 5248 presbyteris,
1142 5176 1525 5233 Guinemarum
1577 5191 1678 5232 nec
1735 5192 1839 5231 non

260 5269 648 5333 Harduinum,
704 5268 900 5323 festiue
947 5268 1176 5324 Baiocas
1214 5268 1507 5331 civitatem,
1568 5266 1659 5321 ubi
1708 5282 1840 5322 san~

258 5372 481 5418 ctorum
552 5360 960 5430 requiescebant
1003 5373 1251 5429 corpora,
1308 5358 1544 5428 perrexit
1590 5375 1607 5411 :
1661 5366 1841 5414 tamen

334 5483 363 5511 ι
405 5467 847 5539 Comparaternnt.
894 5469 991 5523 Vel
1038 5468 1321 5538 legendum
1393 5476 1839 5537 computrucrunt,

262 5541 349 5593 vel
380 5540 627 5608 addenda
651 5555 774 5603 vox,
794 5540 1120 5608 putrefactw.

338 5611 364 5647 δ
404 5602 607 5662 Lindie.
634 5609 688 5662 Id
714 5602 816 5672 eSt',
847 5602 1147 5670 Leaforium,
1175 5607 1247 5660 ait
1273 5606 1553 5660 Acltcrius.

340 5688 364 5715 ε
412 5677 572 5731 Obiit.
628 5678 790 5731 Fmde
827 5678 1040 5747 quidem
1096 5684 1346 5744 corrupta
1390 5688 1491 5747 est
1523 5677 1763 5744 pluribus
1790 5681 1840 5730 in

265 5745 411 5801 locis
437 5750 554 5804 bam
579 5745 859 5814 narratio,
874 5748 970 5804 sed
995 5756 1052 5801 ut
1077 5762 1182 5801 non
1220 5760 1432 5811 omnes,
1482 5745 1553 5800 ita
1578 5753 1839 5816 quotquot

1935 3284 2179 3334 sanctam
2204 3275 2471 3347 synodum
2500 3274 2570 3329 ab
2592 3287 2659 3330 eo
2687 3278 3075 3343 congregatam
3111 3268 3514 3331 eonvolaverat,

1935 3367 2108 3425 defuit
2153 3366 2383 3432 civitati,
2433 3366 2486 3421 in
2516 3364 2722 3436 synodo
2759 3364 2826 3418 ad
2896 3360 3128 3417 oﬁicium
3156 3375 3264 3430 quo
3290 3371 3515 3414 corrue-

1934 3471 2038 3528 rat,
2069 3462 2196 3532 quia
2234 3460 2301 3516 ab
2327 3473 2393 3515 eo
2426 3471 2720 3528 suspensus
2754 3454 2951 3520 fuerat,
2992 3452 3217 3522 recepit,
3261 3451 3425 3506 etiam
3455 3457 3516 3504 et

1934 3551 2091 3606 donis
2113 3550 2407 3605 adomatus
2431 3544 2699 3616 plurimis.
2756 3544 2964 3598 Interea
2991 3551 3280 3612 pergentes
3305 3538 3514 3609 praefati

1932 3640 2036 3695 viri
2065 3654 2189 3698 eum
2211 3648 2519 3693 sanctorum
2541 3634 2880 3704 corporibus,
2924 3631 3237 3701 vespertina
3263 3628 3407 3683 facta
3432 3629 3514 3683 di-

1934 3736 2152 3785 vertunt
2176 3729 2244 3784 ad
2257 3728 2494 3798 quietem
2517 3726 2573 3780 in
2595 3724 2776 3779 villam
2792 3738 2912 3793 quze
2924 3736 3056 3776 voca
3064 3729 3152 3775 tur
3173 3717 3465 3789 Nogerolas
3489 3735 3506 3784 ;

1935 3821 2135 3877 ibidem
2165 3827 2323 3875 nocte
2368 3816 2462 3872 illa
2491 3815 2836 3886 quiescentes
2865 3813 2919 3868 in
2947 3811 3142 3867 divinis
3166 3809 3358 3866 oﬁiciis
3386 3822 3514 3865 noc-

1935 3918 2048 3966 tem
2074 3907 2385 3980 pervigilem
2416 3906 2707 3962 duxerunt.
3488 3914 3505 3925 '

2541 4013 2770 4072 CAPUT
2820 4013 2907 4069 IV.

1937 4108 2015 4162 De
2064 4122 2203 4162 mea
2231 4124 2264 4160 a
2303 4105 2581 4175 nativitatci
2621 4120 2739 4175 qua:
2785 4103 2960 4175 lumen
2990 4102 3211 4175 recepit;
3253 4113 3303 4157 et
3319 4104 3399 4175 Ade
3423 4102 3508 4157 lu-

2005 4178 2147 4231 mine
2184 4176 2327 4247 qttod
2367 4184 2488 4230 ante
2523 4172 2643 4229 illos
2688 4173 2953 4241 ferebatur
2988 4172 3420 4243 incastinguibili.

2008 4268 2162 4323 Mane
2184 4276 2370 4333 autem
2413 4265 2558 4321 facto
2582 4265 2823 4320 levantes
2844 4265 3087 4319 humeris
3138 4265 3251 4320 suis
3293 4272 3513 4320 sancto-

1939 4372 2060 4413 rum
2109 4370 2361 4427 corpora,
2411 4355 2516 4409 iter
2559 4353 2703 4423 quod
2735 4353 2962 4408 Domino
2990 4351 3206 4409 favente
3230 4353 3514 4409 inchoave-

1940 4456 2084 4513 rant,
2135 4460 2360 4515 carpere
2384 4451 2687 4514 ceperunt.
2717 4441 2879 4498 Venit
2918 4441 2974 4495 in
3001 4456 3289 4497 occursum
3319 4457 3507 4497 eorum

1941 4540 2170 4611 plurima
2195 4540 2308 4611 jam
2327 4538 2484 4594 turba
2508 4536 2712 4608 populi,
2734 4552 2801 4592 ac
2827 4536 3251 4607 circumquaque
3277 4535 3512 4608 religiosi

1942 4631 2250 4687 sacerdotes
2276 4628 2376 4685 Dei
2407 4647 2420 4683 :
2444 4636 2502 4684 et
2525 4628 2654 4683 dum
2697 4627 2936 4684 secundo
2975 4628 3064 4683 die
3090 4634 3376 4699 pergerent
3398 4625 3514 4696 jam

1941 4738 2067 4779 cum
2112 4722 2278 4777 multa
2306 4721 2486 4792 pepuli
2516 4722 2695 4786 turba,
2742 4721 2943 4776 accidit
2981 4728 3043 4775 ut
3079 4719 3427 4789 pervenirent
3454 4718 3508 4773 in

1942 4814 2119 4870 locum
2154 4811 2246 4866 ubi
2292 4811 2512 4882 quidam
2568 4811 2958 4866 sceleratorum
3012 4811 3283 4864 hominem
3327 4808 3515 4864 eadem

1944 4910 2102 4958 nocte
2129 4901 2536 4956 interemerant.
2589 4900 2670 4954 Ac
2711 4901 2838 4955 dum
2867 4899 3156 4968 sepultura:
3183 4912 3377 4968 corpus
3395 4894 3515 4964 ejus

1942 4996 2160 5061 darent,
2213 4995 2283 5049 ob
2324 4993 2724 5061 eleemosynam
2755 5006 2906 5046 suam
2937 4991 3105 5060 coepit
3135 4989 3375 5045 Ilerveus
3422 4986 3517 5040 de-

1947 5084 2200 5140 nuntiare
2226 5082 2441 5153 populo,
2475 5089 2534 5135 ut
2555 5078 2674 5149 ejus
2715 5078 3019 5149 proauima
3043 5076 3257 5132 Domini
3299 5072 3512 5128 miscri-

1946 5176 2186 5233 cordiam
2218 5173 2586 5243 implorarent.

2016 5265 2245 5322 Factum
2286 5271 2372 5317 est
2418 5271 2478 5316 ut
2524 5261 2736 5316 veniret
2778 5260 2976 5315 ibidem
3016 5272 3162 5314 ca-ca
3202 5256 3445 5327 quaedam
3483 5270 3514 5310 a

1946 5355 2229 5413 nativitate
2276 5368 2395 5418 sua,
2451 5353 2666 5408 nomine
2713 5351 3033 5420 Bedcnigga,
3091 5358 3150 5404 et
3188 5348 3370 5403 lumen
3406 5361 3545 5445 quo‘

1942 5467 2242 5538 poterimus
2277 5466 2511 5519 maculas
2543 5464 2758 5538 cluere
2783 5464 2994 5517 animus
3021 5469 3123 5526 cst,
3159 5471 3213 5514 ut
3246 5461 3347 5515 hoc
3395 5460 3515 5538 loco

1942 5531 2084 5606 quod
2111 5537 2184 5590 ita
2234 5546 2293 5589 ut
2317 5545 2497 5589 exstat
2539 5534 2904 5606 iutelligiuon
2948 5541 3144 5601 potest,
3193 5541 3251 5585 at
3276 5531 3514 5606 certissi:

1943 5599 2027 5660 tua
2083 5607 2313 5673 quadam
2391 5606 2599 5658 ratione
2664 5599 2868 5658 restitui
2937 5599 3152 5673 potest.
3217 5599 3515 5673 ncmpesi

1943 5670 2170 5754 legatur.
2224 5685 2271 5726 ct
2324 5676 2383 5728 ob
2439 5676 2512 5740 id,
2564 5675 2775 5743 quid...
2831 5673 2882 5726 in
2933 5672 3130 5744 synodo
3169 5684 3339 5725 autem
3387 5670 3511 5741 ofﬁ-

1943 5760 2101 5809 cmm,
2133 5754 2240 5799 etc.
