3900 6178
405 337 508 394 8'35

1582 333 1861 393 JOSEPIII
1902 337 2336 396 SACERDOTIS

3563 345 3682 402 896

406 465 622 520 semper
665 456 918 503 caruerat
985 431 1215 516 accepit,
1267 447 1358 502 ubi
1401 447 1630 502 Domino
1692 448 1989 503 miserante
2015 454 2066 513 Α
2091 461 2349 520 quuntur.
2388 453 2533 509 Bene
2577 455 2721 510 enim
2765 465 3046 527 exspectat
3088 457 3507 529 promissionem
3553 459 3682 526 Dei,

406 552 533 596 ante
553 550 861 594 sanctorum
885 539 1171 607 exsequias
1184 538 1471 593 sanitatem
1487 538 1806 607 promeruit.
1831 537 1986 604 Quod

405 649 436 681 ν
462 633 582 685 ldus
607 629 724 682 Jan.
752 638 929 683 actum
957 637 1062 682 est.
1113 629 1314 682 Eorum
1346 629 1491 683 enim
1519 629 1723 682 lumina
1747 629 1871 700 (etsi
1903 644 1988 684 so-

405 722 550 776 leant
579 720 666 773 illo
717 729 958 789 tempore
1003 719 1118 772 dies
1159 719 1343 773 nimiis
1391 719 1654 772 imbribus
1698 734 1762 773 ac
1789 719 1986 788 pluviis

402 808 698 872 abundare)
750 824 1024 876 nunquam
1063 807 1372 872 defuerunt,
1423 808 1517 862 sed
1543 809 1800 862 continuo
1824 809 1978 862 inex-

402 900 730 971 stiuguibilia
766 908 1199 970 permanserunt.
1252 899 1519 954 Levantes
1549 908 1729 954 autem
1771 909 1985 955 sancto-

401 1007 522 1044 rum
543 1006 769 1059 corpora
797 991 863 1044 de
892 991 1009 1045 loco
1038 1007 1144 1059 quo
1178 990 1534 1045 substiterant
1565 991 1860 1066 paululum,
1891 991 1982 1045 ubi

399 1091 622 1136 metrica
667 1099 695 1136 a
725 1083 1215 1137 nativitatelumen
1267 1093 1564 1153 receperat,
1616 1095 1982 1154 pervenerunt

398 1173 464 1226 ad
506 1173 781 1228 basilicam
829 1175 881 1227 in
912 1175 1115 1229 honore
1137 1175 1280 1229 beati
1315 1174 1534 1229 Victorii
1585 1186 1977 1242 consecratam,

396 1277 515 1329 quze
563 1262 616 1315 in
673 1264 896 1331 proprio
949 1264 1229 1332 genitricis
1278 1263 1531 1318 videlicet
1584 1266 1751 1334 ipsius
1783 1266 1976 1322 Hervei

395 1359 816 1406 estconstructa
847 1369 861 1401 :
894 1353 1090 1407 ibidem
1117 1353 1481 1420 deposuerunt
1519 1364 1828 1409 sanctorum
1858 1372 1978 1410 cor-

393 1456 524 1510 pora
575 1457 736 1512 super
797 1459 948 1496 aram
994 1443 1048 1496 in
1113 1445 1300 1498 eadem
1353 1444 1572 1498 basilica
1621 1444 1963 1500 fabricatam.

395 1531 606 1584 Aurora
637 1533 918 1601 siquidem
969 1533 1076 1588 diei
1125 1541 1402 1604 surgente,
1431 1535 1556 1588 dum
1599 1535 1971 1592 confessorum

391 1621 534 1676 fatua
565 1624 619 1677 in
651 1625 871 1694 regione
897 1625 1225 1693 percrebuit,
1257 1626 1406 1679 venit
1429 1626 1648 1695 quidam
1674 1629 1836 1683 hmno
1857 1644 1976 1682 ma-

389 1729 517 1766 num
537 1714 740 1769 habens
762 1715 991 1781 aridam,
1017 1731 1138 1784 quae
1159 1715 1307 1772 nullo
1335 1717 1457 1770 usui
1490 1725 1610 1771 erat
1631 1726 1779 1788 apta,
1808 1735 1970 1789 qttam

2088 542 2179 610 qui
2224 542 2537 597 mandatum
2589 545 2707 615 ejus
2733 547 3068 618 exsequitur,
3104 547 3259 616 cujus
3300 548 3572 617 judicium
3608 553 3686 606 de

2087 638 2272 687 nostro
2316 635 2564 690 examine
2608 637 2825 705 pendet.
2876 638 3030 705 Quod
3077 641 3330 706 serimus,
3379 642 3675 705 metimus;

2085 723 2230 791 quod
2274 724 2482 789 damus,
2516 727 2846 797 accipimus:
2877 729 3003 784 dum
3053 730 3201 786 enim
3245 732 3494 787 videmus
3535 731 3686 786 mala

2085 810 2269 864 mundi
2307 812 2399 866 diu
2427 813 2686 868 tolerasse
2731 825 2966 882 sanctos,
2997 833 3296 888 eorumque
3323 820 3579 890 exempla
3610 829 3690 875 ad

2083 901 2400 955 memoriam
2443 905 2769 971 reducimus,
2818 906 3069 963 fortiores
3112 909 3182 964 ad
3224 910 3502 966 toleranda
3545 927 3691 980 pas-

2082 988 2294 1043 sionum
2337 1006 2535 1060 genera
2567 995 2862 1073 reddimur,
2899 999 3155 1066 quoniam
3197 1014 3292 1054 eos
3321 1003 3693 1070 pratcessiw

2079 1079 2312 1135 vidimus
2354 1083 2468 1152 jam
2515 1100 2640 1139 cum
2671 1085 2898 1142 Domino
2945 1091 3361 1160 triumphantes.
3414 1093 3480 1146 Et
3525 1094 3578 1146 si
3630 1094 3691 1147 in

2079 1168 2288 1226 hisdem
2333 1173 2695 1245 infatigabiles
2741 1180 3004 1250 angustiis
3048 1197 3149 1251 pro
3195 1184 3412 1239 nomine
3451 1185 3689 1241 Domini

2077 1261 2250 1314 nostri
2277 1261 2401 1318 Jesu
2433 1263 2659 1320 Christi'
2679 1270 3014 1333 steterimus,
3046 1281 3102 1325 et
3131 1272 3231 1341 ipsi
3261 1273 3487 1343 gloriam
3539 1291 3690 1344 per-

2076 1352 2353 1420 petuitatis
2383 1354 2506 1409 vita:
2542 1359 2798 1428 consequi
2849 1362 3202 1416 merebimur.
3249 1363 3465 1418 Multum
3517 1366 3690 1422 enim

2075 1451 2384 1497 sanctorum
2409 1446 2654 1516 exempla
2681 1458 2927 1517 prosunt,
2955 1451 3189 1506 maxime
3215 1453 3564 1509 imitantibus
3590 1472 3686 1509 ea.

2073 1531 2310 1588 Plurima
2357 1545 2667 1591 sanctorum
2714 1539 2854 1594 bona
2913 1550 3041 1595 sunt
3094 1546 3398 1600 communia
3450 1548 3689 1614 multis,

2071 1630 2234 1691 atque
2263 1624 2382 1679 ideo
2405 1641 2469 1681 ea
2496 1628 2826 1684 delectantes
2859 1630 3083 1687 liberius
3109 1634 3348 1689 animum
3375 1637 3429 1690 in
3455 1637 3690 1693 labori-

2070 1715 2190 1782 bus,
2220 1717 2272 1772 in
2296 1719 2512 1788 vigiliis,
2543 1731 2599 1776 et
2618 1724 2976 1789 orationibus,
3003 1733 3059 1780 et
3073 1723 3316 1794 jejuniis,
3343 1729 3682 1795 sublevant,

390 1805 554 1858 etiam
577 1806 642 1859 ad
669 1821 731 1860 os
757 1822 912 1860 suum
936 1807 1083 1862 nullo
1099 1809 1258 1864 modo
1281 1810 1477 1864 ducere
1494 1818 1728 1879 poterat,
1753 1818 1808 1865 et
1831 1811 1977 1866 sani-
2003 1802 2050 1861 B
2078 1816 2135 1861 et
2159 1809 2226 1863 ad
2268 1809 2508 1866 melioris
2545 1813 2668 1868 vitae
2693 1816 2994 1868 certamina
3024 1824 3133 1870 tota
3165 1817 3458 1874 intentione
3484 1823 3688 1890 perﬁ-

389 1897 487 1949 tati
517 1897 765 1951 restituta
792 1906 903 1964 est._

1025 1990 1255 2047 CAPUT
1295 1992 1360 2047 ν.

385 2097 463 2151 De
502 2098 695 2167 femina
718 2118 838 2174 quae
865 2105 1231 2174 quatriduam's
1255 2104 1484 2172 febribus
1505 2105 1813 2171 vexabatur,
1847 2105 1974 2161 libe-

457 2179 594 2234 rata,
619 2182 666 2223 et
691 2173 755 2224 de
770 2171 996 2226 aliorum
1030 2173 1228 2239 multis,
1256 2171 1310 2229 et
1325 2174 1389 2229 de
1409 2175 1606 2229 doloris
1627 2177 1861 2230 dentium
1885 2194 1974 2231 sa-

455 2240 616 2293 nitate
638 2242 944 2296 multarunt.

453 2356 656 2412 Octavo
691 2357 925 2427 denique
974 2358 1062 2414 die
1097 2360 1342 2429 quzedam
1393 2359 1618 2424 femina,
1661 2359 1972 2416 Savenildis

381 2447 623 2512 nomine,
656 2448 724 2501 ad
792 2448 1039 2518 sepulcra
1092 2459 1408 2505 sanctorum
1437 2452 1811 2508 confessorum
1842 2469 1972 2521 qua-

381 2535 648 2589 triduanis
672 2535 911 2590 febribus
941 2547 1133 2593 vexata
1155 2540 1481 2604 convolavit,
1535 2549 1589 2594 et
1616 2556 1739 2595 mox
1766 2542 1964 2596 sanita-

381 2623 454 2678 tis
477 2625 708 2693 gratiam
731 2629 1054 2694 promeruit,
1105 2636 1160 2682 et
1187 2644 1219 2682 a
1250 2644 1348 2684 suo
1378 2646 1484 2699 quo
1517 2633 1804 2687 tenebatur
1851 2633 1966 2688 lan-

381 2727 550 2783 guore
581 2713 807 2768 liberata
834 2725 939 2770 est.
999 2717 1152 2772 Multi
1180 2733 1309 2773 vero
1339 2721 1426 2774 his
1455 2723 1699 2792 correpti
1726 2721 1968 2780 febribus

378 2819 445 2858 ex
472 2805 664 2860 vicinis
691 2806 1114 2879 circumquaque
1156 2811 1467 2880 regionibus
1518 2813 1586 2867 ad
1611 2813 1966 2883 praefatorum

379 2911 606 2966 corpora
658 2899 940 2953 beatorum
986 2915 1109 2954 cum
1161 2903 1463 2960 devotionis
1511 2921 1622 2961 sua:
1665 2909 1806 2963 votis
1833 2925 1966 2964 con-

373 2999 592 3049 venere,
635 2996 690 3042 et
733 2987 981 3043 effectum
1032 2992 1308 3060 petitionis
1356 3009 1468 3048 sua:
1514 3007 1850 3052 meruerunt.
1885 2998 1966 3053 Di-

379 3076 552 3130 versis
597 3092 698 3131 nec
730 3094 837 3132 non
889 3079 1295 3137 infirmitatibus
1352 3085 1623 3155 variisque
1675 3103 1962 3158 corporum

2078 1899 2270 1954 cienda
2300 1910 2588 1971 coguntur.
2640 1903 2698 1958 Si
2733 1904 2819 1958 cui
2867 1913 3049 1959 autem
3095 1906 3312 1976 aliquod
3351 1907 3686 1976 huiusmodi

2074 1990 2226 2045 virus
2265 1991 2319 2044 in
2351 1994 2646 2062 penetralia
2682 1995 2982 2065 irrepserit,
3014 1997 3212 2052 mentis
3251 1999 3494 2055 inescatis
3553 2018 3687 2058 me-

2075 2081 2254 2148 dullis,
2287 2083 2451 2139 habet
2499 2085 2890 2140 medicamenta
2938 2087 3243 2142 castissima
3281 2101 3384 2159 quo
3427 2106 3686 2149 curren-

2075 2173 2199 2228 dum
2231 2173 2422 2228 festiue
2459 2184 2562 2240 est,
2591 2186 2648 2229 ut
2684 2184 2974 2247 antequam
3014 2178 3082 2232 ad
3107 2179 3374 2234 cicatricis
3409 2185 3671 2250 putredi-

2072 2281 2195 2320 nem
2219 2268 2564 2335 perducatur,
2599 2268 2791 2324 vulnus
2819 2278 3041 2326 curetur
3067 2281 3372 2327 sanctorum
3397 2276 3684 2343 precibus

2071 2366 2126 2411 et
2149 2360 2429 2430 exemplis.

2141 2448 2398 2504 Nolentes
2428 2452 2694 2521 siquidem
2748 2453 3015 2525 attingere
3061 2465 3364 2512 sanctorum
3398 2460 3657 2530 vestigia

2069 2552 2167 2607 per
2195 2540 2422 2611 abrupta
2449 2543 2657 2596 viarum
2688 2543 2996 2613 gradientes
3025 2545 3222 2616 duplici
3254 2556 3494 2602 teruntur
3523 2565 3650 2605 con

2069 2629 2366 2694 strictione,
2399 2647 2464 2687 ac
2493 2632 2547 2686 in
2577 2633 2756 2689 futuro
2783 2635 2981 2705 duplici
3011 2644 3260 2691 teruntur
3283 2638 3654 2696 damnatione

2067 2720 2194 2790 quia
2219 2722 2360 2776 bona
2382 2738 2502 2792 quae
2533 2739 2693 2796 agere
2717 2735 2968 2794 poterant
3008 2742 3115 2782 non
3146 2738 3386 2799 egerunt,
3418 2737 3473 2783 et
3497 2733 3660 2786 mal;

2067 2827 2188 2881 quae
2217 2829 2378 2884 agere
2406 2831 2512 2869 non
2542 2816 2841 2872 debuerant
2870 2817 3149 2884 fecerunt;
3179 2829 3495 2889 quapropter
3529 2833 3667 2878 acta

2067 2911 2377 2964 sanctorum
2405 2914 2460 2959 et
2487 2906 2651 2960 etiam
2695 2907 2951 2962 miracula
2999 2924 3186 2963 eorum
3235 2925 3350 2978 quae
3379 2909 3671 2968 Dominus

2068 3001 2254 3049 noster
2277 2993 2434 3050 Jesus
2468 2995 2717 3052 Christus
2763 3013 2861 3068 per
2889 3012 2984 3053 eos
3013 2999 3226 3068 operari
3272 2999 3550 3068 dignatur,
3589 3006 3662 3057 δι’

2066 3084 2341 3152 profectus
2383 3088 2555 3142 nostri
2597 3103 2752 3143 usum
2788 3097 2914 3142 sunt
2958 3089 3242 3153 trahenda,
3283 3097 3336 3143 et
3367 3092 3652 3146 memoris

374 3165 722 3238 languoribus
742 3173 1060 3235 excruciati,
1084 3182 1208 3228 vota
1232 3190 1329 3228 sua
1345 3175 1651 3234 deterentes
1672 3182 1960 3246 advenere,
1991 3160 2036 3223 (ἶ
2069 3175 2494 3231 commendanda
2518 3218 2532 3242 ν
2584 3186 2641 3232 (ξι
2703 3193 2918 3248 semper
2976 3177 3285 3232 meditandi!
3312 3196 3326 3243 ἓ
3384 3183 3660 3249 quoniam

372 3259 463 3326 qui
497 3260 722 3313 Domino
750 3261 1076 3329 propitiante
1104 3263 1172 3316 ab
1210 3265 1462 3319 omnibus
1493 3267 1547 3320 in
1597 3269 1789 3324 eodem
1835 3271 1954 3326 loco

377 3349 551 3402 curati
579 3350 874 3404 redierunt.

445 3435 623 3504 Neque
649 3438 792 3490 enim
821 3438 1085 3494 silendum
1110 3451 1240 3511 puto
1265 3459 1385 3513 qum
1409 3445 1668 3502 Dominus
1695 3449 1958 3505 miracula

371 3537 471 3594 per
499 3539 686 3580 servos
714 3542 842 3582 suos
871 3543 1098 3597 operare
1125 3532 1377 3601 dignatus
1404 3545 1504 3589 est.
1554 3533 1688 3591 Nam
1721 3538 1836 3593 haec
1863 3555 1958 3593 au-

371 3613 583 3668 dientes
615 3624 670 3668 et
706 3614 905 3670 infirmi
945 3617 1313 3675 reformantur
1349 3623 1418 3676 ad
1445 3624 1604 3679 fidem
1644 3636 1808 3696 atque
1838 3628 1956 3682 sani

371 3703 798 3759 corroborantur
825 3706 892 3760 ad
928 3709 1169 3776 potiora;
1223 3712 1349 3765 dum
1393 3714 1536 3768 enim
1569 3725 1690 3770 acta
1731 3718 1956 3774 studiosi

367 3792 472 3847 viri
518 3803 828 3851 sanctorum
879 3797 1074 3855 litteris
1125 3801 1438 3873 aliigantur,
1487 3815 1547 3860 ut
1590 3808 1642 3862 in
1693 3811 1955 3865 memoria

367 3895 464 3952 per
489 3892 730 3954 tempore
765 3887 1082 3954 habeantur,
1113 3893 1186 3948 ad
1215 3910 1469 3965 magnum
1515 3913 1625 3953 sua:
1655 3885 1954 3958 devotionis

366 3983 642 4030 certamen
696 3991 994 4047 provocant
1039 3984 1357 4042 audientes:
1387 4004 1614 4057 quorum
1659 3990 1789 4048 dum
1825 4009 1952 4049 san-

365 4074 578 4122 ctorum
629 4070 968 4140 conspiciunt
1016 4074 1155 4129 bona
1188 4079 1416 4136 actionis
1452 4083 1650 4149 studia,
1686 4085 1775 4140 ubi
1807 4103 1867 4142 se
1896 4088 1950 4142 iu

370 4155 597 4210 meliora
644 4161 937 4215 extendere
981 4163 1211 4220 debeant
1247 4184 1562 4239 agnoscunt.
1597 4174 1952 4234 Considerant.

363 4255 544 4302 autem
579 4263 639 4302 se
673 4252 828 4319 quasi
874 4253 925 4306 in
962 4257 1194 4323 quodam
1223 4260 1445 4316 visionis
1477 4280 1586 4319 sua:
1624 4270 1863 4335 speculo,
1895 4279 1950 4326 et

361 4336 492 4405 quid
521 4338 762 4394 deforme
787 4341 960 4396 visum
1001 4343 1181 4410 fuerit,
1211 4365 1333 4403 cum
1364 4351 1454 4406 Dei
1486 4363 1618 4408 nutu
1648 4372 1948 4430 expurgare

363 4431 718 4482 contendunt.
761 4431 919 4486 Videt
955 4435 1101 4488 enim
1151 4437 1280 4492 inibi
1320 4442 1549 4511 quisque
1586 4446 1821 4514 qualiter
1855 4449 1948 4503 de-

361 4517 488 4570 beat
525 4517 799 4575 Christum
850 4523 1052 4579 imitari
1099 4528 1152 4582 in
1193 4531 1358 4585 variis
1404 4534 1485 4587 sui
1529 4539 1772 4605 corporis
1809 4540 1945 4594 aflli-

361 4608 653 4673 ctionibus,
692 4620 746 4664 et
774 4616 1060 4682 praesentia
1112 4621 1295 4674 mundi
1345 4623 1642 4693 despicere,
1673 4639 1834 4698 atque
1877 4632 1944 4686 ad

359 4707 615 4754 aeternam
641 4700 952 4760 felicitatem
978 4711 1301 4776 quantocius
1327 4709 1604 4770 festinare.
1633 4717 1766 4772 Cum
1799 4722 1942 4776 enim

359 4798 628 4846 tormenta
675 4797 1091 4865 persecutionis,
1147 4802 1376 4858 verbera
1425 4815 1480 4859 et
1526 4807 1691 4862 nimia
1734 4809 1941 4880 jejunia

358 4890 668 4938 sanctorum
698 4886 1020 4954 recitantur,
1047 4892 1200 4952 bona:
1232 4894 1528 4952 voluntatis
1555 4899 1655 4953 viri
1683 4916 1942 4972 compun-

356 4981 576 5043 guntur,
602 4973 781 5028 divino
811 4993 1035 5035 munere
1059 5039 1063 5043 ,
1089 4981 1340 5038 illustrati
1370 4987 1436 5038 ad
1469 5002 1662 5058 pugum
1691 5007 1937 5064 agonem,

357 5074 417 5119 ut
441 5067 689 5122 eamdem
712 5086 873 5138 quam
903 5078 1175 5130 consecuti
1205 5087 1330 5133 sunt
1357 5081 1585 5149 gratiam
1617 5086 1789 5140 sancti
1817 5085 1941 5157 Spi-

355 5159 491 5213 ritus
521 5176 619 5229 per
645 5174 920 5219 certamen
957 5165 1176 5234 laboris,
1203 5184 1607 5240 consequantur
1633 5185 1687 5230 et
1716 5179 1814 5248 ipsi
1847 5196 1942 5250 per

354 5249 652 5305 devotionis
685 5253 1002 5323 obsequium
1046 5271 1060 5309 :
1106 5273 1278 5327 eoque
1328 5262 1389 5314 fit
1445 5275 1504 5317 ut
1542 5266 1806 5323 imitando
1837 5249 1938 5339 per

352 5339 563 5396 diversa
597 5345 905 5411 passionum
952 5355 1216 5403 tormenta
1261 5368 1375 5417 eos,
1405 5355 1635 5423 palmam
1665 5375 1826 5429 quam
1856 5363 1937 5416 vi-

352 5439 530 5484 ctores
559 5433 735 5503 adepti
776 5443 920 5499 sunt,
953 5444 1008 5490 et
1042 5437 1142 5507 ipsi
1171 5441 1262 5510 qui
1294 5458 1389 5497 eos
1419 5445 1608 5500 devote
1653 5448 1933 5506 imitantur

352 5517 407 5571 in
446 5527 646 5575 tetcrna
673 5522 930 5580 felicitate
968 5531 1244 5597 regnaturi
1275 5534 1592 5603 percipiant.
1643 5537 1929 5597 Przcmium

351 5608 494 5660 enim
519 5626 764 5678 superna:
791 5620 1239 5675 remunerationis
1269 5621 1319 5674 in
1349 5629 1819 5690 perseverantibus
1849 5632 1928 5698 fit,

354 5701 515 5765 atque
560 5698 677 5753 ideo
706 5716 1112 5771 perseverantes
1159 5712 1460 5768 mercedem
1493 5712 1695 5771 laboris
1743 5734 1924 5789 prose-

2063 3265 2296 3332 qualiter
2330 3267 2440 3321 Deo
2477 3267 2797 3337 placuerunt
2843 3277 2898 3323 et
2943 3270 3250 3324 servierunt
3300 3270 3367 3323 ibi
3410 3271 3673 3340 pleniter

2063 3353 2355 3409 invenitur.
2408 3355 2514 3411 Sed
2549 3358 2805 3426 quoniam
2847 3344 3122 3428 paululum
3161 3358 3386 3430 digressi
3433 3376 3666 3427 sumus,

2061 3446 2131 3500 ad
2156 3448 2435 3516 superiora
2475 3457 2814 3504 revertamur
2841 3451 3182 3521 exsequenda
3214 3469 3226 3504 :
3257 3451 3451 3522 stylum
3485 3455 3658 3509 enim

2059 3535 2216 3604 quasi
2246 3537 2313 3590 ad
2342 3537 2447 3590 alia
2481 3539 2744 3594 movimus
2769 3540 3055 3594 scribenda
3085 3559 3097 3592 :
3144 3550 3322 3596 tamen
3351 3541 3482 3597 inibi
3510 3558 3664 3612 per-

2059 3625 2380 3691 mansimus,
2407 3627 2533 3696 quia
2565 3628 2631 3682 de
2660 3629 2740 3683 eis
2767 3629 3082 3684 asserimus.

2129 3712 2401 3769 Praeterea
2437 3716 2536 3770 sub
2566 3717 2756 3771 eodem
2792 3726 3030 3787 tempore
3057 3735 3231 3774 caicus
3268 3720 3483 3789 quidam
3517 3722 3662 3780 εω-

2058 3803 2358 3858 nomanicae
2395 3805 2634 3876 regionis
2675 3813 2796 3861 erat
2856 3808 3074 3864 nomine
3117 3807 3486 3879 Hildegarius,
3553 3817 3662 3885 qui

2056 3907 2154 3961 per
2197 3908 2444 3962 soporem
2493 3898 2670 3952 noctis
2715 3899 3027 3955 admonitus
3064 3908 3148 3954 est
3186 3911 3247 3956 ut
3275 3916 3523 3974 pergeret
3581 3909 3661 3963 ad

2055 3993 2366 4039 sanctorum
2395 4001 2625 4057 corpora
2655 3989 2724 4044 ob
2751 3989 2971 4044 luminis
3000 3991 3080 4046 sui
3112 3993 3495 4062 receptionem.
3533 3996 3655 4065 Qui

2055 4089 2184 4130 mox
2207 4077 2459 4133 manibus
2493 4079 2772 4149 cujusdam
2819 4078 3005 4135 famuli
3051 4089 3396 4149 sustentatus,
3438 4088 3660 4154 perdu—

2053 4175 2175 4221 ctus
2211 4169 2278 4223 ab
2315 4184 2382 4224 eo
2407 4171 2558 4225 venit
2597 4173 2664 4226 ad
2699 4187 2889 4226 eorum
2931 4183 3305 4239 monumenta,
3339 4177 3428 4230 ubi
3464 4181 3656 4247 gratia

2053 4257 2267 4324 Domini
2315 4261 2534 4318 luminis
2583 4263 2818 4318 officium
2846 4264 2992 4334 quod
3019 4265 3107 4319 diu
3137 4267 3445 4336 perdiderat
3487 4285 3660 4329 rece-

2051 4349 2149 4418 pit,
2172 4358 2228 4404 ct
2253 4350 2538 4420 pristinam
2565 4353 2853 4408 sanitatem
2881 4356 3201 4424 promeruit.

2656 4463 2885 4521 CAPUT
2932 4463 3020 4518 Vl.

1975 4524 2026 4584 D
2122 4549 2198 4604 De
2217 4551 2510 4622 paralytica
2535 4563 2741 4618 curata,
2767 4565 2816 4608 et
2841 4556 2906 4610 de
2929 4557 3158 4613 ecclesia:
3181 4564 3570 4620 constructione

2685 4624 2995 4681 admonitio.

2121 4727 2233 4783 Nec
2263 4729 2390 4784 illud
2416 4735 2854 4800 praetereundum
2885 4741 3136 4809 estquod
3161 4743 3457 4815 paralytica
3489 4762 3653 4818 quat-

2048 4817 2195 4883 dam,
2223 4820 2442 4909 nomine
2467 4820 2706 4879 Gislildis
2726 4866 2741 4889 ,
2778 4841 2877 4896 per
2915 4843 3086 4886 annos
3117 4833 3356 4903 quinque
3383 4844 3648 4909 corporis

2049 4906 2404 4963 dissolutione
2422 4907 2662 4979 jacebat,
2701 4930 2803 4970 nec
2829 4916 2994 4972 ullum
3024 4922 3327 4977 membrum
3349 4925 3412 4979 ad
3443 4906 3532 4982 sui
3554 4933 3648 4986 vi-

2046 4996 2192 5066 goris
2225 4997 2462 5054 oﬂicium
2506 5001 2592 5057 vel
2625 5004 2945 5075 obsequium
2993 5010 3195 5068 habere
3235 5023 3646 5091 poteratqua:

2043 5084 2171 5139 dum
2204 5088 2454 5145 manibus
2487 5089 2845 5152 famulatrieis
2885 5113 2998 5153 suae
3031 5100 3190 5155 allata
3229 5084 3642 5179 deportaretur,

2041 5187 2167 5233 ante
2191 5189 2504 5236 sanctorum
2527 5198 2755 5255 corpora
2776 5199 3048 5257 prostrata
3071 5195 3359 5264 requievit,
3385 5200 3475 5252 cui
3503 5202 3647 5257 bea-

2042 5265 2284 5324 tissimus
2308 5269 2695 5342 Ragnobertus
2717 5278 2960 5347 pontifex
3001 5291 3056 5337 et
3087 5283 3268 5339 Zenon
3299 5287 3416 5356 ejus
3443 5293 3645 5350 socius

2039 5366 2403 5423 apparuerunt
2428 5359 2482 5413 in
2507 5375 2732 5419 excessu
2758 5368 2976 5435 mentis,
3010 5380 3066 5425 et
3091 5373 3344 5430 dixerunt
3373 5379 3422 5432 ei
3447 5396 3466 5434 :
3495 5381 3646 5437 81η·-

2037 5465 2171 5518 gens
2195 5455 2331 5508 vade
2361 5457 2429 5510 ad
2459 5456 2752 5527 llerveum,
2779 5472 2837 5517 et
2865 5465 2953 5518 dic
2981 5466 3030 5520 ei
3061 5476 3122 5522 ut
3145 5481 3423 5527 construat
3450 5477 3642 5534 eode-

2037 5541 2173 5596 siam
2213 5544 2268 5598 in
2295 5545 2500 5601 honore
2534 5552 2707 5606 sancti
2737 5551 3035 5612 Salvatoris
3073 5559 3127 5612 in
3158 5560 3278 5616 loco
3323 5567 3526 5621 mundo
3570 5580 3638 5624 et

2038 5632 2500 5704 incontantinato;
2538 5643 2794 5712 quoniam
2823 5647 2968 5704 nullo
2995 5651 3153 5706 modo
3172 5654 3291 5710 vult
3315 5656 3453 5713 Deus
3481 5669 3539 5714 ut
3565 5661 3632 5717 in

2038 5725 2139 5782 hoc
2173 5727 2287 5785 loco
2318 5731 2682 5804 quiescamus,
2714 5747 2766 5793 et
2795 5740 2867 5796 ibi
2897 5744 3242 5814 sepeliantur.
