3898 6178
238 297 350 356 897

1027 300 1202 360 HlST.
1242 304 1629 362 TRANSLAT.
1796 305 2239 368 RAGNOBERTI
2276 313 2365 370 ΕΤ
2404 317 2714 377 ZENONIS.

3403 339 3510 398 898

315 405 409 461 Sic
440 414 524 461 est
553 421 769 479 semper
792 413 1125 468 consuetudo
1152 426 1462 472 sanctorum
1493 426 1574 482 ut,
1601 417 1822 474 mundi-
1853 422 1900 480 A
1929 420 2048 483 ciis,
2092 438 2200 491 quo
2248 427 2413 482 etiam
2462 444 2851 493 concurrentes
2895 442 3107 499 veniam
3137 452 3512 517 peccaminum

236 500 376 553 tiam
427 500 627 554 mentis
654 511 709 554 et
737 502 981 571 corporis
1010 519 1333 575 quaerentes,
1364 512 1625 566 mundam
1658 510 1826 567 Deum

232 590 428 643 videre
471 598 766 657 merentur.
821 591 1014 648 Procul
1062 596 1226 653 dubio
1256 599 1505 670 quisquis
1530 600 1700 656 Deum
1747 602 1824 656 via

232 682 369 736 dere
394 683 695 745 contendit,
744 686 1061 742 munditiam
1102 691 1297 744 mentis
1326 706 1387 745 ac
1409 693 1651 762 corporis
1684 693 1827 747 nito-

232 786 355 826 rem
386 786 630 842 quterere
652 776 907 846 ,studeat,
946 780 1072 847 quia
1116 780 1277 835 nullis
1318 782 1388 836 ab
1422 783 1545 837 aliis
1581 786 1823 839 cernitur

233 860 402 925 Deus,
437 864 543 918 nisi
590 865 806 921 mundis
852 869 1036 933 corde,
1090 870 1233 925 sicut
1278 871 1393 941 ipse
1439 873 1570 928 dicit
1610 892 1624 928 :
1673 874 1822 929 Beati

230 954 432 1008 mundo
456 956 634 1020 corde,
658 961 907 1028 quoniam
935 962 1035 1031 ipsi
1058 962 1229 1016 Deum
1250 964 1489 1020 videbunt
1516 966 1730 1038 (Matth.
1761 985 1817 1035 v,

231 1043 308 1117 8),
333 1055 391 1101 et
420 1047 546 1102 alibi
569 1050 817 1118 quidam:

355 1200 615 1278 Qu-i‘eupis
635 1208 926 1278 esse__bonns
949 1217 1001 1258 et
1026 1215 1169 1278 vitam
1195 1217 1376 1277 quaeris
1394 1215 1666 1278 honestam,

427 1263 591 1334 Dilige
614 1271 895 1334 munditiam
912 1275 1126 1332 corporis
1145 1263 1293 1334 attiue
1310 1263 1481 1326 animai

356 1324 727 1392 “unda'dotnns
745 1332 972 1380 mundum
997 1324 1249 1385 hominum
1274 1324 1493 1389 retinere
1518 1339 1714 1392 valebit.

416 1387 538 1436 Nam
557 1390 669 1437 talis
686 1403 884 1454 semper
905 1394 1107 1457 hospitis
1131 1398 1311 1460 hospes
1334 1403 1454 1449 eris.

295 1509 356 1566 Si
402 1513 548 1569 enim
592 1513 744 1570 locus
790 1519 1006 1588 corpori
1052 1522 1284 1577 mundus
1328 1524 1395 1577 ad
1441 1524 1808 1595 sepeliendum

221 1603 508 1671 quaeritur,
550 1616 755 1675 quanto
795 1609 968 1680 magis
996 1612 1207 1680 paritas
1240 1628 1363 1667 cum
1404 1616 1683 1671 munditia:
1728 1618 1810 1672 ni-

221 1700 341 1745 tore
371 1696 608 1749 tenenda
634 1701 749 1752 est!
788 1697 932 1753 Nihil
970 1701 1113 1756 enim
1144 1703 1359 1773 proficit
1389 1706 1648 1762 mundum
1695 1709 1808 1765 luto

219 1799 421 1856 corpus
481 1794 667 1842 tenere
725 1791 970 1846 vestibus
1018 1767 1327 1863 praeclaris,
1384 1798 1621 1852 animam
1672 1799 1809 1855 infe—
1837 1767 1884 1827 Β

218 1876 335 1933 rius
384 1880 501 1935 suis
527 1881 777 1937 sordibus
806 1883 1126 1940 delictorum
1162 1885 1421 1943 foedatam
1459 1889 1682 1957 habere,
1711 1892 1806 1947 sed

216 1970 354 2025 nihil
398 1970 565 2026 oflicit
603 1986 802 2043 corpus
849 1974 1090 2031 exterius
1117 1976 1440 2046 quibusdam
1474 1968 1805 2039 cicatricum

213 2062 535 2119 vulneribus
561 2063 793 2132 obvolvi,
823 2064 1051 2123 interius
1077 2076 1317 2123 mentem
1349 2070 1599 2127 sanitatis
1638 2071 1694 2126 in
1726 2073 1807 2128 vi-

214 2167 345 2222 gore
371 2160 578 2209 tenere.

282 2244 517 2301 Praefata
548 2244 746 2301 femina
776 2247 901 2303 dum
927 2248 1129 2315 monita
1156 2251 1383 2318 audivit,
1408 2252 1476 2307 ad
1501 2252 1617 2309 haec
1637 2253 1801 2310 verba

214 2336 535 2405 respondit:
572 2336 702 2405 Quae
738 2353 855 2393 sum
906 2352 1005 2409 ego
1050 2348 1110 2395 ut
1156 2342 1271 2397 lucc
1307 2343 1436 2397 dum
1482 2345 1801 2401 nuntiavere

214 2428 359 2482 credi
396 2427 720 2483 valeamus?
760 2427 893 2482 Nam
931 2429 1079 2485 nullo
1120 2432 1281 2487 modo
1332 2433 1604 2489 creditura
1655 2447 1796 2490 sum.

214 2517 305 2573 Cui
350 2520 547 2575 beatus
593 2519 869 2575 confessor
908 2521 1288 2593 Ragnobertus
1334 2525 1649 2594 respondit:
1684 2525 1796 2582 Fac

213 2612 353 2666 sicut
403 2612 498 2666 tibi
545 2612 767 2680 impero,
806 2622 862 2668 et
900 2612 1096 2668 faciam
1143 2615 1199 2669 in
1240 2623 1293 2671 te
1328 2616 1669 2674 credulitatis
1716 2618 1796 2674 si-

210 2718 399 2772 gnum,
430 2719 531 2773 per
569 2705 712 2774 quod
743 2705 966 2760 omnino
996 2706 1158 2762 dictis
1189 2708 1415 2764 credent
1442 2711 1567 2766 tuis.
1599 2709 1791 2784 Surge,

1930 511 2225 582 impetrare
2265 518 2500 586 valeant,
2535 532 2591 578 et
2622 528 2787 584 variis
2817 534 2997 588 sanari
3042 535 3409 609 languoribus,
3441 548 3511 603 ad

1926 616 2087 671 quam
2122 621 2355 677 superna
2391 611 2750 671 illustratione
2775 620 3030 678 clementi
3055 628 3201 682 vultu
3232 641 3287 685 et
3315 650 3511 693 sereno

1924 693 2182 763 respiciat
2230 701 2561 767 sempiterne
2586 704 2641 756 D.
2666 707 2865 764 minus.
2910 711 3007 768 llis
3038 716 3197 772 dictis
3240 737 3509 793 nusquam

1925 798 2365 855 comparuerant.
2410 792 2502 848 illa
2532 807 2712 852 autem
2742 803 2924 856 statim
2960 805 3027 859 de
3065 817 3237 864 strato
3280 792 3388 884 quo
3427 817 3510 888 ja-

1924 874 2083 929 cebat
2121 892 2254 933 sana
2293 895 2648 953 consurgens,
2679 891 2946 947 nuntiavit
2972 894 3179 954 Herveo
3208 874 3327 972 quae
3354 874 3504 961 vide-

1922 975 2008 1022 rat
2031 977 2087 1022 et
2103 971 2373 1038 audierat,
2401 985 2457 1030 et
2479 993 2599 1046 quae
2625 980 2891 1051 imperata
2915 985 3147 1045 fuerant.

2530 1091 2761 1150 CAPUT
2790 1097 2897 1153 Vl].

1918 1174 1998 1229 De
2017 1176 2346 1261 dedicatione
2367 1184 2616 1262 ecclesiae,
2642 1198 2690 1242 et
2713 1190 2778 1243 de
2804 1194 3079 1251 virtutibus
3099 1216 3231 1262 quas
3252 1201 3504 1262 Dominus

2235 1251 2347 1319 ipso
2376 1254 2461 1307 die
2479 1273 2573 1325 per
2597 1276 2720 1313 suos
2740 1279 2913 1317 servos
2935 1251 3179 1325 ostendit.

1988 1337 2115 1394 Haec
2142 1342 2428 1412 religiosus
2454 1346 2539 1400 vir
2565 1347 2809 1407 Hervens
2840 1357 3085 1424 audiens,
3118 1363 3285 1432 etrapit
3322 1375 3504 1422 mente

1918 1435 2150 1484 tractare
2183 1447 2291 1502 quo
2321 1433 2463 1500 loco,
2487 1444 2542 1490 et
2570 1439 2731 1505 unde,
2760 1442 3063 1517 quibusque
3089 1465 3157 1504 ex
3196 1456 3500 1524 sumptibus

1913 1519 2196 1575 ecclesiam
2230 1523 2282 1576 in
2307 1524 2516 1581 honore
2554 1530 2730 1584 sancti
2767 1530 3064 1593 Salvatoris
3092 1519 3359 1598 fundaret.
3388 1546 3497 1601 lle-

1910 1612 2054 1682 perit
2076 1614 2362 1684 siquidem,
2387 1619 2616 1676 Domino
2643 1635 2932 1692 annuente,
2959 1628 3133 1685 locum
3157 1633 3266 1688 Deo
3290 1636 3498 1706 dignis-

1913 1701 2111 1757 simum
2152 1706 2224 1761 ob
2248 1708 2510 1776 praeclara
2549 1722 2859 1770 sanctorum
2895 1720 3127 1777 merita:
3161 1731 3216 1776 et
3260 1701 3500 1795 propriis

1912 1793 1979 1848 de
2006 1797 2332 1865 sumptibus,
2363 1815 2470 1855 non
2497 1812 2555 1858 ut
2591 1805 2837 1860 voluerat
2882 1818 3046 1879 atque
3080 1793 3379 1882 optaverat,
3414 1829 3497 1874 ta-

1908 1896 2033 1937 men
2077 1894 2138 1939 ut
2175 1888 2384 1954 potuit,
2413 1892 2698 1948 ecclesiam
2742 1895 2796 1950 in
2835 1897 3042 1955 honore
3063 1901 3274 1959 Domini
3318 1910 3494 1964 nostri

1904 1971 2032 2027 Jesu
2056 1972 2260 2031 Christi
2297 1977 2564 2046 fundavit,
2594 1990 2652 2037 et
2686 1984 2898 2057 exigua:
2934 1994 3273 2061 paupertatis
3314 1996 3493 2068 inopia

1905 2062 2233 2123 culminibus
2256 2071 2452 2137 erexit,
2479 2082 2642 2143 atque
2685 2078 2851 2135 variis
2873 2080 3159 2140 adornavit
3187 2062 3489 2157 speciebus,

1902 2164 1964 2211 ut
2013 2160 2189 2228 potuit
2233 2179 2250 2215 :
2294 2164 2483 2235 sicque
2552 2174 2722 2224 totum
2772 2172 2840 2227 ad
2880 2174 3179 2242 perfectum
3205 2220 3221 2244 ,
3266 2181 3494 2239 Domino

1902 2249 2262 2343 gubernante,
2291 2254 2546 2324 perduxit
2566 2275 2724 2330 opus.
2763 2260 2991 2335 Jamque
3017 2267 3312 2325 advenerat
3339 2273 3490 2343 ejus-

1901 2338 2023 2394 dem
2058 2341 2303 2398 ecclesite
2331 2344 2688 2405 dedicationis
2718 2360 2947 2421 tempus,
2982 2365 3037 2411 et
3063 2358 3076 2411 Ι
3098 2367 3343 2417 eatorum
3368 2338 3491 2417 eor-‘-

1897 2444 2089 2500 porum
2133 2434 2505 2494 translationis
2533 2438 2724 2496 festiva
2754 2444 2890 2510 dies,
2924 2446 2976 2500 in
3003 2464 3109 2518 qua
3141 2451 3368 2507 aderant
3394 2470 3490 2510 ve-

1896 2523 2169 2580 nerabiles
2196 2527 2444 2595 prteclari
2480 2533 2800 2590 meritorum
2827 2540 3108 2607 praesules,
3142 2544 3194 2597 id
3216 2552 3301 2599 est
3341 2544 3487 2613 ejus-

1896 2614 2017 2670 dem
2048 2617 2283 2687 regionis
2310 2619 2590 2679 Freculfus
2644 2625 2960 2699 Lixogensis
2985 2643 3011 2673 α
3040 2635 3343 2705 episcopus,
3386 2655 3487 2696 nec

1894 2719 2003 2759 non
2039 2705 2330 2765 Baltfridus
2377 2711 2693 2772 Baiocensis
2752 2721 2989 2779 civitatis
3037 2729 3262 2793 prtcsul,
3318 2741 3483 2802 atque

208 2794 302 2858 ait,
346 2794 402 2847 in
431 2794 652 2849 nomine
683 2794 892 2850 Domini
932 2798 1099 2851 nostri
1127 2797 1253 2853 Jesu
1283 2798 1505 2865 Christi,
1540 2810 1597 2857 et
1622 2802 1697 2858 sis
1724 2803 1794 2860 ab

1903 2793 2302 2855 Abrincatensis
2355 2801 2614 2860 Ecclesia:
2657 2807 3013 2879 Ansegaudus
3066 2819 3307 2884 pontifex
3340 2839 3354 2874 :
3386 2793 3480 2892 qui

207 2880 305 2936 hac
350 2898 460 2951 qua
513 2885 715 2939 teneris
758 2886 933 2941 soluta
983 2887 1329 2955 infirmitate;
1389 2892 1619 2962 accipiat
1664 2909 1794 2949 caro
1891 2887 2066 2941 vocati
2099 2890 2168 2945 ab
2194 2888 2405 2948 Herveo
2440 2910 2476 2947 ι
2512 2895 2733 2953 Kalend.
2762 2900 2964 2971 Aprilis
3005 2905 3260 2966 Suiacum
3296 2914 3481 2972 villam

205 2973 500 3041 sanitatem
530 2989 702 3039 suam,
735 2984 795 3029 ut
821 2991 918 3046 per
947 2977 1053 3031 hoc
1083 2991 1421 3050 qutecunqne
1446 2981 1650 3037 dixeris
1686 2981 1793 3038 ﬁde
1894 2974 2183 3042 advenere,
2211 2981 2530 3053 pariterque
2563 2989 2948 3047 convenientes
2989 2994 3058 3049 ad
3089 2997 3257 3055 divini
3289 3019 3482 3060 nume-

205 3073 445 3119 astruas.
508 3065 704 3121 Verum
749 3076 833 3122 est
875 3068 1052 3123 adhuc
1097 3068 1242 3146 aliud
1282 3071 1539 3128 indicium
1583 3075 1663 3130 rei
1698 3091 1792 3131 ve-
1819 3126 1862 3151 η
1893 3065 1971 3121 τῖε
2012 3066 2199 3124 laudes
2249 3070 2599 3130 celebrandas
2644 3081 2965 3149 μορυιοηιηι
3015 3089 3204 3144 turbas
3252 3107 3480 3151 "Imme-

1712 3126 1761 3131 ,,
2382 3126 2595 3130 μηη
2645 3126 2965 3149 ﬁrme“...
3016 3126 3204 3144 ...ωηο
3253 3126 3478 3151 "unum-

209 3154 391 3209 ritatis
418 3156 662 3211 ordinem
706 3158 985 3227 pandens:
1021 3134 1146 3215 nam
1173 3161 1241 3215 ab
1268 3160 1371 3216 bac
1410 3166 1663 3233 praesenti
1704 3167 1792 3223 die
1818 3126 1863 3190 Ο
1895 3167 2041 3247 mm,
2080 3174 2145 3217 ac
2182 3161 2349 3218 ῑοιίυε
2388 3167 2565 3223 θοαίε
2605 3169 2820 3240 νίείιίθε
2861 3179 3120 3247 congruis
3159 3179 3351 3238 οπίείῖδ
3388 3200 3478 3241 90-

203 3258 379 3313 usque
424 3246 833 3304 translationem
863 3252 1108 3320 corporis
1156 3253 1348 3320 nostri,
1374 3254 1577 3311 nuilum
1610 3257 1793 3314 Domi-

1903 3247 2145 3304 lemniter
2197 3266 2664 3313 eonsummarunt.
2713 3260 2782 3317 Et
2822 3246 3018 3322 aurora
3065 3269 3154 3327 die
3196 3284 3480 3346 surgentes

202 3348 301 3390 nus
330 3335 497 3393 jesns
520 3337 766 3395 Christus
794 3356 895 3412 per
935 3357 1036 3399 nos
1063 3357 1250 3399 servos
1284 3346 1568 3401 ostendere
1595 3348 1789 3419 digna-
1893 3336 2123 3434 induunt
2169 3356 2229 3397 se
2271 3352 2452 3401 vestes
2499 3358 2719 3407 sanctas
2765 3368 2889 3409 cum
2932 3335 3479 3434 multitudineipsius

201 3425 352 3481 δίων
384 3428 632 3482 miraculi
660 3430 895 3500 signum,
924 3433 1162 3502 quandi“
1193 3435 1247 3488 in
1278 3436 1379 3490 hac
1405 3437 1643 3494 ecclesia
1682 3440 1789 3495 eri.
1890 3430 2098 3488 ordinis
2123 3437 2488 3506 sacerdotum,
2514 3442 2584 3497 ad
2611 3453 2923 3503 sanctorum
2951 3452 3325 3511 transferenda
3354 3474 3477 3514 cor-

200 3531 318 3573 mus
347 3518 444 3575 ubi
474 3534 703 3589 corpora
739 3521 1118 3579 defunctorum
1141 3525 1406 3582 tumulata
1425 3525 1631 3601 jacent,
1649 3546 1789 3601 quo-

1903 3536 2042 3591 pora,
2077 3533 2135 3579 et
2171 3526 2350 3583 locum
2381 3533 2794 3590 mundissimum
2844 3538 2898 3593 in
2939 3555 3047 3608 quo
3074 3557 3169 3598 eos
3212 3559 3477 3615 ponerent

202 3624 318 3663 rum
352 3611 581 3680 spiritus
612 3612 667 3667 in
691 3612 906 3669 inferno
932 3616 1239 3683 cruciatur;
1276 3617 1424 3673 nullo
1454 3621 1615 3676 modo
1642 3621 1786 3676 enim

1903 3625 2348 3683 imperaverunt,
2387 3620 2441 3674 in
2471 3636 2581 3690 quo
2618 3625 2781 3680 totius
2814 3624 2933 3681 fere
2959 3611 3250 3698 provinciae
3280 3637 3473 3692 aderat

201 3700 305 3757 huc
347 3702 613 3759 accedere
641 3719 947 3775 possumus.
990 3706 1129 3775 Quid
1157 3709 1314 3766 nobis
1342 3710 1396 3766 in
1423 3710 1632 3769 caelesti
1662 3713 1789 3769 nic-
1888 3701 2004 3759 fere
2044 3703 2347 3775 frequentia
2401 3713 2604 3782 populi,
2653 3714 2839 3774 Iaudes
2881 3719 3094 3777 debitas
3128 3723 3237 3780 Deo
3262 3729 3473 3795 persol-

198 3794 456 3857 rusalem,
501 3796 554 3849 in
594 3797 770 3866 patria
811 3798 937 3854 vitae
975 3815 1099 3855 cum
1132 3800 1382 3869 Domino,
1414 3818 1540 3859 cum
1568 3805 1654 3860 his
1694 3805 1786 3876 qui
1886 3801 2096 3861 ventes,
2124 3805 2179 3853 et
2204 3801 2382 3856 omnis
2409 3804 2798 3860 venerabilinm
2843 3811 3185 3868 sacerdotum
3234 3794 3368 3872 ordo
3399 3821 3469 3874 ad

198 3888 455 3944 claustris
498 3888 851 3947 infernalibus
890 3892 1127 3950 obserati
1160 3897 1519 3967 torquentur?
1563 3897 1791 3954 Fuimus

1903 3899 2007 3940 eum
2035 3886 2440 3946 festivissimum
2468 3894 2608 3949 diem
2634 3896 2989 3955 confluxerat.
3013 3902 3146 3957 Cum
3170 3920 3277 3975 quo
3303 3908 3467 3965 etiam

203 3990 389 4036 autem
423 3982 479 4036 in
513 3982 616 4037 hac
648 3983 1083 4055 peregrinatione
1111 4002 1214 4056 qua
1245 3987 1419 4042 currit
1436 3985 1613 4057 justus
1641 3989 1787 4059 pari-

198 4078 281 4126 ter
326 4080 389 4128 et
435 4071 671 4143 iniustus
697 4092 710 4128 :
738 4074 863 4130 licet
912 4076 1056 4131 enim
1104 4077 1443 4133 conversatio
1473 4088 1784 4134 sanctorum

197 4162 250 4217 in
289 4164 401 4219 hac
454 4165 565 4220 vita
636 4180 851 4237 semper
925 4167 997 4223 sit
1059 4168 1114 4223 in
1162 4168 1317 4224 caelis
1369 4169 1439 4225 ob
1493 4170 1786 4226 exhibitio-

195 4269 316 4308 uem
354 4269 582 4326 operum
624 4255 908 4323 bonorum,
946 4266 1128 4314 tamen
1157 4273 1442 4329 corporum
1476 4261 1784 4319 cotiditione

194 4345 394 4417 :rqnali
429 4347 707 4402 sociantur
732 4349 851 4415 via;
892 4358 1013 4420 post
1047 4365 1211 4420 quam
1243 4350 1557 4406 recedentes
1584 4352 1650 4406 de
1679 4352 1783 4409 hac

193 4433 355 4490 ﬂebili
402 4436 734 4506 captivitate,
782 4434 1097 4493 diiiduntur
1128 4437 1472 4506 altrinsecus,
1522 4440 1777 4510 quoniam

183 4524 315 4594 justi
371 4535 606 4596 pergunt
648 4527 717 4582 ad
759 4526 1035 4584 felicitatis
1078 4530 1330 4601 patriam,
1361 4530 1451 4586 ubi
1482 4530 1649 4586 solius
1679 4532 1774 4587 Dei

188 4616 402 4671 visione
428 4617 684 4671 fruuntur
711 4632 833 4672 cum
862 4618 1120 4690 angelicis
1143 4620 1357 4686 choris;
1393 4621 1545 4691 impii
1573 4630 1630 4676 et
1653 4637 1778 4691 pec-

1885 3976 2332 4035 innumerabilem
2378 3985 2634 4053 populum
2686 3987 2880 4058 vulgus
2928 3993 3090 4048 unius
3134 3993 3228 4049 Dei
3278 3997 3465 4056 laudes

1885 4083 1949 4124 ac
1998 4079 2122 4126 vota
2165 4074 2472 4130 exsultabili
2514 4077 2699 4132 laetitia
2754 4080 3071 4147 referentes,
3119 4089 3469 4150 exsultabant

1882 4161 2029 4215 omni
2058 4163 2254 4232 gaudio
2296 4166 2504 4236 repleti,
2532 4178 2911 4239 exspectantes
2937 4173 3043 4229 diei
3084 4175 3333 4235 festivam
3377 4197 3465 4239 so-

1882 4248 2238 4306 lemnitatem.

1952 4339 2183 4412 Jamque
2209 4342 2377 4414 ipsius
2402 4348 2507 4403 dlet
2538 4351 2694 4419 quasi
2725 4353 2859 4408 hora
2886 4364 3045 4412 tertia
3073 4339 3459 4434 compleverat,

1882 4434 2092 4504 praefati
2118 4438 2375 4509 prtesules
2402 4442 2685 4498 ecclesiam
2713 4446 2854 4501 beati
2877 4448 3112 4507 Victoris
3140 4453 3191 4519 ιι,
3224 4455 3314 4511 ubi
3342 4471 3466 4512 cor-

1880 4540 2013 4596 pora
2074 4528 2357 4585 beatorum
2415 4534 2788 4592 confessorum
2845 4551 2998 4597 erant
3025 4583 3039 4608 ,
3100 4545 3473 4624 intraverunt”

1878 4615 2146 4673 Levantes
2171 4629 2349 4677 autem
2376 4623 2656 4681 beatorum
2683 4629 3054 4688 confessorum
3084 4650 3309 4707 corpora
3336 4654 3461 4696 cum

185 4714 407 4761 catores
431 4705 702 4761 ducuntur
728 4708 797 4762 ad
828 4706 969 4763 saeva
999 4716 1329 4765 tartaromm
1359 4720 1656 4778 tormenta,
1682 4714 1775 4768 ubi
1879 4708 2094 4778 hymnis
2124 4718 2179 4765 et
2212 4712 2408 4769 divinis
2448 4714 2698 4773 laudibus
2730 4720 2797 4775 ad
2837 4738 2977 4778 nove
3006 4705 3329 4813 aedificatam
3361 4732 3459 4788 do-

185 4812 308 4854 cnm
353 4798 569 4854 diabolo
596 4807 652 4854 et
683 4800 890 4871 angelis
926 4799 1046 4871 ejus
1084 4803 1415 4858 cruciamur.
1458 4804 1527 4859 Et
1550 4805 1664 4861 haec
1690 4814 1777 4862 est
1876 4811 2025 4851 mum
2076 4799 2517 4870 deportaverunt,
2547 4806 2601 4861 in
2632 4823 2767 4877 quas
2799 4820 2910 4867 tres
2939 4814 3032 4870 Dei
3076 4802 3460 4889 omnipotentis

186 4904 420 4946 summ
463 4889 797 4947 infelicitatis
842 4892 1083 4959 miseria,
1114 4894 1168 4949 in
1192 4895 1298 4950 hoc
1322 4897 1525 4952 mundo
1569 4898 1774 4966 pariter

1903 4901 2021 4941 ιτοω
2062 4897 2218 4944 erant
2256 4899 2605 4956 constructae,
2651 4911 2880 4965 quarum
2935 4902 2989 4956 in
3031 4907 3209 4962 medio
3250 4924 3458 4979 pracpa-

185 4981 528 5045 eonversari,
556 4989 611 5036 et
638 4981 746 5037 vita
775 4982 876 5037 hac
902 4984 1109 5052 pariter
1135 4982 1263 5049 frui,
1296 4984 1389 5040 sed
1418 5000 1525 5041 non
1551 4986 1772 5056 aequali-

186 5082 270 5129 ter
297 5074 528 5129 vivere:
563 5087 663 5143 pro
687 5087 797 5143 quo
823 5088 924 5129 nos
950 5074 1058 5130 huc
1084 5075 1341 5130 advenire
1373 5075 1485 5146 jam
1514 5091 1620 5133 non
1649 5092 1772 5147 pos-

183 5181 399 5233 sumus,
427 5180 555 5224 cum
580 5173 767 5222 nostra
794 5166 1079 5221 revisimus
1102 5180 1361 5236 corpora;
1394 5166 1515 5222 ideo
1542 5166 1775 5238 eligatur

184 5258 345 5313 nobis
364 5270 544 5311 novus
564 5255 633 5309 ad
657 5255 983 5310 humandum
1008 5253 1182 5314 locus.
1206 5270 1313 5325 quo
1335 5270 1564 5326 corpora
1588 5266 1772 5313 nostra

183 5348 494 5419 quiescant,
546 5345 638 5401 ubi
678 5344 842 5400 etiam
878 5343 1193 5416 angelorum
1221 5344 1489 5419 gloriosus
1519 5344 1612 5401 ﬂat
1639 5362 1770 5402 con-

182 5453 399 5501 cursus,
433 5444 490 5491 et
509 5442 636 5490 vota
661 5433 946 5505 placabilia
996 5433 1198 5489 ibidem
1245 5431 1567 5502 offerantur,
1594 5437 1771 5506 quoti-

183 5529 360 5584 dianae
406 5527 595 5583 laudes
619 5527 842 5582 Domino
870 5541 994 5582 cum
1020 5525 1220 5582 divinis
1249 5524 1336 5580 die
1361 5534 1631 5596 noctuque
1654 5527 1771 5583 ofﬁ-

252 5652 282 5680 ι
322 5637 653 5704 ιοὶίωσεηεὶε.
679 5636 945 5695 Acherius
970 5636 1245 5704 emendat,
1271 5635 1622 5695 Lexovicnsis.

1875 4984 2026 5032 ratus
2070 4977 2137 5032 ad
2182 4988 2491 5034 sanctorum
2519 4997 2748 5052 corpora
2780 4988 3088 5057 sepelienda
3136 4977 3457 5054 cernebatur

1875 5067 2056 5133 locus;
2097 5083 2328 5138 quorum
2364 5086 2505 5126 unus
2539 5072 2606 5127 ad
2642 5075 2926 5133 dexterum
2956 5082 3220 5150 parietem
3259 5087 3454 5155 sepeli-

1876 5166 1984 5223 tur,
2012 5159 2065 5213 id
2109 5168 2193 5214 est
2227 5170 2448 5216 sanctus
2477 5163 2855 5235 Ragnobertus
2900 5172 3163 5243 pontifex,
3204 5174 3340 5232 alius
3384 5180 3452 5235 ad

1874 5247 2155 5302 sinistrum
2184 5248 2349 5302 humo
2375 5251 2645 5316 conditur,
2677 5254 2768 5309 ubi
2806 5272 2977 5327 usque
3003 5259 3162 5315 hodie
3188 5277 3450 5321 venemu-

1878 5344 1970 5390 tur
2002 5346 2242 5391 sanctam
2266 5336 2629 5396 inhabitantes
2654 5342 2894 5399 domum.
2917 5346 3220 5419 Antequam
3253 5366 3284 5405 a
3314 5368 3454 5423 pra:-

1877 5426 2005 5483 fatis
2050 5426 2369 5499 priesulibus
2397 5429 2828 5501 deportarentur,
2856 5452 2956 5507 per
3001 5443 3453 5504 sanctificationis

1875 5519 2105 5590 gratiam
2140 5528 2491 5576 consecratur
2518 5522 2709 5581 domus
2744 5527 2840 5583 Dei
2865 5529 3093 5588 interius
3115 5541 3170 5589 et
3186 5536 3447 5595 exterius.

1951 5632 1981 5672 δ
2024 5629 2269 5712 Victoris.
2291 5631 2495 5712 Supra,
2529 5650 2649 5708 cap.
2680 5637 2749 5712 4,
2772 5637 2968 5712 legitur
3009 5640 3240 5703 Victorii.
3287 5646 3445 5708 Haud

1879 5703 1955 5759 ita
1985 5701 2156 5757 multo
2182 5711 2304 5771 post
2324 5701 2426 5774 pro
2452 5701 3014 5770 arcte'restltueitdum
3035 5730 3165 5772 ara}.
