3900 6178
411 268 517 326 899

1672 272 1940 327 hlSlil‘lll
1984 272 2410 329 SAClillDOTlS

409 381 618 435 Etenim
648 381 750 435 tria
773 379 970 449 ibidem
985 379 1176 433 altaria
1199 380 1361 433 trium
1390 381 1674 447 prmsuium
1699 395 1980 436 eonsecra-
2010 387 2054 444 Λ
2086 391 2246 436 tatem
2271 400 2285 437 :
2311 382 2498 451 sicque
2535 382 2747 437 luminis
2784 385 2868 439 sui
2908 394 3119 454 recepta
3145 387 3389 443 claritate
3434 391 3501 444 ad
3529 406 3668 461 pro-
3696 448 3709 457 δ

411 470 646 525 tionibus
674 469 1110 533 sanetilicantur;
1142 485 1369 539 quorum
1411 471 1644 539 primum
1693 468 1750 525 in'
1776 474 1977 527 honore

410 561 619 615 Domini
679 561 848 614 nostri
890 558 1016 615 Jesu
1059 559 1263 615 Christi
1333 560 1654 616 venerabilis
1698 561 1976 617 Freculfus

408 649 720 717 Lixogcnsis
747 650 1027 719 episcopus
1048 650 1401 713 consecravit,
1429 649 1663 704 medium
1688 650 1975 708 Baltfridus

407 739 634 794 antistes
676 740 982 795 Baiocensis
1023 740 1279 795 Ecclesiae
1327 741 1381 795 in
1422 742 1627 796 honore
1674 745 1845 798 sancti
1876 744 1977 799 lla-

406 831 649 900 gnoberti
676 840 731 885 et
759 831 997 885 omnium
1024 841 1331 886 sanctorum
1359 848 1481 887 eum
1511 834 1741 888 Zenonis
1777 836 1975 890 sancti-

406 924 609 988 licavit,
636 924 775 992 quod
803 923 869 977 ad
899 923 1075 993 capita
1107 922 1475 978 confessorum
1502 925 1821 979 videbantur
1850 942 1971 982 esse

404 1011 716 1067 fundatum:
748 1012 965 1067 tertium
995 1012 1136 1067 enim
1168 1012 1412 1081 pontifex
1440 1013 1850 1070 Abrincatensis
1879 1031 1968 1070 ur-

401 1102 487 1160 bis
515 1103 864 1174 Ansegaudus
886 1103 939 1156 in
964 1105 1307 1158 veneratione
1348 1113 1550 1159 sancta:
1576 1104 1669 1160 Dei
1692 1107 1971 1177 genitricis

403 1189 584 1245 Maria:
616 1200 671 1245 et
695 1191 864 1245 sancti
890 1189 1114 1246 Joannis
1146 1191 1399 1260 Baptista:
1425 1192 1722 1247 benedixit.

472 1282 568 1337 His
592 1283 663 1337 ita
693 1284 796 1338 rite
824 1299 889 1337 ex
925 1299 1074 1338 more
1111 1285 1444 1355 compositis,
1486 1286 1818 1341 tumnlantur
1844 1289 1969 1343 hea-

401 1379 579 1426 torum
606 1385 828 1442 corpora
856 1373 1255 1440 confessorem;
1288 1391 1725 1447 unumquemque
1765 1379 1817 1433 in
1855 1380 1968 1434 suis

402 1460 531 1515 locis
552 1475 671 1515 cum
706 1462 951 1517 laudibus
980 1474 1035 1517 et
1062 1465 1258 1519 divinis
1281 1465 1592 1528 honoribus,
1624 1467 1850 1522 Domino
1870 1484 1967 1539 gn-

401 1550 685 1616 bernante,
715 1554 1089 1609 condiderunt.
1121 1555 1205 1609 Fit
1228 1556 1478 1625 gaudium
1504 1557 1671 1612 totius
1705 1558 1875 1623 urbis,
1903 1573 1967 1614 ac

398 1643 774 1699 exsultationis
817 1645 1063 1699 intonant
1090 1660 1220 1701 voce
1271 1646 1473 1711 laudes,
1505 1654 1560 1701 et
1593 1662 1766 1717 usque
1805 1649 1966 1704 hodie

2079 474 2197 541 pria
2227 475 2522 542 gaudenter
2550 476 2826 528 remeavit.

2684 567 2914 622 CAPUT
2961 567 3053 621 IX.

2308 656 2381 710 De
2419 657 2640 711 clat'one
2670 658 2955 711 sacerdotis
2982 668 3032 711 et
3060 676 3212 714 crure
3239 663 3431 729 fracto.

2146 746 2282 800 Dum
2310 755 2487 799 autem
2518 747 2750 816 repletus
2786 748 2981 817 gaudio
3020 748 3159 802 viam
3191 765 3295 818 qua
3338 752 3672 807 veneratad

2075 856 2226 894 suam
2286 847 2647 896 reverteretur
2696 841 2807 896 Deo
2856 843 3056 911 gratias
3103 843 3365 908 referens,
3416 844 3675 900 obviavit

2073 931 2285 985 cuidam
2328 931 2593 985 sacerdoti
2637 944 2779 1001 equo
2824 932 3029 986 sedenti
3080 934 3299 988 nomine
3352 933 3671 997 Gull‘uido,

2073 1020 2225 1088 isque
2259 1019 2392 1072 dixit
2423 1018 2471 1071 ei
2499 1038 2511 1070 :
2541 1018 2690 1073 Unde
2729 1018 2879 1072 venis
2918 1030 2973 1073 et
3002 1035 3110 1088 quo
3152 1021 3345 1075 vadis?
3371 1035 3555 1077 nonne
3606 1031 3671 1075 tn

2072 1109 2162 1163 ille
2199 1124 2259 1165 es
2304 1109 2394 1178 qui
2430 1109 2629 1164 dudum
2661 1109 2863 1163 amisso
2908 1109 3107 1163 lumine
3140 1126 3260 1164 cum
3302 1111 3529 1165 ductore
3557 1126 3671 1180 per

2068 1199 2226 1270 plana
2250 1199 2458 1253 viarum
2504 1199 2827 1253 incedebas?
2868 1197 2962 1253 Cui
2994 1215 3169 1254 aecus
3197 1201 3514 1269 respondit:
3541 1201 3669 1271 Ego

2068 1304 2186 1342 sum
2214 1289 2305 1357 qui
2334 1303 2606 1357 nunquam
2645 1298 2917 1357 aspectum
2949 1289 3071 1343 (ξωιί
3118 1289 3301 1343 videre
3330 1298 3530 1359 praeter
3558 1290 3669 1343 bo-

2067 1378 2155 1432 dic
2183 1376 2373 1440 merui,
2408 1377 2500 1431 setl
2529 1390 2741 1443 semper
2762 1375 2988 1430 aliorum
3020 1377 3266 1430 manilius
3289 1377 3497 1438 ductus,
3530 1376 3668 1430 vias

2067 1483 2163 1537 per
2196 1482 2332 1537 quas
2371 1467 2450 1521 ire
2475 1481 2595 1520 cum
2624 1466 2849 1521 ductore
2872 1465 3058 1528 habui,
3088 1466 3321 1535 perrexi.
3352 1466 3439 1529 At,
3465 1466 3669 1535 inquit

2066 1557 2339 1619 sacerdos,
2369 1555 2521 1625 cujus
2551 1555 2644 1610 tibi
2676 1554 2887 1619 videtur
2916 1555 3094 1609 meriti
3137 1555 3238 1608 hoc
3265 1553 3459 1609 factum
3496 1569 3665 1617 esse,

2066 1656 2126 1702 ut
2166 1647 2424 1702 amissum
2462 1648 2735 1716 acciperes
2772 1646 2952 1700 lumen
2967 1645 3115 1714 ?.Qui
3148 1646 3457 1716 respondit:
3493 1645 3662 1702 San-

396 1746 591 1802 perpes
620 1732 993 1789 inenarrabilis
1015 1735 1209 1789 ibidem
1246 1745 1524 1805 permanet
1550 1736 1754 1792 laetitia.
1785 1738 1967 1805 Quan-
2000 1724 2040 1783 Β
2067 1746 2274 1792 ctorum
2321 1735 2688 1791 confessorum
2738 1736 3028 1790 virtutibus
3072 1735 3329 1791 liberatus
3372 1753 3490 1790 sum
3521 1777 3543 1801 ,
3604 1747 3667 1792 et

399 1830 487 1877 tus
532 1824 918 1878 monachorum
964 1826 1151 1879 aderat
1191 1828 1346 1892 ordo,
1393 1828 1775 1884 canonicorum
1803 1846 1964 1900 quam

396 1912 628 1980 plurima
705 1913 915 1968 turbat.
966 1915 1223 1971 Videlicet
1293 1932 1364 1971 ex
1412 1918 1607 1973 vicinis
1659 1919 1968 1989 regionibus

397 2000 511 2056 fere
538 2003 735 2059 ibidem
763 2004 1097 2060 confluxerat
1125 2009 1301 2063 omnis
1328 2008 1506 2079 populi
1556 2009 1879 2066 multitudo:
1912 2025 1967 2070 et

394 2108 674 2163 quousque
702 2096 989 2165 sepultura:
1018 2098 1200 2153 traditi
1238 2108 1388 2165 sunt,
1417 2111 1820 2171 prosequuntur
1843 2119 1964 2159 cum

394 2182 612 2252 hymnis
658 2192 713 2239 et
756 2184 1020 2251 laudibus,
1060 2187 1173 2242 sive
1227 2189 1581 2258 quantislibet
1635 2192 1967 2262 spiritalibus

392 2273 858 2330 exsultationibus.
889 2275 1026 2343 Quid
1053 2285 1233 2331 autem
1257 2280 1446 2333 eodem
1469 2280 1557 2335 die
1578 2281 1755 2351 gaudii
1785 2289 1964 2336 actum

391 2372 496 2423 est,
517 2363 779 2420 silendum
806 2365 1111 2422 nullomodo
1130 2367 1305 2423 videtu
1316 2383 1356 2420 r.
1378 2368 1561 2424 Pluvia
1583 2370 1728 2424 enim
1746 2384 1963 2425 omnem

393 2450 535 2506 illius
564 2453 1027 2523 regionis'terram
1054 2464 1436 2521 occupaverat,
1478 2457 1547 2511 ad
1578 2456 1750 2512 instar
1774 2456 1965 2513 ﬂuvio-

392 2556 511 2596 rum
540 2552 734 2597 cuncta
779 2543 1127 2614 irrigaverat;
1177 2545 1273 2599 sed
1302 2544 1357 2599 in
1386 2546 1577 2600 eodem
1608 2545 1726 2602 loco
1745 2561 1852 2618 quo
1870 2561 1965 2616 po-

392 2620 578 2703 pulus‘
591 2633 658 2688 ad
691 2634 1064 2695 celebrandam
1106 2635 1414 2692 festivitatis
1444 2637 1586 2692 diem
1614 2646 1957 2702 convenerat,

392 2724 525 2779 nihil
559 2725 780 2780 omnino
808 2724 966 2795 pluit,
1011 2725 1150 2781 miro
1189 2726 1350 2781 modo
1384 2726 1598 2783 aliunde
1622 2728 1962 2787 venientibus

389 2814 470 2869 eis
497 2828 730 2884 aquosus
760 2814 954 2870 humor
992 2814 1289 2882 defecerat,
1332 2816 1530 2872 ibidem
1563 2832 1692 2873 vero
1716 2818 1861 2875 diem
1888 2819 1961 2876 fe-

391 2915 533 2962 stum
560 2916 779 2978 agentes
820 2922 915 2962 eos
960 2907 1093 2963 nihil
1139 2908 1281 2964 roris
1311 2909 1587 2981 attigerat.
1629 2908 1828 2981 Sicque
1861 2910 1958 2967 Dei

389 2997 700 3053 sacerdotes
728 2997 822 3067 qui
860 3005 1039 3053 vestes
1075 2999 1438 3055 sacerdotales
1479 2999 1651 3055 induti
1690 3015 1957 3057 convene-

389 3092 513 3140 rant
527 3085 595 3139 ad
618 3098 904 3154 corporum
931 3086 1216 3156 exsequias
1240 3087 1519 3142 beatorum
1549 3103 1670 3144 cum
1695 3091 1840 3145 omni
1865 3105 1960 3160 po-

388 3174 536 3245 pulo,
563 3175 766 3244 absque
791 3175 1097 3246 pluviarum
1143 3178 1428 3243 imbribus,
1450 3193 1735 3250 quousque
1777 3183 1956 3253 sepul-

390 3273 524 3320 tura:
547 3266 908 3321 commendati
946 3273 1093 3332 sunt,
1123 3269 1286 3323 etiam
1321 3267 1615 3338 gaudentes
1642 3270 1711 3325 ad
1738 3273 1958 3342 propria

386 3368 617 3425 pergere
641 3364 942 3426 coeperunt.

456 3443 723 3500 Praeterea
752 3460 871 3515 quae
901 3446 1242 3517 omnipotens
1262 3448 1404 3505 Deus
1431 3449 1618 3505 eodem
1650 3450 1957 3508 translatio-

388 3536 473 3590 nis
509 3534 857 3606 ccclesiteque
895 3537 1251 3594 dedicationis
1279 3540 1366 3595 die
1394 3556 1492 3611 per
1530 3556 1809 3598 servorum
1839 3560 1942 3600 suo

388 3641 508 3680 rum
555 3626 748 3682 merita
788 3642 950 3698 agere
993 3629 1243 3700 dignatus
1266 3639 1371 3697 est,
1399 3630 1596 3688 futuris
1625 3635 1957 3705 temporibus

384 3718 453 3771 ad
480 3718 768 3774 multorum
809 3720 1109 3789 profectum
1156 3725 1428 3779 memoriae
1461 3728 1950 3784 commendandum

383 3816 488 3863 est.
538 3808 682 3864 Muta
722 3811 994 3880 qutelibet,
1038 3812 1383 3884 Hildeburgis
1424 3815 1663 3881 nomine,
1700 3832 1732 3871 a
1761 3818 1956 3873 nativi—

387 3907 516 3964 tate,
547 3898 723 3955 locuta
747 3909 849 3957 est.
879 3901 1015 3969 Quia
1043 3904 1185 3958 enim
1215 3919 1364 3959 novae
1391 3905 1757 3962 translationis
1781 3922 1956 3963 nova:-

382 4005 487 4060 que
507 3994 934 4049 consecrationis
959 3995 1201 4051 ecclesiae
1224 3997 1342 4051 dies
1385 3997 1658 4065 illuxerat,
1690 4015 1831 4055 novo
1858 4000 1957 4056 mi-

385 4083 689 4139 raculorum
714 4084 866 4154 signo
887 4085 1027 4140 diem
1058 4086 1327 4142 illustrare
1356 4087 1527 4143 voluit
1550 4088 1807 4144 Dominus
1833 4105 1951 4154 suo,

382 4174 670 4229 ostendens
696 4175 926 4244 plurima
956 4177 1064 4232 illis
1094 4178 1428 4247 temporibus
1457 4177 1571 4234 fieri
1596 4180 1767 4250 signa.
1794 4181 1954 4236 Aliud

383 4276 515 4317 vero
543 4262 773 4319 vidimus
801 4265 990 4320 eodem
1022 4266 1113 4322 die
1157 4266 1479 4321 miraculum
1505 4270 1648 4338 quod
1692 4286 1793 4325 nec
1821 4271 1951 4327 reti-

383 4351 612 4406 cendum
664 4359 768 4406 est.
824 4352 1078 4419 Quaedam
1126 4352 1327 4409 femina
1352 4395 1365 4418 ,
1414 4355 1666 4412 Bertinda
1712 4360 1950 4426 nomine,

383 4438 646 4494 daemonio
672 4450 863 4494 vexata
888 4441 961 4496 ibi
988 4442 1175 4497 eadem
1203 4444 1289 4497 die
1311 4444 1531 4500 liberata
1554 4454 1654 4501 est.
1684 4448 1948 4505 Praeterea

364 4528 523 4582 ‘cteca
555 4529 799 4597 quaedam
828 4530 895 4584 ad
922 4539 1236 4586 sanctorum
1276 4548 1503 4603 corpora
1533 4535 1652 4592 luco
1681 4539 1770 4593 ubi
1796 4541 1948 4610 prius

383 4626 509 4673 ante
555 4619 959 4675 translationem
996 4622 1374 4691 requieverant
1422 4626 1687 4692 residens,
1731 4631 1948 4686 miseri-

383 4707 581 4762 cordia:
611 4707 820 4763 Domini
857 4709 1137 4779 postulans
1166 4713 1326 4777 dona,
1356 4713 1470 4782 ipso
1511 4713 1818 4773 festivitatis
1860 4721 1948 4778 die

383 4797 682 4856 illuminata
716 4810 817 4856 est.
855 4800 951 4856 His
984 4803 1128 4857 enim
1170 4804 1342 4859 tribus
1370 4804 1581 4860 Domini
1624 4807 1790 4878 signis
1831 4811 1946 4867 dics

384 4890 486 4944 ista
512 4892 751 4946 cernitur
779 4892 1066 4948 illustrata.
1093 4894 1161 4949 Et
1189 4895 1446 4965 quoniam
1475 4896 1578 4951 tria
1616 4897 1759 4954 intus
1785 4900 1950 4955 aedifi-

381 4987 500 5036 cata
528 4989 652 5036 sunt
674 4982 885 5048 altaria,
923 4984 1085 5038 trium
1116 4985 1497 5040 miraculorum
1529 4988 1728 5042 ibidem
1756 4989 1946 5045 effecta

382 5079 509 5126 sunt
547 5071 718 5141 signa.
757 5071 1031 5142 Siquidem
1074 5074 1378 5129 celebratur
1404 5076 1518 5131 haec
1548 5074 1817 5131 festivitas
1863 5094 1949 5133 so-

383 5159 713 5215 lemnissima
750 5160 834 5215 die
858 5176 949 5215 vui
973 5160 1243 5217 Kalendas
1270 5162 1493 5232 Aprilis.

968 5270 1192 5328 CAPUT
1229 5272 1360 5328 Vl".

698 5341 774 5394 De
802 5356 935 5395 carro
960 5359 993 5394 η
1020 5343 1283 5397 nativitate
1309 5343 1624 5399 illuminata.

450 5431 677 5497 Quidum
718 5432 882 5486 etiam
929 5446 1124 5496 cmcus,
1174 5431 1555 5489 llermenricus
1603 5436 1843 5498 nomine,
1873 5435 1942 5489 ab

383 5520 497 5589 ipso
523 5523 712 5577 matris
747 5532 919 5587 utero,
944 5523 1233 5578 adveniens
1257 5523 1430 5578 visum
1457 5541 1564 5595 quo
1609 5541 1826 5596 semper
1862 5542 1971 5579 ea--

384 5607 494 5661 ruit
519 5609 739 5679 recepit,
768 5618 822 5663 et
848 5611 900 5664 in
926 5612 1206 5681 pristinam
1238 5613 1431 5667 meruit
1474 5613 1756 5668 reformari
1801 5616 1942 5669 sani-

2067 1827 2353 1883 admodum
2382 1842 2545 1881 sanus
2569 1826 2808 1882 ell‘ectns.
2841 1825 2990 1881 Tunc
3018 1827 3271 1895 praefatus
3297 1826 3534 1882 irridens
3568 1843 3666 1883 sa-

2065 1918 2257 1973 cerdos
2283 1916 2431 1988 virga
2478 1932 2639 1986 quam
2683 1932 2843 1971 manu
2871 1918 3117 1988 gestabat
3157 1933 3284 1973 crus
3328 1918 3667 1987 percutiens

2070 1992 2263 2071 suum,
2322 2006 2497 2075 inquit
2541 2023 2554 2058 :
2611 2006 2689 2060 lta
2736 2006 3012 2061 enimvero
3068 2005 3216 2076 egit,
3266 2014 3324 2059 ut
3373 2004 3658 2075 iactaris,

2066 2097 2324 2153 Dominus
2368 2111 2464 2167 per
2491 2098 2588 2152 hos
2634 2111 2818 2152 servos
2845 2097 2945 2151 hoc
2969 2094 3318 2159 miraculum,
3343 2095 3508 2149 veluti
3547 2110 3666 2166 ego

2064 2186 2224 2243 modo
2253 2184 2497 2258 frangam
2526 2186 2641 2242 haec
2668 2201 2785 2240 mea
2815 2185 3029 2254 propria
3058 2198 3238 2239 crura.
3270 2183 3335 2239 Et
3361 2184 3486 2238 dum
3518 2201 3662 2255 per-

2064 2276 2237 2332 cussit
2264 2276 2412 2347 virga
2443 2290 2624 2339 crura,
2654 2275 2851 2331 talibus
2874 2274 3031 2331 dictis
3071 2274 3323 2347 continuo
3352 2289 3521 2329 crure
3555 2277 3663 2329 do-

2064 2365 2146 2420 lor
2183 2346 2552 2435 prosetiuitur,
2579 2374 2636 2420 et
2674 2375 2870 2420 terram
2899 2380 3040 2435 equo
3068 2346 3337 2429 decidens,
3361 2380 3491 2419 crus
3530 2365 3659 2420 fra-

2062 2464 2207 2511 etum
2252 2457 2519 2526 apparuit.
2551 2455 2669 2523 Quo
2709 2456 2909 2513 indicio
2949 2454 3341 2521 manifestatur,
3371 2465 3423 2511 ct
3451 2472 3663 2513 uncus

2062 2545 2319 2603 liberatus
2364 2554 2447 2602 est
2488 2562 2582 2618 per
2624 2556 2932 2602 sanctorum
2985 2547 3201 2610 merita,
3238 2555 3292 2601 et
3333 2548 3662 2603 sacerdotis

2060 2647 2186 2690 crus
2216 2635 2285 2691 ob
2316 2634 2683 2690 incredibilem
2713 2635 2807 2691 Dei
2847 2635 3228 2704 omnipotentis
3264 2634 3402 2689 circa
3438 2650 3662 2691 servos

2059 2738 2186 2780 suos
2212 2725 2465 2796 pietatem
2494 2740 2645 2780 suam
2673 2726 2888 2795 propria
2916 2725 3068 2796 culpa
3108 2724 3351 2781 fractum.
3380 2723 3663 2780 Pervenit

2061 2827 2240 2875 autem
2267 2835 2446 2875 sermo
2474 2820 2529 2876 in
2552 2834 2766 2875 omnem
2794 2819 2937 2874 illam
2964 2820 3257 2890 regionem,
3287 2829 3337 2874 et
3359 2835 3656 2889 nusquam

2057 2917 2177 2964 erat
2218 2907 2370 2965 locus
2413 2924 2520 2979 quo
2565 2923 2759 2964 nomen
2792 2908 3003 2963 Domini
3044 2924 3149 2962 non
3194 2908 3569 2966 invocaretur.
3596 2920 3657 2963 et

2060 3004 2371 3053 sanctorum
2415 2996 2740 3069 Raghoberti
2785 2995 3110 3053 confessoris
3138 3012 3235 3052 nec
3260 3012 3360 3051 non
3392 2997 3659 3053 Zenonis

1984 3063 2029 3127 ε
2058 3086 2178 3156 ejus
2206 3088 2336 3144 socii
2364 3088 2621 3157 praeclara
2665 3088 2857 3143 merita
2884 3103 2991 3142 non
3018 3087 3318 3143 venerando
3354 3101 3656 3142 memora-

2058 3188 2215 3235 reutu
2222 3195 2267 3237 Γ.

2667 3267 2891 3324 CAPUT
2931 3267 2995 3323 Χ.

2055 3356 2134 3412 De
2184 3356 2400 3411 muliere
2439 3374 2472 3411 a
2499 3357 2647 3427 ﬂuxu
2680 3356 2951 3439 sanguinis
2991 3356 3229 3422 liberata,
3270 3356 3474 3426 {arente
3531 3357 3649 3412 Do-

2778 3443 2938 3480 mmo.

2126 3535 2252 3592 Fuit
2291 3545 2467 3592 autem
2491 3553 2557 3592 ex
2593 3538 2793 3593 Baliola
2837 3538 2958 3593 villa
2990 3537 3187 3592 femina
3214 3537 3453 3609 quzedam
3482 3549 3651 3603 orta,

2055 3645 2174 3700 qua:
2221 3629 2421 3684 ﬂuxum
2469 3630 2745 3700 sanguinis
2792 3631 3098 3700 patiebatur
3130 3630 3296 3684 multo
3339 3638 3648 3700 tempore:

2055 3737 2174 3791 qua:
2212 3721 2374 3777 etiam
2419 3721 2488 3775 ad
2522 3729 2827 3776 sanctorum
2872 3736 3100 3790 corpora
3134 3736 3229 3775 sua
3266 3729 3386 3773 vota
3433 3721 3650 3776 detulit

2054 3812 2295 3875 veniens,
2326 3812 2392 3866 ab
2425 3811 2527 3867 hac
2571 3810 2788 3881 quidem
2826 3811 3046 3867 liberata
3078 3820 3163 3865 est
3192 3811 3262 3864 ibi
3290 3809 3648 3871 inﬁrmitate.

2054 3910 2108 3955 ct
2134 3900 2365 3956 sanitate
2388 3909 2642 3970 percepta
2669 3900 2736 3954 ad
2756 3900 2970 3970 propria
2996 3912 3213 3953 reversa
3232 3906 3330 3953 est.
3358 3895 3465 3951 Sed
3496 3900 3649 3967 quia

2054 3991 2360 4063 praecedunt
2382 3991 2607 4061 plurima
2637 3992 2909 4063 signorum
2937 3991 3196 4046 miracula
3219 4005 3334 4060 qure
3358 3988 3651 4046 Dominus

2053 4098 2150 4154 per
2182 4097 2462 4138 servorum
2508 4097 2727 4138 suorum
2767 4083 2957 4137 merita
2992 4096 3217 4151 operare
3244 4081 3486 4150 dignatus
3522 4092 3648 4145 est,

2054 4170 2253 4240 quique
2282 4170 2444 4226 etiam
2470 4171 2536 4225 ad
2563 4171 2705 4226 hunc
2727 4171 2924 4226 deferri
2955 4171 3129 4226 locum
3158 4184 3251 4224 eos
3277 4171 3565 4238 praecepit,
3588 4182 3651 4225 et

2055 4260 2221 4316 multa
2266 4262 2667 4330 subsequuntur
2696 4263 2750 4315 in
2784 4262 2970 4316 eodem
3010 4259 3129 4315 loco
3172 4259 3311 4314 facta
3334 4299 3350 4321 .
3395 4258 3649 4330 dignum

2048 4350 2352 4420 iudicamus
2389 4365 2455 4404 ex
2498 4350 2741 4421 plurimis
2782 4350 3255 4422 paucajnsererc.
3301 4348 3431 4416 Quis
3470 4352 3649 4406 enim

2054 4456 2371 4496 enumerare
2421 4440 2599 4495 valeat
2643 4440 2829 4510 quanti
2879 4440 3078 4495 infirmi
3130 4439 3363 4509 quotidie
3420 4438 3649 4494 ibidem

2053 4531 2278 4586 Domino
2331 4540 2601 4585 annuente
2653 4545 2682 4583 a
2723 4530 2890 4585 variis
2935 4530 3276 4600 languoribus
3330 4531 3655 4585 curantur?

2053 4622 2240 4677 Nullus
2268 4636 2408 4692 aeger
2428 4636 2590 4675 causa
2621 4636 2729 4676 sua:
2756 4621 3089 4691 aegritudinis
3116 4621 3305 4675 devote
3330 4618 3395 4673 ad
3425 4634 3652 4675 curan-

2051 4713 2179 4769 dum
2223 4713 2465 4775 veniens,
2492 4719 2552 4764 ut
2588 4711 2658 4766 ibi
2703 4727 2809 4764 non
2853 4719 3125 4765 mereatur
3169 4708 3410 4763 exaudiri
3455 4718 3652 4781 atque

2050 4801 2249 4855 curari.
2281 4799 2541 4867 Quocirca
2597 4801 2723 4855 hinc
2759 4800 2881 4855 inde
2923 4799 3149 4855 diversis
3186 4799 3365 4853 vexati
3393 4798 3652 4855 veniunt

2048 4890 2450 4946 inﬁrmitatibus
2472 4932 2485 4954 ,
2513 4906 2725 4959 semper
2754 4891 2984 4945 Domino
3010 4899 3195 4944 nostro
3237 4889 3361 4944 Jesu
3400 4888 3652 4948 Christo

2048 4982 2485 5052 propitiosunari
2519 4987 2811 5035 merentur.
2859 4978 3011 5035 Unde
3040 4978 3327 5034 manifeste
3350 4978 3653 5050 colligitur

2050 5070 2173 5124 dum
2203 5069 2439 5124 exterius
2468 5068 2752 5122 visibilitcr
2776 5076 3051 5131 sanantur,
3078 5068 3305 5122 interius
3327 5081 3426 5137 per
3453 5069 3653 5124 omni-

2050 5162 2281 5229 potentis
2342 5160 2552 5215 Domini
2598 5160 3015 5215 occultissimam
3059 5160 3315 5228 pietatem
3359 5172 3393 5211 a
3443 5160 3653 5216 multis

2050 5261 2389 5321 peccatorum
2422 5253 2646 5307 nexibus
2688 5252 2995 5314 solvuntur,
3026 5251 3373 5305 sublevantur
3402 5250 3648 5319 delicta,

2046 5342 2274 5396 erimina
2312 5342 2633 5405 abluuntur,
2664 5351 2720 5397 et
2764 5341 2970 5396 diversa
3017 5342 3385 5409 peccaminum
3423 5356 3649 5411 genera

2050 5433 2280 5503 Spiritus
2302 5432 2473 5486 sancti
2499 5432 2670 5503 gratia
2692 5431 2938 5486 illustrati
2964 5431 3261 5485 medentur.
3281 5428 3649 5500 Quapropter

2048 5538 2169 5575 cum
2203 5522 2431 5576 diversis
2462 5522 2834 5591 languentibus
2867 5520 2934 5574 ad
2972 5519 3219 5575 eumdem
3255 5526 3503 5573 sanctum
3544 5517 3641 5572 Io-

2051 5629 2172 5667 cum
2198 5613 2268 5668 ob
2291 5614 2537 5668 sanitatis
2563 5613 2798 5667 remedia
2830 5611 3223 5673 festinantibus,
