3900 6178
246 360 353 419 ὕθὶ

865 468 1089 524 CAPUT
1134 470 1219 523 XI.

676 562 753 615 De
773 561 965 614 lumine
987 576 1123 613 (ξατο
1151 560 1403 613 restituto.
1447 627 1451 631 ν

322 657 481 709 Venit
507 655 669 710 etiam
692 670 867 709 caecus
895 653 1111 720 quidam
1142 668 1205 706 ex
1239 652 1359 705 villa
1396 651 1616 722 prmfata
1650 651 1820 704 Balin-

242 749 352 809 las,
385 747 450 799 de
494 760 599 816 qua
640 742 838 799 femina
881 750 1105 796 venerat
1153 756 1271 810 qua:
1318 740 1520 794 flusttm
1551 740 1826 809 sanguinis

238 838 574 907 patiebatur,
614 835 832 889 nomine
875 832 1132 895 Odricns;
1166 840 1220 887 et
1262 832 1387 884 dum
1432 832 1498 884 ad
1543 832 1826 886 beatorum

238 928 619 984 confessorum
649 939 872 995 corpora
901 925 1180 996 pervenit,
1211 924 1348 977 facta
1380 923 1624 977 oratione
1665 922 1823 975 lumi-

170 1020 191 1031 “’
240 1019 332 1073 nis
386 1017 467 1071 sui
516 1015 814 1070 claritatem
873 1014 1114 1085 recipere
1161 1014 1379 1077 meruit,
1408 1023 1461 1066 et
1508 1014 1597 1081 qui
1651 1027 1826 1067 oecus

242 1110 423 1163 fuerat
475 1106 735 1170 veniens,
789 1105 978 1159 videns
1026 1104 1221 1173 gaudio
1288 1102 1524 1171 repletus
1576 1116 1825 1156 reversus

240 1208 353 1253 ρει.

844 1283 1071 1339 CAPUT
1107 1283 1221 1339 ΧΠ.

239 1383 380 1434 Item
403 1379 466 1432 de
486 1378 597 1448 [ilia
628 1391 765 1430 eruca
795 1392 825 1427 a
856 1376 1124 1448 nativitate
1144 1389 1260 1448 qua:
1290 1388 1391 1427 non
1420 1373 1599 1426 habuit
1622 1371 1819 1435 lumen,

788 1455 834 1497 et
866 1444 1038 1497 lumen
1060 1445 1275 1513 accepit.

310 1541 479 1609 Cujus
514 1539 679 1592 etiam
723 1536 829 1590 lilia
878 1535 1122 1606 caecitate
1161 1534 1245 1588 sui
1287 1548 1480 1588 carens
1529 1532 1820 1602 quondam,

230 1646 409 1702 quant
442 1631 642 1685 habere
676 1641 783 1681 non
818 1625 1011 1695 potuit,
1047 1630 1100 1678 in
1130 1625 1217 1678 die
1248 1623 1560 1677 festivitatis
1583 1622 1821 1690 ipsorum

229 1720 472 1774 Domino
499 1718 790 1773 miserante
826 1716 1026 1770 habere
1060 1714 1277 1777 meruit,
1304 1721 1359 1768 et
1382 1711 1528 1766 velut
1551 1721 1705 1780 pater
1733 1725 1819 1764 re-

229 1822 400 1883 cepto
421 1826 533 1867 sum
558 1810 824 1865 claritatis
846 1810 987 1874 visit,
1008 1809 1132 1863 inde
1152 1807 1486 1863 exsultanter
1512 1805 1576 1859 ad
1605 1803 1817 1874 propria
1848 1800 1895 1860 B

230 1904 525 1959 remeavit.

822 1990 1049 2048 CAPUT
1094 1989 1231 2046 Xlll.

763 2083 836 2137 De
875 2082 1065 2136 clauda
1094 2090 1304 2135 sanata.

310 2176 471 2229 Venit
490 2183 747 2245 praeterea
770 2171 1022 2242 quaelibet
1042 2170 1257 2235 clauda,
1273 2169 1555 2240 Regnoara
1579 2167 1819 2232 nomine,

228 2267 468 2321 aiiorum
519 2264 766 2319 inanibus
815 2264 1094 2332 deportata
1145 2260 1213 2314 ad
1266 2258 1560 2315 curationis
1607 2257 1817 2321 locum;

226 2359 327 2411 ubi
359 2355 724 2409 membrorum
749 2368 970 2406 suorum
996 2350 1249 2405 debilium
1277 2349 1486 2418 recepit
1509 2348 1819 2409 sanitatem,

229 2458 288 2505 et
319 2448 553 2519 propriis
583 2446 857 2518 gressibus
882 2443 1086 2512 absque
1112 2440 1398 2510 ettjuslibet
1416 2439 1691 2511 suffragio,
1709 2437 1820 2493 Do-

231 2541 389 2594 mino
413 2538 765 2609 gubernante,
794 2534 1104 2589 revertitur.

825 2644 1052 2701 CAPUT
1090 2642 1228 2699 XIV.

362 2739 439 2795 De
466 2740 755 2794 obedientia
782 2737 995 2801 Hercei,
1025 2745 1073 2790 et
1099 2736 1163 2790 de
1194 2736 1498 2805 inﬁrmitate
1528 2734 1692 2789 illius.

308 2831 446 2886 Illud
484 2830 723 2885 inserere
755 2826 956 2897 placuit
993 2825 1135 2895 quod
1164 2825 1354 2880 beatus
1383 2824 1659 2879 confessor
1687 2822 1821 2877 lier-

229 2936 342 2975 veo
370 2916 696 2974 inobedicnti
719 2916 829 2971 suis
850 2914 1068 2969 monitis
1090 2923 1315 2968 ventura
1340 2913 1607 2982 prtedixit.
1639 2910 1821 2966 Tertio

234 3021 479 3079 namque
531 3006 755 3062 visionis
806 3020 915 3059 sua:
960 3004 1150 3071 ordine
1198 3001 1531 3074 obiurgando
1574 3002 1824 3071 prmdixit

232 3098 411 3154 multa
451 3112 573 3152 eum
602 3096 825 3150 adversa
855 3109 1161 3164 passurum,
1196 3108 1261 3147 eo
1287 3093 1428 3161 quod
1456 3092 1568 3146 suis
1604 3090 1821 3147 monitis

230 3205 346 3244 non
380 3187 689 3251 crediderit,
720 3194 773 3241 et
795 3183 945 3253 jussa
975 3182 1185 3237 Domini
1230 3180 1542 3236 incredulus
1580 3195 1686 3235 non
1721 3195 1819 3233 cx-

231 3280 492 3353 pleverit,
521 3280 613 3333 sed
643 3277 893 3333 oblivioni
934 3281 1126 3330 cuncta
1165 3273 1404 3335 tradens,
1433 3280 1486 3326 et
1515 3277 1821 3325 sanctorum

233 3381 512 3443 prmeepta
557 3386 662 3425 non
700 3369 979 3423 attendens
1006 3383 1021 3420 :
1046 3366 1273 3435 ideoque
1311 3364 1563 3434 impletur
1602 3370 1819 3418 sancto-

240 3478 364 3517 rum
412 3476 591 3517 sermo
616 3478 628 3514 :
653 3461 777 3515 licet
822 3472 942 3513 sero
978 3457 1127 3511 venit
1167 3469 1329 3525 super
1367 3454 1631 3510 lierveum
1667 3454 1822 3525 plaga

237 3552 421 3615 dicta,
476 3548 827 3605 intolerabilis
874 3546 1150 3602 tribulatio
1190 3544 1408 3606 cordis,
1457 3545 1822 3598 membrorum

239 3641 490 3699 omnium
520 3638 818 3701 dissolutio,
857 3637 909 3691 in
946 3645 1151 3690 tantum
1178 3643 1236 3689 ut
1269 3649 1369 3704 per
1393 3633 1577 3688 decem
1615 3639 1669 3686 et
1700 3640 1824 3686 octo

246 3746 465 3786 menses
500 3730 783 3783 continuos
806 3728 984 3783 cordis
1013 3734 1070 3783 et
1099 3725 1343 3796 corporis
1386 3730 1703 3792 sequeretur
1728 3722 1824 3776 do-

236 3828 349 3883 lor.
396 3824 623 3895 Jamque
658 3838 795 3894 pene
836 3838 999 3878 carne
1045 3820 1309 3884 defectus,
1339 3828 1398 3873 ut
1437 3818 1526 3871 vix
1573 3816 1677 3871 nisi
1722 3817 1824 3871 Do-

243 3917 399 3971 mino
428 3921 763 3969 sustentante
802 3912 983 3966 vivere
1010 3911 1062 3964 in
1091 3919 1237 3964 tanta
1268 3908 1509 3979 corporis
1550 3907 1826 3962 debilitate

238 4006 372 4079 quis
394 4005 588 4069 valeat,
613 4004 897 4058 admodum
937 4002 1304 4056 cruciamenta
1346 3999 1594 4063 tolerare,
1630 4006 1683 4053 et
1707 4013 1826 4068 qum

241 4098 356 4155 dici
394 4111 493 4151 nec
519 4101 897 4165 possunt,tnec
926 4093 1089 4148 etiam
1121 4091 1298 4156 credi;
1327 4090 1557 4159 denique
1603 4082 1839 4157 refrige¥

226 4191 393 4245 rium
438 4200 612 4256 neque
654 4185 761 4249 die,
792 4182 887 4240 sed
931 4198 1105 4252 neque
1156 4190 1310 4236 nocte
1348 4179 1595 4249 corporis
1636 4179 1824 4233 sensit.

240 4281 416 4336 Cibus
442 4288 495 4332 et
525 4287 683 4349 potus
730 4276 1099 4351 tantummodo
1147 4288 1284 4343 aqua
1328 4271 1446 4326 fuit.
1490 4272 1590 4338 Qui
1632 4285 1734 4324 nec
1773 4269 1827 4322 in

244 4379 462 4442 partem
489 4368 711 4423 alteram
745 4366 1014 4421 declinare
1043 4372 1272 4435 poterat,
1300 4377 1397 4416 nec
1430 4375 1644 4414 manum
1677 4361 1743 4413 ad
1768 4374 1830 4413 os

1035 354 1208 409 lllS'l'.
1251 351 1635 408 TRANSLAT.
1680 349 1778 403 SS.
1815 345 2255 407 liAGNOBERTl
2293 346 2377 400 ΕΤ
2417 345 2728 402 ZENONIS.

3402 353 3503 413 θυι

1857 468 1901 524 Α
1932 475 2051 529 qua'
2076 461 2140 513 ad
2161 461 2386 528 patriam
2415 461 2535 514 vita:
2563 461 2774 515 valeant
2802 462 3063 534 largiente
3082 463 3295 522 Christo
3320 481 3513 542 perve-

1929 567 2063 605 ΙΙΙΙὮ.

2513 640 2740 695 CAPUT
2790 640 2904 695 XV.

2209 733 2287 786 De
2316 748 2479 786 uxore
2505 732 2651 786 illius
2671 749 2702 786 a
2724 734 2951 797 febribus
2981 734 3224 792 liberata.

1996 826 2237 894 Denique
2285 841 2422 879 uxor
2469 825 2646 888 illius,
2714 824 3020 882 Milesendis
3064 829 3311 893 nomine,
3354 830 3518 886 bona:

1926 913 2199 983 religionis
2255 913 2475 976 femina,
2512 928 2542 967 a
2576 911 2815 967 febribus
2858 925 3049 969 vexata
3095 917 3392 979 triduanis,
3423 919 3503 971 lo-

1923 1020 2045 1058 cum
2083 1012 2326 1058 sanctum
2368 1004 2553 1057 adiens
2581 1012 2826 1065 curatur,
2856 1013 3017 1073 atque
3041 1020 3070 1058 a
3097 1020 3192 1061 sua
3217 1009 3505 1063 vexatione

1925 1098 2189 1150 medetur.
2238 1095 2556 1149 [igcnioniaei
2597 1095 2978 1164 quamplurimi
3028 1096 3224 1151 ibidem
3259 1101 3507 1163 adducti,

1923 1206 2019 1260 per
2045 1204 2232 1243 eorum
2257 1188 2447 1241 merita
2475 1184 2714 1256 qubtidie
2734 1196 3018 1266 curantur.
3043 1187 3293 1243 Dentium
3321 1199 3500 1243 autem

1924 1297 1952 1335 a
1968 1280 2253 1334 doloribus
2276 1279 2341 1332 ad
2374 1278 2547 1332 sancti
2581 1278 2813 1332 Zenonis
2836 1278 3143 1346 sepulcrum
3168 1279 3381 1349 plurimi
3408 1296 3503 1333 vc-

1921 1370 2168 1427 nientes.
2218 1376 2272 1422 et
2324 1377 2444 1421 vota
2500 1367 2869 1436 persolventes
2918 1368 3229 1423 liberantur.
3272 1370 3503 1435 Quibus-

1921 1474 2133 1530 cunque
2175 1460 2318 1513 enim
2348 1459 2514 1513 variis
2554 1459 2831 1513 excruciat
2861 1468 3254 1513 tormentorum
3304 1461 3505 1515 dolori-

1921 1552 2041 1612 bus,
2088 1558 2212 1604 ante
2260 1550 2540 1603 beatorum
2587 1548 2953 1603 confessorum
3006 1548 3236 1601 tumulos
3287 1551 3500 1604 veniam

1920 1639 2272 1708 postulantes,
2300 1648 2577 1692 merentur
2621 1637 2864 1707 accipere
2904 1652 3189 1707 corporum
3239 1640 3506 1693 sanitates

1921 1738 2083 1800 atque
2113 1728 2439 1783 animarum.

2503 1815 2732 1871 CAPUT
2772 1814 2910 1870 XVI.

2154 1907 2232 1962 De
2260 1909 2471 1961 incauta
2514 1908 2820 1976 rapinarum
2847 1908 3264 1977 praesumptione.

1991 2000 2147 2055 Enim
2168 2014 2297 2054 vero
2322 1999 2562 2054 scribere
2591 2013 2692 2052 non
2718 1999 2881 2067 pudet
2907 1999 3035 2066 quid
3063 1999 3130 2053 de
3161 2000 3374 2054 incauta
3411 2016 3500 2055 ra-

1919 2093 2173 2162 pinarum
2211 2090 2632 2161 praesumptione
2682 2089 2937 2144 acciderit
2977 2088 3199 2142 cuilibet
3246 2089 3501 2144 infelicis-

1921 2183 2077 2249 simo,
2106 2191 2426 2252 quantaeque
2451 2182 2792 2235 miseriarum
2821 2179 3005 2234 clades
3045 2192 3170 2232 eum
3197 2181 3499 2234 subsecuta!

1921 2274 2140 2335 fuerint,
2171 2282 2223 2329 et
2253 2289 2375 2328 cum
2409 2288 2518 2342 quo
2541 2272 2734 2327 mortis
2760 2286 2873 2325 suae
2904 2279 3174 2325 tormento
3197 2272 3363 2325 vitam
3389 2273 3495 2326 mi-

1920 2364 2225 2420 serabiliter
2270 2364 2469 2423 amisit,
2503 2363 2718 2434 dignam
2746 2360 2971 2415 ultionis
3016 2376 3129 2416 sure
3165 2376 3380 2430 pmuam
3421 2362 3499 2415 in-

1920 2471 2164 2513 currens.
2197 2456 2328 2510 Erat
2361 2456 2579 2524 quidam
2610 2454 2931 2507 miserorum
2957 2450 3327 2508 crudelitatem
3355 2455 3497 2522 rapi-

1920 2563 2110 2604 narum
2150 2562 2301 2603 more
2326 2546 2622 2600 bestiarum
2654 2557 2943 2605 exercens,
2974 2556 3111 2596 unus
3143 2551 3497 2612 tyrannorum

1921 2652 1985 2693 ex
2015 2637 2177 2693 sociis
2210 2634 2495 2708 cujuslibet
2522 2633 2878 2688 infelicissimi
2908 2631 3153 2694 Martini,
3185 2632 3275 2701 qui
3303 2647 3498 2687 secun-

1919 2732 2049 2787 dum
2088 2744 2200 2785 suae
2239 2728 2529 2784 voluntatis
2565 2725 3008 2782 consuetudinem
3044 2732 3290 2778 sanctum
3320 2723 3498 2777 locum

1920 2822 2261 2894 impudenter
2306 2818 2653 2891 aggrediens,
2698 2814 3002 2885 manipulos
3037 2822 3281 2884 segetum
3329 2828 3496 2882 quos—

1919 2927 2129 2982 cunque
2165 2910 2419 2982 ligamine
2466 2908 2772 2978 astringens
2827 2906 3002 2980 etrapit?
3041 2920 3267 2974 rapere,
3318 2919 3384 2959 ac
3432 2904 3499 2959 de

1920 3004 2108 3059 exulem
2136 3008 2324 3056 sancto
2353 3000 2471 3054 loco
2501 2996 2730 3052 deferre.
2765 2996 2892 3063 Qua:
2921 3010 3043 3050 cum
3072 2995 3289 3064 quidam
3318 3010 3501 3050 servo-

1921 3109 2041 3149 rum
2078 3092 2205 3156 Dei,
2231 3090 2539 3146 Gotbardns
2586 3087 2832 3151 nomine,
2876 3085 3067 3142 cellam
3109 3085 3392 3155 egrediens
3425 3083 3501 3139 ita

1923 3192 2169 3256 agentem
2224 3188 2502 3245 cerneret,
2539 3177 2754 3233 blandis
2796 3191 2919 3231 eum
2968 3175 3149 3229 verbis
3187 3172 3513 3243 alloquitur,-

1922 3275 2141 3331 dicens:
2166 3271 2294 3338 Cur,
2323 3270 2509 3335 frater,
2537 3268 2713 3323 locum
2736 3274 2979 3321 sanctum
3008 3272 3116 3319 tam
3142 3264 3504 3318 irreverenter

1922 3366 2173 3423 intrasti?
2197 3371 2252 3419 et
2292 3376 2460 3432 quare
2503 3361 2772 3431 spicarum
2822 3356 3163 3425 congeriem,
3192 3354 3260 3409 de
3307 3353 3504 3423 quibus

1921 3458 2080 3527 hujus
2111 3456 2213 3510 loci
2238 3455 2435 3509 fratres
2457 3453 2639 3506 vivere
2665 3450 2879 3514 debent,
2901 3457 3075 3503 tecum
3101 3447 3291 3501 niteris
3318 3460 3504 3515 aspor-

1924 3545 2075 3601 tare?
2122 3544 2296 3598 Isdem
2341 3542 2407 3595 ad
2453 3539 2834 3595 cumulandum
2889 3537 3110 3607 malitiae
3161 3550 3271 3589 suae
3316 3544 3502 3589 votum

1921 3636 2112 3707 plenus
2157 3632 2345 3703 spiritu
2386 3628 2664 3685 immundo
2702 3627 2910 3695 inquit:
2935 3626 3004 3680 Et
3040 3626 3085 3679 si
3132 3625 3505 3695 Ragnobcrtus

1924 3726 2190 3796 spicarum
2240 3721 2381 3776 foret
2408 3719 2711 3788 manipulus
2729 3758 2743 3780 ,
2769 3718 2956 3785 utique
3001 3730 3138 3784 equo
3169 3728 3290 3768 meo
3317 3714 3383 3767 ad
3411 3725 3503 3767 co-

1923 3814 2244 3872 medendum
2276 3812 2564 3867 dedissem.
2599 3808 2722 3863 Hzec
2745 3807 2968 3862 audiens
3000 3804 3171 3859 frater
3193 3802 3502 3857 Gotbardus

1923 3908 2165 3966 cellulam
2214 3904 2440 3960 festinus
2467 3902 2644 3964 rediit,
2671 3907 2727 3954 et
2771 3898 2955 3953 clauso
2989 3897 3129 3951 osti‘o
3158 3893 3369 3949 Domini
3398 3892 3502 3946 mi-

1925 3998 2271 4058 scricordiam
2298 3993 2584 4064 implorare
2616 3990 2809 4059 cmpit,
2840 3996 3004 4057 atque
3052 3993 3360 4040 sanctorum
3392 3995 3507 4035 me-

1925 4092 2029 4146 rita
2056 4089 2326 4141 invocare.
2355 4084 2506 4137 Tunc
2533 4080 2788 4150 prmfatus
2808 4078 2891 4131 vir
2911 4090 3032 4131 cum
3057 4082 3298 4151 segetum
3324 4069 3508 4139 garbis

1927 4181 1993 4235 ad
2022 4179 2202 4233 villam
2248 4172 2672 4230 Promerendum
2703 4167 2919 4240 nomine
2948 4163 3208 4234 perrexit,
3238 4160 3329 4214 ubi
3377 4158 3507 4212 dum

1927 4269 2213 4341 quamdam
2241 4266 2460 4320 domum
2483 4262 2727 4324 intraret,
2750 4270 2890 4326 equo
2913 4252 3218 4323 manipulos
3239 4250 3307 4305 ad
3326 4261 3508 4304 come-

1928 4336 2160 4416 dendum
2185 4356 2354 4419 dedit,
2375 4361 2431 4408 et
2457 4351 2662 4407 homini
2688 4347 2844 4418 cujus
2879 4353 2998 4400 erat
3031 4343 3222 4398 domus
3247 4336 3507 4394 indicavit

244 4463 450 4517 ducere
478 4479 489 4513 :
515 4459 700 4529 sicque
724 4458 918 4512 talibus
941 4433 1289 4523 consumptus
1310 4450 1709 4511 cruciamentis,
1734 4464 1830 4518 per
1857 4474 1908 4536 ο
1931 4465 2037 4520 quo
2065 4449 2183 4503 loca
2220 4446 2413 4516 garbas
2449 4444 2757 4503 invenerat,
2787 4434 3096 4507 et-qualiter
3118 4433 3172 4486 vi
3199 4437 3506 4498 acceperat,

242 4552 534 4626 prmfatum
580 4550 878 4607 diutissime
918 4558 1124 4617 tempus
1159 4554 1384 4600 vexatus
1418 4551 1520 4598 est.
1557 4541 1662 4595 Sed
1706 4556 1826 4595 cum

239 4645 365 4715 jam
410 4650 620 4712 tempus
660 4638 1046 4695 misericordia:
1071 4635 1282 4691 Domini
1313 4632 1642 4695 immineret,
1677 4640 1735 4684 ut
1761 4644 1827 4683 ex

248 4744 406 4794 tanto
433 4733 615 4788 dolore
641 4730 882 4802 quolibet
909 4729 1068 4783 modo
1097 4726 1360 4797 reciperet
1387 4722 1722 4793 suffragium,
1747 4734 1831 4775 re-

246 4823 509 4881 cordatus
534 4832 960 4892 praaconcessam
1003 4817 1217 4872 sibimet
1245 4815 1520 4870 licentiam
1549 4828 1581 4867 a
1608 4810 1831 4867 Domino

248 4925 443 4973 nostro
469 4912 597 4969 Jesu
641 4912 856 4968 Christo
893 4917 1201 4965 sanctorum
1247 4905 1487 4969 meritis;
1518 4900 1584 4957 ad
1613 4908 1830 4957 sancto-

203 5008 211 5014 ’
252 5021 382 5062 rum
406 5004 570 5075 igitur
612 5001 858 5074 sepulcra
902 4999 1110 5055 delatus
1133 5005 1234 5063 est,
1264 4995 1462 5050 ibidem
1491 4992 1718 5048 Domino
1756 4990 1835 5044 fa-

251 5103 421 5150 vente
443 5093 691 5148 sanitatis
716 5090 972 5145 auxilium
997 5087 1213 5151 meruit,
1239 5094 1294 5140 et
1317 5082 1702 5140 incolumitatis
1726 5095 1837 5135 sua:

255 5185 466 5255 recepit
489 5184 738 5240 salutem.
782 5181 826 5238 O
856 5177 1135 5236 inell'abilis
1160 5177 1337 5232 divina
1365 5176 1571 5246 pietas,
1596 5183 1651 5229 et
1680 5171 1840 5226 mise-

255 5274 495 5330 ricordia
536 5272 793 5337 clemens,
821 5285 940 5340 quze
969 5269 1090 5323 ideo
1130 5267 1185 5320 in
1211 5263 1463 5337 praesenti
1503 5262 1613 5315 vita
1660 5259 1838 5331 puniri

256 5364 400 5421 facis
434 5372 770 5435 peccatores,
801 5370 860 5416 ut
886 5361 939 5415 in
967 5359 1146 5415 futura
1176 5356 1286 5411 vita
1313 5354 1561 5425 puriorcs
1589 5352 1830 5415 habeas;

254 5461 315 5509 et
342 5453 672 5525 negligentes
698 5459 789 5506 tua
815 5447 1162 5505 miseratione
1188 5444 1421 5513 castigas
1441 5482 1456 5506 ,
1480 5456 1544 5496 ac
1588 5438 1837 5510 quaelibet

257 5544 583 5612 diversaque
629 5541 838 5612 irrogas
879 5538 1120 5610 ﬂagella,
1167 5550 1235 5590 ne
1280 5540 1567 5588 teneantur
1610 5531 1838 5586 vinculis

256 5638 606 5702 peccatorum
634 5629 872 5694 astricti;
898 5627 1278 5697 resipiscentes
1303 5636 1593 5694 pravorum
1620 5628 1835 5677 actuum

258 5718 426 5782 mala,
447 5721 665 5791 operari
695 5720 943 5775 studeant
972 5733 1083 5773 sua:
1106 5714 1530 5772 conversationis
1557 5713 1719 5777 bona,
1742 5728 1837 5782 per

1930 4517 2178 4610 quodque
2220 4551 2341 4592 cum
2377 4532 2579 4588 famqu
2621 4530 2715 4585 Dei
2763 4529 2941 4583 fuerat
2982 4524 3192 4580 locutus
3230 4517 3505 4575 indicavit.

1930 4609 2026 4687 Cui
2055 4631 2215 4685 homo
2246 4626 2455 4695 inquit:
2483 4622 2684 4678 Contra
2723 4620 2958 4674 animam
3000 4624 3181 4679 tuam,
3209 4612 3398 4676 miser,
3432 4609 3508 4665 fe-

1932 4721 2073 4776 cisse
2097 4727 2146 4773 te
2170 4718 2425 4789 pmniteat
2447 4731 2462 4771 :
2482 4713 2617 4767 vade
2642 4717 2919 4766 revertens
2938 4707 3005 4762 ad
3030 4713 3278 4761 sanctum
3305 4700 3503 4764 locum,

1931 4818 1988 4865 et
2013 4788 2226 4877 reporta
2256 4819 2374 4876 quae
2399 4800 2777 4874 pmsumptive
2804 4798 2931 4852 hinc
2955 4793 3218 4858 detulisti,
3243 4807 3310 4847 ac
3330 4788 3509 4860 paeni-

1934 4899 2100 4954 tentia
2130 4899 2323 4952 ductus
2345 4893 2566 4949 humilia
2592 4899 2645 4945 te
2671 4890 2725 4944 in
2753 4893 3042 4957 conspectu
3079 4884 3174 4938 Dei
3202 4897 3268 4937 ac
3293 4888 3506 4936 sancto-

1934 5004 2054 5044 rum
2099 5001 2344 5049 suorum,
2371 4997 2440 5037 ne
2484 4980 2668 5035 veniat
2715 4991 2877 5046 super
2922 4983 2975 5028 te
3021 4972 3172 5027 furor
3214 4969 3426 5025 Domini
3452 4976 3535 5023 et:

1937 5077 2254 5148 indignatio,
2281 5084 2338 5129 et
2383 5077 2734 5138 consumptus
2772 5082 2803 5120 a
2838 5064 3102 5120 dmmouio
3138 5063 3390 5143 intereas.
3435 5058 3505 5112 At

1938 5170 2025 5225 ille
2058 5166 2390 5236 respondens
2416 5161 2594 5216 aiebat
2618 5178 2630 5214 :
2655 5158 3007 5229 Nequaquam
3054 5155 3128 5209 ita
3155 5167 3255 5223 per
3277 5150 3506 5205 salutem

1939 5274 2112 5315 meam
2144 5256 2358 5317 faciam,
2388 5262 2443 5308 et
2467 5252 2512 5307 si
2540 5251 2681 5305 idem
2709 5256 2939 5304 sanctus
2951 5246 3117 5318 garba
3135 5247 3300 5305 esset,
3322 5238 3509 5307 utique

1941 5364 2062 5405 meo
2086 5345 2294 5403 caballo
2326 5346 2393 5398 ad
2434 5340 2820 5402 comedendum
2868 5338 3179 5392 tribuerem.
3209 5327 3510 5387 Concidens

1943 5448 2120 5496 autem
2150 5435 2346 5492 cecidit
2370 5447 2571 5502 equus,
2598 5439 2653 5486 ct
2680 5437 2924 5485 mortuus
2945 5433 3046 5481 est.
3071 5422 3236 5477 Tunc.
3261 5423 3509 5485 arreptus

1943 5546 1973 5584 a
2003 5526 2266 5584 daemonio
2289 5524 2473 5585 miser,
2502 5522 2650 5577 misit
2690 5518 2886 5588 digitos
2911 5517 2963 5570 in
3001 5512 3212 5569 oculum
3248 5520 3426 5567 suum,
3454 5509 3511 5557 et

1942 5619 2125 5676 evulso
2144 5616 2324 5687 priore
2346 5615 2421 5668 ait
2446 5631 2458 5666 :
2486 5612 2698 5682 Aeetpe,
2712 5617 2895 5665 sancte
2921 5605 3275 5677 Ragnoberte,
3296 5594 3508 5653 oculum

1944 5710 2074 5766 mibi
2104 5708 2370 5764 sublatum
2407 5719 2506 5775 pro
2532 5703 2712 5773 garbis
2759 5701 2883 5755 tuis.
2939 5696 3198 5752 Similiter
3224 5701 3283 5747 ut
3315 5686 3510 5747 evulsit
