3900 6178
387 345 494 406 905

386 459 636 521 alterum,
667 453 820 522 isque
856 447 1291 517 intulit:Accipe
1327 447 1486 501 etiam
1529 445 1689 499 istum
1732 444 1786 496 in
1828 454 1959 494 meae
1987 439 2037 498 Α

386 547 722 604 crudelitatis
775 542 1046 598 miseriam
1096 556 1195 610 pro
1251 537 1536 606 manipulis
1585 537 1708 591 tuis.
1778 534 1960 588 Rediit

386 640 548 692 etiam
579 637 644 689 ad
667 635 916 704 linguam,
935 641 990 686 et
1009 631 1259 685 dentibus
1287 628 1520 697 prepriis
1546 625 1770 680 incisam
1799 638 1958 677 manu

388 730 456 782 ab
484 743 578 781 ore
609 741 706 779 suo
733 732 938 794 partem
967 722 1159 791 linguas
1202 734 1364 788 quam
1392 717 1655 771 inciderat
1683 729 1806 768 cum
1837 728 1949 766 san-

389 819 549 888 guine
577 817 764 876 traxit;
799 814 984 882 sicque
1006 812 1167 864 trium
1197 808 1513 879 gaudiorum
1539 804 1741 874 proprii
1771 816 1962 869 corpo-

388 912 465 964 ris
510 909 652 976 leges
698 907 851 960 datas
881 917 931 968 ιι,
958 903 1120 956 etiam
1165 902 1326 954 trium
1371 897 1662 968 garbarum
1709 893 1965 964 persolvit

388 999 677 1053 vindictam
716 1015 728 1049 :
764 1003 1036 1066 postremo
1085 989 1464 1046 miserabiliter
1509 986 1730 1057 capillos
1771 983 1962 1055 capitis

390 1087 702 1156 rumpenda,
732 1098 856 1138 mox
887 1084 1049 1136 vitam
1074 1080 1264 1134 finivit.

461 1179 597 1245 Quin
629 1176 757 1230 nulli
787 1175 1005 1229 dubium
1035 1181 1118 1227 est
1160 1170 1352 1227 rodere
1385 1185 1509 1224 eum
1540 1167 1822 1223 infernalia
1853 1174 1964 1220 tor-

389 1277 590 1332 menta,
613 1266 703 1335 qui
737 1280 835 1319 nec
863 1263 1078 1332 expavit
1102 1262 1281 1317 dicere
1310 1267 1556 1315 sanctum
1582 1258 1719 1312 velle
1746 1259 1873 1312 dare
1895 1257 1963 1310 ad

380 1357 776 1412 routedcndum
819 1370 977 1424 equo.
1023 1352 1208 1408 Sancti
1245 1350 1444 1406 etenim
1493 1365 1616 1404 cum
1661 1348 1962 1403 reverentia

390 1457 516 1501 sunt
568 1445 868 1507 tractandi,
915 1442 1211 1499 honorandi
1262 1449 1318 1495 et
1383 1439 1592 1493 cunctis
1646 1436 1959 1491 venerandi.

391 1535 524 1587 Nam
567 1533 780 1602 quantis
826 1539 1215 1586 tormentorum
1268 1536 1541 1582 terrentur
1589 1524 1964 1579 afﬂictionibus

392 1625 443 1677 hi
487 1624 582 1692 qui
627 1622 935 1691 rapinarum
984 1619 1192 1673 inhiant
1239 1617 1451 1687 praadis,
1482 1632 1604 1673 cum
1635 1616 1799 1670 etiam
1843 1630 1966 1684 per-

389 1715 563 1784 plexis
591 1713 898 1783 quatientur
924 1711 1216 1774 doloribus,
1247 1719 1301 1763 et
1340 1710 1408 1764 ad
1448 1708 1779 1762 infernorum
1819 1706 1963 1761 clau-

391 1769 503 1861 stra
553 1769 834 1874 toi-quendi
875 1811 1132 1872 perpetuo
1175 1769 1524 1864 descendunt,
1558 1798 1649 1853 ubi
1697 1799 1814 1852 sine
1858 1796 1966 1851 ullo
1994 1769 2040 1827 Β

391 1905 638 1964 respectu
667 1903 723 1948 et
748 1893 979 1948 termino
1023 1891 1306 1962 poenaliter
1347 1889 1681 1953 cruciantur,
1711 1889 1803 1943 ubi
1847 1904 1969 1943 ver-

391 1985 496 2039 mis
523 1999 707 2037 eorum
737 1999 844 2038 non
877 1983 1158 2045 morietur,
1188 1989 1243 2036 et
1271 1980 1414 2050 ignis
1439 1997 1544 2036 non
1570 1981 1966 2050 exstinguetur,

391 2076 486 2128 sed
515 2074 852 2143 sempiterna
899 2071 1210 2128 corrosione
1255 2071 1502 2141 quisquis
1543 2079 1815 2126 crematus
1861 2069 1970 2123 luet

390 2180 582 2234 poenas
609 2174 858 2220 internas.
910 2163 990 2218 'l‘u
1030 2174 1211 2220 autem
1249 2163 1556 2234 quicunque
1595 2161 1712 2216 haec
1751 2160 1969 2231 legeris,

395 2258 657 2326 legentem
703 2257 957 2320 audieris,
989 2255 1164 2310 recole
1209 2254 1334 2319 ista,
1365 2262 1420 2308 et
1445 2253 1513 2308 ad
1540 2251 1856 2308 memoriam
1886 2265 1970 2305 sc-

395 2348 516 2400 dula
545 2347 892 2402 meditatione
937 2346 1154 2412 reduce,
1194 2353 1253 2400 ut
1283 2345 1337 2400 in
1365 2344 1562 2399 talibus
1609 2341 1848 2398 cavenda
1889 2349 1972 2394 at-

394 2437 605 2502 tendas,
637 2452 702 2490 ac
748 2436 794 2490 si
837 2451 1103 2491 venenum
1152 2435 1346 2505 fugias,
1393 2450 1460 2489 ne
1506 2433 1691 2488 talium
1732 2431 1971 2486 imitator

394 2537 612 2580 actuum
658 2527 724 2581 ad
765 2527 980 2580 easdem
1025 2525 1310 2595 pervenias
1342 2538 1553 2593 poenas.
1588 2521 1829 2577 Sufﬁciat
1872 2521 1971 2576 tibi

395 2618 462 2671 de
487 2617 722 2686 propriis
759 2615 863 2670 tuis
901 2617 1117 2680 vivere,
1147 2624 1241 2668 aut
1283 2613 1498 2684 ingenio
1541 2613 1680 2667 bono
1728 2619 1821 2666 aut
1853 2620 1972 2666 arte

395 2712 595 2766 victum
626 2723 889 2780 quaerere,
921 2717 982 2763 ut
1015 2708 1081 2763 ab
1108 2709 1194 2763 his
1218 2708 1385 2762 vitam
1408 2704 1657 2778 perﬁcias
1679 2706 1861 2760 istam.

981 2843 1209 2900 CAPUT
1241 2842 1402 2899 XVII.

719 2955 848 3010 Item
886 2955 1057 3009 adhuc
1097 2953 1263 3009 simile
1314 2953 1647 3010 miraculum.

467 3065 783 3119 Addendum
813 3072 1075 3132 prmterea
1099 3063 1310 3117 videtur
1336 3063 1510 3117 adhuc
1539 3061 1714 3118 simile
1741 3062 1971 3118 miracu-

396 3158 570 3213 lorum
598 3156 832 3226 signum,
859 3154 1105 3209 videlicet
1133 3153 1408 3222 cujusdam
1446 3155 1857 3220 sceleratorum,
1881 3149 1974 3224 qui

395 3247 468 3302 ob
524 3261 634 3300 sua),
685 3243 1118 3314 praesumptionis
1173 3245 1524 3298 exsecrabilia
1577 3252 1697 3298 acta
1755 3245 1975 3314 dignum

395 3334 615 3390 ultionis
643 3348 753 3388 suae
795 3333 1022 3402 adeptus
1054 3331 1327 3397 meritum,
1358 3340 1414 3386 et
1458 3332 1818 3400 improbitatis
1850 3347 1979 3402 pro-

401 3424 561 3478 batur
605 3421 849 3486 audacia,
879 3422 1042 3476 ctiam
1085 3436 1210 3476 eum
1237 3421 1598 3476 damnationis
1633 3421 1981 3490 subsequitur

398 3516 655 3570 vindicta.
711 3515 922 3569 Etenim
962 3514 1180 3584 quidam
1224 3529 1498 3569 servorum
1530 3514 1747 3570 nomine
1775 3513 1981 3569 Modiu-

402 3620 725 3676 gusyservus
752 3612 930 3660 tamen
956 3604 1143 3660 fratris
1165 3604 1383 3670 Hervei,
1400 3606 1486 3660 cui
1517 3619 1712 3660 nomen
1733 3605 1978 3660 Crelion:

403 3695 490 3750 hic
516 3695 824 3749 stimulatus
843 3709 874 3748 a
897 3695 1130 3760 diabolo,
1159 3696 1388 3751 accessit
1412 3696 1670 3750 audacter
1694 3695 1760 3749 ad
1792 3711 1982 3766 quam-

403 3785 525 3838 dam
559 3785 777 3840 domum
823 3785 1090 3856 segetibus
1135 3786 1351 3856 plenam
1387 3786 1654 3841 latrocinii
1704 3802 1865 3842 causa
1891 3806 1903 3841 :
1929 3798 1985 3843 et

403 3875 529 3944 quia
568 3876 690 3930 ostii
733 3875 929 3931 clavim
969 3892 1076 3930 non
1111 3876 1338 3942 invenit,
1375 3877 1510 3946 pede
1553 3886 1634 3931 ter
1667 3884 1761 3930 aut
1793 3885 1984 3945 quater

405 3967 689 4038 percussit,
719 3967 957 4035 atquein
989 3974 1097 4022 tres
1126 3974 1308 4037 partes
1349 3967 1547 4022 ostium
1578 3967 1770 4022 domus
1800 3967 1981 4036 fregit.

405 4058 542 4114 Exin
568 4060 728 4114 trium
747 4059 1045 4114 modiorum
1068 4041 1340 4132 marsupio
1362 4059 1520 4130 pleno
1545 4059 1775 4115 latenter
1798 4059 1985 4114 fraude

407 4148 642 4213 sustulit,
669 4149 754 4202 cui
783 4148 886 4217 ipsi
922 4149 1080 4205 tertio
1105 4149 1194 4204 die
1221 4166 1395 4221 pinnae
1423 4150 1656 4206 vindicta
1688 4165 1834 4205 mors
1855 4150 1984 4206 sub-

407 4247 593 4292 secuta
621 4248 725 4293 est.
771 4237 907 4293 Nam
950 4255 1147 4309 corpus
1195 4241 1308 4311 ejus
1353 4242 1408 4296 in
1441 4243 1610 4297 tribus
1637 4243 1881 4313 partibus
1904 4254 1987 4299 est

407 4328 666 4394 divisum;
697 4339 753 4384 et
784 4331 910 4399 quia
939 4333 1141 4388 ostium
1169 4333 1360 4388 domus
1389 4348 1488 4402 per
1517 4343 1628 4389 tres
1674 4343 1860 4404 partes
1901 4334 1986 4388 di-

2001 3109 2046 3172 C

1650 328 1931 389 JOSEPIII
1970 326 2191 384 SACER
2201 324 2333 381 Ι)οΤ
2339 325 2401 380 IS

3529 321 3658 376 ωδ

2627 428 2852 484 CAPUT
2892 427 3074 482 XVIII.

2064 527 2141 580 De
2186 525 2367 580 dolore
2413 525 2646 577 dentiant
2699 519 2886 574 Karoli
2928 520 3083 588 regis,
3116 528 3166 572 et
3217 519 3284 572 de
3323 519 3463 575 dono
3507 523 3668 589 quod

2557 592 2750 646 sanctis
2780 589 3002 660 largitus
3032 590 3152 656 fuit.

2134 708 2362 762 Karolus
2391 707 2621 775 denique
2652 721 2746 759 rex
2773 700 3674 771 Francire,Aqtiitaniaamiustriz

2063 799 2502 870 gloriosissimus,
2535 796 2717 851 dolore
2759 795 3000 848 dentium
3041 803 3239 856 tactus,
3270 801 3394 846 vota
3425 791 3493 845 ad
3527 793 3678 847 bea-

2063 900 2239 946 torum
2269 903 2494 959 corpora
2535 886 2908 942 confessorum
2940 885 3105 952 misit,
3140 884 3323 937 statim
3350 883 3678 936 remedium

2064 984 2291 1054 adeptus
2339 991 2422 1037 est
2450 999 2463 1035 :
2491 981 2577 1035 cui
2613 978 2942 1033 nobilissima
2991 974 3187 1042 conqu
3235 974 3683 1029 llermeutrudis

2062 1075 2385 1130 venerabilis
2423 1073 2606 1142 regina
2634 1070 2702 1124 ob
2729 1068 3116 1124 munificentiae
3146 1083 3256 1122 suae
3295 1065 3515 1136 pietatis
3547 1080 3682 1118 me—

2065 1167 2228 1220 ritum
2263 1163 2419 1231 petiit
2462 1161 2665 1230 prinfati
2715 1156 3235 1227 magnilicentissimi
3273 1154 3453 1209 Karoli
3513 1154 3684 1222 regis

2063 1252 2537 1322 magniﬁcentiam,
2566 1257 2624 1303 ut
2663 1249 2865 1320 aliquid
2891 1246 3098 1316 proprii
3127 1245 3314 1315 largiri
3336 1244 3681 1312 dignaretur

2064 1339 2724 1398 sanctis'confessoribus.
2771 1335 2935 1404 Cujus
2977 1333 3222 1405 petitioni
3268 1333 3484 1386 favente
3548 1331 3685 1384 Deo

2064 1432 2269 1492 annuit,
2297 1445 2361 1483 ac
2407 1445 2517 1483 sua:
2561 1427 2776 1497 pietatis
2819 1426 3021 1480 donum
3057 1424 3126 1478 ob
3153 1439 3266 1478 suzr.
3301 1421 3689 1476 venerabilis-

2064 1522 2214 1576 simae
2241 1519 2482 1588 conjugis
2512 1518 2764 1573 meritum
2791 1515 2993 1570 eisdem
3035 1513 3210 1569 beatis
3245 1512 3686 1568 confessoribus

2063 1609 2289 1679 largitus
2335 1617 2439 1673 est,
2465 1615 2627 1677 atque
2658 1621 2754 1675 per
2797 1605 3133 1660 auctoritatis
3178 1619 3290 1658 suae
3317 1612 3682 1673 praseeptum

2066 1689 2264 1753 ibidem
2289 1711 2378 1750 res
2419 1711 2542 1750 cum
2568 1695 2715 1748 omni
2743 1694 3052 1764 integritate
3077 1708 3218 1762 quas
3243 1693 3297 1746 in
3319 1692 3455 1760 juris
3489 1693 3687 1746 bene-

2069 1788 2191 1844 ficio
2229 1789 2430 1842 habere
2465 1787 2614 1840 visus
2662 1784 2781 1850 fuit,
2812 1792 3071 1854 perpetue
3118 1784 3421 1839 habendum
3461 1795 3687 1839 tenen—

2069 1882 2304 1949 dumque
2341 1877 2704 1935 confirmavit.
2755 1877 2879 1931 Fuit
2904 1883 3086 1931 autem
3116 1875 3287 1931 isdem
3333 1875 3687 1946 magnificus

2068 1986 2164 2026 rex
2193 1967 2422 2024 Karolus
2449 1968 2594 2023 circa
2616 1967 2734 2022 loca
2763 1967 2944 2022 divino
2965 1966 3132 2022 cultui
3153 1966 3455 2035 mancipata
3487 1967 3687 2021 devo-

2069 2064 2330 2129 tissimus,
2365 2069 2428 2116 ut
2471 2060 2649 2115 nullus
2673 2061 3131 2129 praedecessorum
3168 2073 3388 2113 suorum
3415 2057 3688 2127 impera-

2071 2165 2249 2209 torum
2283 2153 2534 2208 videlicet
2561 2160 2617 2206 et
2647 2159 2932 2221 parentum
2973 2158 3068 2204 aut
3105 2164 3290 2221 regum
3325 2147 3489 2203 fuerit
3516 2189 3539 2212 ,
3578 2149 3686 2218 qui

2073 2245 2238 2299 tantis
2269 2242 2665 2298 munificiarum
2694 2256 2912 2296 suarum
2954 2240 3115 2295 rebus
3137 2239 3443 2294 exornando
3471 2238 3686 2293 eccle-

2071 2334 2168 2389 siis
2214 2332 2308 2388 Dei
2359 2331 2651 2387 contulerit
2695 2329 2860 2384 vcluti
2910 2329 3045 2398 ipse.
3091 2329 3426 2399 Quapropter
3465 2327 3686 2382 villam

2071 2439 2193 2494 quae
2231 2431 2456 2478 vocatur
2500 2421 2888 2477 Veteradomus
2934 2420 3205 2485 veniens,,
3235 2419 3376 2474 venit
3412 2418 3480 2472 ad
3539 2435 3688 2474 eum

2071 2517 2147 2572 ibi
2172 2515 2476 2569 Brittonum
2503 2511 2828 2581 Hilispogius
2853 2510 3122 2581 princeps,
3155 2525 3276 2564 cum
3303 2508 3410 2562 lilio
3439 2508 3686 2577 praefati

2073 2603 2442 2662 sublimissimi
2470 2600 2651 2656 Karoli
2678 2600 2819 2671 regis
2848 2599 3144 2654 llludovrco
3168 2599 3398 2660 nomine,
3426 2597 3688 2651 ibidem-

2073 2711 2179 2766 que
2206 2693 2538 2764 Hilispogius
2569 2691 2794 2748 consilio
2823 2706 2944 2746 cum
2969 2690 3283 2760 proceribus
3317 2688 3684 2742 Francorum

2073 2786 2362 2850 nobilibus,
2382 2783 2678 2838 Illudovico
2701 2781 2808 2836 filio
2830 2797 2927 2836 suo
2954 2796 3178 2852 regnum
3204 2779 3444 2834 Niustria:
3470 2779 3678 2843 dedit,

2074 2878 2206 2934 etin
2237 2877 2338 2931 hac
2383 2874 2534 2945 regni
2560 2881 2715 2944 parte
2745 2888 2869 2928 eum
2909 2872 3240 2942 regnandum
3270 2869 3581 2931 constituit,
3623 2878 3688 2924 et

2075 2969 2130 3022 in
2149 2967 2338 3023 eodem
2352 2964 2546 3035 placito
2566 2964 2634 3019 ob
2656 2963 2904 3018 maxime:
2919 2977 3028 3017 suae
3049 2960 3292 3032 conjugis
3310 2959 3688 3016 nobilissima

2077 3055 2488 3112 llermentrudis
2515 3053 2920 3123 devotionisque
2963 3052 3278 3121 petitionem
3303 3050 3474 3105 beatis
3527 3066 3687 3105 con-

2077 3147 2394 3212 fessoribus,
2421 3144 2586 3199 veluti
2614 3144 2738 3199 aliis
2768 3144 3015 3215 plurimis
3041 3151 3343 3198 sanctorum
3369 3140 3529 3206 locis,
3572 3143 3693 3198 lar-

2079 3245 2222 3310 gitus
2259 3247 2344 3294 est
2371 3239 2439 3293 ad
2463 3252 2744 3294 servorum
2783 3237 2876 3291 Dei
2903 3236 3099 3290 ibidem
3136 3235 3246 3290 Deo
3287 3233 3690 3288 famulantium

2080 3331 2368 3402 stipendia.
2403 3329 2558 3386 Unde
2600 3329 2862 3399 largiente
2885 3327 2998 3382 Deo
3032 3343 3157 3382 cum
3183 3326 3301 3381 aliis
3328 3326 3690 3396 quibuslibet

2081 3426 2243 3481 rebus
2279 3439 2413 3493 quas
2443 3422 2640 3478 ibidem
2682 3422 2794 3477 Deo
2844 3421 3098 3476 timentes
3130 3419 3484 3483 contulerunt,
3521 3420 3694 3490 ejus-

2082 3517 2203 3570 dem
2233 3513 2476 3570 ecclesiae
2502 3511 2698 3567 fratres
2727 3512 2909 3565 vivere
2941 3518 3164 3580 queant.
3211 3509 3438 3564 Maxima
3474 3520 3690 3564 autem

2083 3605 2392 3676 reginarum
2437 3603 2853 3660 Hermeutrudis
2899 3618 3005 3656 non
3039 3601 3213 3657 solum
3256 3615 3432 3670 regem
3459 3599 3536 3653 ad
3576 3603 3694 3657 hoc

2083 3696 2346 3766 agendum
2370 3694 2703 3764 provocavit,
2735 3694 2828 3749 sed
2850 3693 3013 3747 etiam
3039 3692 3259 3762 pallium
3287 3691 3352 3746 ad
3375 3691 3690 3746 beatorum

2083 3799 2310 3852 corpora
2345 3783 2717 3839 eonfessorum
2744 3782 2914 3846 misit,
2944 3782 3132 3837 dicens
3158 3799 3172 3835 :
3203 3781 3280 3836 Ex
3307 3779 3464 3835 rebus
3499 3780 3696 3850 impe-

2085 3876 2242 3929 tratis
2270 3888 2512 3929 meorum
2545 3873 2922 3944 peccaminum
2969 3874 3183 3929 veniam
3213 3873 3279 3927 ad
3304 3873 3467 3926 vitam
3498 3881 3689 3927 eter-

2085 3985 2208 4022 nam
2243 3968 2466 4038 adipisci
2502 3983 2737 4035 merear,
2778 3976 2832 4024 et
2873 3968 3039 4038 pallio
3079 3969 3245 4024 misso
3287 3965 3522 4038 pectoris
3567 3968 3690 4022 mei

2085 4064 2471 4134 infatigabilem
2501 4064 2739 4120 dolorem
2786 4064 2990 4120 sentire
3017 4062 3429 4134 praesentialiter
3453 4077 3689 4131 quaero.

2086 4157 2238 4224 Quod
2284 4156 2358 4211 ita
2399 4154 2524 4212 fidei
2573 4157 2738 4226 ipsius
2781 4156 3145 4225 comperimus
3197 4154 3381 4219 fuisse,
3434 4153 3528 4223 qui
3581 4171 3694 4211 nec

2080 4248 2192 4317 jam
2220 4247 2275 4301 in
2302 4247 2476 4316 primo
2521 4245 2741 4316 gloriosi
2773 4246 2916 4316 regis
2960 4244 3241 4300 Hludovici
3270 4257 3427 4305 anno,
3457 4243 3696 4300 scilicet

2089 4336 2181 4392 filii
2213 4337 2389 4406 magni
2414 4335 2560 4406 regis
2585 4335 2768 4389 Karoli
2795 4344 2850 4390 et
2882 4334 3294 4389 Hermentrudis
3321 4331 3696 4396 nobilissima:

406 4419 554 4510 visit,
583 4431 694 4476 tres
742 4422 905 4478 etiam
949 4440 1176 4480 annonae
1224 4426 1433 4480 modios
1481 4425 1624 4481 furto
1666 4426 1985 4497 asportavit,
2014 4450 2069 4510 Ι)
2094 4427 2336 4498 conjugis
2383 4425 2499 4495 ejus
2549 4427 2905 4498 gloriosaeque
2949 4426 3167 4496 reginae,
3197 4439 3297 4494 pro
3345 4437 3532 4478 amore
3589 4424 3694 4479 Dei

408 4508 570 4562 trium
599 4512 832 4579 partium
865 4514 1104 4568 sectione
1129 4529 1326 4585 corpus
1355 4515 1498 4570 illius
1527 4525 1834 4572 truncatum
1863 4527 1946 4572 est
1970 4535 1982 4571 :

408 4606 465 4651 ct
488 4600 565 4652 sic
599 4600 687 4653 tali
713 4612 886 4656 morte
919 4603 1112 4673 dignus
1141 4605 1307 4658 vitam
1340 4605 1528 4660 finivit.
1573 4607 1678 4662 Pro
1705 4623 1811 4676 quo
1838 4608 1988 4677 quis-

409 4703 514 4757 que
544 4688 755 4745 auditor
791 4700 1004 4760 paveat,
1038 4701 1094 4747 et
1131 4701 1332 4748 terreat
1371 4695 1548 4749 locum
1580 4697 1726 4752 hunc
1750 4697 1842 4751 ubi
1868 4713 1990 4751 san-

409 4787 620 4837 ctorum
664 4798 889 4854 corpora
929 4785 1296 4841 confessorum
1337 4796 1665 4842 venerantur
1713 4791 1986 4856 accedere,

410 4871 515 4925 nisi
556 4872 846 4939 humiliter,
871 4876 1182 4930 conversari
1218 4877 1322 4932 nisi
1348 4885 1685 4943 reverenter,
1711 4887 1804 4932 aut
1831 4893 1992 4948 agere

411 4965 514 5024 nisi
545 4981 665 5036 quae
693 4967 916 5022 honesta
943 4974 998 5022 et
1020 4968 1208 5038 pudica
1239 4979 1384 5033 sunt,
1411 4977 1465 5023 et
1490 4969 1556 5024 ad
1580 4968 1681 5025 loci
1706 4970 1991 5024 utilitatem

413 5058 646 5127 prolicit,
661 5065 754 5110 aut
775 5056 893 5112 loco
915 5065 1116 5113 sancta:
1138 5058 1412 5130 religionis
1438 5059 1692 5115 decenter
1713 5060 1990 5131 congruit;

415 5149 668 5219 quoniam
696 5148 741 5202 si
774 5147 930 5202 aliter
959 5146 1171 5221 fecerit,
1202 5159 1294 5204 aut
1325 5151 1397 5206 ibi
1421 5151 1842 5220 circumquaque
1871 5165 1997 5220 ope-

419 5237 754 5292 ratus-fuerit
780 5253 900 5307 qua:
940 5252 1048 5292 non
1079 5240 1391 5308 expediunt,
1421 5240 1568 5295 nullo
1597 5241 1754 5295 modo
1784 5255 1996 5310 perma-

421 5327 565 5382 nebit
592 5345 605 5380 :
631 5328 754 5396 quia
783 5327 1019 5382 vindicta
1049 5344 1173 5383 mox
1203 5345 1313 5383 suae
1341 5331 1703 5385 dam-nationis
1743 5345 1865 5384 eum
1913 5344 1995 5384 se-

419 5425 634 5485 quetur.
666 5416 746 5470 Tu
771 5424 972 5481 autem,
1004 5420 1183 5483 homo,
1218 5420 1432 5474 attende
1459 5420 1619 5488 hujus
1641 5420 1996 5476 sanctissima:

422 5505 697 5576 religionis
725 5509 1211 5576 conversationem,
1235 5519 1289 5564 et
1315 5525 1436 5578 quas
1461 5519 1758 5580 sequuntur
1782 5512 1999 5581 pietatis

425 5594 564 5650 bona
593 5597 936 5666 amplectere.

2092 4519 2478 4588 omnipotentis
2512 4527 2567 4573 et
2627 4518 2909 4573 beatorum
2963 4516 3288 4586 Ragnoberti
3342 4513 3695 4570 confessoris

2093 4619 2256 4678 atque
2282 4609 2551 4679 pontificis
2570 4650 2584 4673 ,
2620 4609 2860 4678 sociique
2891 4609 2972 4663 sui
3001 4607 3174 4663 sancti
3201 4607 3432 4661 Zenonis
3459 4607 3698 4663 confes—

2094 4699 2234 4752 soris
2256 4697 2607 4753 veneratione
2632 4697 2999 4751 contulerunt.

2166 4788 2277 4859 Ego
2301 4787 2497 4857 Ioseph
2531 4795 2783 4856 peccator
2805 4826 2820 4850 ,
2873 4786 3126 4842 sacerdos
3176 4785 3520 4853 omniumque
3565 4799 3700 4840 scr—

2095 4896 2286 4935 vorum
2317 4879 2518 4935 Christi
2563 4878 2806 4944 ultimus,
2858 4879 3130 4947 quondam
3167 4885 3348 4932 autem
3374 4875 3673 4945 Aquitano

2095 4988 2216 5030 rum
2269 4972 2411 5041 regis
2460 4970 2858 5036 cancellarius,
2912 4986 3055 5023 nunc
3088 4968 3270 5039 inclyti
3322 4966 3465 5036 regis
3498 4965 3699 5023 Ludo-

2096 5065 2199 5118 vici
2242 5061 2544 5116 liberalium
2593 5061 2937 5124 littcrarum,
3000 5060 3100 5114 etsi
3148 5058 3487 5137 immeritus,
3534 5073 3700 5126 pne

2098 5161 2318 5221 ceptor,
2365 5159 2527 5219 atque
2566 5148 2806 5218 ejusdem
2837 5147 2974 5203 sacri
3018 5147 3201 5218 palatii
3231 5145 3703 5201 canrellariorum

2100 5242 2401 5299 ministerio
2431 5241 2678 5304 functus,
2727 5240 2856 5293 olim
2893 5239 3086 5293 studiis
3115 5238 3416 5291 litterarum
3448 5234 3705 5292 Turonis

2095 5332 2204 5394 sub
2251 5330 2553 5386 eruditione
2599 5328 2857 5383 Amalrici
2906 5325 3237 5381 Turonensis
3288 5324 3704 5394 archiepiscopi

2104 5437 2224 5476 cum
2254 5421 2421 5476 Paulo
2460 5418 2882 5493 Roummagensi
2934 5417 3340 5487 archiepiscopo
3364 5455 3381 5480 ,
3409 5414 3564 5482 cujus
3589 5431 3705 5485 ego

2103 5513 2299 5582 Ioseph
2330 5517 2581 5580 peccator
2607 5510 2860 5563 sacerdos
2897 5508 3183 5577 indignus,
3229 5505 3445 5576 quando
3485 5504 3552 5558 ad
3585 5506 3702 5559 hoc

2108 5599 2450 5657 scribendum
2495 5609 2822 5669 provocatus
2861 5597 3058 5667 stylum
3099 5597 3346 5662 admovi,
3398 5596 3589 5665 utique
3642 5596 3701 5649 hi

499 5711 524 5739 ο
565 5700 720 5770 Leqes
765 5704 934 5758 datas.
986 5705 1165 5771 Forte,
1193 5707 1354 5775 pomis
1397 5708 1553 5773 datis,
1589 5709 1664 5764 ait
1693 5709 1986 5776 Achcrius;
2030 5711 2158 5765 mihi
2191 5710 2320 5765 nihil
2344 5711 2430 5765 hic
2453 5709 2850 5764 emendandum
2873 5709 3102 5762 videtur.
