3900 6178
306 351 420 414 905

305 557 457 635 senti
484 571 711 626 corpore
740 565 870 621 vita,
920 572 1029 611 non
1070 564 1129 611 ut
1165 555 1321 613 debui
1357 556 1472 610 haec
1518 555 1758 611 scribere
1795 570 1887 608 cu-

307 647 460 709 ravi,
510 662 634 705 cum
677 661 777 701 nec
828 646 1053 702 idoneus
1101 647 1381 705 vetustatis
1423 646 1747 715 eloquentiae
1775 643 1889 699 fue-

307 738 451 801 rim,
509 736 603 792 sed
647 735 967 795 rusticitatis
1005 736 1329 807 insipientia!
1386 751 1571 793 errore
1614 734 1883 805 perfusus.

1236 355 1531 412 SERGIUS
1568 356 1744 410 PAPA
1784 354 2217 413 ll.-——.\'OT|TIA
2258 353 2640 410 IllSTORlCA.

305 467 579 538 praelibati
623 465 905 537 pontifices
958 481 1280 535 unoquoque
1324 466 1478 535 quasi
1524 474 1703 519 mente
1751 479 1893 534 prze-
1919 468 1968 525 Α
1998 464 2152 519 Unde
2197 464 2511 534 provolutus
2542 464 2610 518 ad
2650 471 2967 519 cunctorum
3014 465 3249 522 fidelium
3300 465 3464 536 pedes
3489 468 3569 536 ja—

3461 354 3568 411 906

1995 567 2146 616 cens,
2177 553 2456 608 humiliter
2473 552 2691 623 postulo
2715 567 2783 608 ne
2804 554 2940 608 meis
2967 555 3308 609 sermonibus
3330 555 3574 625 indigne-

1996 658 2147 698 1111111.

1509 1051 1678 1097 ANNO
1723 1049 1955 1095 DOMINI
2000 1034 2359 1092 nccc'xu'n.

857 1208 1877 1375 SERGIUS

2009 1203 2643 1365 PAPA
2777 1205 3013 1360 ll.

1396 1602 1828 1684 NOTITIA
1908 1592 2487 1677 l‘llSTURlCA.

1359 1766 1557 1825 (Mansl,
1582 1760 1906 1813 Camillorum
1942 1753 2231 1816 amplissima
2256 1752 2432 1803 Collect
2443 1753 2531 1816 io.)

385 1991 608 2062 gergius
658 1986 733 2059 (α)
770 1985 988 2040 natione
1020 1976 1299 2038 Romanus
1319 2020 1335 2044 ,
1384 1986 1452 2033 εχ
1503 1986 1659 2048 μευ-ε
1705 1971 1895 2042 sergio
1925 1972 1970 2031 Β
1998 1962 2304 2062 acolythum
2334 1962 2386 2017 in
2415 1971 2615 2062 saneta“
2626 1961 2910 2018 constituit
2940 1961 3182 2020 Romana
3211 1962 3575 2030 Ecclesia.Vi-

306 2082 550 2154 regionis
573 2086 810 2148 quartae,
837 2075 975 2130 sedit
1001 2087 1171 2129 annos
1198 2081 1327 2129 tres.

384 2152 521 2225 llinc
549 2185 671 2224 cum
703 2166 897 2221 illustri
929 2166 1106 2219 editus
1140 2177 1171 2216 a
1221 2170 1395 2214 matre
1442 2157 1673 2219 fuisset,
1726 2152 1892 2208 castis

306 2258 830 2333 lintrimentisteum
858 2254 1071 2308 erudire
1103 2251 1306 2323 ingenti
1334 2248 1499 2321 coepit
1535 2261 1657 2302 cum
1691 2244 1889 2307 studio,

306 2358 375 2403 ut
395 2347 528 2402 nihil
548 2348 841 2401 obscenum
865 2344 947 2398 vel
979 2343 1214 2397 libidinis
1242 2343 1309 2394 ab
1334 2355 1399 2395 eo
1424 2339 1709 2409 quisquam
1734 2335 1889 2390 audi-

311 2456 378 2495 re
404 2447 500 2493 aut
523 2437 704 2491 videre
724 2442 906 2506 posset
937 2452 950 2487 :
979 2431 1205 2502 puerilia
1234 2430 1628 2485 oblectamenta
1647 2433 1894 2481 contem-

309 2545 444 2586 nere
474 2544 581 2583 non
608 2527 900 2582 verebatur
932 2542 945 2577 :
977 2524 1049 2578 ita
1071 2530 1131 2576 ut
1156 2521 1365 2575 actibus
1388 2517 1589 2590 pollere
1613 2515 1891 2571 videretur

308 2622 419 2691 piis
444 2621 512 2674 ab
537 2616 828 2680 omnibus,
878 2623 934 2669 et
978 2613 1223 2668 moribus
1270 2609 1573 2665 clarescere
1625 2604 1890 2675 majorum

309 2715 544 2785 creperit
568 2703 857 2775 nobilium,
888 2706 1041 2778 puris
1070 2704 1309 2760 munitus
1336 2702 1741 2769 instructusque
1772 2712 1889 2751 ma-

311 2804 488 2861 ternis
514 2800 751 2856 monitis.

389 2896 556 2966 Igitur
587 2900 767 2947 mater
802 2888 1109 2944 exsultabat
1139 2884 1380 2957 quotidie
1405 2924 1421 2948 ,
1444 2891 1504 2938 et
1533 2879 1891 2952 omnipotenti

311 2990 430 3043 Deo
457 2985 656 3057 gratias
685 2981 955 3037 referebat
989 2977 1263 3040 alacriter,
1292 2973 1387 3044 qui
1427 2972 1592 3028 talem
1639 2971 1743 3026 sibi
1796 2985 1890 3025 su-

309 3093 488 3153 perno
522 3075 724 3147 prolem
764 3070 1122 3127 concessisset
1160 3064 1380 3122 auxilio.
1420 3063 1747 3119 Duodecimo
1773 3062 1893 3133 qui-

309 3152 440 3221 dem
466 3164 639 3219 mtatis
678 3178 788 3217 suae
818 3175 958 3215 anno
986 3158 1121 3213 obiit
1161 3160 1339 3213 mater
1367 3153 1502 3226 ejus,
1535 3152 1892 3222 migravitque

311 3257 387 3312 ad
436 3256 720 3309 Dominum
753 3271 765 3306 :
799 3251 889 3321 qui
922 3249 1140 3303 relictus
1166 3263 1197 3301 a
1233 3253 1408 3301 matre
1433 3242 1610 3315 (pater
1626 3241 1741 3310 jam
1761 3240 1889 3296 olim

1994 2054 2199 2109 cesimo
2225 2060 2403 2109 autem
2430 2052 2774 2124 pontiﬁcatus
2797 2054 2880 2108 sui
2909 2068 3051 2110 anno
3085 2071 3210 2114 cum
3255 2060 3578 2123 decessisset

1996 2142 2171 2199 ofﬁcio
2204 2184 2219 2208 ,
2256 2143 2513 2198 Romanae
2562 2143 2927 2198 sacerdotium
2976 2143 3283 2216 Stephanus
3336 2157 3577 2225 suscepit

1995 2235 2272 2301 Ecclesize,
2300 2252 2460 2307 quem
2489 2236 2653 2293 etiam
2706 2237 2822 2305 ipse
2861 2232 3039 2307 amplo
3083 2254 3207 2294 cum
3249 2243 3431 2300 cordis
3455 2246 3579 2303 dili-

1996 2327 2155 2399 gebat
2182 2328 2395 2387 allecto.
2428 2329 2643 2384 Etcum
2680 2344 2802 2384 eum
2842 2331 3051 2386 strenui
3092 2332 3147 2388 in
3189 2334 3386 2392 divinis
3421 2336 3576 2395 Serio

1994 2424 2169 2494 pluris
2208 2422 2460 2479 nobiliter
2508 2418 2969 2491 co:..templaretur
3015 2422 3289 2489 velocem,
3328 2430 3576 2498 protinus

1994 2512 2070 2567 illi
2108 2511 2531 2567 subdiaconatus
2554 2510 2824 2565 concessit
2850 2509 3103 2566 officium.
3136 2508 3418 2585 Parvoque
3445 2525 3576 2591 tem-

1992 2617 2125 2672 pore
2153 2609 2277 2672 post
2298 2601 2641 2671 episcopatus
2695 2599 2780 2654 sui
2821 2599 3258 2657 administratum
3286 2605 3527 2677 regimen
3553 2647 3570 2671 ,

1994 2692 2246 2748 Ecclesia:
2304 2689 2665 2763 gubernacula
2726 2686 3006 2746 Paschalis
3053 2693 3310 2764 suscepit.
3353 2694 3400 2749 A
3465 2711 3573 2765 quo

1995 2781 2135 2836 idem
2173 2782 2259 2836 vir
2308 2798 2406 2852 per
2446 2781 2629 2836 omnia
2676 2781 3166 2851 prudentissimus,
3224 2782 3335 2838 vita
3388 2786 3573 2842 erudi-

1991 2870 2160 2934 tione,
2189 2869 2536 2939 mOrihusque
2570 2871 2865 2922 adornatus
2889 2906 2905 2932 ,
2959 2867 3098 2921 tituli
3134 2869 3279 2924 beati
3319 2871 3570 2927 Silvestri

1992 2958 2323 3014 confessoris
2364 2967 2526 3028 atque
2551 2956 2826 3027 pontiﬁcis
2858 2957 3143 3028 presbyter
3180 2968 3573 3028 consecratur;

1992 3048 2087 3119 qui
2136 3062 2298 3118 super
2340 3062 2530 3103 omnes
2581 3046 2949 3102 misericordia
2975 3088 2992 3112 ,
3025 3048 3241 3114 studio,
3295 3050 3573 3120 vigilantia

1994 3147 2157 3208 atque
2182 3139 2434 3193 omnibus
2464 3139 2684 3208 optimis
2729 3138 3159 3195 institutionibus
3209 3140 3426 3196 claruit.
3471 3142 3577 3198 Pa-

1996 3228 2181 3284 schalc
2222 3244 2353 3283 vero
2417 3229 2671 3285 defuncto
2724 3229 3045 3298 prcesulatus
3095 3231 3310 3286 culmen
3364 3234 3576 3305 accepit

308 3347 439 3401 luce
465 3342 734 3413 caruerat)
759 3355 880 3395 cum
905 3338 1019 3395 suis
1041 3338 1355 3392 morabatur
1383 3334 1438 3390 in
1464 3342 1750 3405 parentum
1776 3331 1891 3387 aede

1999 3319 2283 3391 Eugenius.
2315 3321 2481 3391 Igitur
2509 3321 2561 3375 in
2591 3320 2867 3391 pontiﬁcio
2887 3335 3011 3376 cum
3034 3322 3207 3378 tribus
3227 3322 3575 3393 perdurasset

311 3435 595 3492 fratribus.

389 3525 592 3581 Eodem
637 3533 876 3593 tempore
923 3519 1073 3574 urbis
1123 3518 1309 3573 Romae
1345 3524 1636 3588 prtmatum
1673 3514 1898 3586 gerebat

312 3618 563 3674 ecclesiae
592 3618 699 3671 Leo
723 3615 791 3670 lll
834 3628 973 3685 papa
1008 3611 1325 3667 benedictus
1362 3618 1524 3678 atque
1550 3608 1852 3676 praecipuus
1877 3645 1893 3671 ,

310 3708 410 3777 qui
439 3706 848 3777 generositatem
876 3703 1036 3773 hujus
1062 3700 1308 3771 praeclari
1335 3699 1488 3769 pueri
1520 3697 1893 3762 reminiscens,

313 3814 387 3854 ac
420 3806 704 3867 parentum
753 3794 868 3863 ejus
912 3792 1249 3848 nobilitatem
1298 3788 1541 3845 recolens
1568 3827 1584 3853 ,
1629 3786 1697 3841 ad
1743 3800 1895 3841 suam

313 3905 445 3945 eum
471 3888 635 3957 jussit
666 3902 859 3957 magno
888 3901 1009 3941 cum
1036 3898 1220 3939 amore
1247 3883 1368 3938 duci
1396 3882 1759 3953 praesentiam.
1792 3878 1899 3934 Ita-

316 3996 431 4051 que
475 3995 594 4034 cum
643 3980 905 4033 adductus
940 3976 1169 4041 fuisset,
1212 3975 1371 4031 hilari
1416 3974 1565 4028 vultu
1593 3989 1715 4028 eum
1752 3986 1899 4028 sere-

315 4085 502 4139 naque
541 4078 718 4124 mente
752 4065 1106 4137 contemplari
1146 4064 1346 4134 carpit,
1377 4071 1433 4118 et
1460 4078 1557 4118 suo
1588 4077 1751 4131 supra
1779 4075 1897 4115 mo-

316 4161 453 4216 dum
480 4159 682 4228 placuit
722 4159 922 4214 animo.
961 4158 1114 4211 Tunc
1148 4154 1342 4225 praesul
1381 4167 1504 4208 cum
1546 4151 1743 4207 schola:
1770 4165 1899 4203 ean-

318 4259 503 4303 torum
549 4247 614 4300 ad
657 4246 1006 4301 erudiendum
1031 4243 1407 4300 communibus
1435 4241 1655 4295 tradidit
1681 4238 1895 4303 litteris,

316 4348 381 4393 et
405 4345 463 4391 ut
489 4334 754 4390 melliﬂuis
778 4335 1138 4390 instrueretur
1163 4332 1446 4418 cantilenae
1469 4330 1730 4386 melodiis.

397 4426 622 4495 Insignis
649 4426 787 4480 idem
814 4436 869 4479 et
890 4424 1274 4478 solertissimus
1307 4438 1441 4491 puer
1465 4421 1713 4476 celeriter
1738 4435 1898 4476 omne

318 4516 577 4572 litteralis
619 4515 913 4584 disciplina:
957 4514 1184 4582 sumpsit
1229 4512 1539 4581 ingenium,
1588 4518 1645 4563 ut
1708 4524 1898 4565 omnes

322 4609 461 4678 ipsis
488 4607 815 4675 praecelleret
838 4606 1034 4660 schola:
1071 4603 1342 4672 puerulos.
1397 4602 1492 4656 llis
1533 4601 1771 4670 optimus
1801 4615 1896 4653 au-

318 4699 456 4751 ditis
495 4695 729 4765 pontifex
781 4693 1086 4763 inexplebili
1142 4693 1447 4762 replebatur
1486 4690 1724 4760 quotidie
1764 4705 1895 4759 gau-

322 4789 420 4843 dio
460 4802 559 4856 pro
604 4786 846 4857 pueritiae
892 4784 1008 4852 ejus
1050 4784 1296 4853 benignis
1346 4782 1694 4852 profectibus.
1745 4781 1896 4842 Tunc

402 4896 478 4966 (a)
506 4896 737 4966 Sergius.
768 4896 894 4950 Post
917 4895 1119 4949 obitum
1147 4894 1389 4965 Gregorii
1420 4892 1487 4966 l_V
1517 4892 1753 4966 Joannes
1777 4894 1895 4948 dia-

320 4963 500 5023 conus
532 4963 795 5020 violenter
819 4967 997 5020 sedem
1024 4963 1340 5031 oecuparat;
1367 4964 1459 5017 sed
1488 4979 1607 5016 cum
1640 4963 1898 5017 schisma-

324 5040 500 5093 ticutn
520 5037 587 5088 ab
601 5050 665 5089 ea
685 5035 919 5106 legitime
939 5034 1327 5106 deposuissent,
1342 5033 1610 5106 communi
1630 5047 1896 5087 consensu

324 5106 535 5175 electus
558 5115 640 5175 est
673 5102 912 5175 Sergius,
942 5104 1057 5175 ejus
1092 5102 1898 5175 gnomiliisﬂsecundus,quarto

322 5176 453 5230 ldus
480 5169 937 5234 Februariifanno
958 5169 1161 5227 Domini
1183 5169 1305 5223 844.
1325 5170 1526 5224 Nomen
1547 5171 1688 5238 quod
1710 5172 1899 5224 habuit

323 5252 459 5298 ante
484 5244 871 5312 pontiﬁcatum,
903 5255 1261 5312 nequaquam,
1288 5248 1351 5312 ut
1386 5240 1694 5312 fabulantur
1719 5254 1902 5312 recen-

325 5307 501 5369 tiores
527 5313 787 5377 historici,
824 5307 1142 5365 immutavit.
1172 5308 1380 5363 Accidit
1417 5310 1470 5362 in
1521 5307 1711 5377 Sergio
1740 5308 1899 5377 tertio

325 5382 477 5453 quod
507 5396 603 5452 per
630 5376 949 5453 calumniam
993 5381 1116 5434 huic
1152 5378 1389 5449 pontifici
1444 5376 1763 5453 impingunt.
1807 5376 1899 5453 Ille

324 5445 478 5508 éuint
507 5445 817 5505 'voeahatur
861 5449 1083 5512 Petrus,
1132 5445 1185 5503 et
1225 5456 1409 5517 postea
1458 5445 1531 5500 se,
1564 5445 1808 5517 Sergium
1858 5447 1898 5500 ll

328 5521 652 5582 nominavit,
694 5535 798 5574 non
826 5517 896 5572 ob
932 5518 1162 5588 aliquam
1206 5516 1441 5588 nominis
1492 5516 1892 5588 turpitudinem,

327 5592 431 5645 sed
484 5590 800 5644 reverentia:
835 5584 1036 5642 causa.‘
1066 5587 1293 5641 Putabat
1344 5585 1487 5639 enim
1533 5584 1808 5653 indignum
1839 5600 1900 5640 se

329 5659 516 5713 vocari
546 5658 636 5713 illo
663 5658 879 5712 nomine
907 5672 1013 5724 quo
1040 5656 1288 5712 Christus
1315 5654 1548 5723 primum
1594 5654 1901 5722 apostolica:

329 5729 482 5783 sedis
522 5727 832 5799 pontiﬁcem
881 5728 1172 5793 principem
1198 5724 1558 5795 apostolorum
1587 5738 1651 5777 cx
1682 5724 1899 5779 Simone

656 5820 926 5878 l’nnoa.
970 5817 1124 5879 CH.

1920 4648 1973 4707 D

1999 3411 2112 3481 ipse
2138 3410 2408 3481 Eugenius
2432 3412 2619 3476 annis,
2652 3409 2970 3467 Valentinus
2999 3412 3142 3469 sedis
3189 3413 3359 3483 ipsius
3401 3417 3574 3485 ponti-

1997 3499 2087 3554 fex
2112 3509 2463 3556 consecratur
2494 3520 2507 3554 :
2535 3494 2689 3569 cujus
2712 3510 2837 3569 post
2864 3515 3050 3556 casum
3082 3501 3337 3559 Ecclesiae
3360 3506 3570 3575 apicem

1998 3590 2235 3659 Suscepit
2270 3588 2582 3662 Gregorius.
2628 3589 2675 3643 A
2723 3605 2831 3657 quo
2876 3604 2999 3643 cum
3032 3590 3344 3660 diligentius
3379 3595 3575 3663 praedi-

1995 3690 2115 3735 ctus
2153 3682 2236 3735 vir
2264 3690 2541 3736 amaretur
2563 3722 2579 3746 ,
2611 3682 3137 3752 archipresbytcrum
3160 3696 3285 3738 eum
3310 3685 3363 3739 in
3388 3695 3574 3742 sancta

1997 3770 2270 3827 ordinavit
2299 3770 2559 3828 Ecclesia.

2068 3879 2170 3947 Qui
2199 3896 2328 3937 vero
2366 3897 2490 3935 cum
2533 3896 2629 3953 per
2670 3880 2943 3935 sexdecim
2991 3879 3344 3938 solertissime
3380 3882 3579 3955 guber-

1999 3978 2182 4025 nasset
2211 3970 2510 4026 Ecclesiam
2552 3986 2759 4037 annos,
2808 3970 2880 4026 ad
2921 3980 3166 4033 extrema
3191 3973 3388 4030 ductus
3414 3991 3578 4031 occu-

1997 4063 2135 4116 buit.
2165 4062 2315 4119 Tunc
2337 4078 2490 4131 vero,
2530 4079 2654 4119 cum
2687 4074 2943 4133 [noceres
2964 4105 2979 4125 ,
3020 4073 3075 4121 et
3124 4066 3382 4125 Romana:
3427 4067 3577 4125 urbis

1998 4153 2287 4221 optimates
2306 4194 2323 4219 ,
2352 4153 2747 4224 universusque
2789 4154 3046 4210 Ecclesia:
3078 4155 3310 4225 populus
3351 4172 3452 4226 pro
3478 4158 3576 4212 eli-

1999 4242 2172 4312 gendo
2210 4240 2467 4312 pontiﬁce
2512 4244 2565 4298 in
2610 4259 2776 4298 unum
2811 4245 3085 4310 coissent,
3118 4255 3284 4315 atque
3328 4247 3468 4302 alius
3509 4248 3576 4302 de

1999 4332 2126 4397 alio,
2157 4342 2217 4388 ut
2254 4333 2371 4389 fieri
2412 4334 2550 4390 solet
2589 4335 2643 4388 in
2678 4335 2876 4391 talibus
2905 4376 2921 4401 ,
2952 4337 3321 4392 conclamaret
3349 4377 3365 4403 ,
3394 4338 3575 4394 subito

1997 4437 2095 4491 per
2118 4423 2214 4477 Dei
2259 4424 2656 4493 providentiam
2701 4424 2884 4480 divino
2928 4435 3061 4480 nutu
3111 4429 3417 4498 compuncti
3444 4468 3458 4490 ,
3510 4431 3576 4484 de

1999 4511 2221 4566 antefati
2264 4512 2437 4583 Sergii
2477 4505 2934 4584 archipresbyteri
2971 4516 3227 4587 religione
3267 4517 3576 4588 diligentius

1998 4600 2329 4656 confabulari
2353 4613 2665 4671 coeperunt,
2710 4612 2770 4658 ut
2807 4619 2997 4659 omnes
3024 4604 3426 4661 conclamarent
3448 4608 3574 4676 quia

1998 4696 2191 4765 dignus
2217 4702 2360 4751 esset
2386 4696 2731 4767 pontiﬁcatus
2754 4698 2979 4768 adipisci
3007 4700 3265 4769 regimen.

2068 4785 2411 4855 Firmatoque
2434 4787 2487 4841 in
2525 4789 2771 4843 eumdem
2812 4788 2989 4842 virum
3030 4789 3256 4843 consilio
3284 4787 3576 4859 unusquis-

1996 4896 2212 4969 Petrum
2243 4899 2557 4953 nominavit.
2570 4898 2784 4952 Primus
2811 4910 2934 4967 post
2964 4898 3184 4969 Petrum
3208 4900 3573 4969 apostolorum

1998 4967 2099 5019 sibi
2127 4982 2318 5020 nomen
2352 4969 2651 5021 immutavit
2690 4969 2906 5035 quidem
2956 4967 3287 5023 Octavianus
3338 4968 3572 5022 Alberici

1996 5035 2207 5104 patricii
2261 5035 2417 5099 Illius,
2472 5037 2561 5105 qui
2610 5044 2830 5090 vocatus
2879 5045 2960 5089 est
3000 5035 3234 5090 Joannes
3292 5037 3380 5090 XI.
3420 5035 3572 5091 Unde

2003 5114 2364 5157 commentum
2380 5120 2499 5159 esse
2525 5114 2689 5173 patet,
2716 5105 2858 5172 quod
2887 5107 3037 5158 aiunt
3065 5106 3390 5159 recentiores
3409 5105 3574 5158 histo-

2005 5173 2122 5235 rici,
2150 5173 2398 5244 Sergium
2423 5176 2573 5244 prius
2600 5174 2673 5227 Os
2700 5174 2855 5244 porci
2870 5175 3218 5244 appellatum,
3247 5174 3317 5228 ob
3338 5174 3571 5244 nominis

2003 5243 2395 5315 turpitudinem
2418 5242 2649 5315 primum
2696 5242 2754 5315 se
2810 5242 2969 5315 aliter
3010 5243 3264 5315 appellari
3293 5243 3573 5315 “voluisse,

2003 5326 2308 5382 nomenque
2329 5311 2837 5382 aliudimposuisse.
2873 5311 3058 5382 Hujus'
3082 5311 3409 5381 temporibus
3445 5328 3573 5382 cono

2000 5380 2119 5454 tigit
2139 5381 2450 5454 admiranda
2475 5381 2564 5435 illa
2593 5383 2830 5454 omnium
2851 5380 3170 5454 scriptorum
3192 5380 3407 5454 genere
3421 5381 3575 5454 cele-

1999 5450 2154 5503 hrata
2178 5450 2400 5521 victoria
2427 5461 2617 5521 contra
2651 5450 2943 5521 sacrilegos
2980 5463 3035 5505 et
3082 5450 3381 5520 impudicos
3416 5450 3574 5521 Sara-

1971 5533 2183 5590 .cenos,
2223 5518 2424 5590 infame
2477 5519 2734 5590 tributum
2771 5518 3067 5590 exigentes,
3106 5518 3327 5575 obtenta
3366 5520 3569 5590 auxilio

2001 5589 2173 5668 sancti
2212 5587 2422 5669 Jacobi,
2450 5590 2545 5669 qui
2585 5589 2835 5644 omnibus
2867 5587 3211 5660 perspicuus,
3255 5600 3313 5642 ut
3339 5589 3447 5660 regi
3474 5599 3574 5712 ﬁt

2002 5672 2264 5711 vnsnonem
2289 5658 2555 5712 oolbcuus
2577 5667 2716 5712 erat.
2739 5666 2864 5712 ante
2883 5659 3053 5712 aciem
3097 5659 3358 5712 adversus
3376 5660 3474 5712 har
3543 5681 3574 5697 -

2002 5658 2264 5711 visionem
2289 5658 2555 5727 pollicitus
2577 5667 2716 5721 erat,
2739 5666 2864 5713 ante
2878 5658 3053 5713 aciein
3097 5659 3358 5714 adversus
3376 5658 3574 5714 barba-

2006 5742 2093 5781 ros
2112 5726 2370 5781 dimicare
2390 5736 2475 5782 est
2499 5729 2665 5784 visus.
2691 5728 2818 5783 Ssv.
2841 5728 2960 5783 Bm.

3061 5817 3142 5877 29

3644 412 3661 467 l
