3900 6178
467 333 571 391 907

1779 326 2074 383 SEHGIUS
2113 324 2290 379 PAI’A
2328 326 2389 380 Il.
3598 330 3679 388 903

467 465 573 521 que
597 448 667 504 'in
706 461 802 503 sua
850 453 1103 499 reversus
1149 451 1252 498 est.
1307 441 1459 497 Tunc
1514 447 1736 511 repente
1785 439 2048 494 diaconus
2076 441 2121 498 Α
2152 437 2422 493 Ludovico
2461 437 2570 493 ﬁlio
2601 453 2718 503 suo,
2757 453 2954 509 magno
2977 454 3101 495 cum
3131 438 3464 496 Francorum
3488 440 3686 501 exercitu

465 540 687 611 quidam
720 536 888 607 ipsius
926 534 1183 589 Ecclesia:
1205 532 1444 588 Ioannes
1484 532 1540 587 in
1571 539 1781 585 tantum
1809 531 2059 585 amentiae

470 634 614 703 rupit
653 640 815 699 atque
859 628 1084 683 insaniae
1116 668 1130 692 ,
1175 635 1274 692 ut,
1332 639 1593 695 persuaso
1638 622 1873 693 quodam
1927 621 2062 676 satis

472 716 721 794 imperito
742 729 798 776 et
824 719 1022 788 agresti
1070 717 1268 787 populo
1294 758 1308 780 ,
1362 715 1589 770 collecta
1625 713 2059 769 turbulentorum

469 825 526 870 et
547 813 927 869 seditiosorum
953 825 1139 872 manu,
1167 809 1218 862 in
1247 805 1636 876 patriarchium
1666 804 2059 868 Lateranense,

468 918 567 972 per
615 902 722 956 vim
767 899 958 954 fractis
989 896 1205 968 januis,
1235 912 1359 951 cum
1394 894 1604 950 bellicis
1643 893 1766 948 telis
1815 893 2063 964 ingrede-

476 1005 662 1057 retur,
720 990 855 1062 lcgis
901 996 955 1044 et
1004 989 1211 1043 ordinis
1270 987 1617 1041 traditionem
1656 999 2060 1059 transgressus.

474 1088 590 1157 Quo
624 1100 691 1141 ex
732 1084 875 1139 facto
919 1097 1106 1136 omnes
1162 1080 1254 1149 qui
1304 1081 1446 1133 intra
1494 1078 1817 1148 patriarchii
1862 1076 2062 1131 moenia

475 1181 703 1234 aderant
751 1183 970 1244 stupore
1015 1182 1072 1227 et
1112 1179 1261 1226 metu
1317 1170 1506 1239 repleti
1551 1178 1698 1225 sunt.
1737 1168 1906 1239 Igitur
1940 1183 2063 1223 cum

477 1283 573 1339 per
618 1267 777 1320 unius
820 1265 967 1318 horm
992 1271 1323 1317 momentum
1347 1276 1468 1315 cum
1499 1276 1565 1315 eo
1596 1260 1684 1314 illa
1716 1261 2068 1330 perdurasset

477 1354 727 1428 ignobilis
752 1353 933 1424 populi
981 1351 1147 1407 coitio
1173 1391 1187 1415 ,
1223 1352 1420 1405 timore
1455 1359 1727 1420 correpta,
1756 1365 1822 1405 eo
1851 1350 2063 1416 relicto,

476 1434 745 1517 nusquam
782 1443 1106 1514 comparuit.
1141 1441 1349 1509 Quibus
1398 1442 1472 1496 ita
1517 1441 1682 1511 gestis
1709 1455 1898 1496 omnes
1943 1439 2073 1507 Qui-

478 1539 642 1611 ritum
671 1536 947 1606 principes
971 1533 1231 1602 indignati
1267 1540 1426 1597 sunt,
1455 1540 1511 1587 et
1539 1531 1814 1588 communi
1840 1531 2069 1588 consilio

477 1626 717 1684 universi
756 1625 964 1695 pariter
999 1623 1052 1677 in
1086 1622 1311 1678 basilica
1347 1621 1494 1676 beati
1531 1621 1749 1676 Martini
1798 1619 2073 1677 confesso-

480 1719 558 1773 ris
596 1725 760 1786 atque
796 1713 1071 1785 pontiﬁcis
1111 1712 1275 1768 celeri
1307 1727 1469 1767 cursu
1499 1725 1803 1782 magnoque
1827 1711 2072 1780 equitatu

2161 529 2387 586 Romam
2415 529 2613 584 direxit
2637 527 2713 602 (a)
2739 545 2891 585 :cum
2915 532 3110 599 quibus
3130 532 3292 587 etiam
3311 533 3689 607 archiepiscopus

2160 622 2450 692 pluresque
2497 623 2799 692 episcopos,
2861 621 3086 678 abbates
3111 631 3166 678 et
3195 624 3419 679 comites
3469 626 3689 695 proﬁcisci

2162 712 2436 782 praecepit.
2484 710 2590 780 Ipsi
2621 725 2753 766 vero
2777 725 2806 764 a
2829 725 2939 781 quo
2968 712 3036 766 'in
3065 727 3192 768 oras
3222 712 3471 768 Bononia:
3503 715 3692 772 civitatis

2165 819 2288 859 cum
2318 802 2591 874 belligeris
2633 803 2745 857 suis
2772 803 3100 859 exercitibus
3126 812 3252 859 sunt
3286 806 3529 877 ingressi,
3556 816 3693 865 tantas

2164 893 2340 950 caedes
2378 901 2666 962 tantasque
2718 902 2928 965 strages
2966 894 3021 948 in
3062 894 3259 964 papulo
3310 905 3630 966 peregerunt,
3652 906 3695 951 ut

2164 987 2256 1058 qui
2292 1003 2389 1058 per
2422 987 2585 1042 urbes
2615 994 2670 1042 et
2700 1001 2859 1056 agros
2894 994 3072 1047 erant.
3117 983 3400 1057 tyraniiica
3428 987 3696 1044 crudelitate

2164 1082 2459 1153 perterriti,
2508 1081 2711 1136 relictis
2750 1079 2989 1150 propriis
3020 1079 3175 1145 locis,
3202 1095 3299 1149 per
3328 1080 3443 1136 loca
3486 1083 3639 1137 abdita
3658 1093 3697 1137 et

2156 1173 2403 1228 latebras
2459 1187 2516 1228 se
2548 1172 2964 1227 absconderem.
3018 1169 3155 1224 Cum
3208 1186 3338 1226 vero
3368 1170 3480 1225 haec
3504 1186 3589 1241 per
3609 1186 3697 1226 om-

2166 1279 2290 1320 nem
2346 1264 2524 1318 locum
2579 1252 2925 1333 singulasque
2952 1264 3050 1330 per
3100 1260 3264 1316 urbes
3320 1269 3477 1330 atque
3514 1261 3697 1315 vicosct

2170 1374 2328 1430 agros
2360 1372 2501 1413 saeva
2549 1361 2904 1424 operarentur
2935 1353 3197 1422 nequitia,
3221 1352 3289 1407 ad
3310 1362 3520 1422 pontem
3547 1366 3697 1422 perve-

2170 1458 2369 1506 nerunt
2396 1447 2647 1519 Capella.
2688 1445 2968 1514 Tantaque
3012 1451 3283 1499 erattunc
3314 1443 3436 1498 coeli
3460 1443 3695 1503 serenitas,

2171 1548 2233 1594 ut
2270 1547 2382 1595 toto
2412 1540 2465 1593 in
2513 1552 2639 1593 aere
2664 1537 2837 1590 nubes
2865 1543 2957 1589 aut
2984 1533 3180 1604 pluvia:
3229 1534 3437 1604 signum
3464 1534 3696 1603 quisquam

2172 1631 2357 1687 videre
2382 1646 2489 1686 non
2522 1629 2789 1701 potuisset
2815 1644 2829 1680 :
2863 1625 3043 1680 subito
3066 1640 3197 1680 vero
3236 1633 3475 1679 atrarum
3500 1640 3590 1679 non
3616 1639 3699 1678 mo-

2175 1723 2294 1777 dica
2340 1722 2582 1778 densitas
2640 1720 2866 1775 nubium
2917 1719 3059 1774 facta
3104 1725 3207 1784 est,
3235 1716 3582 1786 nimbosisque
3602 1731 3696 1784 pro-

484 1816 611 1864 sunt
636 1805 994 1878 congregati.
1020 1804 1342 1860 eleumdem
1388 1801 1923 1872 archipresbytewm
1952 1799 2075 1856 δεῖ·
2102 1787 2148 1847 Β
2176 1816 2326 1872 cellis
2344 1822 2413 1869 ~et
2441 1811 2905 1869 coruscationibus
2926 1808 3270 1871 circumdati,
3298 1809 3507 1877 quidam
3547 1809 3602 1863 de
3621 1808 3699 1877 pri-

483 1900 628 1970 gium
674 1899 730 1951 in
779 1896 1032 1952 omnibus
1071 1893 1519 1964 probatissimum
1554 1891 1846 1946 virtutibus
1876 1891 2071 1955 virum,

448 1996 457 2004 ‘
486 1988 552 2043 de
581 2002 692 2057 quo
723 1985 970 2056 superius
999 1983 1317 2038 memoriam
1362 1981 1610 2047 fecimus,
1640 1981 1987 2037 extrahentes
2009 1981 2076 2036 de

482 2079 711 2135 ecclesia
742 2120 756 2142 ,
804 2092 1000 2148 magno
1064 2084 1199 2130 ‘eum
1268 2075 1476 2130 honore
1530 2084 1839 2145 magnaque
1892 2072 2074 2143 populi

484 2171 783 2227 comitante
807 2176 1029 2224 caterva
1049 2207 1062 2232 ,
1100 2165 1401 2236 amplisque
1423 2164 1805 2220 resonantibus
1829 2162 2078 2218 laudibus

486 2276 610 2317 cum
647 2246 862 2332 hymnis
892 2267 948 2315 et
976 2258 1206 2314 canticis
1238 2257 1571 2329 spiritalibus
1609 2257 1662 2311 in
1684 2255 2077 2327 patriarchium

450 2350 852 2407 ‘Lateranense
897 2349 1103 2406 electus
1144 2357 1307 2418 atque
1368 2348 1664 2418 perductus
1723 2353 1824 2404 est.
1874 2346 2075 2401 Eodem

450 2462 455 2469 -
484 2457 617 2498 vero
648 2442 736 2497 die
764 2450 912 2496 tanta
960 2441 1052 2495 nix
1096 2441 1152 2495 in
1186 2440 1320 2494 urbe
1371 2438 1541 2493 ell'usa
1595 2447 1711 2504 est,
1738 2447 1799 2492 ut
1827 2436 2077 2493 omnibus

486 2532 775 2586 candidata
818 2538 1157 2585 cerneretur.
1215 2528 1369 2595 Quod
1414 2528 1567 2582 multi
1615 2527 1795 2597 gaudii
1828 2527 2079 2584 dicebant

486 2629 542 2677 et
567 2621 830 2677 claritatis
865 2635 989 2675 esse
1028 2619 1309 2675 iudicium.

560 2711 886 2767 Praedictum
930 2726 1059 2766 vero
1105 2709 1369 2765 Joannem
1414 2710 1703 2765 diaconum
1747 2710 1812 2764 de
1851 2707 2077 2780 patriar-

487 2801 614 2858 chio
653 2815 850 2872 magna
880 2815 1002 2856 cum
1061 2800 1394 2871 turpitudine
1440 2800 1600 2869 hujus
1640 2800 1899 2855 Romana:
1927 2800 2079 2855 urbis

486 2892 760 2963 principes
799 2890 1163 2961 expulerunt,
1224 2898 1282 2946 et
1327 2890 1530 2946 arctius
1576 2892 1630 2945 in
1683 2891 1922 2946 claustra
1975 2891 2076 2945 sub

489 2981 698 3038 cautela
730 2981 871 3036 trudi
902 2988 1305 3051 praeceperunt,
1341 2996 1443 3051 pro
1472 2981 1641 3050 ipsius
1670 2989 1818 3035 tanta
1865 2980 2080 3035 temeri-

493 3082 603 3129 tate
625 3115 639 3140 ,
674 3081 731 3129 et
760 3073 945 3143 impia,
974 3080 1028 3128 et
1062 3073 1177 3128 dira
1220 3073 1641 3144 praesumptione
1664 3115 1679 3139 ,
1718 3088 1878 3142 quam
1932 3087 2075 3143 saepe

458 3166 465 3173 ’
493 3165 635 3219 fatus
674 3163 910 3219 Joannes
936 3163 1196 3219 diaconus
1230 3178 1395 3219 ausus
1417 3171 1501 3218 est
1541 3173 1878 3233 perpetrare.
1904 3162 2074 3230 Quem

491 3255 655 3309 etiam
683 3252 918 3307 cencilio
953 3253 1256 3307 antistitum
1297 3252 1569 3322 principes
1612 3251 1874 3306 damnare
1906 3292 1920 3317 ,
1961 3267 2082 3306 suo-

494 3358 599 3414 que
613 3342 901 3398 voluerunt
923 3341 1124 3411 privari
1155 3343 1380 3396 honore.
1408 3340 1520 3395 Nec
1539 3356 1647 3395 non
1670 3348 1725 3395 et
1743 3340 1833 3395 alit
1862 3340 2081 3396 ensibus

494 3435 837 3491 membratim
883 3448 1006 3490 eum
1038 3434 1303 3488 dilaniare
1334 3447 1399 3487 ac
1431 3432 1745 3487 interimere
1775 3432 2077 3487 voluerunt.

492 3527 605 3584 Sed
668 3527 774 3582 hoc
831 3525 950 3581 ﬁeri
1004 3525 1270 3596 benignus
1318 3532 1379 3579 et
1432 3523 1819 3579 solertissimus
1863 3523 2082 3594 Sergius

495 3619 695 3692 pratsul
727 3618 1040 3688 prohibuit,
1074 3616 1264 3671 nolens
1308 3616 1507 3671 malum
1543 3630 1643 3686 pro
1692 3615 1837 3670 malo
1891 3630 2084 3669 secun-

494 3710 622 3764 dum
649 3707 1015 3776 evangelicam
1032 3707 1284 3776 cuiquam
1303 3707 1527 3761 reddere
1551 3720 1738 3761 vocem
1757 3705 1935 3777 (Rom.
1961 3705 2080 3778 xu).

567 3798 720 3853 Tunc
740 3798 956 3852 demum
983 3797 1384 3853 exsultantibus
1411 3798 1665 3853 omnibus
1688 3797 2081 3863 sacerdotibus,

495 3888 816 3961 proceribus
866 3895 921 3942 et
964 3887 1317 3957 optimatibus
1342 3927 1356 3952 ,
1411 3887 1772 3957 omnibusque
1828 3885 2085 3942 Ecclesia:

495 3977 707 4050 populis
732 4017 747 4043 ,
794 3977 938 4031 idem
979 3977 1352 4032 sanctissimus
1384 3977 1474 4030 vir
1512 3978 1567 4031 in
1614 3970 1911 4045 apostolica
1940 3976 2085 4031 beati

495 4067 642 4125 Petri
688 4066 1059 4123 sacratissima
1109 4067 1236 4122 sede
1277 4067 1560 4122 ordinatus
1630 4078 2085 4136 consecratusque

496 4166 582 4215 est
608 4159 876 4230 pontifex.

553 4252 684 4306 Erat
729 4252 871 4307 enim
915 4250 1123 4320 origine
1154 4251 1401 4323 ins’gnis,
1435 4250 1539 4307 ﬁde
1586 4268 1774 4321 purus,
1825 4254 2086 4325 praedica-

499 4344 647 4398 tione
671 4343 910 4408 liberior,
938 4344 1049 4397 Deo
1075 4343 1315 4409 humilis,
1358 4343 1667 4398 hominibus
1703 4328 1904 4411 clarus,
1933 4345 2084 4399 vultu

498 4434 716 4497 alacris,
774 4444 955 4488 mente
1016 4434 1268 4500 alacrior,
1330 4434 1681 4489 ecclesiarum
1733 4438 2081 4508 gubernator,

498 4525 732 4594 plebium
763 4526 957 4587 cultor,
986 4539 1279 4593 pauperum
1313 4524 1510 4589 fautor,
1548 4525 1832 4580 viduarum
1869 4535 2080 4596 tegmen

500 4624 556 4668 et
612 4615 944 4678 consolator,
1009 4614 1362 4683 indigentium
1417 4614 1661 4684 largitor,
1715 4615 2083 4685 dispersorum

500 4715 860 4774 congregatur
886 4713 941 4758 et
970 4712 1340 4768 conservator,
1370 4705 1607 4759 inanium
1638 4706 2084 4778 s:eculariumque

503 4811 684 4849 rerum
713 4806 1073 4867 contemptor,
1101 4796 1268 4851 solius
1310 4797 1590 4866 sapientia:
1620 4799 1929 4854 divitiarum
1965 4803 2083 4855 avi--

502 4888 604 4945 dus
629 4897 946 4943 ctamator.
1007 4888 1175 4956 llujus
1229 4891 1612 4945 sacratissima:
1660 4896 2083 4951 consecrationis
2158 4900 2163 4903 ’

503 4995 625 5034 cum
664 4980 729 5034 ad
754 4996 912 5034 aures
959 4982 1294 5036 invictissimi
1334 4982 1559 5053 Augusti
1614 4983 1853 5040 Lotharii
1904 5004 2088 5044 rumor

502 5069 836 5137 pervenisset
873 5071 1238 5141 imperatoris,
1276 5073 1575 5144 Drogonem
1605 5074 1855 5130 videlicet
1882 5077 2085 5132 Meten-

503 5162 580 5217 sis
628 5161 885 5217 Ecclesiae
940 5163 1403 5234 archiepiscopum
1458 5181 1579 5218 cum
1634 5166 2085 5223 excellentissimo

574 5289 654 5363 (ᾳ)
678 5291 957 5363 Lat/larius
982 5292 1273 5361 Drogonem
1295 5310 1414 5347 cum
1434 5296 1546 5363 ﬁlio
1574 5295 1838 5351 Ludovico
1866 5297 2083 5354 Ronmm

504 5361 667 5413 misit.
699 5361 813 5428 Qua
837 5363 902 5415 de
927 5377 1088 5415 causa
1114 5363 1239 5416 illud
1276 5361 1475 5418 factum
1503 5366 1683 5429 fuerit,
1727 5367 1877 5421 Addo
1920 5367 2080 5422 Vien-

507 5431 690 5484 nensis
729 5448 875 5484 anno
912 5431 1007 5485 841
1060 5431 1143 5485 his
1183 5432 1367 5486 verbis
1406 5444 1625 5488 enarrat
1665 5453 1677 5488 :
1729 5454 1746 5485 ι
1793 5436 2078 5492 Lotharius

508 5499 674 5554 ﬁlium
705 5513 860 5577 suum
894 5501 1242 5577 Ludovicum,
1263 5505 1516 5577 quem_in
1555 5505 1702 5558 Italia
1731 5520 1907 5577 regem
1935 5506 2080 5561 fece-

510 5579 617 5633 rat,
642 5578 701 5622 ut
721 5570 1062 5646 imperatoris
1089 5570 1289 5646 nomen
1305 5573 1623 5646 sortiretur,
1648 5590 1744 5643 per
1778 5570 2076 5646 Drogonem

509 5647 756 5741 pittruum
781 5639 1005 5719 Romam
1032 5641 1194 5741 misit.
1221 5641 1317 5695 Cui
1346 5642 1586 5741 sergius,
1604 5639 1715 5714 jam
1743 5654 1868 5699 tunc
1888 5639 2081 5715 “ponti-

571 5722 597 5741 ι·
645 5723 897 5741 ιεηιιηηοηη
924 5725 1147 5741 ιηιηηοηι
1220 5721 1270 5741 ιιι
1296 5727 1388 5741 una
1413 5723 1628 5741 annua“
1654 5715 2057 5741 ....:.....m.......u.

534 5710 626 5770 ex,
645 5723 897 5762 coronam
924 5710 1194 5779 imposuit,
1220 5721 1274 5765 et
1295 5710 1628 5768 acclamante
1654 5710 2081 5787 universopopu-

2176 1906 2412 1962 matibus
2438 1903 2706 1973 Drogonis
2731 1901 3058 1957 consiliariis
3094 1900 3341 1955 fulminis
3380 1907 3484 1954 Ictu
3510 1899 3698 1969 percussi

2177 2012 2243 2052 ac
2268 1992 2610 2063 interrempti
2640 2000 2785 2046 sunt.

2249 2087 2364 2142 Hoc
2414 2085 2662 2140 videntes
2708 2082 2967 2138 horribile
3010 2070 3224 2152 signum
3278 2081 3442 2135 nimio
3473 2094 3631 2134 omnes
3651 2078 3698 2131 ti-

2178 2193 2329 2235 more
2374 2153 2569 2231 Fraiici
2600 2172 2838 2243 correpti
2895 2180 3040 2227 sunt.
3092 2170 3197 2226 Sed
3231 2169 3524 2225 nullatenus
3552 2168 3700 2223 mentis

2179 2267 2519 2336 ferocitatem
2549 2266 2904 2335 deponentes,
2946 2262 3119 2316 atroci
3163 2260 3439 2315 voluntate
3464 2261 3523 2314 ad
3546 2259 3697 2315 Urbem

2177 2358 2435 2415 velociter
2451 2355 2836 2427 properabant.

2240 2447 2488 2514 Quorum
2533 2445 2820 2500 adventum
2847 2452 2976 2501 ante
3001 2441 3178 2497 dictus
3229 2441 3557 2496 beatissimus
3598 2453 3696 2509 papa

2181 2536 2404 2607 Sergius
2436 2535 2551 2591 ﬁeri
2581 2534 2800 2605 propius
2824 2549 2948 2588 cum
2970 2531 3338 2604 cognovisset,
3366 2532 3417 2585 in
3445 2530 3545 2600 ejus
3567 2529 3696 2584 excel~

2178 2626 2469 2683 lentissimi
2512 2624 2774 2680 Ludovici
2840 2625 2984 2696 regis
3037 2639 3329 2678 occursum
3378 2621 3695 2690 uuiversosju—

2180 2719 2327 2774 dices
2354 2717 2421 2772 ad
2450 2716 2560 2771 fere
2577 2731 2768 2771 novem
2795 2715 3043 2771 milliaria
3056 2716 3121 2770 ab
3140 2715 3241 2771 hac
3263 2714 3495 2770 Romana
3518 2713 3622 2768 urbe
3642 2712 3698 2767 di-

2181 2809 2342 2865 rexit.

2252 2900 2422 2968 Quem
2455 2914 2579 2954 cum
2627 2898 2797 2970 signis
2823 2889 2882 2952 et
2932 2898 3143 2968 magnis
3188 2896 3551 2952 resonantibus
3574 2892 3698 2947 laudi-

2178 2993 2281 3048 bus
2308 2999 2685 3062 susceperunt.
2726 2990 2794 3045 Et
2819 2991 2945 3046 dum
2978 2989 3109 3046 Urbi
3145 3005 3289 3060 pene
3340 2990 3489 3044 unius
3515 2984 3694 3042 milliarii

2182 3084 2357 3154 spatio
2404 3083 2914 3154 appropinquasset,
2971 3082 3257 3136 universas
3315 3081 3505 3136 militia:
3539 3074 3698 3132 scholas

2185 3190 2292 3229 una
2349 3190 2471 3228 cum
2521 3174 2762 3243 patronis
2812 3172 3033 3239 direxit,
3073 3172 3269 3243 dignas
3299 3164 3698 3234 nobilissimoregi

2184 3266 2369 3321 laudes
2395 3281 2583 3321 omnes
2613 3275 2896 3331 canentes,
2926 3265 3170 3335 aliosque
3194 3264 3399 3320 militiae
3422 3260 3700 3318 doctissimos

2182 3355 2400 3412 Graecos
2423 3357 2803 3427 imperatorias
2829 3357 3016 3413 laudes
3046 3357 3419 3422 decantantes,
3444 3371 3552 3411 cum
3576 3351 3699 3409 dulci.

2183 3450 2329 3506 sonis
2360 3452 2672 3506 earumdem
2709 3450 2926 3505 laudum
2985 3450 3212 3505 vocibus
3242 3451 3414 3521 ipsum
3445 3461 3599 3518 regem
3619 3443 3701 3514 glo-

2186 3542 2330 3597 riose
2363 3549 2738 3612 susceperunt.

2257 3631 2483 3688 Obviam
2512 3634 2585 3688 illi
2606 3633 2725 3704 ejus
2741 3629 3014 3690 Sanctitas
3036 3634 3276 3703 dirigens
3295 3629 3600 3708 venerandos
3613 3640 3700 3680 cru-

2184 3739 2297 3788 ces,
2321 3723 2448 3779 item
2481 3726 2653 3793 signa,
2670 3726 2811 3781 sicut
2831 3741 2949 3781 mos
2972 3733 3057 3781 est
3078 3725 3456 3795 imperatorem
3477 3732 3557 3778 aut
3567 3733 3700 3790 regem

2184 3815 2476 3884 suscipere,
2510 3816 2583 3869 ita
2609 3831 2735 3870 eum
2758 3832 2882 3871 cum
2908 3815 3115 3886 ingenti
3158 3815 3371 3870 honore
3394 3811 3570 3881 suscipi
3594 3807 3699 3863 fecit.

2183 3904 2300 3973 Ipse
2327 3920 2456 3960 vero
2483 3905 2787 3962 Ludovicus
2824 3921 2922 3961 rex
2949 3921 3056 3977 qua
3084 3908 3221 3961 hora
3246 3906 3353 3962 sibi
3379 3900 3705 3961 sacratissimis

2185 4009 2375 4049 cruces
2403 4010 2468 4050 ac
2498 3996 2649 4067 signa
2677 3996 2890 4052 obviam
2921 3996 3206 4053 advenisse
3248 3994 3538 4066 conspexit,
3560 3986 3704 4044 alacris

2188 4081 2362 4140 factus
2413 4084 2571 4140 valde
2618 4085 2834 4141 laetatus
2880 4085 3160 4142 est.Tunc
3211 4102 3312 4142 suo
3356 4086 3583 4141 universo
3615 4090 3704 4134 cum

2189 4173 2384 4244 popqu
2450 4159 2703 4231 omnibus
2746 4175 3037 4231 Romanis
3099 4174 3377 4245 judicibus
3431 4192 3490 4231 ac
3556 4169 3705 4228 scholis

2186 4267 2647 4332 antecedentibus,
2719 4268 2787 4322 ad
2834 4266 3053 4323 beatum
3100 4267 3324 4324 Petrum
3380 4265 3565 4323 studuit
3615 4275 3705 4332 pro-

2188 4372 2398 4427 perare.

2258 4450 2429 4517 Quem
2460 4458 2587 4506 ante
2623 4450 2798 4505 dictus
2827 4450 3095 4508 almiﬁcus
3142 4453 3386 4522 pontifex
3436 4452 3484 4506 in
3510 4445 3707 4522 gradibus

2191 4542 2359 4611 ipsius
2385 4540 2691 4609 apostolica:
2740 4540 2874 4595 aulze
2922 4544 3172 4597 eumdem
3226 4558 3409 4614 regem
3459 4542 3507 4595 in
3530 4542 3629 4607 ipso
3645 4534 3707 4588 die

2193 4631 2469 4684 Dominico
2492 4639 2614 4700 post
2634 4630 2989 4685 Pentecostcn
3046 4647 3144 4687 suo
3164 4647 3291 4687 cum
3320 4632 3462 4687 clero
3485 4633 3707 4697 exspectr

2188 4722 2284 4775 vit.
2320 4720 2694 4792 Coujungentc
2744 4737 2877 4775 vero
2932 4722 3122 4776 eodem
3176 4738 3328 4794 rege,
3380 4721 3705 4783 universosque

2189 4813 2387 4882 gradus
2437 4813 2676 4884 ejusdem
2737 4816 3121 4871 sacratissima:
3162 4817 3306 4871 beati
3355 4816 3490 4870 Petri
3517 4808 3707 4868 θεωρεῖ-13

2190 4904 2535 4967 ascendente,
2561 4904 2626 4957 ad
2662 4906 3110 4972 prmnominatum
3165 4906 3531 4977 prepinquavit
3574 4897 3707 4972 ponti-

2193 4994 2367 5055 ﬁcem,
2423 4994 2514 5062 qui
2542 4994 2593 5046 in
2627 4993 2768 5048 atrio
2806 5010 2968 5065 super
2998 4997 3195 5066 gradus
3237 4997 3392 5067 juxta
3424 4995 3555 5048 fores
3575 4987 3706 5046 eode

2189 5085 2283 5138 sine
2312 5101 2433 5138 eum
2459 5087 2712 5141 universo
2742 5087 2888 5141 clero
2912 5095 2967 5140 et
3016 5088 3213 5158 populo
3261 5088 3497 5144 Romano
3536 5083 3704 5140 assiste

2188 5176 2301 5229 bat.
2358 5176 2509 5231 Tune
2566 5187 2751 5233 nuituo
2799 5194 2917 5234 sese
2964 5180 3379 5251 complectentes
3409 5176 3563 5232 tenuit
3600 5170 3703 5226 idem

2189 5305 2263 5379 lo,
2290 5300 2599 5379 imperaton
2615 5317 2671 5361 ct
2700 5308 2980 5379 Augustus
3001 5320 3084 5365 est
3109 5311 3390 5365 salutatus.
3422 5332 3437 5357 ι
3470 5307 3536 5379 Ex
3556 5301 3704 5379 quibus

2186 5371 2515 5458 impudentia
2535 5448 2546 5458 .
2569 5371 2844 5458 Sigeberii
2875 5379 3201 5458 schismatici
3233 5371 3703 5458 redarguitur.‘titlll‘l

2185 5444 2240 5525 in
2263 5443 2490 5525 gratiam
2515 5443 2877 5525 imperatoris
2916 5450 3265 5525 schismatici,
3289 5443 3615 5525 cui_inh;esit,
3627 5451 3700 5525 pro

2188 5514 2339 5569 lihitu
2364 5516 2527 5570 animi
2571 5514 2675 5580 sui,
2701 5518 2893 5572 scribit
2935 5518 3261 5574 Ludovicum
3304 5534 3334 5572 a
3380 5514 3608 5571 Lothan'o

2187 5600 2328 5638 mam
2376 5587 2596 5640 missum
2640 5586 2806 5641 fuisse
2860 5588 2927 5642 ad
2981 5589 3404 5644 conﬁrmandum
3440 5581 3698 5641 electionem

2186 5655 2456 5723 [lOIIIlIiCIS
2479 5656 2672 5724 Sergii.
2700 5655 2827 5711 δεῖν.
2857 5656 2974 5714 Bm.
