3900 6178
299 319 412 379 909

1585 315 1857 380 ΝΟῚΊΤΙΑ
1902 317 2285 381 lllSTORlCA.

3471 333 3568 399 9N.

304 436 614 493 Ludovicus
645 452 739 492 rex
771 437 1016 492 deXtram
1040 437 1294 494 antedicti
1328 438 1618 508 pontificis,
1649 448 1704 493 et
1733 440 1785 492 in
1814 439 1895 492 in-
1923 445 1967 502 Α
1999 438 2313 492 memoriam
2361 437 2608 503 fecimus,
2665 441 3060 506 commovebat,
3095 449 3206 498 tam
3259 443 3374 516 ipse
3405 461 3566 516 quam

302 530 478 584 terius
509 529 735 598 ingressi
772 530 970 584 atrium
1002 530 1066 584 ad
1096 540 1282 598 portas
1309 541 1672 600 pervenerunt
1701 545 1896 599 argen-

301 629 445 673 teas.
474 617 531 672 In
563 633 670 687 quo
699 619 838 674 atrio
866 635 1006 673 unus
1036 621 1102 675 de
1129 621 1371 676 exercitu
1397 637 1427 675 a
1455 621 1722 675 daemonio
1745 635 1893 674 arre-

302 717 433 778 ptus
463 708 516 760 in
539 716 831 778 conspectu
857 707 1190 765 Francorum
1223 711 1462 765 omnium
1490 711 1646 766 valde
1671 719 1894 765 vexatus

301 808 410 853 est.
445 798 597 853 Tunc
623 798 892 854 almificus
919 801 1116 869 praesul
1162 793 1338 856 claudi
1370 799 1573 856 faciens
1597 815 1786 856 omnes
1804 799 1894 868 ja-

305 905 448 943 mtas
478 889 620 943 beati
658 888 825 953 Petri,
851 898 1014 958 atque
1041 891 1210 945 serari
1241 891 1516 960 prmcepit,
1553 899 1609 944 et
1632 891 1746 959 regi
1769 905 1896 946 san-

303 991 398 1036 cto
425 980 632 1049 Spirim
685 981 1014 1036 admonente
1062 982 1141 1036 sic
1178 982 1314 1037 dixit
1346 1000 1358 1034 :
1393 982 1448 1036 Si
1471 997 1607 1050 pura
1638 989 1820 1036 mente
1841 989 1898 1035 et

303 1074 523 1127 sincera
543 1072 844 1136 veltntate,
872 1081 927 1126 et
952 1087 1050 1141 pro
1075 1072 1246 1126 salute
1275 1071 1605 1140 reipublicae,
1644 1086 1709 1125 ac
1731 1071 1897 1125 totius

305 1163 477 1224 orbis,
534 1161 800 1230 hujusque
848 1163 1122 1226 Ecclesiae,
1177 1163 1281 1217 huc
1335 1162 1747 1232 advenisti,has
1777 1177 1896 1216 mea

309 1252 598 1322 ingredere
631 1250 827 1318 januas
871 1251 1164 1320 jussione:
1199 1251 1280 1304 sin
1330 1250 1489 1304 aliter
1538 1265 1637 1304 nec
1660 1265 1759 1319 per
1787 1265 1894 1316 me,

308 1353 412 1394 nec
437 1355 534 1409 per
591 1354 768 1393 meam
821 1341 1228 1396 concessionem
1285 1341 1404 1395 istze
1445 1340 1538 1395 tibi
1572 1351 1744 1408 porte
1770 1357 1898 1411 ape-

310 1434 538 1486 rieutur.

386 1525 582 1580 Statim
615 1540 710 1579 rex
743 1525 816 1579 illi
841 1527 1171 1595 respondens
1219 1526 1374 1593 dixit,
1399 1528 1544 1597 quod
1574 1527 1719 1583 nullo
1747 1525 1901 1581 mali-

307 1630 416 1684 guo
443 1614 626 1670 animo
653 1624 746 1669 aut
773 1616 948 1684 aliqua
975 1618 1264 1686 pravitate,
1281 1619 1365 1673 vel
1396 1618 1536 1673 malo
1565 1619 1778 1689 ingenio
1808 1617 1904 1673 ad—

307 1704 569 1758 venisset.
603 1703 754 1760 Tunc
778 1706 967 1761 eodem
990 1707 1220 1776 przesule
1248 1708 1616 1778 praecipiente,
1641 1710 1900 1779 appositis

1994 545 2184 585 omnes
2207 531 2596 600 archiepiscOpi
2627 540 2683 586 et
2727 532 2985 602 episcopi,
3018 533 3108 602 qui
3135 548 3260 588 cum
3289 549 3355 590 eo
3381 547 3569 591 contra

1995 618 2137 672 hanc
2163 619 2524 674 universalem
2559 628 2615 674 et
2638 626 2801 690 caput
2850 629 3168 676 cunctarum
3210 622 3573 682 Ecclesiarum

1996 709 2092 762 Dei
2115 711 2233 764 sine
2273 709 2677 779 metropolitani
2732 710 3080 765 concessione
3108 720 3271 781 atque
3291 715 3574 770 vocatione

1995 809 2390 865 convenerunt,
2451 802 2505 855 id
2529 810 2619 856 est
2657 801 2951 872 Gregorius
3001 803 3443 874 archiepiscopus
3473 807 3574 862 Ec-

1995 889 2176 945 clesiaa
2228 889 2621 959 Ravennensis,
2645 900 2701 945 et
2733 890 3082 961 Angilbertus
3138 895 3576 966 archiepiscopus

1995 983 2253 1040 Ecclesiae
2292 983 2726 1045 Mediolanensis,
2758 983 2959 1053 Joseph
3008 987 3292 1056 episcopus
3321 989 3576 1044 Ecclesiae

1996 1073 2406 1143 Eporediensis,
2436 1073 2642 1144 Aginus
2693 1075 2978 1143 episcopus
3021 1076 3277 1132 Ecclesiae
3301 1077 3578 1135 Veronen-

1997 1163 2096 1227 sis,
2121 1162 2430 1218 Almaricus
2453 1163 2710 1218 Ecclesia:
2761 1163 3042 1219 Camensis
3088 1167 3395 1236 episcopus,
3435 1167 3576 1222 Nor-

1999 1254 2234 1309 thaudus
2261 1253 2548 1323 episcopus
2575 1254 2830 1309 Ecclesiae
2866 1255 3249 1324 Vercellensis,
3291 1258 3580 1330 Sigifridus

1998 1354 2285 1424 episcopus
2331 1352 2586 1408 Ecclesia:
2646 1353 2952 1424 chiensis,
2987 1345 3332 1428 Toringanus
3367 1361 3574 1431 episco-

1999 1460 2102 1514 pus
2128 1443 2384 1499 Ecclesia:
2435 1443 2870 1508 Concordiensis,
2929 1445 3252 1502 Odelbertus
3300 1450 3584 1520 episcopus

2002 1533 2260 1589 Ecclesize
2315 1534 2605 1604 Aquensis,
2651 1535 2972 1593 Ambrosius
3019 1539 3305 1610 episcopus
3330 1541 3585 1598 Ecclesia:

2001 1630 2283 1696 Lucensis,
2311 1627 2550 1687 Joannes
2577 1633 2863 1702 episcopus
2914 1631 3170 1689 Ecclesia:
3197 1630 3457 1701 Pisensis,
3483 1637 3584 1692 Pc-

2004 1730 2122 1776 trus
2150 1722 2440 1792 episcopus
2461 1722 2716 1778 Ecclesia:
2742 1719 3163 1790 Volaterrensis,
3188 1723 3580 1796 Gausprandus

305 1797 557 1852 manibus
608 1798 895 1866 praedictas
945 1796 1143 1866 ianuas
1187 1799 1580 1868 patefecerunt.
1636 1796 1704 1853 Et
1732 1801 1804 1853 ita
1837 1801 1890 1855 in

2007 1784 2290 1881 episcopus
2333 1784 2588 1867 Ecclesia:
2625 1811 2992 1877 Pistoriensis,
3052 1784 3246 1869 Lantio
3292 1784 3576 1887 episcopus

303 1889 557 1942 eamdem
611 1887 976 1943 venerandam
1024 1887 1202 1942 aulam
1259 1890 1402 1944 beati
1464 1889 1608 1944 Petri
1667 1889 1895 1958 ingressi

303 1993 434 2038 sunt
459 1984 671 2039 laudem
722 1985 850 2050 Deo,
883 1996 938 2040 et
988 1985 1104 2054 ejus
1138 1987 1474 2042 excellentia:
1523 1989 1893 2051 decantantes,

306 2075 592 2130 universus
627 2075 823 2142 clerus,
855 2085 908 2130 et
963 2078 1144 2133 cuncti
1186 2078 1421 2149 religiosi
1454 2079 1548 2133 Dei
1586 2078 1772 2133 famuli
1802 2095 1898 2134 ex-

308 2175 466 2218 tensa
497 2179 630 2219 voce
657 2165 1019 2221 acclamantcs
1049 2185 1061 2220 :
1094 2167 1407 2221 Benedictus
1437 2169 1526 2240 qui
1553 2169 1689 2222 venit
1717 2170 1770 2222 in
1795 2185 1893 2222 no-

307 2255 448 2308 mine
481 2255 716 2322 Domini,
751 2265 806 2310 et
839 2255 1074 2311 cetera.
1116 2256 1313 2326 Sicque
1343 2273 1465 2312 cum
1506 2259 1696 2314 eodem
1719 2259 1897 2328 ponti-

309 2344 412 2399 fice
439 2345 554 2414 ipse
581 2361 675 2400 rex
707 2345 976 2415 simulque
1017 2361 1205 2402 omnes
1256 2347 1516 2417 episcopi,
1577 2347 1800 2402 abbates
1837 2357 1894 2402 et

299 2432 536 2503 judices,
563 2442 618 2488 et
642 2433 881 2488 universi
917 2433 1109 2489 Franci
1162 2434 1254 2504 qui
1284 2450 1405 2489 cum
1455 2448 1521 2490 eo
1543 2420 1894 2502 advenerant,

309 2525 378 2578 ad
409 2523 806 2580 confessionem
846 2525 991 2580 beati
1025 2525 1170 2581 Petri
1206 2528 1724 2597 appropinquantes,
1755 2543 1898 2583 sese-

307 2628 418 2682 que
443 2628 642 2683 pronos
685 2614 881 2669 ibidem
907 2625 1335 2684 prosternentes,
1367 2619 1478 2673 Deo
1507 2627 1694 2673 nostro
1721 2618 1897 2672 omni-

314 2703 523 2772 potenti
547 2711 602 2758 et
627 2704 800 2759 eidem
832 2706 1195 2775 apostolorum
1245 2708 1477 2778 principi
1529 2709 1733 2778 gratias
1770 2709 1895 2764 red-

313 2793 590 2848 diderunt.
643 2794 707 2849 Et
731 2795 857 2849 data
885 2811 914 2850 a
969 2798 1228 2866 praedicto
1263 2799 1408 2853 almo
1446 2799 1703 2868 pontifice
1732 2812 1896 2870 super

313 2883 568 2953 populum
592 2885 861 2947 oratione,
893 2886 962 2940 ab
987 2887 1215 2942 ecclesia
1239 2888 1445 2957 pariter
1473 2903 1663 2943 omnes
1689 2889 1894 2959 egressi

312 2981 460 3028 sunt.
519 2969 712 3030 Postea
763 2991 895 3030 vero
953 2977 1226 3032 continuis
1291 2977 1482 3032 diebus
1548 2979 1895 3048 sequentibus

309 3067 495 3120 omnia
529 3066 834 3121 suburbana
865 3066 1123 3138 pestifera
1152 3068 1525 3124 devastatione
1553 3083 1891 3140 compresse-

316 3167 462 3223 runt,
490 3174 772 3229 agrosque,
824 3167 880 3215 et
908 3167 1139 3231 segetes,
1166 3169 1326 3230 atque
1352 3168 1507 3231 prata
1535 3162 1691 3231 quasi
1720 3160 1898 3218 fulmi-
1925 3150 1968 3212 C

315 3265 452 3303 neus
477 3251 734 3320 impetus,
759 3251 1168 3321 decerpserunt.
1221 3251 1357 3307 Dum
1404 3254 1519 3307 haec
1547 3253 1896 3322 gerebantur,

315 3339 431 3408 ipse
459 3355 486 3392 a
520 3340 631 3396 Deo
679 3348 958 3410 protectus
995 3341 1238 3410 pontifex
1269 3357 1299 3396 a
1324 3343 1648 3412 quibusdam
1694 3343 1900 3397 audivit

312 3431 459 3500 quod
518 3431 570 3485 in
602 3433 744 3487 hanc
798 3431 1221 3488 famosissimam
1271 3437 1460 3489 urbem
1517 3434 1900 3504 hospitalitatis

312 3535 480 3574 causa
533 3521 758 3577 introire
807 3522 1131 3588 voluissent,
1183 3523 1278 3579 sed
1325 3524 1552 3579 munitis
1595 3523 1899 3594 clausisque

311 3613 485 3681 portis
512 3621 570 3666 ut
594 3612 746 3667 fieret
770 3615 992 3668 minime
1019 3614 1308 3670 concessit.

388 3711 670 3766 Dominico
721 3727 852 3766 vero
903 3711 991 3766 die
1045 3719 1306 3782 sequente
1349 3711 1401 3765 in
1430 3725 1618 3766 eadem
1642 3712 1901 3781 principis

317 3800 688 3871 apostolorum
716 3801 938 3856 basilica
961 3817 1150 3856 omnes
1185 3801 1600 3871 archiepiscopi,
1631 3811 1687 3857 et
1720 3800 1901 3856 cuncti

315 3891 564 3954 abbates,
595 3899 650 3945 et
680 3905 870 3946 omnes
894 3891 985 3960 qui
1013 3905 1135 3944 cum
1158 3904 1224 3945 co
1249 3898 1513 3946 venerant
1547 3889 1740 3944 Franci
1770 3898 1901 3945 sunt

314 3980 652 4051 congregati,
679 3994 974 4050 omnesque
1017 3979 1222 4048 pariter
1271 3978 1634 4033 Romanorum
1695 3978 1902 4033 nobiles

314 4080 374 4125 et
396 4069 664 4140 praeclari.
721 4069 874 4124 Tunc
903 4069 1168 4124 almilicus
1224 4068 1464 4137 pontifex
1515 4069 1766 4123 manibus
1791 4057 1905 4123 suis

318 4165 497 4232 ipsum
551 4163 628 4234 (a)
672 4160 1006 4217 Ludovicum
1054 4161 1298 4215 Lotharii
1342 4159 1685 4230 imperatoris
1732 4159 1900 4213 filium

315 4255 441 4308 oleo
469 4262 656 4309 sancto
684 4269 1011 4325 pertingens,
1043 4251 1210 4323 regali
1233 4267 1298 4306 ac
1329 4251 1718 4322 pretiosissima
1748 4266 1904 4306 coro-

320 4347 474 4400 navit
518 4337 761 4413 corona,'
787 4361 1080 4416 regemque
1108 4344 1480 4414 Longobardis
1508 4343 1767 4412 praefecit.
1802 4341 1901 4398 Cui

323 4435 564 4505 regalem
595 4437 837 4491 tribuens
862 4435 1120 4506 gladium,
1174 4432 1284 4489 illic
1312 4449 1377 4488 eo
1421 4433 1667 4504 subcingi
1714 4428 1896 4502 jussit.

324 4527 531 4582 Deinde
557 4527 843 4581 missarum
869 4526 1184 4581 celebritate
1212 4525 1384 4589 finita,
1412 4526 1481 4579 ab
1507 4524 1738 4580 ecclesia
1778 4539 1900 4579 om-

322 4635 423 4674 nes
450 4634 573 4673 cum
599 4633 725 4689 rege
749 4617 994 4672 laetantes
1031 4617 1259 4688 regressi
1309 4625 1451 4671 sunt.
1488 4616 1751 4684 Deinceps
1773 4629 1903 4669 vero

321 4728 423 4781 per
450 4713 564 4766 dies
613 4712 850 4781 singulos
881 4709 1188 4766 conflictum
1247 4710 1370 4765 novi
1407 4709 1720 4764 certaminis
1778 4723 1900 4762 cum

321 4804 669 4858 sanctissimo
694 4803 940 4874 praesule,
974 4805 1333 4872 omnibusque
1362 4801 1652 4872 episcopis,
1682 4809 1738 4856 et
1765 4800 1906 4871 opti-

326 4894 561 4949 matibus
603 4895 826 4957 nostris,
876 4903 1039 4964 atque
1105 4893 1423 4963 proceribus
1465 4891 1581 4962 ipse
1603 4890 1782 4962 Drogo
1817 4905 1906 4944 ar-

322 4986 701 5056 chiepiscopus
764 4984 1018 5040 Metensis
1061 4984 1335 5049 Ecclesiae,
1397 4983 1463 5038 de
1490 4997 1599 5052 quo
1654 4981 1904 5052 superius

397 5096 475 5167 (a)
503 5095 821 5149 Ludovicum
858 5094 970 5148 oleo
1012 5103 1192 5167 sancto
1228 5109 1532 5167 pertingens,
1559 5091 1909 5167 τεααιὶ-σοιςο-

326 5161 468 5219 naeit
496 5182 709 5229 corona,
743 5180 1010 5235 regemque
1043 5161 1410 5235 _Lonﬁgobardis
1441 5161 1693 5235 praefuit.
1738 5161 1911 5214 Ludo-

325 5237 505 5288 vicum
530 5250 635 5288 non
653 5231 837 5304 regem
858 5231 1357 5304 Longobardorum,
1401 5231 1494 5304 sed
1527 5231 1907 5304 imperatorem

330 5305 517 5358 Romae
536 5297 778 5358 creatuin
802 5316 854 5357 et
879 5297 1194 5358 coronatum
1229 5315 1367 5363 esse,
1406 5297 1637 5369 plurium
1682 5300 1910 5366 scripto-

329 5390 449 5428 rum
471 5375 779 5429 testimonio
799 5381 1026 5428 constat.
1053 5372 1164 5426 Hoc
1202 5371 1422 5424 unicum
1462 5369 1906 5432 controvertitur,

328 5460 396 5498 an
420 5446 621 5512 petenti
639 5459 892 5498 coronam
909 5442 1116 5512 imperii
1135 5440 1378 5512 sergius,
1397 5438 1481 5492 vel
1501 5439 1802 5512 potiusng
1818 5437 1904 5496 IV.

332 5509 668 5583 imposuerit.
693 5513 799 5567 Leo
815 5509 1078 5568 Ostiensis
1102 5513 1154 5565 in
1178 5509 1476 5583 Chronico,
1495 5509 1610 5562 Ado
1632 5509 1907 5583 Viennen-

331 5577 550 5638 sis-loco
573 5583 904 5654 supradicto,
931 5592 986 5654 et
1011 5583 1301 5654 diplomata
1326 5579 1569 5650 quaedam
1596 5577 1910 5654 apud_Sigo—

335 5654 504 5713 nium,
539 5655 606 5708 dc
639 5649 829 5721 Regno
862 5652 1022 5706 Italiae
1064 5649 1202 5704 libro
1225 5649 1416 5718 primo,
1441 5665 1654 5721 :innum_
1675 5649 1907 5721 primum

335 5724 593 5779 Ludovici
625 5718 962 5790 impl'ratoris
985 5721 1225 5774 referunt
1249 5721 1312 5773 ad
1347 5730 1583 5787 tempora
1624 5718 1795 5787 Sergii
1821 5733 1906 5786 pa-

2001 1904 2254 1960 Ecclesite
2281 1903 2557 1968 Senensis,
2598 1903 2779 1973 Lupus
2822 1905 3107 1974 episcopus
3160 1905 3414 1962 Ecclesia:
3443 1907 3581 1962 Tex-

2000 1996 2151 2061 tinae,
2189 1995 2574 2068 Sigismundus
2626 1998 2912 2067 episcopus
2969 1998 3224 2053 Ecclesiae
3250 1995 3582 2070 Aprutinen-

1999 2087 2093 2150 sis,
2129 2086 2294 2142 Ricco
2319 2087 2605 2158 episcopus
2637 2086 2891 2141 Ecclesiae
2935 2085 3342 2154 Asculanensis,
3373 2087 3580 2145 Fratel-

1999 2177 2082 2232 lus
2108 2178 2393 2248 episcopus
2443 2177 2698 2232 Ecclesiae
2718 2173 3142 2244 Camerinensis,
3181 2179 3344 2235 Gisus
3373 2181 3580 2251 episco—

1998 2284 2099 2339 pus
2128 2267 2384 2325 Ecclesiae
2407 2269 2702 2334 Firmanze,
2731 2267 3051 2339 Racipertus
3079 2271 3365 2341 episcopus
3395 2272 3578 2328 Eccle-

1998 2361 2093 2417 site
2153 2359 2560 2426 Nucerinensis,
2635 2358 2908 2416 Amadeus
2968 2362 3255 2432 episcopus
3325 2362 3582 2419 Ecclesia:

1996 2452 2301 2519 Pinnensis,
2367 2452 2608 2508 Donatus
2636 2453 2923 2524 episcopus
2959 2445 3219 2510 Ecclesiae
3269 2449 3571 2520 Fesolanas,

1995 2554 2053 2601 et
2082 2542 2286 2600 cazteri.

2068 2634 2202 2689 Cum
2237 2633 2434 2704 quibus
2461 2634 2625 2689 etiam
2653 2634 2794 2690 Boso
2828 2648 3033 2700 comes,
3067 2628 3352 2704 Adalgisus
3378 2648 3583 2701 comes,

1996 2719 2232 2780 Joannes
2279 2740 2482 2793 comes,
2537 2717 2709 2780 Vuldo
2763 2740 2965 2790 eomes,
3002 2719 3325 2780 Vernandus
3379 2741 3583 2790 comes,

1997 2814 2302 2870 Wiufridus
2331 2829 2535 2879 comes,
2570 2823 2733 2884 atque
2759 2808 3037 2870 Maurinus
3085 2828 3288 2881 comes,
3317 2823 3372 2870 et
3400 2815 3582 2871 czeteri

1996 2907 2201 2976 pariter
2235 2906 2650 2962 contendebant.

2068 2993 2199 3063 Sed,
2230 2989 2410 3052 divina
2434 2995 2604 3067 gratia
2621 2991 2956 3064 inspirante,
2984 3007 3085 3048 nec
3112 3005 3391 3048 sermones
3414 2989 3583 3064 ipsius

2000 3086 2126 3142 almi
2157 3085 2451 3157 pontificis,
2485 3100 2661 3154 neque
2721 3082 3064 3153 prudentiam
3113 3097 3370 3151 superare
3395 3082 3580 3138 value-

2001 3184 2145 3230 runt.
2187 3174 2465 3244 Tantaque
2513 3173 2564 3229 ei
2592 3188 2824 3244 superna
2883 3173 3072 3228 aderat
3112 3168 3305 3237 virtu‘s,
3338 3182 3398 3229 ut
3436 3172 3585 3227 nullo

1999 3281 2250 3323 sermone
2287 3277 2410 3320 eum
2466 3264 2788 3320 concludere
2841 3263 2924 3318 vel
2963 3263 3336 3334 constringere
3379 3263 3584 3332 potuis-

2000 3369 2147 3414 sent.
2899 3427 2924 3435 ν

2071 3446 2138 3505 Et
2175 3450 2244 3505 ab
2293 3463 2359 3505 eo
2386 3447 2625 3520 superati
2681 3450 2888 3519 pudore
2933 3457 2989 3502 et
3028 3446 3202 3517 operti
3261 3443 3580 3502 confusione

2001 3539 2389 3595 discesserunt.
2427 3538 2581 3604 Quod
2612 3538 2857 3592 videntes
2901 3551 3118 3591 omnem
3150 3537 3287 3590 iram
3314 3545 3478 3604 atque
3499 3533 3579 3589 fe—

2001 3627 2306 3688 rocitatem,
2359 3640 2522 3694 quam
2578 3625 2632 3678 in
2660 3626 2929 3680 mentibus
2964 3624 3352 3688 observabant,
3408 3626 3583 3679 omni-

2002 3716 2164 3771 modo
2213 3717 2595 3784 deposuerunt.
2639 3713 2735 3770 His
2770 3715 2936 3786 igitur
2969 3714 3227 3785 peractis,
3257 3730 3288 3768 a
3327 3715 3583 3785 praedicto

2000 3807 2409 3878 postulaverunt
2437 3803 2714 3875 pontifice,
2750 3814 2811 3858 ut
2835 3819 3026 3860 omnes
3064 3805 3323 3874 primates
3352 3804 3580 3858 Romam

2004 3897 2314 3952 ﬁdelitatem
2345 3897 2446 3965 ipsi
2474 3895 2745 3950 Ludovico
2776 3894 2890 3966 regi
2919 3910 3018 3964 per
3041 3904 3437 3950 sacramentum
3460 3911 3586 3965 pro-

2005 3987 2304 4040 mitterent.
2338 3984 2493 4052 Quod
2550 3983 3007 4053 prudentissimus
3053 3983 3295 4055 pontifex
3323 3984 3439 4039 fieri
3491 4000 3588 4040 ne-

2002 4091 2277 4146 quaquam
2311 4075 2604 4140 concessit,
2637 4075 2730 4130 sed
2758 4074 2838 4129 sic
2866 4089 3024 4130 orsus
3051 4083 3136 4130 est
3173 4075 3313 4130 illis:
3344 4074 3502 4142 Quia,
3536 4076 3581 4130 si

2002 4169 2168 4223 vultis
2193 4169 2411 4223 domino
2433 4166 2694 4222 Lothario
2747 4182 2942 4238 magno
2997 4167 3312 4236 imperatori
3366 4167 3470 4221 hoc
3498 4182 3586 4222 sa-

2002 4267 2367 4321 cramentum,
2397 4266 2456 4313 ut
2493 4257 2695 4314 faciant
2741 4256 3077 4311 solummodo
3115 4255 3394 4311 consentio
3421 4264 3583 4326 atque

2002 4351 2279 4420 permitto.
2338 4346 2476 4402 Nam
2535 4345 2809 4401 Ludovico
2857 4345 2976 4416 ejus
3026 4345 3139 4401 filio
3187 4356 3250 4400 ut
3302 4347 3407 4401 hoc
3459 4362 3583 4416 per-

2005 4448 2215 4510 agatur,
2247 4454 2350 4494 nec
2384 4453 2485 4509 ego
2530 4452 2632 4493 nec
2679 4437 2858 4495 omnis
2906 4438 3276 4493 Romanorum
3327 4439 3581 4494 nobilitas

2006 4531 2292 4586 consentit.

2079 4621 2232 4675 Tunc
2266 4621 2484 4675 demum
2523 4620 2578 4674 in
2605 4619 2798 4675 eadem
2844 4617 3074 4674 ecclesia
3097 4619 3347 4675 sedentes
3383 4618 3590 4689 pariter

2008 4721 2122 4768 tam
2186 4712 2535 4768 beatissimus
2578 4709 2842 4781 pontifex,
2891 4725 3054 4780 quam
3103 4725 3330 4781 magnus
3383 4727 3500 4776 rex,
3533 4719 3587 4765 et

2005 4817 2195 4858 omnes
2220 4801 2614 4872 archiepiscopi
2664 4812 2828 4871 atque
2858 4801 3116 4870 episcopi,
3159 4801 3428 4855 stantibus
3458 4800 3585 4853 reli-

2007 4895 2130 4964 quis
2169 4894 2566 4961 sacerdotibus,
2610 4900 2666 4948 et
2717 4893 3083 4946 Romanorum
3132 4907 3198 4948 ac
3252 4893 3583 4947 Francorum

1999 4987 2376 5056 _0ptimatibus,
2413 4984 2727 5039 fidelitatem
2770 4983 3026 5037 Lothario
3055 4998 3248 5052 magno
3276 4983 3586 5050 imperatori

2010 5112 2113 5166 pre,
2135 5105 2191 5152 et
2210 5097 2276 5151 ad
2303 5110 2504 5149 annum
2527 5093 2740 5166 Domini
2761 5093 2887 5166 8M.
2910 5095 3041 5166 Acta
3066 5108 3198 5147 vero
3216 5092 3442 5166 Romani
3466 5107 3594 5147 con-

2012 5162 2120 5222 cilii
2142 5167 2352 5220 initium
2377 5164 2588 5233 imperii
2610 5163 2866 5217 Ludovici
2893 5162 3136 5233 referunt
3171 5162 3244 5233 ad
3267 5176 3585 5233 annugmgse-

2013 5237 2249 5292 cundum
2276 5229 2471 5288 Leonis
2501 5231 2588 5296 IV,
2612 5233 2702 5300 qui
2725 5242 2809 5286 est
2837 5232 3214 5300 Redemptoris
3252 5229 3419 5284 nostri
3461 5229 3584 5284 848.

2014 5307 2178 5374 quue
2199 5303 2482 5382 ideo_quod
2499 5302 2742 5382 allegatis
2763 5301 3156 5382 Actisconcilii
3188 5301 3414 5354 Romani
3437 5301 3592 5382 quiu-

2012 5384 2100 5429 tus
2125 5390 2298 5428 anuus
2321 5374 2667 5441 imperatoris
2687 5374 3029 5441 coniungitur
3049 5385 3171 5423 cum
3203 5383 3346 5441 anno
3363 5374 3594 5441 septimo

2012 5445 2210 5499 Leonis
2247 5439 2445 5512 quarti,
2486 5453 2541 5496 et
2589 5441 2694 5496 855
2745 5440 2946 5494 Christi
2993 5439 3400 5512 Redemptoris.
3432 5439 3596 5512 ln_t_‘e

2014 5514 2177 5568 nimis
2199 5506 2358 5568 dubia
2379 5513 2640 5581 judicium
2667 5526 2842 5564 meum
2870 5509 3172 5581 suspendo._
3196 5506 3280 5581 De
3318 5506 3598 5581 epitaphic

2013 5584 2184 5653 Sergii
2213 5598 2362 5652 papae
2380 5577 2619 5653 Iliinioris
2643 5595 2831 5653 recens
2852 5577 3068 5632 invento
3087 5578 3209 5631 vide
3222 5577 3458 5653 annales
3476 5591 3599 5632 car-

2013 5646 2441 5707 dinalis'Baronii
2466 5668 2607 5706 anno
2635 5651 2761 5715 847,
2788 5663 3014 5702 numero
3034 5657 3206 5703 sexto.
3233 5648 3359 5701 Ssv.
3387 5646 3504 5702 BIN.
