3900 6178
298 324 337 380 9
351 326 366 378 l
380 327 414 380 3
1778 329 2128 385 lil‘lS'l‘OLA.
2332 370 2341 377 .
3443 337 3549 392 9H

300 434 672 506 pontificibus.
704 450 807 488 uua
832 450 953 489 cum
981 444 1163 491 sancto
1201 436 1426 502 Quirino
1474 454 1534 489 ac
1561 437 1741 493 Leone
1762 441 1871 507 cpi-
1901 442 1947 500 Α
2046 439 2177 492 Nam
2208 446 2261 491 et
2290 438 2682 492 confessionem
2709 439 2847 493 sacri
2879 439 3067 497 altaris
3090 442 3362 512 argenteis
3392 447 3547 502 tabu-

299 526 506 594 scupis,
535 526 740 611 pariter
758 526 1025 591 Artemio,
1074 526 1368 589 Nicandro,
1409 536 1464 582 et
1485 527 1872 585 Crescentiauo
1975 529 2060 592 lis,
2083 544 2322 598 auroque
2348 528 2579 597 perfusis
2602 539 2919 598 pensantem
2959 531 3239 588 libras.....
3264 536 3548 605 omnim

298 619 657 689 martyribus,
701 634 824 673 cum
856 619 1050 687 quibus
1085 620 1244 673 beata
1276 618 1503 684 Soteris,
1534 628 1698 690 atque
1737 621 1872 675 Pau-
1973 620 2207 684 ornavil,
2232 629 2296 676 ut
2318 634 2416 688 per
2436 634 2623 674 sacras
2648 634 2836 675 eorum
2881 621 3298 679 intercessiones
3324 626 3546 682 aetherei

300 710 432 772 lina,
471 724 571 763 nec
615 724 721 764 non
776 709 1043 773 Memmio,
1078 708 1289 765 Juliana
1320 720 1377 766 et
1421 711 1667 778 Quirilla,
1701 713 1875 768 Theo-

298 801 445 869 piste
487 809 542 853 et
601 798 803 869 Sophia
859 800 1159 870 virginibus
1206 810 1369 871 atque
1422 804 1783 874 martyribus,
1821 817 1878 858 et

298 891 459 945 beata
483 890 705 961 Cyriaca
754 891 914 946 vidua
954 906 1077 945 cum
1123 891 1241 948 aliis
1299 892 1486 948 multis
1519 908 1748 962 quorum
1774 908 1872 948 no-

301 982 448 1035 mina
478 983 586 1036 Deo
635 982 734 1036 soli
759 990 886 1036 sunt
926 983 1160 1052 cognita,
1194 992 1453 1054 utrosque
1479 985 1580 1040 sub
1613 1001 1767 1041 sacro
1792 985 1874 1040 al-

300 1070 406 1123 tari
438 1070 692 1124 dedicans
716 1069 1017 1125 collocavit.

375 1158 471 1213 llis
496 1159 656 1226 igitur
678 1159 959 1228 magniﬁce
983 1161 1234 1228 peractis,
1256 1162 1489 1230 gratauti
1519 1163 1699 1217 animo
1721 1176 1875 1218 men-

302 1260 466 1319 teque
492 1249 725 1305 sollicita
749 1250 940 1305 obtulit
958 1251 1013 1305 in
1036 1253 1223 1307 eadem
1243 1252 1471 1307 ecclesia
1501 1254 1603 1308 ista
1629 1256 1879 1324 perenni-

303 1350 392 1395 ter
410 1340 807 1408 permanenda;
845 1354 1067 1411 regnum
1113 1356 1338 1396 aureum
1371 1342 1525 1397 valde
1550 1344 1881 1413 pretiosissi-

306 1444 454 1482 mum
477 1443 601 1483 cum
623 1428 849 1499 gemmis
874 1429 1127 1497 prasinis,
1151 1437 1207 1485 et
1237 1430 1617 1502 hyacinthinis,
1647 1440 1703 1486 et
1721 1431 1877 1496 albis,

300 1519 449 1587 quod
494 1534 637 1574 nunc
675 1532 847 1589 usque
893 1533 1054 1589 super
1110 1520 1282 1575 altare
1323 1521 1565 1576 cernitur
1618 1522 1877 1591 pendens,

1977 710 2127 779 regni
2152 709 2347 779 gaudia
2369 708 2691 778 possideret.

2049 798 2145 855 llic
2185 798 2725 854 misericordissimus
2768 808 2823 853 et
2875 800 3296 871 benignissimus
3328 807 3557 873 antistes

1975 890 2168 945 obtulit
2188 889 2276 944 ubi
2304 904 2465 959 supra
2522 890 2786 960 imagines
2811 891 2877 945 de
2905 900 3131 961 argento
3166 909 3406 964 auroque
3434 911 3555 965 per-

1976 977 2125 1033 fusas
2156 987 2282 1043 tres,
2306 993 2536 1048 quarum
2564 994 2673 1033 una
2702 978 2865 1033 habet
2889 978 3118 1049 effigiem
3143 981 3351 1039 Domini
3386 985 3554 1040 nostri

1974 1070 2101 1126 Jesu
2122 1070 2341 1125 Christi.
2364 1070 2497 1126 Aliae
2538 1086 2666 1126 vero
2711 1072 2830 1126 dote
2869 1080 3177 1127 sanctorum
3222 1073 3470 1130 Silvestri
3500 1084 3556 1130 ct

1978 1159 2213 1225 Martini,
2241 1160 2489 1216 sedentes
2511 1159 2860 1234 [sedentium]
2885 1177 3049 1231 super
3070 1163 3389 1220 vestibulum
3414 1167 3552 1222 sacri

1978 1250 2185 1306 altaris.
2388 1258 2398 1267 '

2047 1340 2253 1396 Obtulit
2272 1356 2399 1397 vero
2429 1342 2481 1398 in
2501 1342 2612 1412 jam
2638 1343 2884 1413 superius
2909 1345 3053 1399 dicta
3095 1344 3315 1401 basilica
3347 1355 3551 1403 vestem

1979 1429 2045 1483 de
2074 1429 2444 1500 chrysoclavo,
2480 1430 2766 1485 habentem
2816 1432 3097 1489 historiam
3138 1435 3554 1492 resurrectionis

1982 1519 2190 1573 Domini
2222 1520 2393 1573 nostri
2434 1519 2559 1574 Jesu
2604 1519 2825 1586 Christi,
2866 1538 2987 1577 cum
3029 1524 3253 1593 gemmis
3296 1526 3551 1593 prasinis,

302 1610 517 1665 habens
560 1610 613 1665 in
670 1610 849 1666 medio
889 1625 1103 1667 crucem
1150 1611 1217 1666 de
1258 1627 1390 1667 auro
1444 1614 1730 1683 purissimo
1755 1630 1880 1669 cum
1983 1608 2369 1678 hyacinthinis,
2397 1617 2451 1664 et
2473 1609 2608 1664 albis
2640 1629 2652 1664 :
2680 1610 2808 1666 fecit
2858 1613 3021 1667 etiam
3065 1621 3120 1667 et
3150 1614 3311 1668 aliam
3349 1624 3550 1671 vestem

305 1699 536 1769 gemmis
561 1699 810 1756 similiter
832 1701 1100 1770 pretiosis.
1132 1701 1263 1757 Item
1284 1700 1544 1772 gabatbas
1562 1720 1625 1759 ex
1649 1713 1876 1775 argento
1983 1699 2048 1754 de
2072 1698 2292 1753 fundato
2311 1700 2462 1755 valde
2484 1701 2775 1770 pretiosam
2803 1717 2924 1756 cum
2949 1703 3317 1772 chrysoclavo,
3345 1705 3552 1760 baben-

302 1789 597 1859 pnrissimo
622 1804 862 1860 auroque
890 1790 1134 1860 pertusas
1161 1801 1413 1861 quatuor,
1439 1794 1733 1863 pendentes
1755 1805 1880 1850 ante
1906 1776 1954 1836 Β
1984 1799 2088 1842 tem
2118 1788 2168 1841 iu
2198 1789 2376 1844 medio
2412 1789 2637 1862 efﬁgiem
2669 1791 2965 1846 Salvatoris
2989 1792 3200 1847 Domini
3228 1795 3399 1849 nostri
3423 1794 3549 1850 Iesu

304 1879 632 1935 vestibulum
661 1880 803 1935 sacri
832 1879 1036 1947 altaris,
1063 1890 1225 1951 atque
1248 1882 1515 1953 gabathas
1547 1885 1879 1941 interrasiles
1979 1877 2200 1940 Christi,
2230 1878 2419 1934 dextra
2460 1879 2699 1950 lawaque
2747 1881 2863 1952 ejus
2881 1881 3083 1951 effigies
3105 1891 3414 1939 sanctorum
3440 1884 3549 1941 Sil-

298 1970 595 2026 deauratas
613 1985 737 2025 cum
762 1969 922 2027 bullis
950 1969 1178 2027 duabus.
1221 1972 1449 2029 Crucem
1495 1989 1710 2030 auream
1752 1992 1876 2031 cum
1977 1967 2141 2045 vestri
2174 1982 2238 2022 ac
2287 1967 2546 2023 Martini:
2581 1969 2834 2025 similiter
2875 1986 2999 2025 cum
3043 1972 3269 2041 gemmis
3293 1973 3548 2042 pruinis.

298 2062 530 2131 ερωωξε
571 2062 728 2117 valde
779 2063 998 2132 οριίωίε
1043 2063 1267 2118 duabus,
1309 2064 1378 2118 Et
1419 2064 1580 2119 aliam
1631 2066 1881 2121 είωίιῑιθι·
1977 2056 2417 2127 ιιγειείιιιιιίηἱδυι
2443 2057 2598 2113 albis.
2632 2058 2743 2113 [mo
2771 2075 2900 2116 vero
2941 2060 3135 2117 obtulit
3176 2063 3552 2119 sanctissimus

297 2166 517 2205 crucem
547 2151 615 2206 de
641 2161 867 2223 argento
885 2168 1067 2208 unam.
1096 2152 1302 2209 Obtulit
1330 2154 1385 2209 in
1415 2155 1605 2210 eadem
1656 2156 1877 2212 basilica

1983 2145 2169 2215 pracsul
2212 2147 2448 2202 cortinas
2504 2148 2898 2205 Alexandrinas
2950 2152 3341 2220 pretiosissima
3386 2168 3549 2224 opere

298 2241 732 2312 thymiamateria
767 2257 933 2299 aureo
966 2244 1353 2314 ειιρειιῑιιάυρω
1396 2244 1577 2301 colore
1626 2246 1753 2313 tria,
1778 2261 1875 2317 pa-
1977 2246 2254 2292 contextas
2275 2247 2406 2293 tres.
2431 2237 2561 2293 Vela
2590 2239 2656 2293 de
2683 2238 2906 2295 fundato
2934 2251 3122 2296 m-nata
3146 2241 3204 2297 in
3233 2242 3461 2298 circuitu
3480 2244 3549 2298 de

297 2342 458 2390 tonas
485 2335 550 2390 de
572 2343 799 2405 argento
826 2335 1133 2406 purissimo,
1188 2351 1252 2390 ac
1279 2336 1561 2392 deauratas
1596 2337 1745 2394 duas.
1776 2338 1879 2394 Co-

298 2422 558 2478 latorium
614 2424 681 2479 de
718 2432 942 2494 argento
971 2439 1078 2494 quo
1114 2425 1168 2479 in
1216 2439 1373 2479 sacro
1416 2433 1637 2480 utantur
1680 2425 1873 2493 ofiicio,

296 2514 619 2568 deauratum
667 2530 851 2569 unum.
900 2514 1143 2585 Regnum
1194 2514 1261 2569 de
1318 2522 1542 2583 argento
1599 2531 1721 2570 cum
1773 2517 1876 2571 tin-

298 2605 620 2671 tinnabulis,
652 2606 858 2661 habens
887 2606 940 2661 iu
991 2606 1169 2662 medio
1191 2622 1409 2662 crucem
1432 2622 1555 2663 cum
1606 2608 1873 2674 columba,

294 2711 486 2750 unum.

370 2784 469 2839 Hic
491 2785 832 2840 beatissimus
851 2802 1011 2857 papa,
1036 2801 1267 2856 superno
1287 2803 1471 2844 arnore
1491 2789 1871 2855 exardescens,

294 2874 496 2929 obtulit
514 2876 604 2930 ubi
627 2891 789 2945 supra
810 2876 1170 2945 aquamauilia
1198 2876 1264 2931 de
1282 2885 1506 2946 argento
1549 2877 1699 2949 paria
1746 2878 1871 2943 tria,

292 2964 431 3020 item
458 2966 695 3020 sextaria
729 2967 794 3020 de
821 2976 1047 3043 argento
1075 2968 1199 3021 duo.
1243 2966 1483 3023 Coronas
1531 2966 1762 3036 majores
1808 2969 1873 3024 de

291 3064 519 3126 argento
562 3065 794 3127 quatuor
817 3073 940 3112 cum
967 3057 1233 3127 delphinis
1272 3066 1557 3128 pensantes
1590 3058 1868 3113 libras.....

296 3146 511 3201 Calices
531 3146 596 3201 de
617 3156 842 3218 argento
862 3146 1094 3217 majores
1115 3149 1317 3217 pariter
1338 3163 1402 3202 ac
1413 3147 1696 3204 deauratos
1716 3148 1869 3204 duos.

292 3228 555 3291 Patenam
613 3232 681 3293 de
721 3247 946 3306 argento
1004 3239 1263 3309 majorem
1310 3254 1547 3308 auroque
1574 3237 1866 3309 perfusam,

294 3325 585 3381 habentem
634 3328 690 3381 in
738 3329 913 3383 medio
965 3327 1190 3399 effigiem
1245 3328 1455 3385 Domini
1514 3330 1683 3384 nostri
1740 3327 1869 3385 Jesu

290 3415 518 3472 Christi.
570 3415 878 3472 Cerostrata
934 3418 1161 3488 desuper
1210 3426 1489 3489 argentata
1543 3419 1691 3488 paria
1743 3419 1863 3472 tria.

289 3506 542 3561 Canistra
564 3507 632 3562 de
656 3519 881 3576 argento
910 3509 1034 3563 tria.
1078 3508 1334 3564 Patenam
1365 3524 1485 3563 cum
1514 3508 1681 3563 calice
1707 3510 1868 3563 deau-

290 3602 414 3650 rato
457 3612 639 3651 unam.
691 3596 963 3668 Scyphum
1006 3607 1317 3669 argenteum
1362 3613 1524 3653 unum
1555 3607 1868 3669 pensantem

290 3686 577 3742 libras.....

366 3775 571 3833 Obtulit
595 3794 724 3834 vero
751 3780 819 3835 ad
848 3780 1105 3836 honorem
1132 3778 1300 3850 ipsius
1329 3781 1645 3836 venerandzc
1689 3780 1869 3834 basili-

288 3883 373 3924 ca:
417 3870 709 3924 cantharus
735 3869 802 3925 de
829 3870 1139 3929 aurichalco
1179 3871 1481 3935 duodecim,
1526 3887 1689 3941 rugas
1719 3871 1867 3927 simi-

287 3959 417 4013 liter
448 3959 514 4014 de
538 3958 849 4031 aurichalco
869 3959 1019 4030 paria
1049 3975 1165 4016 sex.
1189 3959 1340 4016 Fecit
1384 3970 1564 4017 autem
1611 3960 1698 4016 hic
1728 3976 1867 4030 prac-

284 4050 472 4105 clarus
497 4049 563 4104 ad
587 4050 811 4121 gloriam
854 4058 1017 4121 atque
1048 4050 1303 4107 honorem
1332 4060 1636 4106 sanctorum
1661 4050 1869 4105 confes-

282 4152 494 4201 sorum,
555 4139 623 4194 de
679 4140 880 4210 quibus
927 4140 1174 4211 superius
1228 4141 1559 4195 mentionem
1619 4139 1868 4204 fecimus,

283 4226 553 4283 cibarium
579 4243 646 4284 ex
667 4238 893 4299 argento
914 4228 1203 4300 purissimo
1222 4245 1456 4300 pensans
1482 4229 1761 4283 libras.....

1974 2325 2186 2391 blattiu,
2214 2342 2335 2396 qum
2362 2329 2598 2398 pendent
2623 2330 2675 2383 in
2703 2346 2834 2386 arcu
2883 2331 3051 2400 ipsius
3092 2332 3332 2389 basilicae
3357 2333 3546 2405 viginti

1974 2431 2225 2490 quatuor.
2256 2422 2383 2478 Vela
2404 2422 2507 2477 alia
2527 2423 2592 2479 de
2614 2423 2836 2481 fundato
2848 2441 2975 2481 cum
2999 2426 3249 2498 periclysi
3264 2428 3337 2484 de
3352 2426 3547 2485 blattis

1974 2512 2301 2580 quindecim.
2332 2514 2459 2568 Vela
2488 2514 2608 2568 alba
2652 2516 2978 2581 holoserica,
3006 2533 3072 2573 ex
3098 2518 3299 2588 quibus
3335 2533 3546 2575 sacrum

1975 2600 2338 2656 circumdatur
2361 2603 2551 2669 altare,
2583 2614 2846 2673 quatuor;
2874 2620 3037 2660 unum
3066 2619 3134 2661 ex
3165 2606 3246 2662 eis
3267 2607 3471 2664 habens
3493 2608 3546 2665 iu

1975 2691 2151 2745 medio
2179 2706 2392 2747 crucem
2411 2702 2467 2748 et
2514 2694 2846 2764 gammadias
2872 2694 2939 2748 de
2967 2695 3338 2766 chrysoclavo,
3365 2703 3421 2750 et
3438 2694 3546 2750 alia

1972 2794 2289 2839 ornamenta
2318 2786 2373 2840 in
2399 2786 2629 2842 circuitu
2654 2786 2719 2841 de
2749 2787 2958 2842 blattin.

2043 2873 2141 2929 Hic
2168 2875 2396 2946 insignis
2424 2883 2480 2929 et
2524 2875 2868 2951 beatissimus
2915 2890 3073 2944 papa,
3105 2874 3286 2935 divina
3312 2874 3544 2944 inspira-

1976 2965 2121 3019 tione
2148 2972 2440 3033 protectus,
2462 2964 2617 3035 juxta
2634 2964 2774 3019 la'us
2795 2964 2961 3034 ipsius
2984 2963 3218 3019 basilica:
3240 2964 3308 3018 ad
3334 2964 3547 3019 laudem

1974 3051 2249 3108 Creatoris
2273 3052 2657 3107 monasterium
2676 3052 2729 3105 in
2755 3053 2960 3107 honore
2978 3052 3121 3106 beati
3146 3051 3291 3109 Petri
3317 3066 3376 3107 ac
3397 3050 3547 3107 Pauli

1979 3142 2342 3213 apostolorum
2363 3142 2537 3214 Sergii
2553 3150 2608 3197 et
2628 3142 2846 3207 Bacchi,
2862 3150 3280 3211 sanctorumque
3301 3139 3546 3195 Silvestri

1976 3240 2031 3287 ct
2056 3218 2268 3287 Martini
2298 3248 2327 3288 a
2352 3231 2716 3289 fundamentis
2745 3232 3065 3288 construxit.
3109 3230 3176 3286 ἰιι
3211 3245 3317 3302 quo
3356 3244 3547 3287 mona-

1976 3323 2198 3378 chorum
2252 3324 2363 3379 Deo
2406 3324 2754 3380 servientium
2799 3323 3263 3394 congregationem
3296 3336 3397 3392 pro
3417 3336 3549 3392 quo~

1978 3415 2192 3471 tidinnis
2224 3414 2469 3470 laudibus
2495 3415 2546 3470 in
2594 3414 2848 3484 prmdicta
2896 3413 3122 3468 ecclesia
3171 3412 3257 3467 die
3280 3420 3548 3485 noctuque

1972 3505 2200 3562 Domino
2234 3505 2342 3560 Deo
2364 3514 2547 3560 nostro
2572 3505 2920 3574 deprecantes
2941 3503 3243 3559 constituit.

2042 3594 2143 3660 Qui
2171 3594 2514 3659 beatissimus
2542 3592 2804 3663 pontifex,
2836 3601 3117 3662 postquam
3145 3591 3325 3646 sedem
3353 3590 3546 3644 Roma-

1972 3701 2093 3739 nam
2121 3693 2177 3738 et
2203 3684 2554 3754 apostolicam
2575 3683 2732 3738 annis
2762 3683 2936 3738 tribus
2968 3681 3355 3752 gloriasissiine
3385 3680 3544 3745 rexit,

1972 3776 2072 3831 hac
2094 3774 2212 3830 luce
2242 3775 2554 3830 subtractus
2596 3774 2662 3827 ad
2702 3781 2960 3828 aeternam
2994 3771 3245 3843 migravit
3282 3769 3545 3839 requiem.

1971 3864 2319 3921 Fccitautem
2356 3863 2752 3921 ordinationem
2800 3877 2960 3917 unam
3019 3862 3072 3917 iu
3122 3875 3306 3919 mense
3334 3859 3545 3927 Martio,
3602 3903 3609 3909 .

1971 3955 2314 4024 presbyteros
2333 3959 2478 4015 octo,
2506 3951 2760 4007 diaconos
2785 3959 2913 4015 tres,
2931 3948 3208 4020 episcopos
3222 3963 3320 4018 per
3336 3946 3546 4004 diversa

1957 4033 2086 4095 loca
2121 4056 2346 4095 numero
2390 4038 2580 4110 viginti
2624 4046 2678 4093 et
2720 4046 2846 4092 tres.
2893 4035 3143 4106 Sepultus
3188 4049 3313 4090 vero
3364 4041 3448 4089 est
3489 4031 3544 4089 in

1972 4130 2197 4186 basilica
2223 4129 2367 4186 beati
2392 4128 2536 4188 Petri
2564 4127 2811 4199 apostoli.

1152 4523 1187 4570 ³
1244 4521 1744 4603 EPISTOLA
1821 4525 2171 4605 SERGII’
2235 4522 2514 4602 PAPIE
2588 4522 2667 4603 ΙΙ

1348 4664 1353 4673 ’
1432 4695 1517 4736 an
1557 4694 1887 4740 EPISCOPOS
1922 4697 2386 4743 TRANSALPINOS

1054 4817 1143 4877 De
1178 4815 1546 4895 prwlatt'one
1579 4817 1894 4896 Drogom’s
1919 4818 2148 4881 vicarii
2178 4816 2341 4882 sedis
2369 4816 2751 4898 apostolicae.

1711 4966 2085 4985 ᾠ-

355 5060 679 5130 Optaveram
703 5060 975 5130 equidem,
1010 5058 1207 5116 fratres
1250 5059 1578 5125 charissimi,
1606 5069 1719 5117 tam
1738 5061 1853 5133 glo—
1877 5062 1931 5122 Ι)
1954 5078 2261 5134 possumus,
2288 5075 2439 5118 more
2467 5058 2891 5131 praecedentium
2945 5066 3253 5114 nostrorum
3293 5058 3539 5114 modera-

276 5153 432 5209 rioso
461 5150 746 5207 certamini
774 5157 1014 5206 nostram
1056 5149 1387 5220 corporalem
1430 5149 1687 5204 exhibere
1725 5165 1863 5220 prte-

276 5243 535 5307 sentiam,
567 5249 621 5297 et
641 5257 743 5312 pro
771 5239 1140 5311 recuperanda
1166 5247 1275 5295 tam
1323 5239 1632 5295 excellentis
1655 5241 1861 5295 ordinis

277 5334 452 5404 gloria
472 5333 645 5387 modis
665 5332 913 5387 omnibus
935 5330 1216 5385 desudare.
1248 5329 1351 5385 Sed
1373 5329 1498 5399 quia
1518 5344 1616 5384 nos
1637 5336 1858 5384 cuncta-

280 5439 405 5478 rum
426 5422 730 5478 sollicitudo
752 5422 901 5490 angit
922 5421 1305 5486 Ecclesiarum,
1333 5420 1423 5475 ubi
1476 5420 1577 5490 ipsi
1608 5434 1728 5475 esse
1751 5436 1858 5475 non

354 5570 382 5598 ι
410 5557 645 5625 (cristata
666 5556 837 5626 Sergii
869 5571 1038 5626 ραρῳ.
1065 5554 1134 5610 Ut
1157 5553 1348 5626 Sergio
1376 5552 1418 5607 ll
1443 5552 1861 5626 ascriberemus.

275 5636 403 5707 erat
423 5622 568 5683 enim
590 5622 951 5707 ἀνιτεξῂοαγὸςζ
979 5622 1420 5707 fecitauctoritas
1440 5622 1852 5707 Hincntarinqui

278 5698 586 5765 Drogonem
633 5713 661 5750 a
706 5692 896 5763 S'c'rgi’o
940 5695 1303 5763 pnelationem
1347 5694 1503 5748 istam
1559 5692 1853 5747 obtinuisse

1960 5557 2142 5612 scribit
2173 5557 2400 5625 epistola
2420 5557 2474 5611 6.
2497 5557 2763 5636 Adeptgtm
2797 5561 2973 5636 autem
2996 5568 3142 5608 anno
3179 5557 3283 5609 8“

1959 5628 2085 5682 licet
2103 5643 2167 5683 cx
2202 5640 2319 5695 cap.
2348 5625 2404 5679 ll
2434 5626 2622 5696 synodt
2647 5624 2957 5679 Vernonsrs.
2984 5621 3097 5677 Jac.
3126 5622 3285 5679 State.

1969 5155 2127 5210 tionis
2149 5163 2347 5209 nostra:
2374 5153 2604 5207 vicarius
2633 5151 2843 5207 damus.
2883 5148 2963 5205 Ad
3014 5158 3219 5205 nostrai
3242 5149 3406 5221 igitur
3433 5149 3536 5203 hu-

1966 5245 2208 5299 militatis
2228 5244 2420 5308 vicem,
2444 5240 2653 5298 cunctis
2672 5240 2963 5312 provinciis
2987 5247 3136 5295 trans
3158 5238 3321 5309 Alpes
3339 5230 3537 5293 consti-

1967 5337 2114 5400 tutis,
2145 5334 2446 5405 Drogonem
2475 5331 2934 5402 archiepiscopum
2974 5330 3293 5396 Metensem,
3319 5328 3536 5401 gloriosi

1965 5427 2232 5499 quondam
2257 5422 2434 5480 Caroli
2465 5423 2805 5494 imperatoris
2828 5422 3024 5486 ﬁlium,
3056 5421 3211 5492 cttjus
3241 5420 3536 5476 beatissimi

2173 5554 2402 5636 epistola
2420 5554 2474 5611 6.
2497 5554 2763 5636 Adeptum
2797 5561 2973 5636 autem
2989 5568 3158 5636 anno
3179 5551 3283 5609 8“
3310 5550 3534 5623 intelligi
