3900 6178
396 340 499 394 915

1403 336 1784 392 FliECULPlll
1820 333 2268 389 LEXOVIENSIS
2303 331 2603 386 El’lSCOI’I

3553 327 3658 380 9M

396 454 753 508 modici-tutoris
803 449 1063 504 industria
1119 449 1482 502 Romanorum
1537 447 1974 512 Francorumque
2002 449 2047 505 Α
2080 444 2288 498 noverit
2315 459 2343 496 a
2374 451 2556 496 nostra
2590 440 2998 494 mansuetudine
3029 453 3370 508 nequaquam
3406 454 3460 492 sc
3493 447 3663 494 teme~

396 541 806 613 eoneorporavit
840 540 1145 608 imperium,
1176 547 1332 592 cauta
1357 537 1743 592 deliberatione
1769 535 1970 589 consti-

395 638 618 691 tuimus.
641 633 850 702 thuia
879 629 1210 686 serenissimi
1235 638 1397 697 atque
1425 627 1652 697 piissimi
1686 625 1778 680 filii
1801 624 1971 678 nostri

394 726 572 795 magni
597 723 938 793 imperatoris
953 720 1216 784 Lotharii,
1238 719 1462 788 ejusque
1487 717 1713 771 fratrum
1735 715 1973 770 dilectis.

394 819 652 872 simosum
672 816 900 869 filiorum
920 823 1227 870 nostrorum
1247 811 1499 865 Ludovici
1516 819 1570 864 et
1590 808 1766 864 Caroli
1785 822 1970 876 regum

392 906 689 960 avunculus
711 914 812 970 est,
837 906 1056 974 insuper
1076 904 1363 957 sanctitate
1384 901 1735 969 doctrinaque
1758 897 1972 966 conspi-

393 1011 544 1060 cuus,
582 996 650 1049 ab
677 996 776 1049 hac
799 995 926 1049 sede
955 995 1294 1049 sanctissima
1326 992 1690 1062 apostolorum
1714 990 1972 1060 principis

391 1089 715 1142 auctoritate
730 1095 1004 1158 percepta.
1021 1086 1214 1140 vestris
1230 1083 1643 1140 necessitatibus
1658 1083 1770 1138 vice
1789 1090 1970 1136 nostra

393 1178 618 1232 idoneus
667 1178 864 1246 ubique
916 1177 1164 1230 minister
1205 1176 1424 1228 existat.
1471 1174 1537 1227 Et
1570 1173 1695 1243 quia
1730 1171 1970 1227 omnium

391 1277 698 1323 vestrorum
753 1268 1167 1323 sollicitudinem
1228 1265 1300 1319 illi
1355 1255 1541 1335 gerere
1594 1263 1968 1332 praecepimus,

389 1361 630 1414 omnium
659 1359 906 1414 volumus
936 1357 1238 1413 obedientia
1287 1355 1553 1410 comitari.
1610 1355 1774 1408 Decet
1818 1367 1970 1416 sane,

390 1451 613 1515 fratres,
649 1458 706 1505 ut
729 1450 820 1519 qui
846 1466 944 1520 pro
973 1449 1223 1503 omnibus
1253 1447 1482 1509 laborat,
1507 1454 1825 1500 cunctorum
1848 1443 1974 1498 sub-

390 1539 530 1593 sidio
557 1537 828 1591 fulciatur.
854 1536 990 1592 Huic
1004 1552 1134 1606 ergo
1154 1536 1207 1590 in
1231 1535 1620 1606 congregandis
1635 1533 1974 1604 generalibus

389 1630 627 1700 synodis,
651 1629 706 1682 in
737 1631 989 1684 omnibus
1027 1629 1457 1698 supradictarum
1487 1627 1766 1697 regionum
1807 1625 1974 1696 parti—

386 1719 489 1773 bus
509 1726 748 1773 nostram
781 1719 1186 1775 commodamus
1217 1720 1616 1782 auctoritatem,
1638 1726 1693 1772 et
1713 1717 1972 1788 quidquid

2077 533 2274 586 rariam
2323 531 2711 585 absolutionem
2741 527 3083 596 adepturum,
3128 527 3230 581 nisi
3270 528 3502 596 primum
3533 543 3664 596 pro-

2075 624 2292 679 vinciali
2336 623 2558 692 synodo,
2604 629 2660 674 et
2707 618 3048 689 postmodum
3097 618 3356 688 generali,
3417 618 3666 687 praedicti

2074 713 2257 767 fratris
2287 711 2458 766 nostri
2501 710 2770 764 audientia
2817 707 2934 776 ejus
2983 706 3146 762 fuerit
3190 709 3335 762 actio
3373 709 3699 764 ventilata._

2072 802 2185 857 Illic
2219 802 2362 856 enim
2407 816 2572 855 causa
2625 799 2875 854 subtilius
2915 799 3273 860 examinatur,
3325 799 3414 851 ubi
3470 815 3672 868 perpe-

2075 901 2214 946 trata
2234 891 2585 961 dignoscitur.
2605 890 2808 943 Tamen
2836 889 2880 943 si
2909 902 2968 942 se
2983 889 3048 942 ad
3073 903 3170 942 nos
3192 888 3380 942 venire
3399 903 3672 957 poposce-

2075 983 2166 1048 rit,
2195 991 2256 1036 ut
2279 990 2404 1035 ante
2451 981 2818 1050 pratdiximus,
2851 995 2954 1033 non
2983 986 3248 1033 teneatur.
3277 979 3335 1032 Si
3363 987 3550 1032 autem
3586 979 3672 1031 vel

2073 1077 2155 1128 sui
2203 1070 2600 1139 metropolitani
2650 1069 3032 1140 provincialem
3086 1069 3348 1138 synodum
3401 1077 3673 1122 evocatus

2074 1165 2223 1218 adire
2247 1161 2501 1223 noluerit,
2534 1159 2616 1214 vel
2641 1161 2707 1213 ad
2733 1159 3033 1230 generalem
3063 1157 3270 1228 ptmfati
3303 1159 3490 1212 vicarii
3517 1157 3673 1227 lega-

2076 1256 2222 1324 tique
2263 1252 2435 1307 nostri
2492 1259 2815 1306 eonventum
2875 1249 3058 1303 venire
3095 1249 3505 1317 contempserit,
3537 1264 3672 1301 cum

2076 1351 2192 1404 haec
2217 1346 2416 1401 nostris
2438 1343 2751 1412 apostolicis
2779 1341 3002 1395 auribus
3023 1356 3118 1410 per
3140 1356 3265 1394 suas
3298 1340 3507 1393 litteras
3539 1340 3679 1393 inti-

2077 1454 2227 1494 mare
2251 1434 2571 1496 decreverit,
2598 1441 2780 1488 nostra
2804 1440 2859 1486 et
2899 1431 3065 1484 totius
3098 1429 3351 1484 Ecclesia
3377 1428 3679 1483 catholica:

2075 1546 2132 1586 se
2149 1531 2359 1585 noverit
2383 1527 2703 1582 auctoritate
2713 1522 3080 1592 judicandnm.
3106 1521 3258 1587 Quod
3285 1520 3330 1575 si
3346 1520 3675 1574 violentiam

2074 1621 2175 1677 sibi
2207 1636 2237 1674 a
2284 1617 2550 1688 religiosis
2575 1615 2699 1668 ﬁliis
2725 1613 2926 1667 nostris
2957 1612 3173 1682 regibus
3202 1609 3428 1680 quilibet
3449 1610 3678 1678 episco-

2075 1725 2287 1782 porum,
2315 1708 2604 1778 quominus
2632 1718 2899 1759 canonum
2928 1710 3128 1756 statuta
3155 1700 3442 1763 custodiat,
3471 1700 3674 1768 queri-

388 1808 704 1877 provineiali
733 1809 934 1880 synodo
961 1808 1122 1864 fuerit
1150 1809 1447 1872 definitum,
1496 1808 1564 1862 ad
1611 1807 1728 1876 ejus
1767 1808 1969 1876 absque
1997 1795 2044 1854 Β
2075 1814 2161 1858 tur
2182 1804 2473 1871 irrogatam
2492 1839 2506 1864 ,
2535 1813 2635 1851 nos
2657 1797 2758 1850 hoc
2782 1792 3090 1864 suffugium,
3115 1800 3383 1846 annuente
3406 1793 3674 1854 Domino,

389 1896 646 1952 dilatione
677 1898 966 1952 statuimus
997 1899 1241 1953 notitiam
1293 1898 1716 1968 perducendum.
1775 1897 1834 1951 Si
1886 1896 1972 1950 cui

389 1994 570 2041 autem
595 1988 662 2042 ab
693 1987 798 2042 illis
821 1989 1066 2058 partibus
1113 1989 1252 2043 hanc
1293 1999 1535 2042 sanctam
1567 1987 1749 2042 sedem
1794 1987 1973 2057 appel-

391 2079 503 2134 lare
525 2094 661 2148 opus
683 2078 868 2145 fuerit,
896 2088 952 2134 et
973 2081 1025 2134 in
1051 2089 1233 2136 nostra
1274 2079 1548 2134 audientia
1578 2094 1635 2133 se
1665 2079 1838 2133 audiri
1881 2093 1976 2148 po-

391 2171 645 2240 poscerit,
673 2172 820 2227 hunc
839 2188 1243 2229 commonemus
1281 2182 1339 2227 ut
1363 2173 1431 2228 ad
1469 2171 1586 2241 ejus
1609 2172 1842 2241 primum
1881 2187 1974 2225 au-

387 2260 647 2316 dientiam
673 2269 734 2316 se
752 2263 1052 2327 submittat,
1085 2272 1139 2318 et
1185 2263 1675 2319 ecclesiasticorum
1699 2271 1972 2334 gestorum

389 2352 443 2404 in
505 2367 605 2406 sua
661 2354 882 2425 regione
934 2355 1236 2410 rationabili
1291 2355 1589 2427 digestione
1635 2355 1865 2425 prolata,
1928 2355 1972 2410 si

389 2442 766 2512 episcoporum
815 2445 881 2500 de
904 2461 970 2500 eo
1001 2446 1092 2515 qui
1133 2445 1274 2502 forte
1313 2447 1632 2501 criminibus
1675 2446 1971 2514 impetitur,

389 2535 661 2589 sententia
708 2535 1118 2607 diseordaverjt,
1160 2547 1220 2591 ut
1267 2539 1334 2593 ab
1380 2538 1502 2592 aliis
1539 2553 1682 2600 reus,
1716 2537 1975 2592 innocens

383 2622 658 2689 judicetur
685 2626 753 2679 ab
781 2626 934 2692 aliis;
966 2636 1096 2682 tunc
1139 2629 1270 2698 ipsis
1311 2630 1478 2699 gestis
1509 2629 1576 2682 ad
1615 2643 1714 2683 nos
1759 2629 1971 2697 delatis,

388 2715 580 2770 litteris
604 2717 768 2771 etiam
784 2720 994 2788 prtel'ati
1023 2720 1204 2776 fratris
1229 2722 1418 2786 nostri,
1438 2721 1523 2776 cui
1542 2721 1710 2776 vicem
1733 2731 1974 2776 nostram

385 2806 774 2872 concessimus,
825 2813 1253 2874 commendatus,
1313 2812 1428 2867 sive
1481 2813 1548 2866 ad
1595 2827 1716 2877 nos,
1760 2811 1874 2866 sive
1907 2813 1976 2866 ad

385 2892 690 2950 beatissimi
736 2895 884 2951 Petri
932 2899 1114 2954 sedem
1161 2915 1384 2955 securus
1432 2901 1672 2965 accedat,
1723 2899 1975 2970 nullaque

385 2998 508 3042 eum
544 2984 599 3038 in
636 2986 1082 3042 veniendo'mora
1110 2990 1424 3059 prarpediat.
1456 2989 1629 3057 Quam
1661 2989 1822 3044 etiam
1845 3004 1976 3051 con-

385 3073 532 3129 dicto
571 3073 724 3129 fratri
762 3085 950 3132 nostro
976 3079 1211 3149 Drogoni
1258 3080 1666 3150 archiepiscopo
1692 3081 1745 3135 in
1772 3080 1974 3136 exami-

2074 1893 2270 1947 litteris
2297 1891 2364 1944 ad
2387 1905 2480 1944 eos
2507 1887 2687 1942 missis
2712 1885 2984 1940 credimus
3013 1883 3415 1952 amputandum.
3443 1880 3677 1950 Nequa-

2073 2000 2237 2055 quam
2265 1983 2410 2039 enim
2452 1980 2636 2034 auditu
2679 1977 2959 2033 tolerabile
3012 1985 3116 2040 est,
3168 1983 3227 2030 ut
3273 1990 3677 2044 germanorum

2075 2078 2304 2133 fratrum
2340 2078 2392 2131 in
2424 2075 2529 2130 tide
2565 2073 2848 2127 Trinitatis
2895 2081 3049 2125 terna
3079 2071 3309 2125 societas
3338 2085 3367 2123 a
3407 2070 3488 2124 sui
3525 2069 3678 2122 dile~

2074 2168 2255 2222 ctione
2283 2174 2338 2221 et
2364 2162 2638 2220 communi
2666 2159 2810 2229 juris
2835 2161 3090 2228 aequitate
3127 2159 3372 2213 dissiliat.
3421 2157 3589 2224 Quod
3628 2158 3675 2211 si

2075 2277 2261 2318 eorum
2301 2259 2527 2330 quilibet
2569 2266 2692 2327 post
2715 2256 2996 2312 discordia:
3027 2255 3322 2326 principem
3356 2253 3503 2329 abire
3547 2270 3676 2307 ma-

2075 2356 2253 2418 luerit,
2293 2368 2394 2408 nee
2431 2353 2700 2407 catholica
2756 2350 2918 2405 fuerit
2965 2363 3100 2418 pace
3148 2356 3450 2410 contentus,
3479 2347 3671 2408 hunc,

2074 2446 2268 2501 merito
2293 2445 2402 2498 Deo
2420 2443 2738 2506 auxiliante,
2760 2439 3038 2495 canonicis
3056 2437 3478 2500 auctoritatibus,
3494 2443 3680 2504 prout

2076 2536 2267 2591 melius
2322 2547 2633 2604 possumus,
2684 2532 2950 2602 castigare
3008 2529 3309 2584 studemus.
3361 2526 3674 2590 Cteterum,

2075 2626 2290 2690 fratres,
2336 2633 2592 2692 tanquam
2619 2622 2718 2676 sub
2762 2637 2868 2676 uno
2899 2618 3180 2673 charitatis
3208 2616 3362 2688 globo
3385 2615 3675 2669 constitu-

2075 2725 2183 2769 tam
2205 2721 2443 2768 vestram
2476 2711 2722 2780 alloquor
2746 2709 3113 2772 sanctitatem,
3138 2715 3197 2760 ut
3221 2707 3443 2776 idipsum
3462 2720 3677 2759 omnes

2075 2803 2340 2868 sentiatis,
2370 2811 2426 2857 et
2453 2817 2559 2856 non
2583 2801 2693 2855 sint
2725 2801 2777 2853 in
2808 2799 2963 2853 vobis
2994 2798 3306 2858 schismata,
3333 2810 3506 2864 neque
3565 2811 3678 2864 per
3705 2843 3708 2845 λ

2074 2894 2282 2964 aliquos
2332 2892 2573 2946 inanium
2623 2889 3150 2961 argumentationum
3211 2885 3508 2949 cuniculos,
3581 2887 3677 2941 vel

2075 2985 2227 3040 vobis
2255 2985 2410 3054 ipsis,
2451 2983 2533 3037 vel
2579 2983 2774 3052 populo
2817 2981 2968 3035 vobis
3015 2979 3324 3043 commisso,
3357 2978 3676 3032 veritatem

2075 3077 2401 3140 subdueatis,
2424 3091 2542 3145 quae
2569 3075 2771 3143 absque
2788 3072 3163 3143 refragationis
3182 3070 3502 3125 diverticulo
3527 3086 3678 3125 vera

389 3163 580 3219 nandis
608 3181 673 3221 ac
702 3145 1394 3238 perquirendis'episcopis
1445 3145 1501 3224 et
1545 3145 1829 3225 abbatibus
1869 3171 1969 3225 sub
1999 3145 2042 3208 C
2073 3167 2442 3238 prosequitur,
2466 3165 2652 3219 dicens
2680 3182 2693 3217 :
2720 3163 2874 3217 Beati
2900 3162 3128 3230 paciﬁci,
3174 3160 3412 3231 quoniam
3437 3159 3541 3228 ﬁlii
3571 3161 3681 3214 Dei

387 3257 488 3309 hoc
518 3263 706 3314 tenore
751 3258 889 3311 hanc
926 3266 1166 3313 nostram
1214 3258 1485 3313 licentiam
1517 3267 1570 3314 et
1593 3261 1967 3314 auctoritatem

387 3346 772 3410 concessimus,
801 3346 949 3404 salvo
979 3349 1034 3401 in
1060 3348 1309 3408 omnibus
1331 3347 1490 3416 hujus
1510 3348 1833 3404 universalis
1862 3347 1968 3403 Ro-

387 3451 560 3490 tuanze
586 3436 729 3492 sedis
757 3437 1016 3507 primatu,
1044 3439 1324 3508 nostrique
1369 3439 1688 3515 praesulatus
1741 3439 1964 3505 honore,

387 3524 679 3604 vigoreque
704 3536 760 3582 et
786 3528 1114 3584 exultatione
1140 3529 1446 3584 ebarissimi
1477 3545 1542 3585 ac
1587 3531 1845 3601 spiritalis
1873 3530 1968 3586 lilii

386 3619 560 3676 nostri
589 3620 770 3674 domni
801 3619 1043 3680 Lotharii
1072 3623 1247 3699 magni
1275 3622 1638 3692 imperatoris.
1663 3622 1795 3677 Nam
1816 3624 1973 3678 nobis

385 3708 541 3763 valde
572 3709 788 3788 placuit,
819 3721 1042 3782 pr0pter
1067 3713 1309 3770 diversas
1339 3713 1700 3769 Ecclesiarum
1726 3714 1821 3770 Dei
1850 3730 1974 3786 per-

387 3800 870 3874 turbationes,hoc
918 3807 1280 3866 necessarium
1327 3807 1569 3885 satisque
1594 3809 1815 3882 dignum
1837 3824 1974 3880 opus

391 3889 632 3968 explere.
680 3893 738 3947 Si
779 3909 936 3960 vero,
970 3895 1072 3950 hac
1101 3896 1468 3952 admonitione
1496 3906 1823 3974 contempta,
1861 3898 1973 3953 sola

389 3984 736 4054 improbitate
765 4002 825 4043 se
866 3989 1186 4055 criminibus
1223 3992 1528 4048 exuendum
1559 3991 1972 4058 existimaverit,

2075 3259 2396 3316 vocabuntur
2433 3255 2647 3327 (Matth.
2700 3255 2775 3327 v).
2818 3254 2887 3308 At
2919 3262 3107 3308 contra
3153 3251 3242 3320 qui
3273 3250 3405 3306 bella
3445 3249 3680 3315 volunt,

2075 3352 2200 3420 quia
2224 3346 2420 3403 diaboli
2447 3345 2542 3400 filii
2569 3345 2700 3409 sint,
2725 3344 2900 3414 palam
2923 3344 3085 3398 datur
3125 3342 3365 3419 intelligi.
3413 3339 3523 3395 Sed
3569 3358 3681 3397 nos

2075 3445 2130 3498 iu
2154 3456 2218 3497 eo
2243 3439 2332 3510 qui
2357 3438 2526 3493 vincit
2545 3436 2825 3501 mundum,
2851 3435 3010 3490 beato
3030 3434 3192 3489 Petro
3218 3434 3459 3505 apostolo
3484 3432 3674 3488 inter-

2076 3533 2320 3596 cedente,
2353 3527 2692 3592 conﬁdimus,
2721 3527 2862 3597 quod
2888 3525 3034 3582 nullo
3065 3525 3230 3597 typho
3261 3524 3532 3579 stecularis
3565 3539 3678 3578 au-

2077 3625 2244 3681 dacia:
2289 3631 2471 3678 vestra
2517 3619 2821 3677 succumbit
2874 3619 3168 3674 auctoritas
3206 3637 3218 3672 :
3255 3625 3430 3671 tamen
3463 3617 3579 3670 etsi
3611 3617 3679 3672 ad

2055 3729 2287 3790 tempus
2311 3714 2717 3787 prtevaluerint,
2749 3713 2874 3782 quia
2903 3713 2956 3767 in
2980 3720 3242 3767 aeternum
3265 3708 3682 3765 damnabuntur

2075 3813 2388 3884 ambiguum
2434 3824 2543 3864 non
2593 3816 2696 3862 est.
2728 3808 2837 3862 Vos
2873 3814 3052 3860 autem
3101 3805 3199 3859 etsi
3230 3800 3679 3871 persecutionem

2076 3901 2321 3972 patimini
2351 3907 2572 3968 propter
2587 3897 2878 3972 justitiam,
2906 3896 3072 3952 beati.
3093 3896 3235 3950 Deus
3253 3908 3346 3948 vos
3366 3891 3682 3946 incolumes

2077 3989 2366 4052 custodiat,
2401 3985 2622 4043 fratres.
2653 3986 2846 4042 Amen.

389 4133 3673 4194 ω

1676 4314 1849 4366 ANNO
1897 4314 2128 4358 DOMINI
2178 4313 2390 4358 θῦσαι.

1117 4494 2882 4710 FRECULPHUS

1548 4808 2006 4880 LEXOVEENSIS
2035 4821 2442 4880 EPISCOPUS.

1783 4963 1922 4975 ..-

1923 4958 2279 4973 -ι--ι-

1009 5061 1442 5144 ΝΟΤΙἹῚΑ
1497 5061 1971 5140 HISTORIC

2121 5053 2248 5142 IN
2311 5058 3030 5139 FBECULPHUM.

1555 5217 1800 5282 (ιε’ίιιινὶο.λ
1821 5218 1951 5274 Bibl.
1968 5218 2094 5268 med.
2118 5225 2168 5268 et
2217 5216 2302 5267 inf.
2329 5216 2464 5281 Lat.)

1836 5347 2206 5365 ψ

460 5419 812 5486 Freeulpbus,
846 5432 911 5470 ex
960 5415 1228 5486 monacho
1268 5413 1476 5486 ordinis
1524 5377 1870 5486 Bettedictini
1910 5421 1966 5486 et
1996 5413 2044 5471 D
2069 5427 2298 5486 quinum
2327 5410 2407 5481 (tt)
2428 5409 2596 5480 prior,
2629 5410 2680 5462 in
2703 5417 2907 5478 septem
2931 5408 3163 5462 tributus
3189 5406 3378 5470 libros,
3409 5423 3478 5486 ira
3499 5405 3686 5460 ειεω»

388 5492 583 5556 abbate
631 5481 880 5543 Fuldensi
925 5484 1208 5556 episcopus
1253 5484 1322 5537 ab
1361 5499 1502 5556 anno
1538 5481 1644 5556 8:25
1678 5482 1746 5556 ad
1779 5481 1875 5536 85l
1912 5482 1964 5535 in

390 5553 561 5616 Gallia
585 5550 1190 5624 Lexoviensis,'seripsit
1206 5565 1373 5607 tomos
1398 5553 1530 5607 duos
1549 5550 1928 5607 Chronicorum
1949 5566 1972 5604 :-

464 5670 756 5742 (a)7Solum
784 5741 787 5742 ν
819 5670 1051 5742 priorem
1101 5666 1577 5742 tonnuuiuspexit
1628 5664 1966 5736 Sigebertus,

392 5739 631 5810 “p.90.
663 5750 716 5796 ct
750 5740 1098 5808 Trithemius,
1121 5755 1237 5808 cap.
1271 5739 1396 5792 9.59.

2075 5475 2292 5535 charum
2314 5475 2744 5550 ,prieeeptorem
2766 5475 2924 5532 suum
2947 5518 2962 5540 ,
2989 5492 3156 5550 quem
3186 5475 3542 5550 venerandum
3571 5494 3682 5550 jur-

2075 5552 2331 5605 cerdotem
2361 5545 2442 5622 '(b)
2473 5545 2742 5620 appellat,
2778 5564 2808 5601 a
2867 5547 3176 5601 conditione
3225 5545 3387 5612 primi
3434 5545 3685 5604 hominis

2144 5663 2216 5734 (ὁ)
2256 5663 2311 5717 1η
2341 5663 2581 5734 carmine
2606 5663 2952 5734 rlicsametro,
3002 5659 3143 5730 quod
3174 5659 3239 5721 ad
3267 5658 3522 5722 eumdem
3553 5656 3680 5720 Eli-

2068 5732 2351 5790 sacbarum
2367 5732 2728 5806 praemittitur.
