3900 6178
268 292 378 347 917

1293 292 1683 350 CHRONICON
1744 326 1814 334 —
1848 292 2011 349 TOMI
2048 293 2068 347 l
2109 292 2501 368 PRAEFATIO,

3420 299 3521 356 918

255 417 446 477 usque
482 399 790 477 ad_Chijsti
836 401 1169 477 nativitatem
1209 404 1455 477 Domini,
1474 405 1589 477 sive
1631 420 1830 477 annum
1860 407 1907 466 Α
1931 403 2195 474 cholphus
2214 404 2758 477 episcopus,scientia
2781 404 3131 477 doctrinaque
3147 421 3466 477 prtempuus,
3502 431 3519 462 ι

256 470 448 527 mundi
472 470 640 542 5129.
674 471 874 526 Tomus
901 473 1166 542 posterior
1191 473 1401 528 dicatus
1427 473 1687 537 Judithze,
1722 474 1830 529 Lu-

258 543 440 597 d0vici
459 540 550 613 ,Ρῇί
580 542 829 613 secundae
855 540 1064 613 conjugi
1083 583 1096 606 ,
1124 543 1275 613 libris
1301 544 1539 613 quinque
1565 561 1594 598 τι
1632 544 1834 600 Christi

259 611 553 683 servatoris
577 611 865 683 nativitate
882 610 1425 683 adQBonil‘acium‘lll.
1450 610 1547 683 qui
1579 625 1837 683 papatum

259 682 433 749 gessit
475 681 727 733 ah‘anno
763 680 884 749 667.
936 680 1036 748 Qui
1071 689 1285 737 exstant
1327 680 1595 738 Cbrohici
1623 680 1841 739 Frecul-

258 748 449 819 phiani
493 750 615 819 libri
646 748 925 819 duodecim
972 752 1221 819 prodiere
1261 750 1497 813 Colonia:
1542 753 1697 815 1559,
1741 752 1834 805 fol.

261 817 331 874 ex
361 818 651 887 Egenolpbi
682 817 919 884 ofﬁcina,
956 817 1011 874 et
1032 819 1428 875 emendatiores
1460 838 1524 876 ex
1554 821 1839 876 Commeli-

261 892 427 943 niana
482 888 639 952 1597,
686 889 754 942 8°
788 928 803 953 ,
846 904 946 946 nec
994 903 1099 944 non
1152 891 1205 944 in
1248 891 1590 946 Bibliotheca?
1619 890 1839 946 Patrum

260 958 524 1013 Auctario
550 956 839 1012 Parisiensi
874 959 1040 1022 1659,
1081 961 1216 1014 etin
1254 960 1595 1015 Bibliotheca:
1620 960 1841 1014 Patrum

261 1027 605 1083 Coloniensis
629 1026 875 1088 tomolX.
909 1036 963 1111 et
986 1028 1355 1111 Lugdunensis
1378 1038 1521 1085 tomo
1543 1029 1683 1112 XIV,
1712 1044 1835 1153 pag.

266 1096 428 1152 1061.
474 1098 758 1153 Anonvmo
802 1097 1112 1153 Melhcensn.
1145 1114 1265 1153 can.
1293 1099 1395 1153 64.
1430 1119 1449 1151 ι
1491 1100 1591 1153 Hic
1615 1109 1697 1153 est
1765 1116 1835 1153 ιί-

266 1096 428 1152 1061.
474 1098 758 1168 Anonymo
802 1096 1112 1165 Mellicensi,
1145 1114 1265 1170 cap.
1293 1099 1395 1166 64,
1430 1119 1449 1151 ι
1491 1100 1591 1155 Hic
1615 1109 1697 1154 est
1715 1096 1838 1153 Fri-

1939 488 2099 543 quem
2158 483 2355 543 praeter
2398 490 2603 528 veraces
2652 475 2898 528 historias
2948 476 3013 529 ab
3065 475 3283 531 exordio
3313 475 3522 534 ’mundi

1940 559 2101 617 iisque
2145 544 2229 617 ad_
2272 553 2505 617 temporna
2557 543 3068 617 Nortolnanporum,
3128 548 3207 617 ait
3240 549 3525 617 scripsisse

1941 609 2354 688 Erolauationes
2375 609 2686 688 irLGeuesin.
2715 612 2820 688 Sed
2843 609 3384 688 Babanumlllaurutn
3406 621 3526 688 qui-

1944 683 2067 755 dem
2115 681 2365 755 hortatus
2407 680 2739 755 Freculphus
2781 681 2901 747 fuit,
2942 693 3001 755 ut
3029 680 3439 755 explanationes
3470 688 3522 744 in

1944 750 2177 823 Cenesin
2208 760 2583 820 componeret,
2604 750 2762 823 ’sicut
2793 766 2858 805 ex
2885 750 3114 823 epistola
3142 756 3426 823 Frecnlphi
3457 759 3525 813 ad

1944 820 2227 875 Rabanum
2279 829 2512 885 constat,
2564 836 2686 885 qua:
2740 820 2793 874 in
2829 820 2977 877 tonio
3020 826 3262 879 secundo
3314 820 3520 883 Rabani

1944 890 2549 1014 Operuméiraemittitur
2578 890 2729 945 libris
2763 900 2992 959 quatuor
3017 894 3175 964 hujus
3201 895 3518 954 Enarratio-

1945 975 2072 1012 num
2097 960 2153 1013 in
2224 960 2433 1014 enesin.
2455 975 2611 1014 auos.
2644 960 2919 1014 praemissa
2940 963 3185 1014 epistola.
3216 965 3518 1014 Frecnlnlm

1945 975 2072 1035 num
2097 960 2153 1013 in
2177 960 2433 1035 Cenesin,
2455 975 2611 1035 quos,
2644 960 2919 1035 praemissa
2940 960 3186 1035 epistola,
3207 965 3518 1035 Freculpho

1945 1029 2261 1150 relegendos
2301 1039 2355 1085 et
2389 1030 2773 1085 examinandos
2808 1029 3062 1088 [tabanus
3098 1033 3247 1090 misit
3280 1044 3337 1090 et
3377 1029 3523 1093 dedi-

1947 1113 2063 1150 cav:
2097 1137 2108 1150 .

1947 1113 2108 1152 08V".

1279 1428 2532 1568 FBECULPHI

1526 1728 1806 1772 EPISCOPI
1854 1728 2265 1774 LEXOVIENSIS

690 1875 2045 2033 CHRONICORUM
2159 1876 2633 2032 TOMI
2739 1876 3131 2037 DUO

267 2138 537 2196 ρυοιιυιι
580 2140 771 2183 PRIOR
808 2140 891 2183 AB
931 2138 1129 2182 ΙΝΙἸῚΟ
1158 2139 1364 2182 ΗυΝῡῙ
1393 2138 1593 2191 USQUE
1624 2138 1707 2178 AD
1733 2136 1852 2179 OCT

1952 2135 2070 2177 IAN!
2101 2135 2371 2180 CESABIS
2411 2136 2734 2193 TEHPORA,
2769 2139 2851 2181 ET
2878 2140 3259 2186 SERVATORIS
3295 2143 3518 2188 NOSTBI

348 2219 499 2262 JESU
555 2220 801 2263 CHRISTI
854 2219 1285 2264 NATIVITATEM
1322 2221 1336 2258 2
1377 2215 1725 2260 Ροετειιιοιι
1760 2215 1852 2257 DE]

1952 2213 1995 2257 'C
2036 2214 2236 2268 USQUE
2281 2215 2363 2257 AD
2397 2215 2795 2262 FRANCORUM
2840 2218 2919 2261 ΕΤ
2960 2219 3517 2266 ιοΝϐοΒΑιωοιωΜ

351 2298 557 2342 BEGNA
594 2299 810 2358 BERUM
847 2297 1180 2343 GESTABUM
1210 2295 1556 2340 HISTORIAM
1591 2292 1929 2338 CONTINET.

1428 2419 1522 2481 (Ex
1546 2415 1850 2467 Bibliotheca
1872 2419 2096 2465 veterum
2120 2415 2366 2479 Patrum.)

1596 2651 2167 2724 PRZEFATIO

440 2807 519 2869 In
542 2808 823 2888 priorem
853 2805 1040 2887 hujus
1070 2809 1279 2886 operis
1308 2815 1540 2868 tomum
1571 2806 1853 2866 auctoris
1889 2804 2089 2870 ipsius
2117 2802 2199 2862 ad
2231 2806 2685 2867 Eusscmuuu
2718 2825 2898 2867 suum
2924 2814 3376 2887 praeoptarent.

1686 2945 2075 2962 hn—

342 3026 480 3082 Cum
507 3027 768 3097 torpentia
803 3025 1156 3096 quorumdam
1182 3026 1393 3097 ingenia
1428 3026 1693 3081 industria
1720 3043 1847 3098 pru-
1877 3031 1921 3089 Β
1949 3041 2115 3099 gnum
2141 3040 2237 3095 per
2259 3024 2601 3081 succedentia
2631 3026 2877 3096 pervenit
2902 3034 3144 3097 tempora
3184 3047 3199 3083 ε
3242 3028 3295 3083 in
3324 3029 3522 3100 populo

270 3117 519 3173 dentium
551 3116 791 3171 excitare
835 3116 1026 3181 soleat,
1081 3130 1169 3181 ne,
1222 3116 1447 3187 ignaviae
1478 3117 1733 3185 depressa
1763 3132 1852 3173 so-

270 3220 432 3277 pore,
460 3205 571 3261 otio
606 3203 881 3275 languenti
912 3203 1174 3259 inutiliter
1200 3205 1603 3272 contabescant,
1639 3207 1734 3262 sed
1760 3222 1854 3263 ca-

270 3296 441 3367 ligine
477 3295 691 3349 detersa
734 3293 1103 3350 somnolentis:
1126 3295 1573 3365 expergiscantur
1593 3336 1609 3362 ,
1640 3304 1700 3350 ut
1734 3297 1852 3366 qui-

270 3388 378 3442 bus
390 3376 644 3455 prodesse
658 3384 1220 3455 potuerintscribendo
1231 3384 1314 3438 vel
1328 3384 1583 3451 docendo,
1603 3394 1855 3443 accurate

273 3479 382 3533 hoc
415 3491 575 3547 agere
623 3475 902 3540 studeant;
949 3490 1018 3531 ne
1071 3476 1139 3530 de
1196 3475 1398 3529 talento
1451 3475 1589 3530 male
1640 3475 1853 3533 defosso

277 3568 577 3623 terribilem
616 3565 829 3622 Domini
867 3565 1260 3636 promulgatam
1285 3564 1508 3619 audiant
1532 3564 1853 3635 quandoque

276 3658 604 3712 sententiam
638 3673 655 3711 :
695 3665 752 3711 tu
785 3656 1025 3726 quidem,
1055 3656 1131 3710 mi
1158 3654 1505 3711 dilectissime
1522 3655 1850 3723 Elisachare,

277 3754 338 3801 et
377 3760 563 3801 amore
606 3746 923 3801 insatiabilis
952 3746 1153 3815 sophia:
1189 3748 1494 3801 venerande
1533 3752 1850 3816 praeceptor,

281 3850 407 3913 post
455 3849 682 3896 caeteros
714 3856 850 3911 quos
873 3840 1108 3896 stimulis
1136 3840 1402 3895 instanter
1432 3840 1718 3896 charitatis
1742 3840 1856 3910 agi-

279 3943 400 3988 tare
434 3931 595 3999 soles,
633 3939 692 3987 ut
727 3931 1006 4003 vigilantes
1035 3930 1263 3986 ﬁdeliter
1289 3945 1351 3986 ea
1389 3946 1509 4000 quae
1537 3930 1618 3985 eis
1645 3930 1852 4006 credita

278 4030 411 4078 sunt
443 4022 644 4077 domini
675 4022 756 4077 sui
791 4020 1004 4076 famulis
1031 4027 1270 4089 tempore
1301 4020 1623 4075 distribuant
1660 4035 1854 4090 oppor-

280 4121 451 4176 tuno,
513 4111 728 4166 tandem
783 4124 960 4165 meam
1019 4123 1270 4181 agressus
1322 4110 1677 4180 parvitatem,
1734 4109 1854 4179 jus-

278 4203 402 4258 sisti
448 4209 508 4257 ut
569 4202 960 4272 perscrutando
1021 4201 1303 4272 diligenter
1379 4200 1649 4255 volumina
1717 4201 1856 4255 anti-

276 4311 511 4367 quorum
553 4311 648 4351 seu
690 4293 1192 4366 hagiographorum,
1231 4294 1344 4348 sive
1371 4292 1533 4347 etiam
1563 4291 1847 4363 gentilium

281 4387 635 4457 scriptorum,
663 4400 996 4456 qumcunque
1033 4383 1306 4453 pertinent
1347 4381 1414 4437 ad
1434 4381 1688 4436 historiae
1714 4380 1855 4435 veri-

283 4485 450 4532 tatem
475 4517 491 4541 ,
535 4476 772 4531 breviter
814 4490 878 4530 ac
912 4474 1086 4530 lucide
1123 4473 1371 4544 colligere
1414 4471 1730 4528 desudarem
1757 4510 1773 4536 ,
1822 4487 1853 4525 a

280 4570 591 4625 cilnditione
625 4568 841 4639 quidem
887 4566 1048 4637 primi
1089 4565 1319 4622 hominis
1355 4577 1526 4632 usque
1558 4562 1625 4617 ad
1654 4561 1855 4618 Christi

282 4661 625 4717 nativitatem
663 4657 876 4715 Domini
926 4676 939 4711 :
989 4672 1055 4712 eo
1095 4655 1301 4712 scilicet
1349 4654 1544 4717 modo,
1596 4650 1666 4725 ut]
1697 4652 1843 4721 quid-

281 4750 415 4819 quid
453 4751 519 4803 de
556 4749 730 4819 primo
767 4746 963 4803 saeculo
1003 4744 1146 4816 quod
1184 4752 1309 4799 ante
1343 4741 1647 4812 generalem
1682 4740 1858 4795 fuerat

282 4838 694 4909 cataclysmum,
738 4837 851 4891 sive
885 4837 951 4891 de
993 4834 1229 4891 secundo
1274 4832 1416 4902 quod
1448 4831 1546 4886 fuit
1570 4838 1693 4901 post
1720 4829 1856 4884 dilu-

284 4930 434 4982 vium
475 4943 644 4997 usque
672 4928 738 4981 ad
773 4926 1108 4981 nativitatem
1144 4923 1396 4988 Abrahae,
1420 4930 1475 4976 et
1510 4922 1656 4992 regis
1688 4921 1853 4991 Assy-

287 5017 492 5071 riorum
534 5015 653 5069 Nini
683 5027 927 5085 regnum,
968 5012 1138 5067 nostri
1178 5012 1291 5065 sive
1315 5008 1540 5081 gentiles
1573 5015 1860 5063 senserunt

284 5107 600 5177 scriptores,
632 5102 1202 5176 pandere‘diligentius
1227 5115 1492 5155 curarem.
1522 5097 1859 5166 Qumstiones

287 5197 455 5250 etiam
501 5192 766 5259 difﬁciles,
818 5208 937 5262 qua:
980 5205 1078 5261 per
1119 5190 1234 5244 haec
1274 5197 1513 5258 tempora
1545 5188 1599 5242 in
1641 5186 1859 5257 scriptis

288 5285 559 5340 habentur
582 5284 924 5356 legislatoris,
950 5281 1182 5337 enodare
1210 5295 1315 5334 non
1351 5279 1648 5350 negligere,
1690 5293 1859 5347 quan-

290 5387 406 5430 tum
431 5375 624 5429 attinet
664 5375 730 5429 ad
754 5373 995 5429 historiae
1041 5370 1341 5426 veritatem.
1380 5368 1508 5424 lnde
1546 5377 1725 5422 autem
1762 5381 1861 5436 per

296 5482 452 5536 rcges
492 5464 857 5535 Assyriorum,
887 5462 1163 5518 Medorum
1193 5466 1354 5528 atque
1405 5459 1712 5522 Persarum,
1746 5457 1859 5510 sive

289 5556 628 5619 Graecorum,
668 5563 723 5608 et
759 5568 932 5623 usque
975 5551 1045 5606 ad
1088 5549 1366 5607 Octaviani
1390 5548 1619 5604 Ctesaris
1647 5563 1861 5602 monar-

294 5642 501 5708 cbiam,
552 5643 620 5697 ad
663 5658 797 5713 quas
825 5651 1010 5712 gentes
1049 5639 1390 5710 Assyriorum
1434 5637 1723 5693 derivando
1778 5653 1859 5690 rc-

1953 3124 2133 3170 autem
2169 3114 2261 3169 Dei
2289 3129 2386 3185 per
2415 3114 2771 3185 patriarchas,
2796 3113 3025 3183 iudices,
3061 3130 3214 3186 reges
3242 3131 3307 3172 ac
3331 3132 3516 3173 sacer-

1951 3204 2126 3270 dotes,
2167 3203 2470 3272 iterumque
2514 3218 2689 3273 reges,
2724 3219 3009 3259 numerum
3048 3206 3325 3263 custodire
3364 3222 3527 3264 anno-

1951 3310 2071 3350 rum
2099 3293 2314 3350 cautius
2342 3294 2709 3359 observarem,
2741 3300 2798 3348 et
2815 3308 2880 3349 ea
2904 3308 3025 3365 quae
3051 3303 3202 3366 gesta
3232 3296 3286 3350 in
3312 3297 3523 3353 saeculis

1950 3384 2138 3441 mundi
2167 3384 2434 3455 partibus,
2457 3392 2511 3438 et
2536 3383 2796 3439 memoria
2822 3391 2948 3439 sunt
2977 3384 3157 3456 digna,
3177 3385 3521 3451 adnotarem;

1949 3483 2011 3530 ut
2053 3489 2279 3544 quaeque
2306 3472 2686 3528 immortaliter
2715 3485 2813 3542 per
2855 3471 3064 3541 singula
3111 3472 3527 3542 frequentantur

1951 3574 2226 3635 tempora,
2281 3562 2495 3634 quando
2544 3559 2626 3616 vel
2676 3560 2767 3615 ubi
2805 3558 3042 3627 fuerint,
3075 3561 3166 3631 qui
3201 3568 3329 3617 tunc
3357 3562 3522 3617 etiam

1953 3653 2361 3724 impetraverint
2389 3653 2440 3707 in
2479 3651 2925 3706 eminentioribus
2955 3651 3168 3721 regnis,
3198 3651 3283 3705 vel
3311 3651 3402 3720 qui
3430 3666 3524 3721 po-

1950 3742 2076 3814 pulo
2103 3741 2198 3797 Dei
2224 3740 2567 3811 praefuerint,
2602 3739 2962 3795 ostenderem.
2995 3740 3219 3810 Insuper
3245 3755 3276 3795 a
3320 3740 3526 3795 destru-

1952 3831 2130 3886 ctione
2154 3829 2341 3900 templi
2368 3827 2843 3899 Hierosolymitani
2866 3842 3038 3897 usque
3058 3828 3126 3883 ad
3149 3827 3361 3883 Domini
3387 3830 3522 3883 nati-

1951 3921 2175 3975 vitatem
2196 3918 2420 3984 Christi,
2446 3933 2671 3989 quaeque
2691 3918 2745 3973 in
2769 3917 2967 3989 populo
2991 3925 3142 3990 gesta
3169 3928 3297 3974 sunt
3312 3917 3522 3975 Iudaeo-

1953 4026 2094 4074 rum,
2126 4010 2381 4079 quoniam
2423 4007 2644 4064 confusa
2677 4019 2896 4078 propter
2924 4008 3254 4065 calamitates
3291 4024 3410 4079 qua:
3445 4011 3525 4066 eis

1953 4099 2265 4154 acciderunt
2291 4110 2410 4151 esse
2432 4096 2699 4158 videntur,
2724 4097 3022 4152 ordinando
3039 4099 3348 4153 summatim
3374 4098 3526 4154 colli-

1953 4203 2080 4260 gere
2109 4186 2395 4258 instigasti.
2429 4185 2554 4240 Haac
2580 4187 2797 4256 quidem
2834 4186 3015 4241 omnia
3045 4203 3141 4243 ceu
3185 4190 3327 4259 picta
3373 4189 3526 4245 brevi

1953 4279 2007 4333 in
2046 4277 2225 4333 tabula
2259 4285 2399 4331 mea:
2431 4277 2720 4331 ostendens
2747 4276 3034 4346 parvitati,
3075 4276 3275 4331 nullam
3304 4292 3527 4332 excusa-

1881 4373 1926 4435 C
1959 4370 2121 4425 tionis
2143 4367 2482 4423 occasionem
2516 4366 2806 4436 reliquisti,
2836 4366 2930 4422 sed
2953 4367 3133 4434 potius
3155 4380 3375 4436 operam
3396 4368 3545 4421 dare

1957 4459 2253 4530 imperasti.
2279 4458 2448 4529 Igitur
2477 4458 2677 4512 auxilio
2703 4457 2795 4512 Dei
2820 4455 3053 4526 adjutus,
3076 4458 3170 4528 qui
3194 4457 3325 4513 facit
3350 4467 3528 4514 mutos

1956 4550 2121 4619 loqui,
2167 4562 2277 4602 non
2323 4546 2664 4613 temeritatis,
2704 4547 2799 4601 sed
2836 4547 3151 4603 obedientize
3181 4548 3373 4620 gratia,
3425 4548 3528 4604 hoc

1958 4648 2067 4695 tam
2102 4639 2289 4709 ingens
2323 4653 2490 4708 parva
2529 4653 2653 4693 cum
2698 4639 2889 4709 cymba
2929 4637 3151 4707 ignarus
3196 4647 3363 4694 nauta
3389 4640 3532 4710 pela-

1956 4747 2057 4805 gus
2083 4731 2338 4802 navigare
2371 4731 2532 4801 ccepi.
2561 4730 2670 4786 Sed
2699 4730 2744 4784 si
2771 4729 2939 4784 maris
2968 4744 3027 4785 se
3057 4730 3421 4785 immutaverit
3444 4746 3528 4784 se-

1957 4824 2181 4890 renitas,
2211 4822 2513 4892 iluctusque
2542 4821 2915 4885 intumuerint,
2952 4828 3009 4874 tu
3038 4820 3130 4891 qui
3163 4820 3370 4889 iussisti
3398 4836 3531 4875 nau-

1958 4918 2110 4987 frago
2151 4916 2366 4987 porrige
2393 4928 2631 4969 manum.
2668 4912 2926 4978 Quamvis
2968 4912 3115 4966 enim
3148 4911 3530 4967 caclasiasticis

1958 5007 2203 5078 alligatus
2232 5020 2294 5059 ac
2320 5001 2666 5059 saacularibus
2694 4998 2942 5069 negotiis,
2972 4999 3151 5070 lingua
3177 4999 3524 5068 prmpeditus,

1960 5114 2120 5153 sensu
2176 5097 2431 5159 obtusus,
2475 5093 2581 5148 hoc
2616 5099 2724 5146 tam
2776 5105 3030 5161 magnum
3070 5090 3371 5146 ineruditus
3421 5090 3526 5145 tiro

1962 5186 2161 5256 arripui
2213 5198 2371 5252 opus,
2426 5181 2570 5251 quod
2621 5179 2952 5250 sapientibus
2987 5186 3107 5233 erat
3134 5180 3533 5234 commmitten-

1962 5278 2088 5332 dum
2120 5293 2132 5327 :
2173 5282 2353 5327 tamen
2381 5271 2506 5340 quia
2534 5276 2638 5324 tuae
2667 5269 2769 5324 hoc
2809 5283 2915 5323 non
2946 5268 3093 5339 potui
3135 5281 3333 5338 negare
3366 5266 3532 5322 bene-

1962 5364 2240 5428 volentia),
2284 5361 2379 5416 tibi
2414 5359 2827 5415 examinandum
2856 5358 3033 5421 mitto,
3065 5365 3120 5412 et
3145 5357 3189 5411 si
3225 5356 3356 5413 utile
3383 5354 3534 5426 adju-

1963 5454 2231 5510 dicaveris
2255 5454 2388 5517 fore,
2410 5467 2519 5506 non
2549 5452 2720 5524 magis
2746 5460 3028 5521 acceptum
3049 5448 3255 5505 feretur
3279 5449 3535 5505 scribenti

1963 5560 2123 5614 qnam
2163 5543 2394 5599 censori.
2438 5541 2607 5597 Porro
2656 5543 2872 5596 nomina
2909 5548 3188 5595 auctorum
3234 5554 3300 5594 ex
3340 5537 3535 5613 quibus

1963 5649 2026 5690 ea
2061 5632 2248 5703 collegi
2277 5647 2395 5702 quin
2418 5631 2471 5686 in
2497 5639 2700 5700 septem
2716 5629 2867 5684 libris
2898 5628 3156 5696 conclusi,
3187 5628 3389 5683 idcirco
3419 5640 3527 5681 non
