3900 6178
391 255 449 310 Μ
462 252 495 306 9
668 250 675 275 '
1403 248 1789 306 FRECULPlll
1830 254 2282 310 LEXOVIENSIS
2316 254 2618 312 EHSCOPI
3529 265 3651 319 920

390 362 588 430 ubique
625 361 824 415 inserui
854 360 934 432 (ut
963 361 1378 431 praemonuisti),
1407 364 1659 431 quoniam
1699 364 1753 417 in
1801 365 1887 419 bis
1914 365 1965 418 in
1996 370 2041 427 A
2072 367 2356 421 candidum
2406 368 2660 425 lectorem
2708 387 2776 426 ne
2808 374 3206 445 praesumptioni
3257 374 3460 431 tribuat
3500 394 3648 434 mea

342 478 347 483 -
388 448 587 519 quibus
631 451 961 505 concordare
997 450 1335 514 videbantur,
1377 467 1595 507 sensum
1628 468 1815 507 eorum
1840 470 1961 524 qua:
2071 457 2456 513 imbecillitatis
2476 459 2519 513 si
2549 460 2679 528 quid
2704 461 2757 513 in
2786 462 2870 524 bis
2898 462 2951 523 ei
2973 462 3303 531 displicuerit
3329 463 3503 529 libris,
3543 471 3651 521 sed

389 537 661 607 elegeram
704 538 1082 607 compendiose
1115 539 1427 608 complexus
1463 541 1564 595 sub
1589 541 1853 597 brevitate
1880 542 1962 596 di-
2065 548 2399 605 obedientim.
2435 550 2545 607 Nec
2575 559 2774 606 temere
2817 554 3186 622 reprehendat.
3237 563 3529 624 antequam
3574 557 3654 609 di-

391 638 539 680 ctare
558 625 759 681 studui.
784 626 981 681 Eorum
1005 636 1182 681 autem
1203 629 1418 682 nomina
1442 629 1702 685 adnotare
1724 631 1960 697 decrevi,
2068 639 2319 710 ngeniius
2346 656 2441 697 eos
2468 640 2656 713 legerit
2688 652 2936 700 auctores
2958 659 3029 698 ex
3054 644 3249 713 quibus
3275 660 3376 699 nos
3408 647 3524 701 ιιερυ
3557 648 3657 701 de.

392 718 503 771 sive
541 725 868 783 nostrorum,
915 719 1029 773 sive
1074 720 1382 789 gentilium,
1414 723 1812 791 sententiasque
1847 723 1962 777 illo-
2069 729 2387 797 cerpsimus,
2425 738 2481 785 et
2511 731 2578 785 ad
2605 745 2742 800 quos
2774 732 3083 787 earumdem
3120 748 3337 804 quoque
3370 733 3539 789 ﬁdem
3572 750 3660 789 ne-

391 820 512 858 runt
557 808 849 876 assumpsi,
900 816 981 861 ut-
1006 808 1058 861 in
1085 809 1197 862 suis
1238 809 1506 869 habentur
1546 810 1719 875 libris,
1758 812 1848 881 qui
1875 827 1961 865 va.
2071 820 2311 876 ferimus,

394 897 583 952 riando
604 912 639 952 a
658 899 867 954 caeteris
892 900 1199 955 exorbitare
1225 900 1491 955 videntur.
1515 899 1753 956 Obsecro
1784 902 1967 973 itaque

1064 1145 1417 1252 EJUSDEM
1462 1188 1569 1247 AD
1614 1188 1953 1249 EUMDEM
1997 1185 2325 1248 CARMEN
2368 1190 2966 1255 HEXAMETRU—M.

1873 1337 2120 1348 ___._

394 1395 473 1450 'l'e
499 1396 655 1459 duce,
684 1393 917 1458 Christe,
949 1394 1034 1448 via
1059 1391 1231 1447 facilis
1260 1408 1356 1446 nos
1384 1392 1464 1447 ire
1483 1408 1813 1464 permutes,
1862 1418 1865 1419 ν
2060 1394 2278 1465 ωλι-νει)θὶ
2308 1395 2490 1450 celsos
2516 1397 2659 1451 amuli
2690 1399 3072 1455 transcendere
3099 1401 3282 1461 colles.

396 1482 548 1551 Quod
577 1492 767 1537 natura
798 1490 986 1553 negat,
1016 1483 1194 1536 varios
1222 1481 1496 1551 fessosque
1513 1468 1759 1545 iuberes,
2057 1482 2196 1551 Ὁυω
2229 1494 2291 1539 ut
2319 1477 2517 1541 fuerint
2554 1486 2764 1543 calamo
2789 1489 3004 1559 pingam
3034 1506 3133 1562 per
3170 1501 3408 1566 tempora
3439 1501 3658 1569 prisca!
3696 1516 3705 1525 ι

396 1574 504 1628 Das
535 1572 627 1642 qui
654 1588 786 1627 ausu
815 1572 1008 1641 fragili,
1033 1573 1127 1628 das
1150 1574 1372 1642 grandia
1400 1573 1616 1628 vincere
1643 1589 1817 1643 posse,
1992 1601 2039 1660 Β
2068 1576 2327 1632 Ᾱίιθηιοε
2354 1578 2617 1647 replicare
2646 1580 2766 1634 dies
2791 1581 3026 1651 ingentia
3052 1599 3239 1656 regum

403 1665 629 1720 Parvula
651 1679 804 1718 mens
827 1665 1054 1734 trepidat
1074 1665 1351 1719 hominum
1378 1679 1496 1733 qum
1520 1672 1741 1733 tangere
1767 1666 1923 1731 dura,
2068 1667 2330 1737 Tempore
2352 1683 2459 1738 quo
2486 1668 2704 1735 iuerint,
2731 1671 2822 1725 ubi
2851 1672 2978 1726 talia
3002 1672 3145 1730 facta
3166 1692 3265 1746 per
3288 1678 3502 1744 orbem,

397 1759 623 1813 Miratur
656 1758 895 1829 tetigisse
915 1754 1152 1824 quidem,
1182 1754 1374 1824 gaudet
1397 1768 1704 1823 superasse.
2068 1753 2276 1824 Quique
2304 1756 2404 1810 viri
2444 1756 2631 1820 fortes,
2668 1766 2939 1827 portenta,
2972 1760 3165 1829 fames,
3193 1765 3333 1819 mala
3361 1768 3589 1833 mundi,

398 1850 457 1906 Si
486 1851 615 1921 quid
642 1851 787 1907 enim
804 1849 964 1904 fuerit
978 1848 1199 1918 dignum
1220 1847 1445 1901 laudeet
1462 1861 1894 1909 menter-annum,
2060 1842 2212 1910 mtas
2241 1845 2489 1899 dederint
2508 1846 2687 1902 clades
2709 1848 2920 1918 populis
2939 1849 3119 1910 civilia
3147 1852 3303 1907 bella.

395 1945 507 2000 Nec
530 1945 669 2008 sibi,
701 1943 796 1998 sed
830 1940 1075 2002 Domino,
1113 1939 1308 1993 tribuat
1338 1940 1461 2008 quite
1488 1944 1637 2009 gesta
1673 1938 1961 1993 videntur:
2067 1933 2302 1989 Triverit
2318 1943 2574 1993 externas
2602 1944 2789 2007 gentes
2814 1938 3030 1993 infanda
3053 1940 3286 2010 cupide:

397 2034 498 2101 Qui
529 2034 677 2088 dedit
721 2032 991 2102 ingenium
1037 2029 1251 2091 stolido,
1299 2029 1391 2098 qui
1439 2038 1630 2083 cuncta
1678 2029 1965 2098 gubernat,
2067 2026 2214 2093 Quos
2238 2043 2398 2083 casus
2421 2028 2613 2083 tribuit
2640 2029 2821 2099 regnis
2843 2029 3137 2100 improvida
3162 2047 3314 2089 cura.

398 2387 3655 2413 Mm

397 2125 454 2178 ln
489 2124 639 2179 cmlis
659 2164 673 2188 ,
706 2124 886 2187 terris,
912 2128 1113 2191 perque
1138 2121 1320 2174 omnia
1350 2118 1543 2174 srecnla
1568 2122 1816 2188 semper:
2068 2117 2196 2174 Bake
2221 2119 2392 2174 cecini
2411 2119 2652 2175 breviter
2679 2131 3006 2186 memorans,
3032 2124 3335 2179 venerande
3362 2127 3661 2193 sacculos,

394 2211 689 2287 Cujusege
702 2211 901 2269 auxilio
920 2212 1087 2284 intus,
1121 2224 1232 2275 non
1249 2206 1456 2275 viribus
1476 2208 1667 2278 aequis,
2073 2200 2188 2269 Non
2222 2209 2404 2280 ignota
2443 2224 2645 2265 canens
2673 2218 2939 2278 veterum,
2977 2210 3073 2270 sed
3093 2213 3233 2268 dicta
3261 2214 3532 2284 priorum.

1897 2513 2134 2571 lNCiPl'l

944 2664 1969 2786 CHRONICORUM
2051 2668 2529 2786 TOMUS
2611 2673 3083 2814 PRIOR,

442 2940 451 2949 ι
482 2871 813 2943 Cantium
842 2868 916 2931 ab
960 2867 1225 2941 exordio
1263 2866 1481 2931 mundi
1509 2863 1829 3003 usqugegtd’
1831 2863 1982 3002 r13:

2034 2865 2255 3001 litttttent
2281 2867 2635 2931 Servatoris
2668 2872 2875 2933 nostri
2900 2860 3052 2933 Iesu
3083 2873 3320 2936 Christi
3347 2894 3574 2937 rerum

2034 2961 2098 3003 ηε
2131 2962 2349 3003 ortam.

1659 2961 1969 3023 gratarum
2000 2961 2349 3005 ntstortam.

1860 3086 2162 3102 _—

1623 3182 1924 3269 LIBER
1993 3180 2412 3261 PRIMUS.

906 3424 1135 3481 CAPUT
1156 3424 1445 3482 PRIMUM.
1989 3426 2034 3488 C
2063 3425 2155 3495 qui
2199 3423 2404 3493 primus
2435 3437 2631 3493 parcns
2667 3418 2962 3497 auctorque
2994 3425 3300 3481 mortalium
3325 3428 3624 3486 hominum

390 3515 470 3572 De
499 3533 560 3571 eo
599 3515 740 3586 quod
775 3531 907 3586 pene
950 3516 1573 3586 omnuiltistoriographi
1616 3525 1790 3571 texere
1834 3533 1958 3573 suos
2064 3513 2284 3567 ultimus
2308 3514 2359 3567 in
2386 3512 2589 3566 fabrica
2612 3511 2706 3567 Dei
2730 3515 2977 3571 conditus
2996 3525 3098 3577 est,
3114 3525 3267 3572 sexta
3290 3519 3508 3576 scilicet
3525 3521 3641 3577 die.

527 3583 1041 3656 ceperint'histon'as
1071 3604 1103 3640 a
1130 3584 1272 3640 Nino
1299 3583 1636 3655 Assyriorum
1664 3603 1798 3656 rege.
2065 3602 2067 3657 ς

2102 3610 2192 3657 ’ost
2216 3602 2333 3672 ejus
2360 3616 2591 3670 namque
2616 3603 2979 3658 conditionem
3014 3604 3299 3662 Dominum
3324 3623 3579 3665 cessasse
3607 3632 3642 3669 a

460 3699 598 3754 Dum
632 3698 865 3769 aliquam
899 3708 1199 3768 temporum
1226 3698 1419 3754 seriem
1444 3699 1827 3753 commutatico
1852 3714 1960 3754 ser-
2059 3710 2196 3748 nova
2223 3694 2534 3763 operatione
2551 3733 2567 3755 ,
2594 3709 2700 3748 non
2727 3702 2908 3749 autem
2937 3711 2968 3749 a
2999 3697 3384 3768 gubernatione
3408 3713 3641 3756 creatu-

386 3803 554 3843 mone
571 3802 639 3843 ex
664 3786 924 3853 nobilium
946 3788 1157 3852 studiis,
1177 3795 1290 3843 tam
1307 3787 1608 3842 divinarum
1631 3787 1956 3857 scriptorum
2059 3800 2243 3839 rarum
2273 3784 2413 3839 haud
2440 3783 2661 3838 dubium
2692 3793 2791 3840 cst.
2830 3784 2945 3852 Qua
2981 3788 3046 3842 de
3076 3803 3136 3842 re
3162 3787 3437 3858 Scriptura
3480 3807 3643 3847 com-

385 3877 754 3941 historiarum,
775 3891 935 3945 quam
958 3875 1311 3939 saecularium,
1336 3884 1391 3931 et
1409 3891 1475 3933 ex
1507 3874 1749 3945 pluribus
1771 3890 1957 3929 eorum
2056 3883 2319 3940 memorat
2355 3873 2640 3927 Dominum
2674 3875 3004 3944 requievisse
3028 3877 3117 3933 die
3152 3881 3376 3948 septimo
3404 3882 3481 3937 ab
3517 3898 3641 3937 om-

384 3967 584 4038 pauoos
618 3967 835 4026 libando
871 3966 1119 4022 ﬂosculos
1165 3966 1337 4031 libris,
1383 3982 1476 4021 seu
1514 3982 1579 4021 ex
1621 3967 1953 4021 diversorum
2055 3962 2213 4025 nibus
2240 3961 2497 4032 operibus
2523 3963 2657 4018 suis.

382 4060 725 4126 vernantium
744 4068 1024 4131 pratorum
1051 4059 1273 4115 ﬂoribus
1294 4058 1658 4129 perstringere
1683 4073 1951 4125 curarem,
2671 4053 2899 4112 CAPUT
2939 4056 3001 4112 ll.

382 4162 442 4206 ut
482 4153 653 4217 lector
681 4152 1107 4206 animadvertere
1141 4149 1299 4205 facile
1332 4150 1537 4205 valeret
1564 4151 1690 4220 quiia
1722 4167 1789 4206 ex
1820 4150 1963 4205 cele-l
2157 4142 2266 4197 Cur
2279 4144 2431 4197 homo
2461 4145 2771 4200 novissimus
2802 4147 2857 4200 in
2881 4151 3135 4203 creaturis
3158 4152 3393 4206 conditus
3421 4156 3518 4207 sit.

380 4242 653 4298 brioribus
689 4240 846 4297 factis
874 4241 926 4294 in
955 4240 1182 4312 singulis
1209 4249 1318 4294 tam
1349 4255 1532 4311 regum
1565 4257 1725 4310 quam
1764 4256 1954 4312 regno—
2124 4232 2299 4300 Οιιωΐί
2328 4242 2508 4289 tamen
2537 4243 2716 4305 potest
2751 4253 2848 4291 cur
2882 4238 3044 4292 homo
3082 4240 3134 4293 in
3162 4242 3467 4298 conditione
3499 4246 3633 4299 ulti-

386 4348 507 4386 rum
536 4333 608 4392 sit
628 4340 842 4402 gestum
871 4332 1227 4401 temporibus,
1259 4330 1479 4386 oll’endit
1513 4347 1643 4387 meae
1674 4331 1953 4397 imbecilli-
2054 4340 2174 4379 mus
2199 4333 2411 4379 creatus
2438 4325 2534 4391 sit.
2568 4334 2720 4380 sexto
2755 4325 2961 4382 scilicet
2987 4328 3095 4392 die,
3126 4343 3247 4383 cum
3272 4341 3481 4386 constet
3508 4351 3637 4404 pro-

384 4420 513 4476 tatis
535 4420 796 4490 parvitas,
826 4434 1015 4477 omnes
1040 4433 1182 4489 pene
1210 4420 1687 4490 bistoriograpbos,
1720 4422 1952 4478 maxime
2050 4426 2172 4485 pter
2195 4416 2604 4487 intelligentiam
2630 4417 2946 4472 nobiliorem
2969 4433 3088 4473 esse
3114 4418 3381 4475 hominem
3407 4426 3639 4481 caneris

381 4520 560 4571 autem
593 4510 926 4575 Graecorum,
966 4519 1128 4579 atqne
1158 4510 1494 4575 Latinorum,
1527 4526 1555 4564 a
1593 4510 1730 4566 Nino
1754 4511 1865 4568 Beli
1896 4515 1953 4567 li-
2051 4506 2336 4573 creaturis,
2356 4523 2475 4576 quae
2496 4507 2550 4560 in
2572 4507 3000 4576 praecedentibus
3020 4508 3175 4565 factae
3195 4526 3634 4569 commemoran-

381 4599 475 4665 lio,
519 4613 647 4669 rege
682 4600 930 4669 gentium
976 4597 1289 4661 multarum,
1331 4599 1557 4665 scilicet,
1602 4601 1780 4670 primo
1825 4618 1952 4660 suas
2051 4605 2141 4653 tur
2169 4598 2385 4660 diebus,
2421 4596 2526 4650 nisi
2566 4604 2624 4649 ut
2647 4596 2797 4665 prius
2831 4596 3153 4652 conderetur
3196 4600 3421 4654 mundus
3467 4607 3639 4671 quasi

380 4697 655 4759 gestorum
695 4688 979 4745 inchoasse
1014 4689 1372 4753 narrationes,
1404 4690 1669 4759 praecipue
1702 4692 1951 4748 videlicet
2053 4689 2265 4750 domus,
2288 4697 2343 4743 et
2366 4687 2445 4743 sic
2468 4686 2683 4742 demum
2711 4688 3147 4745 introduceretur
3163 4690 3426 4759 dominus,
3443 4691 3500 4747 id
3523 4705 3631 4757 ρει

377 4778 640 4833 bellorum
677 4792 868 4845 casus,
903 4793 1084 4849 reg-um
1116 4778 1510 4848 regionumque
1549 4781 1949 4848 destitutiones,
1972 4768 2024 4827 Ῑ)
2049 4779 2326 4834 habitator
2349 4779 2560 4833 domus.

375 4875 540 4937 atque
579 4866 856 4922 hominum
904 4867 1153 4923 miserias
1171 4908 1191 4932 ,
1228 4878 1282 4923 et
1308 4876 1369 4927 ut
1402 4883 1588 4927 eorum
1633 4869 1948 4929 instruimur
2668 4868 2896 4926 CAPUT
2927 4870 3015 4926 ΠΙ.

376 4957 786 5024 assertionibus,
829 4958 963 5022 nihil
994 4957 1138 5015 aliud
1189 4974 1310 5016 esse
1354 4959 1491 5017 bella
1510 5000 1526 5025 ,
1555 4960 1658 5016 nisi
1688 4961 1755 5014 ad
1787 4961 1948 5016 alter-
2054 4958 2327 5023 Quomodo
2362 4957 2432 5012 ad
2463 4958 2743 5043 imggiuem
2769 4959 3238 5043 etlsimililudinem
3270 4959 3369 5017 Dei
3385 4963 3634 5019 hamati:

374 5059 557 5104 utrum
584 5049 860 5119 vergentia
892 5050 1032 5105 mala
1048 5090 1066 5114 ,
1089 5066 1208 5121 qufe
1237 5051 1629 5111 studiosissime
1647 5051 1948 5123 descripse-
2532 5029 2554 5043 ’
2708 5029 2965 5083 “mlitus-

376 5149 519 5195 runt.
552 5139 848 5199 Transacta
881 5148 1060 5195 autem
1077 5150 1230 5198 retro
1257 5141 1476 5206 saacula,
1507 5158 1571 5196 ac
1596 5142 1641 5197 si
1670 5143 1787 5199 sine
1815 5144 1953 5200 vitio
2118 5138 2223 5205 Qui
2260 5140 2425 5195 etiam
2455 5140 2521 5199 ad
2561 5139 2852 5210 imaginem
2880 5148 2934 5194 et
2963 5141 3371 5204 similitudinem
3408 5141 3507 5197 Dei
3546 5157 3634 5198 cst

378 5229 554 5284 forent
572 5226 656 5298 (ut
674 5229 993 5298 quibusdam
1017 5229 1227 5285 illorum
1248 5231 1468 5304 placuit)
1490 5240 1544 5287 et
1568 5233 1815 5288 homines
1835 5234 1939 5288 ritu
2052 5229 2321 5295 conditus,
2351 5244 2511 5299 quam
2542 5229 2792 5286 videlicet
2818 5231 3103 5301 imaginem
3130 5239 3292 5300 atque
3313 5231 3632 5287 similitudi-

375 5332 629 5387 pecorum
644 5314 1586 5389 inrationabiliumpriusvixissent,
1602 5323 1802 5378 intacta
1827 5324 1945 5378 reli-
2050 5337 2173 5376 nem
2204 5323 2259 5379 in
2294 5322 2573 5377 rationalis
2604 5323 2799 5376 anima:
2827 5323 3122 5389 intellectu.
3169 5340 3274 5388 non
3300 5325 3352 5378 in
3383 5328 3637 5396 corporis

376 5414 626 5473 «luerunt.
648 5405 816 5477 Igitur
838 5408 1036 5463 auxilio
1056 5410 1436 5480 omnipotentis
1461 5414 1553 5467 Dei
1580 5413 1761 5477 fultus,
1784 5423 1945 5484 atque
2051 5410 2223 5465 forma
2277 5427 2399 5466 esse
2446 5412 2709 5473 novimus,
2757 5410 2908 5480 juxta
2954 5415 3097 5483 quod
3146 5415 3222 5469 ait
3273 5414 3562 5485 Apostolus
3614 5436 3627 5469 :

379 5495 697 5550 auctoritate
733 5497 927 5551 divina:
966 5495 1258 5567 Scriptura:
1282 5496 1471 5563 fretus,
1503 5502 1572 5555 ab
1610 5501 1726 5570 ipso
1758 5511 1942 5571 proto—
2049 5500 2387 5557 Renovamini
2430 5504 2615 5573 spiritu
2651 5505 2834 5557 mentis
2866 5515 3077 5570 vestrm,
3109 5516 3158 5559 et
3196 5506 3396 5559 induite
3436 5524 3633 5567 norum

380 5579 549 5657 plasto
593 5585 870 5640 exordium
918 5601 1049 5641 mea?
1089 5587 1410 5649 narrationis
1452 5604 1663 5644 sumere
1700 5590 1882 5643 curavi
1926 5605 1939 5643 :
2049 5592 2327 5657 Ιιοιηὶιιρηι,
2357 5594 2443 5662 qui
2472 5594 2755 5648 scmudum
2780 5594 2946 5648 Deum
2986 5609 3187 5649 aremus
3220 5607 3313 5651 est.
3348 5597 3413 5651 Et
3444 5596 3575 5657 alibi
3608 5614 3631 5648 :.
