3900 6178
284 269 383 325 921

1372 265 1760 321 CZIRONlCON
1825 295 1897 308 ——
1932 264 2098 321 TOMI
2138 264 2161 318 Ι
2194 264 2319 318 LIB.
2358 264 2397 318 ι.

3422 270 3528 326 92³.ῖέ

283 381 548 434 Εεαρκιεο
584 390 693 439 vos,
728 374 921 445 inquit,
961 384 1177 429 veterem
1204 375 1462 429 hominem
1482 415 1498 441 ,
1532 375 1729 429 induite
1760 390 1848 427 no-
1874 376 1921 435 Α
1943 374 2177 443 jusumdi
2198 386 2363 426 causa
2387 372 2629 441 peremit.
2656 372 2789 427 Nam
2825 388 2949 429 cum
2977 372 3058 429 eis
3090 375 3200 431 Deo
3219 380 3529 436 sacriﬁcare

278 486 421 533 eum,
452 468 544 538 qui
568 476 846 520 renovatur
869 469 924 521 in
959 468 1221 536 agnitione
1244 465 1361 529 Dei,
1397 466 1680 520 secundum
1715 466 1850 520 ima-

278 562 450 631 ginem
480 558 595 629 ejus
620 558 709 629 qui
745 559 938 612 creavit
972 575 1110 612 eum.
1144 558 1400 625 Quamvis
1436 569 1492 613 et
1521 560 1695 628 ipsum
1729 573 1850 612 cor—

277 668 382 722 pus
405 659 651 706 nostrum
679 651 753 705 ita
775 650 846 705 sit
873 648 1191 706 fabricatum
1208 692 1223 714 ,
1259 660 1317 705 ut
1343 652 1590 705 ostendat
1611 665 1710 705 nos
1736 664 1851 703 me-

279 741 443 794 liores
477 754 599 794 esse
622 756 787 809 quam
814 740 1021 809 reliqua
1059 740 1331 794 animalia.
1372 740 1464 794 llla
1488 740 1632 794 enim
1667 739 1847 793 omnia

279 829 533 884 inclinata
583 836 711 883 sunt
752 829 822 883 ad
871 840 1105 894 terram;
1152 829 1388 885 hominis
1432 840 1610 884 autem
1655 842 1848 898 corpus

276 927 519 974 erectum
551 926 636 973 est
659 959 674 981 ,
707 927 764 972 ut
806 919 1113 975 manifestet
1139 921 1371 974 animam
1400 929 1638 975 nostram
1670 920 1723 973 in
1760 935 1851 974 su-

277 1009 462 1077 pernis
511 1010 578 1062 ad
618 1008 880 1077 spiritalia
932 1009 1130 1064 debere
1171 1025 1386 1079 semper
1423 1025 1543 1065 esse
1588 1018 1845 1065 erectam.

276 1095 446 1167 Igitur
489 1097 630 1150 inter
671 1097 957 1168 imaginem
998 1107 1053 1153 et
1088 1098 1488 1154 similitudinem
1527 1100 1629 1154 hoc
1661 1098 1845 1163 distat,

276 1186 423 1253 quod
455 1185 630 1256 imago
658 1186 753 1241 Dei
786 1188 839 1241 in
880 1188 1283 1243 immortalitate
1319 1189 1514 1243 anima:
1553 1197 1654 1243 est.
1696 1188 1849 1243 Unde

274 1277 439 1330 etiam
492 1278 670 1331 anima
714 1281 990 1348 peccatrix
1039 1281 1215 1351 imago
1270 1281 1361 1335 Dei
1406 1297 1529 1336 esse
1557 1296 1661 1335 non
1707 1281 1848 1335 desi-

275 1368 372 1421 stit
408 1367 743 1422 :similitudo
784 1369 839 1423 in
865 1371 1106 1425 moribus
1146 1379 1377 1426 constat.
1421 1373 1591 1438 Quam
1619 1371 1688 1425 ob
1730 1385 1846 1425 rem

275 1475 383 1514 non
421 1459 525 1513 nisi
562 1460 742 1513 anima
782 1470 966 1515 sancta
1000 1462 1406 1535 similitudinem
1436 1462 1533 1516 Dei
1570 1462 1750 1525 habet,
1790 1461 1846 1516 in

273 1567 342 1606 eo
395 1551 538 1605 enim
575 1566 675 1605 suo
720 1551 955 1605 creatori
1012 1550 1204 1607 similis
1242 1559 1343 1616 cst,
1396 1551 1452 1606 in
1491 1567 1600 1621 quo
1641 1552 1846 1623 angelis

272 1641 477 1696 sanctis
505 1642 609 1696 erit
632 1640 875 1712 aequalis.

872 1731 1098 1789 CAPUT
1154 1732 1242 1790 IV.

576 1822 650 1878 De
677 1822 967 1878 obedientia
985 1825 1183 1879 homini
1206 1843 1239 1879 α
1260 1826 1370 1880 Deo
1392 1826 1540 1882 data.

341 1909 489 1968 Idem
518 1915 684 1970 etiam
718 1925 867 1970 sator
896 1916 1172 1971 hominum
1205 1917 1426 1973 colonus
1457 1920 1695 1988 paradisi
1720 1935 1848 1976 con-

271 2004 536 2070 stntuitur,
577 2005 718 2060 utin
759 2021 824 2062 eo
863 2006 1115 2074 feliciter,
1156 2009 1203 2063 si
1232 2018 1558 2080 praeceptum
1605 2013 1844 2067 mandati

269 2094 574 2151 obediendo
602 2105 867 2163 servaret,
909 2099 1112 2168 absque
1146 2099 1269 2155 ullis
1299 2099 1722 2168 calamitatibus,
1751 2111 1847 2157 aut

269 2195 420 2242 metu
444 2189 654 2253 mortis,
678 2191 894 2246 mternis
915 2191 1140 2248 fruendo
1165 2194 1374 2265 gaudiis
1389 2195 1621 2261 viveret;
1646 2198 1730 2254 sin
1750 2214 1846 2252 an-

271 2287 381 2333 tem
410 2278 725 2334 inobediens
748 2281 1031 2348 existeret,
1066 2286 1313 2353 privatus
1336 2294 1537 2341 aeterna
1567 2286 1843 2354 felicitate,

270 2370 507 2431 miseriis
529 2370 830 2442 subjaceret
867 2375 1056 2429 mortis
1083 2389 1097 2428 :
1128 2389 1264 2445 quas
1291 2385 1375 2432 est
1396 2387 1668 2448 expertus,
1716 2380 1842 2434 dum

269 2462 497 2515 vetitum
552 2463 777 2533 contigit
814 2463 1048 2532 lignum,
1095 2468 1161 2521 de
1210 2482 1319 2537 quo
1364 2469 1626 2526 inhibitus
1669 2470 1846 2527 fuerat

272 2566 341 2609 ne
380 2551 512 2606 illud
534 2560 796 2624 tangeret.
836 2553 928 2610 Sic
957 2571 1087 2626 ergo
1113 2557 1320 2626 primus
1343 2574 1541 2629 parens
1568 2575 1596 2614 a
1625 2562 1843 2631 paradi-

270 2643 419 2701 siaca
472 2644 784 2699 ammnitate
833 2646 1085 2715 depulsus
1124 2656 1228 2713 est,
1282 2660 1404 2703 cum
1443 2665 1539 2705 sua
1591 2650 1841 2722 conjuge,

270 2744 435 2803 quam
474 2735 763 2805 Apostolus
812 2737 1078 2793 diabolica
1125 2738 1314 2796 fraude
1361 2742 1639 2813 deceptam
1692 2744 1841 2807 dicit,

269 2828 446 2898 ipsum
471 2841 600 2881 vero
623 2826 794 2882 Adam
823 2844 929 2884 non
960 2830 1261 2900 deceptum,
1299 2832 1394 2887 sed
1432 2847 1596 2888 causa
1621 2848 1733 2889 suae
1757 2850 1844 2890 so-

269 2917 371 2972 ciae
396 2914 560 2971 fuisse
593 2924 1011 2986 transgressum.

905 3022 1132 3079 CAPUT
1167 3022 1233 3078 ν.

1950 463 2260 532 placuisset,
2305 461 2372 515 de
2398 459 2640 531 frugibus
2677 463 2892 531 quidem
2925 471 3085 525 terra:
3124 482 3349 523 munera
3389 470 3524 526 Cain

1950 551 2161 615 obtulit,
2193 550 2324 606 Abel
2353 558 2532 604 autem
2558 551 2623 605 de
2644 550 3013 622 primogenitis
3042 569 3303 624 agnorum
3333 566 3388 613 ct
3414 558 3521 615 lac.

1951 645 2093 699 Deus
2112 644 2260 698 enim
2303 643 2406 697 hoc
2438 643 2614 710 potius
2643 642 2910 697 sacriﬁcio
2937 644 3232 702 delectatus
3251 657 3352 713 est,
3380 652 3524 719 quod

1949 744 2242 805 spontanee
2280 742 2335 789 et
2391 734 2710 789 naturaliter
2745 744 2923 790 ortum
2974 736 3187 804 fuerat,
3233 749 3286 795 et
3317 758 3422 796 non
3469 745 3526 801 in

1950 827 2060 890 illo,
2086 826 2229 896 quod
2266 841 2332 880 ex
2383 826 2687 879 inventione
2712 826 2947 881 hominis
2970 830 3119 882 avari
3158 839 3342 885 natum
3369 834 3524 888 vide-

1948 915 2126 969 batur.
2182 914 2520 983 Quapropter
2565 914 2696 969 Cain
2745 916 3051 985 indignatus
3092 934 3158 973 eo
3206 923 3349 989 quod
3389 922 3524 977 Abel

1949 1004 2136 1059 fuisset
2178 1020 2210 1059 a
2246 1004 2357 1059 Deo
2396 1004 2755 1074 prmpositus:
2792 1014 2847 1060 et
2889 1006 2992 1061 hoc
3029 1008 3102 1061 ita
3149 1011 3335 1075 novit,
3382 1012 3527 1082 ignis

1948 1096 2089 1151 enim
2121 1096 2214 1151 Dei
2253 1094 2575 1150 sacrificium
2612 1095 2797 1151 fratris
2820 1099 3171 1168 consumpsit,
3217 1112 3270 1155 et
3294 1103 3414 1171 ejus
3441 1103 3524 1158 in-

1949 1193 2152 1239 tactnm
2180 1185 2424 1254 reliquit;
2448 1201 2555 1254 quo
2578 1186 2882 1243 stimulatus
2900 1186 3092 1254 livore,
3117 1187 3338 1245 fratrem
3362 1206 3523 1247 suum

1945 1274 2080 1331 Abel
2113 1276 2405 1332 interemit.

2537 1366 2762 1422 CAPUT
2803 1366 2909 1423 VII.

2300 1458 2375 1512 De
2396 1459 2611 1513 exordio
2631 1460 2859 1513 duarum
2880 1461 3165 1537 civitatum.

2015 1550 2131 1617 Qua
2158 1552 2224 1605 de
2244 1567 2302 1606 re
2332 1551 2587 1606 Dominus
2625 1550 2691 1605 ad
2714 1550 2845 1606 Cain
2869 1553 2982 1607 ait:
3017 1552 3116 1607 Ubi
3150 1565 3226 1609 est
3262 1559 3390 1612 Abel
3411 1561 3527 1629 [νας

1946 1652 2025 1697 ter
2065 1643 2224 1695 tuus?
2264 1640 2368 1707 Qui
2394 1641 2692 1711 respondit:
2716 1641 2927 1697 Nescio.
2961 1644 3220 1701 Dominus
3256 1663 3365 1702 non
3402 1657 3523 1704 tan-

1874 1713 1922 1772 Β
1948 1747 2108 1801 quam
2146 1732 2364 1802 ignarus
2383 1731 2699 1801 interrogat,
2740 1731 2834 1786 sed
2879 1741 3134 1801 tanquam
3156 1732 3322 1802 judex
3346 1753 3518 1805 reum,

1945 1834 2104 1890 quem
2148 1822 2356 1891 puniat.
2399 1820 2603 1876 Putans
2622 1822 2771 1875 enim
2812 1822 2949 1877 Cain
2992 1824 3158 1878 Deum
3194 1824 3362 1881 latere
3400 1843 3523 1898 qua:

1945 1923 2209 1985 gesserat,
2239 1915 2514 1984 respondit
2544 1933 2559 1967 ε
2592 1914 2802 1968 Nescio.
2833 1914 2931 1969 Cui
2970 1916 3109 1971 Deus
3131 1917 3207 1971 ait
3232 1935 3245 1971 :
3278 1919 3523 1975 Arbitra-

1945 2005 2021 2058 ris
2041 2020 2127 2059 mc
2151 2006 2293 2076 quod
2316 2005 2531 2075 gessisti
2555 2004 2783 2070 nescire,
2824 2006 2913 2075 qui
2941 2007 3319 2078 cogitationem
3347 2018 3519 2077 tuam,
3597 2028 3603 2033 '

1944 2111 2104 2164 quam
2141 2094 2302 2165 impie
2343 2109 2689 2164 conceperas,
2732 2094 3047 2165 inspiciens,
3090 2112 3158 2151 ne
3184 2112 3349 2167 opere
3384 2115 3520 2154 con-

1944 2202 2243 2241 mmmares
2279 2199 2404 2241 ante
2430 2186 2763 2256 praemonui?
2806 2185 2914 2242 Sed
2944 2204 3014 2244 ne
3052 2191 3292 2245 causeris
3323 2191 3520 2261 injuste
3556 2254 3559 2257 _

1942 2290 2030 2330 me
2058 2278 2344 2331 adversum
2371 2284 2423 2330 te
2451 2276 2692 2346 proferre
2723 2277 3068 2343 sententiam,
3111 2294 3212 2349 ego
3236 2280 3335 2336 tibi
3363 2296 3523 2336 accu-

1944 2366 2209 2421 sationem
2255 2383 2361 2422 non
2399 2368 2572 2423 infero
2592 2408 2607 2433 ,
2649 2370 2741 2424 sed
2770 2378 2853 2425 est
2874 2371 3032 2425 testis
3066 2372 3159 2440 qui
3189 2379 3239 2427 te
3279 2383 3516 2439 accusat,

1942 2472 2045 2511 vox
2091 2457 2340 2513 videlicet
2384 2459 2659 2529 sanguinis
2699 2460 2883 2514 fratris
2920 2462 2997 2515 tui
3032 2479 3045 2514 :
3075 2462 3166 2531 qui
3219 2463 3417 2517 clamat
3452 2464 3519 2518 ad

1942 2562 2029 2602 me
2062 2548 2127 2602 de
2158 2556 2323 2603 terra.
2373 2548 2772 2620 RespOnd‘itque
2798 2549 2933 2605 Cain
2957 2551 3023 2604 ad
3049 2552 3371 2607 Dominum:
3403 2552 3522 2607 Ma-

1933 2638 2026 2708 jor
2059 2650 2133 2693 est
2166 2641 2415 2711 iniquitas
2445 2658 2558 2695 mea
2590 2658 2746 2712 quam
2788 2651 2844 2695 ut
2875 2643 3077 2697 ueniam
3110 2660 3329 2698 merear.
3354 2643 3519 2699 Intel-

1942 2728 2072 2783 texit
2108 2730 2252 2784 enim
2278 2746 2347 2785 ex
2391 2731 2528 2785 furia
2558 2734 2783 2797 mentis,
2828 2741 2883 2787 et
2910 2749 2976 2787 ex
3005 2743 3236 2789 tremore
3276 2735 3521 2804 corporis

1942 2835 2049 2889 quo
2069 2821 2396 2890 agitabatur,
2422 2835 2481 2874 se
2502 2821 2726 2889 dignum
2759 2821 3012 2886 interﬁci,
3041 2831 3098 2878 et
3126 2822 3202 2876 ait
3226 2842 3238 2876 :
3272 2823 3406 2877 Ecce
3425 2826 3519 2894 eji-

1942 2911 2015 2965 cis
2034 2927 2117 2965 me
2136 2912 2289 2964 hodie
2310 2929 2342 2964 a
2364 2911 2499 2979 faeie
2526 2921 2641 2976 tua,
2667 2922 2716 2965 et
2736 2931 2768 2966 a
2789 2913 2924 2982 faeie
2958 2922 3113 2968 terra:
3130 2915 3444 2979 abseondar,
3469 2926 3518 2969 et

1943 3018 2032 3055 ero
2060 3017 2266 3071 gemens
2306 3016 2462 3070 super
2498 3012 2691 3056 terram
2733 3014 2780 3057 et
2816 3003 2985 3058 omnis
3019 3004 3109 3075 qui
3138 3005 3388 3059 invenerit
3412 3022 3515 3069 me,

269 3111 350 3170 De
379 3112 523 3182 ligno
547 3114 778 3168 scientia:
805 3066 994 3167 boniwet
1019 3066 1145 3188 mali
1170 3066 1224 3169 in
1246 3114 1516 3187 paradiso,
1543 3117 1675 3172 etde
1701 3116 1842 3188 ligno
1869 3066 1913 3129 Ο
1945 3091 2140 3188 “ad?!
2165 3108 2285 3188 Inf”
2337 3092 2536 3188 “enim
2596 3093 2736 3147 Deus
2784 3093 2973 3188 "deris
3021 3109 3144 3148 eum
3205 3096 3523 3188 mmmam

993 3184 1129 3236 vitm.

345 3273 477 3327 Erat
502 3273 693 3343 utique
714 3272 767 3327 in
787 3273 1040 3343 paradiso
1066 3275 1418 3343 corporaliter
1447 3277 1670 3348 lignum,
1694 3282 1838 3349 quod

268 3371 617 3433 nuncupatur
633 3363 839 3433 lignum
861 3363 1006 3428 vite,
1032 3362 1174 3421 sicut
1192 3371 1247 3418 et
1264 3373 1419 3435 petra
1440 3380 1562 3436 quae
1580 3382 1840 3437 percussa

267 3465 441 3520 aquas
455 3450 684 3519 prmlmit
705 3449 757 3503 in
775 3463 958 3504 eremo
969 3451 1165 3520 populo
1182 3451 1555 3521 Dei,quamvis
1577 3456 1845 3525 signiﬁca-

268 3552 393 3599 rent
418 3543 645 3614 mystice
671 3540 964 3595 Christum.
993 3539 1143 3608 Quod
1174 3553 1460 3612 pmpterea
1487 3544 1690 3615 lignum
1722 3547 1845 3601 vita:

266 3634 474 3688 dictum
511 3641 627 3696 est,
663 3631 917 3702 quoniam
953 3631 1080 3686 dum
1118 3632 1195 3687 illi
1220 3632 1467 3689 homines
1501 3634 1625 3690 inde
1663 3645 1846 3706 gusta-

268 3733 415 3789 rent,
448 3738 547 3777 nec
573 3722 759 3776 morbo
782 3736 885 3776 nec
902 3730 1181 3777 senectute
1204 3721 1518 3779 deﬂuerent.
1551 3725 1605 3779 ln
1631 3727 1845 3781 caeteris

268 3816 417 3871 enim
445 3822 565 3869 erat
589 3813 935 3879 alimentum,
966 3814 1021 3867 in
1050 3813 1153 3869 isto
1175 3824 1590 3881 sacramentum,
1620 3816 1846 3887 lignum-

268 3921 377 3977 que
414 3904 653 3959 scientiae
691 3903 815 3957 boni
852 3909 908 3960 et
931 3902 1088 3966 mali,
1131 3918 1238 3958 non
1277 3904 1420 3973 quod
1451 3905 1627 3975 ipsum
1662 3906 1719 3961 in
1747 3922 1844 3963 sua

270 4004 468 4051 natura
493 3994 695 4064 lignum
720 4001 864 4048 esset
890 3980 1181 4058 rationale,
1217 3993 1301 4047 vel
1325 3993 1605 4067 scientiam
1633 3994 1758 4050 boni
1790 4003 1846 4050 et

272 4087 403 4141 mali
443 4084 745 4147 habuisset,
793 4084 885 4138 sed
922 4092 1210 4153 propterea
1246 4085 1567 4154 appellatum
1610 4095 1694 4142 est
1718 4088 1843 4142 boni

270 4184 329 4232 et
372 4174 501 4230 mali
533 4172 796 4238 scientiae,
836 4173 964 4241 quia
994 4173 1165 4244 homo
1199 4187 1296 4243 per
1322 4174 1747 4243 experimentum
1776 4176 1846 4231 ab

272 4269 393 4338 ipso
418 4266 605 4321 didicit
631 4266 772 4334 quod
803 4273 947 4320 esset
976 4264 1350 4323 inobedientite
1374 4264 1598 4322 malum.
1640 4265 1696 4320 Si
1723 4267 1844 4336 quis

272 4373 408 4412 vero
440 4357 506 4411 de
530 4355 617 4409 his
657 4354 867 4425 plenius
900 4355 1041 4411 scire
1071 4356 1319 4421 voluerit,
1357 4359 1529 4428 patris
1562 4356 1843 4428 Augustini

274 4447 446 4501 libros
466 4445 533 4499 de
559 4442 789 4499 Civitate
814 4442 909 4498 Dei
943 4442 1102 4515 legat.

890 4554 1118 4612 CAPUT
1151 4555 1239 4612 Vl.

276 4651 358 4704 De
380 4648 507 4703 Abel
528 4665 559 4701 α
588 4647 749 4717 fratre
774 4662 870 4699 suo
883 4645 1025 4720 _Cain
1063 4648 1250 4720 occiso,
1275 4655 1323 4700 et
1359 4645 1423 4701 de
1449 4646 1688 4702 vindictis
1719 4664 1849 4720 quas

868 4715 999 4769 Cain
1031 4715 1262 4786 pertulit.

350 4811 492 4880 Ergo
509 4809 640 4864 Adae
666 4807 777 4862 nati
805 4813 930 4862 sunt
953 4805 1048 4860 lilii
1070 4805 1292 4862 masculi
1311 4806 1437 4870 duo,
1460 4807 1515 4860 in
1538 4806 1756 4878 regione
1782 4806 1851 4861 ad

278 4920 443 4976 quam
470 4903 867 4973 transmigravit
890 4915 1015 4956 eum
1038 4901 1180 4956 Deus
1207 4916 1238 4955 a
1262 4901 1530 4971 paradiso,
1554 4914 1674 4972 post
1696 4919 1849 4958 suam

280 4995 795 5071 praevaricationem.
814 4993 1053 5059 Quorum
1092 4992 1239 5059 prior
1264 4992 1558 5061 appellatur
1581 4992 1737 5059 Cain,
1766 5008 1851 5047 se-

279 5088 492 5145 candus
517 5092 696 5141 autem
719 5082 871 5137 Abel.
909 5081 1162 5135 Germani
1186 5081 1473 5149 siquidem,
1504 5083 1598 5136 sed
1621 5082 1850 5137 diversis

282 5176 603 5232 laetabantur
651 5172 862 5229 studiis.
914 5169 1048 5225 Abel
1097 5169 1312 5238 quidem
1341 5167 1540 5237 junior,
1581 5172 1849 5241 justitiam

279 5266 509 5329 colebat,
537 5262 673 5317 etin
695 5261 944 5316 omnibus
968 5273 1299 5329 quaecunque
1322 5259 1541 5329 gerebat
1565 5261 1850 5315 Dominum

280 5357 506 5431 putabat
565 5367 685 5407 esse
742 5356 1059 5421 praesentem
1096 5365 1111 5401 :
1143 5345 1295 5414 cuius
1346 5357 1465 5407 erat
1517 5349 1853 5404 conversatio

200 5488 207 5492 -
280 5445 592 5521 pastoralis.
619 5442 753 5503 Cain
778 5452 956 5500 autem
986 5449 1103 5496 erat
1130 5440 1348 5511 quidem
1378 5439 1521 5494 circa
1544 5438 1646 5492 alia
1676 5439 1851 5509 pessis

284 5554 424 5601 mus,
451 5545 506 5591 et
536 5536 604 5591 ad
634 5534 782 5589 lucra
814 5533 1147 5588 solummodo
1187 5546 1400 5600 semper
1431 5530 1667 5584 intentus
1700 5543 1713 5581 :
1743 5536 1852 5582 ter-

289 5644 401 5689 ram
432 5640 560 5684 vero
603 5624 809 5699 primus
840 5637 994 5677 arare
1023 5620 1204 5691 coepit.
1256 5620 1495 5677 Fratrem
1525 5619 1718 5697 quippe
1747 5618 1847 5681 hn-

1944 3182 2134 3237 mortis
2156 3181 2316 3236 ﬁnire
2335 3183 2626 3249 cruciatus,
2673 3194 2773 3239 nec
2798 3184 2938 3238 tradi
2960 3197 3152 3252 pinnae,
3192 3200 3296 3254 qua
3322 3199 3382 3240 se
3407 3186 3521 3256 ipse

1940 3272 2312 3337 damnaverat,
2343 3273 2418 3327 ait
2446 3291 2459 3325 :
2490 3273 2606 3327 Non
2634 3273 2731 3339 sic,
2762 3274 2813 3327 id
2838 3282 2940 3338 est,
2972 3290 3076 3328 non
3110 3282 3168 3328 ut
3196 3283 3252 3328 tu
3280 3277 3519 3332 aestimas

1943 3361 2189 3416 morieris
2227 3370 2283 3415 et
2327 3370 2557 3416 mortem
2605 3377 2703 3431 pro
2750 3362 2989 3417 remedio
3027 3364 3280 3432 accipies,
3326 3380 3517 3419 verum

1941 3453 2090 3507 vives
2112 3466 2279 3520 usque
2302 3452 2370 3506 ad
2402 3453 2686 3520 septimam
2708 3453 3130 3520 generationem,
3156 3462 3210 3508 et
3237 3454 3517 3509 conscien-

1943 3544 2032 3599 tiae
2071 3550 2177 3595 tua:
2217 3541 2341 3611 igne
2369 3542 2728 3611 torqueberis,
2762 3542 2836 3595 ita
2864 3551 2921 3595 ut
2949 3543 3257 3612 quicunque
3296 3552 3348 3598 te
3374 3546 3519 3598 occi-

1943 3631 2119 3693 derit,
2173 3631 2465 3686 secundum
2516 3631 2782 3700 duplicem
2836 3632 3269 3703 intelligentiam,
3322 3643 3418 3687 aut
3462 3636 3517 3689 in

1943 3722 2168 3792 septima
2195 3721 2543 3792 generatione
2562 3730 2657 3775 aut
2679 3737 2874 3792 magno
2897 3729 2951 3775 te
2975 3721 3224 3776 liberabit
3247 3723 3487 3778 cruciatu
3498 3764 3517 3787 ,η

1942 3830 2050 3870 non
2080 3813 2220 3883 quod
2270 3812 2385 3882 ipse
2430 3812 2523 3882 qui
2550 3812 2879 3880 percusserit
2924 3812 3079 3877 Cain,
3116 3820 3319 3882 septem
3357 3813 3518 3869 ultio-

1944 3904 2102 3960 nibus
2149 3903 2514 3972 subjiciendus
2542 3903 2631 3967 sit,
2680 3903 2776 3956 sed
2799 3901 2941 3970 quod
2978 3909 3181 3970 septem
3229 3902 3514 3968 vindictas,

1943 4010 2064 4065 qua:
2088 3995 2142 4048 in
2163 3993 2294 4049 Cain
2346 4000 2494 4047 tanto
2519 4002 2761 4063 tempore
2803 4002 3180 4059 cucurrerunt,
3237 3995 3413 4049 solvat
3439 3997 3521 4050 in-

1945 4084 2221 4148 terfector,
2263 4083 2516 4139 occidens
2540 4097 2665 4138 eum
2712 4083 2804 4152 qui
2844 4083 2967 4138 vitm
3012 4083 3187 4139 fuerat
3232 4084 3521 4142 derelictus

1945 4174 2012 4228 ad
2033 4187 2250 4243 poenam
2314 4172 2383 4228 Ut
2404 4181 2583 4226 autem
2612 4173 2754 4242 quod
2782 4172 3010 4227 dicimus
3036 4172 3375 4229 manifestius
3403 4174 3523 4242 ﬁat,

1945 4265 2271 4335 quotidiana:
2298 4263 2702 4319 consuetudinis
2745 4279 3009 4333 ponamus
3053 4266 3377 4334 exemplum.
3414 4267 3517 4321 Lo-

1948 4353 2131 4422 quitur
2172 4353 2313 4406 inter
2338 4351 2563 4407 verbera
2587 4367 2774 4407 servus
2816 4352 2883 4406 ad
2910 4353 3185 4409 dominum
3221 4370 3235 4408 :
3263 4354 3396 4421 Quia
3440 4357 3521 4411 in-

1953 4441 2111 4496 cendi
2137 4441 2353 4496 domum
2385 4450 2528 4496 tuam
2559 4449 2613 4497 et
2638 4441 2941 4496 universam
2982 4444 3336 4499 substantiam
3364 4445 3521 4501 dissi-

1952 4532 2096 4601 pavi,
2130 4532 2370 4587 interﬁce
2403 4548 2510 4587 me.
2541 4533 2904 4602 Dominusque
2939 4535 3259 4602 respondeat
3284 4552 3297 4588 :
3323 4534 3440 4589 Non
3462 4544 3523 4590 ut

1956 4622 2037 4677 vis
2062 4623 2327 4689 morieris,
2349 4631 2405 4679 et
2424 4623 2578 4678 ﬁnies
2616 4630 2792 4678 morte
2835 4623 3114 4694 supplicia,
3142 4640 3329 4679 verum
3363 4626 3529 4698 longo.

1957 4720 2197 4783 tempore
2238 4714 2554 4769 custodieris
2590 4713 2658 4767 ad
2679 4713 2865 4777 vitam,
2906 4723 2960 4768 et
2998 4722 3105 4767 tam
3150 4714 3437 4770 infeliciter
3465 4717 3519 4770 in

1957 4804 2057 4858 hac
2098 4803 2217 4859 luce
2240 4804 2562 4869 versaberis,
2601 4810 2667 4857 ut
2692 4803 3001 4872 quicunque
3042 4812 3095 4857 te
3114 4806 3399 4870 occiderit,
3428 4806 3523 4859 be-

1950 4893 2203 4949 neficium
2231 4902 2452 4963 praestet
2474 4893 2680 4958 occiso,
2720 4892 2848 4946 dum
2884 4898 2998 4945 tam
3032 4891 3217 4947 multis
3245 4902 3298 4947 te
3329 4893 3521 4948 libera-

1948 4983 2086 5037 verit
2109 4984 2467 5039 cruciatibus?

2542 5089 2767 5147 CAPUT
2792 5056 2921 5145 vui.

1954 5156 2225 5248 Quomodo
2250 5182 2389 5236 Deus
2411 5183 2591 5250 primis
2613 5183 2909 5237 hominibus
2946 5182 3269 5252 loqueretur,
3296 5189 3344 5235 et
3378 5181 3442 5234 de
3460 5198 3521 5237 eo,

2021 5253 2160 5322 quod
2191 5253 2556 5323 scriptumgest
2582 5267 2600 5304 .'
2626 5252 2812 5307 Nonne
2847 5253 2907 5323 si
2948 5250 3094 5307 recte
3127 5250 3340 5315 offeras,
3378 5260 3525 5307 recte

2025 5321 2207 5381 autem
2233 5321 2339 5376 non
2362 5321 2586 5387 dividas,
2626 5322 2880 5392 peccasti.

2020 5432 2300 5498 Quomodo
2326 5430 2467 5486 Deus
2484 5431 2673 5502 primis
2695 5432 2999 5487 hominibus
3017 5428 3326 5499 loqueretur
3352 5432 3523 5500 quaeri

1955 5523 2108 5588 solet,
2136 5523 2341 5577 scilicet
2368 5537 2464 5592 per
2488 5532 2793 5578 creaturam
2834 5520 3130 5589 subjectum
3154 5519 3300 5575 velut
3332 5535 3524 5597 eorum

1954 5618 2132 5671 socius
2161 5614 2331 5671 forma
2362 5630 2595 5685 congrua
2624 5615 2940 5685 loquebatur
2968 5627 3089 5676 cum
3116 5612 3213 5673 cis.
3258 5611 3362 5669 Sed
3391 5613 3531 5691 qnizt
