3898 6178
396 279 500 333 913

1416 277 1801 335 FRECULPHI
1839 274 2288 334 LEXOVIENSIS
2325 280 2622 337 EPISCOI‘I

3537 283 3633 338 92$

395 393 597 463 profuit
623 393 755 448 Cain
782 393 805 445 ἲ
841 392 1026 448 Nonne
1068 400 1385 462 conceptum
1425 392 1602 446 scelus
1632 392 1684 445 in
1729 390 1967 444 necando
1997 392 2044 448 Α
2071 392 2211 446 solos
2236 409 2372 462 quos
2406 397 2585 466 cperis
2612 399 2845 467 suscepti
2883 398 3018 453 ratio
3045 389 3348 468 postulabat
3372 417 3385 454 :
3417 400 3539 455 illos
3563 403 3634 455 vi-

396 484 582 547 fratre,
628 483 787 537 etiam
823 490 945 550 post
965 481 1187 536 verbum
1237 481 1473 536 divinum
1514 480 1783 550 implevit?
1830 478 1961 533 Illud

394 594 526 633 vero
554 576 694 646 quod
718 576 918 631 dictum
942 584 1025 630 est
1047 593 1060 630 :
1095 573 1278 629 Nonne
1296 577 1342 628 si
1359 583 1492 629 recte
1515 575 1723 645 quidem
1747 575 1959 643 olferas,

397 678 530 722 recte
550 677 721 721 autem
744 684 846 721 non
871 668 1093 730 dividas,
1109 668 1330 736 peccasti
1353 668 1378 720 ?
1399 667 1521 735 quia
1548 682 1652 720 non
1685 666 1827 721 lucet
1866 681 1964 720 cur

394 756 479 810 vel
509 759 648 810 unde
689 756 759 811 sit
787 757 1012 821 dictum,
1043 756 1237 810 multos
1265 772 1456 811 sensus
1480 756 1690 825 peperit
1714 758 1830 826 ejus
1861 757 1962 811 ob-

394 848 645 912 scuritas,
674 862 796 903 cum
827 848 1127 902 divinarum
1169 847 1569 917 Scripturarum
1598 849 1823 917 quisque
1848 857 1961 902 tra-

395 947 571 990 ctator
597 938 891 992 secundum
923 937 1044 992 ﬁdei
1071 938 1309 1008 regulam
1341 938 1394 991 id
1423 946 1649 993 conatur
1669 954 1959 1009 exponere.

395 1026 559 1081 Recte
587 1027 800 1095 quidem
828 1026 1052 1081 offertur
1077 1027 1421 1093 sacriﬁcium,
1458 1043 1580 1083 cum
1603 1027 1828 1084 offertur
1854 1030 1964 1083 Deo

391 1134 541 1183 vero,
572 1120 659 1174 cui
708 1120 798 1174 uni
838 1122 1204 1176 tantummodo
1233 1122 1645 1177 sacriﬁcandum
1692 1129 1794 1177 est.
1845 1121 1961 1177 Non

394 1217 575 1262 autem
615 1218 759 1264 recte
781 1210 1055 1275 dividitur,
1101 1211 1229 1264 dum
1267 1228 1373 1266 non
1411 1211 1793 1267 discernuntur
1817 1223 1963 1269 recte

392 1298 474 1351 vel
506 1297 645 1363 loca,
670 1298 755 1351 vel
788 1306 1048 1368 tempora,
1077 1300 1161 1353 vel
1190 1315 1277 1355 res
1319 1301 1447 1371 ipsa:
1486 1316 1605 1369 qua:
1640 1300 1960 1367 offeruntur,

391 1388 475 1441 vel
498 1388 587 1457 qui
616 1387 790 1452 offert,
835 1398 890 1442 et
934 1389 1018 1442 cui
1055 1388 1294 1453 offertur,
1327 1390 1409 1445 vel
1444 1391 1497 1444 hi
1526 1391 1721 1460 quibus
1760 1391 1827 1445 ad
1869 1407 1963 1447 ve-

393 1478 646 1533 scendum
670 1479 1009 1533 distribuitur
1027 1482 1167 1549 quod
1190 1481 1424 1535 oblatum
1447 1491 1622 1546 est,ut
1644 1483 1959 1538 divisionem

392 1568 482 1623 hic
502 1568 879 1623 discretionem
904 1570 1277 1642 intelligamus.
1325 1570 1450 1627 Sive
1477 1587 1599 1627 cum
1620 1573 1844 1628 offertur
1870 1573 1961 1628 ubi

394 1675 499 1714 non
524 1668 756 1726 oportet,
781 1668 871 1714 aut
899 1661 1042 1731 quod
1069 1677 1174 1716 non
1203 1662 1297 1727 ibi,
1319 1662 1413 1718 sed
1439 1663 1563 1719 alibi
1589 1672 1821 1733 oportet,
1847 1666 1961 1720 sive

2066 482 2259 537 delicet
2285 499 2383 553 per
2407 500 2544 555 quos
2568 487 2637 541 ad
2660 486 2793 552 Noe,
2824 502 2889 541 ac
2910 488 3103 544 deinde
3130 490 3197 544 ad
3216 490 3516 554 Abraham,
3551 508 3638 561 ge-

2065 572 2311 642 nealogia
2361 576 2588 629 texendo
2636 577 3043 646 perduceretur.
3095 578 3205 634 Nec
3252 580 3395 634 enim
3448 596 3637 636 conse-

2064 674 2234 728 quens
2257 672 2341 717 est
2375 672 2433 718 ut
2463 664 2625 718 istum
2649 666 2881 736 primum
2912 665 3079 721 ﬁlium
3107 668 3357 739 genuisse
3385 670 3640 724 credatur

2064 751 2216 815 Cain,
2262 754 2386 823 quia
2417 755 2617 809 dictum
2642 766 2743 819 est,
2773 758 3008 827 cognovit
3037 774 3251 812 uxorem
3283 774 3458 824 suam,
3486 762 3638 829 quasi

2063 847 2193 895 tunc
2232 843 2482 911 primitus
2511 843 2561 898 ei
2589 845 3033 900 commiscuisset.
3068 845 3198 900 Nam
3229 848 3295 902 de
3327 848 3379 917 ip
3410 864 3444 903 o
3469 849 3639 903 Adam

2064 929 2167 984 hoc
2209 931 2413 985 dictum
2457 940 2564 995 est,
2613 949 2720 989 non
2764 933 2935 989 solum
2976 936 3193 1004 quando
3229 944 3523 1006 conceptus
3561 947 3642 993 est

2063 1020 2192 1075 Cain
2216 1023 2621 1093 primogenitus,
2646 1038 2831 1079 verum
2856 1026 3019 1080 etiam
3038 1026 3303 1096 posterius
3329 1046 3341 1080 :
3361 1026 3638 1098 Cognovit,

2063 1113 2257 1183 inquit,
2289 1116 2457 1170 Adam
2499 1116 2662 1172 Evam
2696 1135 2912 1172 uxorem
2955 1135 3126 1183 suam,
3168 1136 3285 1190 qua
3328 1121 3561 1189 concepit
3593 1129 3639 1174 et

2061 1206 2253 1273 peperit
2274 1204 2464 1273 ﬁlium,
2486 1216 2535 1260 et
2564 1208 2846 1261 nominavit
2874 1224 2992 1261 eum
3024 1207 3170 1263 Seth.
3200 1207 3353 1263 Unde
3380 1208 3639 1279 intelligi-

2065 1301 2152 1347 tur
2172 1293 2245 1346 ita
2286 1294 2460 1349 solere
2502 1295 2647 1349 illam
2686 1294 3022 1365 Scripturam
3048 1296 3213 1366 loqui,
3259 1297 3508 1366 quamvis
3536 1313 3640 1352 non

2062 1395 2295 1451 semper.
2327 1382 2504 1438 Potuit
2547 1385 2692 1439 enim
2735 1383 2851 1439 ﬁeri
2880 1393 2939 1437 ut
2970 1383 3096 1439 licet
3132 1384 3267 1439 alios
3300 1385 3530 1439 haberet
3574 1385 3639 1439 ﬁ-

2062 1469 2182 1539 lios,
2204 1473 2346 1528 hunc
2376 1481 2575 1538 tamen,
2598 1481 2818 1545 propter
2843 1474 3077 1542 aliquam
3105 1489 3357 1545 causam,
3390 1473 3512 1542 plus
3541 1491 3644 1530 cae-

2061 1563 2194 1619 teris
2219 1562 2488 1618 dilexerit.
2518 1563 2636 1619 Non
2662 1566 2807 1618 enim
2841 1563 3007 1625 ludas
3032 1564 3424 1636 primogenitus
3450 1562 3640 1630 Jacob,

2060 1666 2129 1707 ex
2147 1666 2256 1721 quo
2282 1650 2462 1707 Judzea
2492 1652 2667 1717 dicta,
2709 1660 2766 1707 et
2794 1652 2964 1709 Judaei
3002 1661 3128 1708 sunt
3151 1654 3469 1723 nuncupati.
3501 1653 3642 1724 Ergo

390 1763 512 1803 cum
540 1746 763 1802 offertur
796 1750 1011 1819 quando
1041 1766 1145 1805 non
1175 1761 1402 1821 oportet,
1433 1753 1544 1808 sive
1571 1768 1693 1808 cum
1721 1754 1771 1809 id
1795 1754 1955 1811 offer-

2059 1743 2105 1798 si
2141 1743 2274 1798 Cain
2305 1742 2696 1814 primogenitus
2727 1743 2929 1808 Enoch,
2981 1759 3087 1798 non
3118 1744 3237 1799 ideo
3264 1744 3540 1814 putandus
3564 1753 3643 1799 est

390 1844 479 1890 tur
498 1837 641 1906 quod
664 1854 935 1908 nunquam
955 1840 1169 1909 penitus
1190 1842 1391 1907 debuit,
1419 1842 1533 1898 sive
1559 1858 1681 1898 cum
1707 1844 1959 1900 electiora

391 1928 492 1981 sibi
537 1928 773 1995 ejusdem
809 1929 1022 1998 generis
1075 1930 1275 1985 retinet
1320 1932 1483 1987 homo
1525 1948 1688 2001 quam
1727 1942 1854 1989 sunt
1893 1950 1959 1990 ea

324 2046 327 2049 -
392 2032 511 2086 quae
536 2018 690 2074 offert
718 2019 848 2085 Deo,
880 2021 995 2075 sive
1035 2021 1150 2090 ejus
1178 2023 1258 2078 rei
1304 2038 1425 2092 quae
1449 2023 1629 2079 oblata
1666 2034 1749 2081 est
1792 2028 1962 2095 parti-

391 2125 515 2178 ceps
540 2109 815 2179 profanus,
858 2120 949 2166 aut
982 2112 1225 2183 quilibet,
1252 2115 1397 2184 quod
1432 2113 1513 2169 fas
1548 2130 1653 2170 non
1687 2124 1772 2171 est
1798 2116 1912 2171 ﬁeri
1944 2134 1957 2170 :

390 2198 444 2252 in
473 2213 581 2267 quo
614 2207 791 2255 autem
823 2201 1037 2266 horum,
1079 2202 1414 2273 displicuerit
1455 2204 1610 2269 Cain,
1662 2204 1820 2262 facile
1852 2222 1960 2262 non

390 2298 565 2359 potest
590 2291 836 2347 inveniri.
884 2291 990 2348 Sed
1020 2294 1274 2364 quoniam
1313 2295 1454 2352 sicut
1492 2294 1726 2353 Joannes
1770 2297 1866 2362 ait,
1896 2314 1963 2352 ea:

389 2379 616 2448 maligno
643 2390 773 2446 erat,
802 2391 850 2436 et
879 2398 947 2437 ex
978 2383 1268 2440 invidentia
1305 2386 1492 2440 occidit
1533 2387 1749 2452 fratrem
1782 2404 1958 2453 suum,

391 2464 573 2522 fratris
593 2479 772 2525 autem
803 2472 945 2526 illius
975 2488 1137 2543 opera
1160 2474 1299 2530 bona
1321 2484 1496 2540 erant,
1526 2479 1684 2532 datur
1709 2479 1958 2550 intelligi,

387 2564 672 2624 propterea
706 2558 989 2614 Dominum
1017 2577 1124 2617 non
1158 2566 1463 2634 respexisse
1490 2567 1544 2620 in
1575 2582 1797 2622 munera
1818 2569 1958 2640 ejus,

390 2647 515 2715 quia
545 2647 648 2701 hoc
684 2647 799 2717 ipse
841 2650 978 2706 male
1005 2650 1296 2721 dividebat,
1338 2656 1473 2712 dans
1508 2659 1619 2715 Deo
1649 2661 1849 2731 aliquid
1894 2664 1962 2719 de

390 2749 509 2800 suo,
553 2737 655 2791 sibi
701 2746 880 2793 autem
922 2740 1178 2812 seipsum.
1218 2744 1373 2812 Quod
1411 2763 1600 2805 omnes
1639 2750 1843 2808 faciunt
1869 2754 1961 2823 qui

388 2840 494 2878 nou
527 2827 641 2891 Dei,
669 2829 760 2882 sed
787 2846 940 2885 suam
974 2841 1249 2890 sectantur
1288 2837 1641 2908 voluntatem,
1679 2858 1786 2898 non
1814 2854 1962 2914 recte

389 2915 692 2981 dividendo,
743 2918 845 2975 hoc
893 2929 997 2987 est,
1046 2940 1153 2981 non
1212 2935 1356 2983 recte
1404 2930 1654 2987 vivendo.
1704 2934 1963 2991 Dominus

387 3006 530 3062 enim
561 3007 697 3065 dans
734 3010 783 3065 ei
821 3015 1131 3070 mandatum
1166 3018 1371 3087 justum
1410 3030 1466 3077 et
1510 3024 1731 3090 bonum,
1777 3027 1955 3082 dixit:

2062 1832 2347 1890 confestim
2389 1831 2501 1887 ﬁlio
2541 1842 2667 1888 nato
2709 1849 2778 1889 ex
2806 1832 2923 1902 ejus
2956 1834 3174 1891 nomine
3207 1834 3416 1889 civitati
3446 1850 3639 1890 nomen

2064 1926 2297 1990 dedisse,
2349 1925 2475 1994 quia
2513 1940 2613 1981 nec
2660 1926 2917 1981 constitui
2961 1936 3089 1981 tunc
3137 1927 3205 1980 ah
3254 1940 3363 1981 uno
3405 1935 3638 1997 poterat.

2060 2019 2218 2074 Aliud
2245 2020 2390 2073 enim
2412 2019 2609 2075 civitas
2630 2035 2736 2075 non
2762 2028 3030 2089 estquam
3055 2018 3333 2073 hominum
3357 2018 3641 2073 multitudo

2060 2110 2417 2180 societasque.
2451 2108 2557 2166 Sed
2589 2125 2713 2165 cum
2738 2110 2884 2164 illius
2924 2108 3157 2163 hominis
3180 2116 3327 2163 tanta
3369 2117 3644 2163 cresceret

2063 2200 2449 2255 numerositate
2484 2199 2709 2264 familia,
2737 2209 2800 2255 ut
2822 2199 3176 2268 quantitatem
3202 2198 3388 2269 populi
3404 2198 3523 2269 jam
3548 2200 3645 2253 ha-

2061 2288 2236 2354 beret,
2289 2298 2419 2345 tunc
2458 2290 2634 2359 potuit
2660 2288 2776 2343 ﬁeri
2808 2296 2867 2342 ut
2893 2296 2947 2343 et
2986 2288 3180 2343 civitas
3217 2288 3568 2352 conderetur,
3588 2296 3644 2342 et

2061 2394 2128 2434 ex
2159 2380 2376 2435 nomine
2402 2380 2747 2450 primogeniti
2769 2387 3185 2448 nuncuparetur.
3223 2377 3366 2449 Ergo
3390 2378 3440 2433 si
3469 2388 3643 2433 atten-

2063 2473 2155 2528 dat
2180 2482 2305 2529 tunc
2336 2473 2595 2543 temporis
2639 2481 2746 2527 tam
2777 2472 3046 2542 longaevos
3088 2471 3254 2527 fuisse
3281 2472 3553 2537 homines,
3583 2481 3640 2526 ut

2061 2564 2153 2631 qui
2226 2562 2448 2617 minime
2506 2563 2754 2617 vixerant
2816 2561 3181 2632 septingentos
3249 2559 3640 2630 quinquaginta

2060 2652 2260 2708 vixisse
2307 2653 2645 2723 reperiantur
2679 2667 2872 2718 annos,
2912 2667 3014 2708 nec
3045 2666 3140 2708 eos
3176 2651 3520 2708 solummodo
3547 2654 3642 2708 ha-

2061 2742 2243 2797 buisse
2270 2741 2408 2797 ﬁlios
2448 2757 2583 2811 quos
2606 2741 2882 2812 Scriptura
2906 2750 3315 2806 commemorat,
3359 2757 3489 2811 cum
3510 2741 3639 2797 sub.

2063 2830 2230 2896 ditur,
2259 2832 2435 2901 genuit
2462 2830 2600 2900 ﬁlios
2622 2841 2668 2884 et
2695 2832 2856 2901 ﬁlias,
2906 2831 3046 2884 unde
3085 2831 3166 2884 eis
3198 2829 3640 2887 fecundissimam

2062 2922 2269 2991 prolem
2300 2920 2467 2977 fuisse
2494 2923 2650 2977 datur
2684 2922 2929 2992 intelligi.
2963 2922 3043 2975 Ex
3066 2936 3173 2992 quo
3211 2920 3411 2989 conjici
3438 2931 3637 2993 potest,

2064 3014 2206 3082 quod
2237 3015 2282 3069 si
2314 3029 2344 3068 a
2384 3022 2578 3086 nepote
2620 3014 2917 3079 Abraham,
2961 3013 3128 3071 Jacob
3166 3015 3439 3080 videlicet,
3491 3026 3640 3071 tanta

390 3096 634 3163 Quiesce,
672 3100 738 3155 ad
768 3110 820 3156 te
841 3105 983 3158 enim
1011 3109 1292 3165 conversio
1316 3108 1463 3178 ejus,
1497 3122 1545 3167 et
1578 3123 1633 3167 tu
1659 3114 1955 3171 dominabe-

2064 3103 2347 3166 multitudo
2393 3106 2668 3161 hominum
2703 3106 3043 3176 multiplicari
3086 3106 3261 3176 potuit
3300 3107 3358 3161 in
3404 3106 3641 3179 Egypto

386 3188 460 3240 ris
483 3188 644 3244 illius.
675 3189 922 3261 Nunquid
950 3193 1176 3251 fratris?
1206 3197 1379 3254 Absit.
1423 3200 1587 3270 Cujus
1623 3203 1806 3274 igitur,
1853 3206 1959 3261 nisi

390 3281 632 3347 peccati?
651 3281 868 3338 Dixerat
887 3285 1329 3350 enim,Peccasti.
1355 3288 1491 3345 Tum
1514 3291 1707 3347 deinde
1728 3294 1955 3359 addidit,

389 3368 619 3435 Quiesce
644 3386 657 3422 :
681 3372 748 3426 ad
786 3381 838 3428 te
864 3374 1008 3429 enim
1037 3378 1317 3433 conversio
1338 3376 1471 3445 ejus,
1503 3388 1553 3434 et
1585 3391 1642 3434 tu
1661 3381 1960 3437 dominabe-

387 3462 459 3514 ris
482 3461 643 3515 illius.
669 3462 851 3519 Potest
871 3466 1086 3535 quidem
1111 3468 1189 3523 sic
1219 3469 1461 3540 intelligi,
1488 3472 1554 3525 ad
1583 3471 1757 3540 ipsum
1786 3473 1958 3528 homi-

388 3565 509 3605 nem
533 3556 939 3611 conversionem
977 3573 1099 3613 esse
1125 3559 1319 3615 debere
1343 3562 1571 3630 peccati,
1602 3570 1659 3615 ut
1701 3562 1831 3617 nulli
1865 3563 1955 3618 alii

387 3659 546 3713 quam
592 3644 692 3700 sibi
716 3645 854 3701 sciat
884 3648 1121 3704 tribuere
1144 3651 1285 3720 quod
1317 3661 1526 3722 peccat.
1556 3652 1682 3708 Haac
1701 3654 1844 3709 enim
1874 3664 1961 3710 est

385 3732 615 3788 salubris
646 3737 975 3805 pmnitentize
1002 3740 1283 3802 medicina,
1318 3750 1374 3796 et
1391 3744 1560 3798 veniae
1600 3745 1789 3813 petitio
1821 3762 1952 3802 con-

385 3838 536 3892 grua.
582 3825 654 3878 At
682 3824 769 3880 ubi
812 3827 907 3891 ait,
958 3828 1025 3882 ad
1066 3836 1118 3883 te
1154 3831 1300 3884 enim
1341 3833 1623 3888 conversio
1660 3832 1797 3903 ejus,
1848 3850 1956 3891 non

384 3912 732 3969 snhaudiatnr
754 3916 877 3980 erit,
922 3918 1015 3972 sed
1054 3919 1126 3973 sit
1151 3920 1513 3990 praecipientis
1549 3922 1819 3990 videlicet,
1848 3940 1954 3981 non

383 4002 723 4069 prmdicentis
749 4005 926 4061 modo.
959 4006 1110 4063 Tunc
1152 4008 1296 4063 enim
1328 4010 1690 4067 dominabitur
1730 4014 1958 4084 quisque

382 4101 623 4160 peccato,
652 4095 696 4149 si
723 4095 775 4149 id
810 4095 911 4151 sibi
943 4113 1049 4151 non
1091 4096 1424 4154 defendendo
1451 4104 1822 4172 prmposuerit,
1861 4105 1956 4161 sed

381 4181 691 4249 pmnitendo
712 4182 1020 4253 subjecerit.

986 4314 1211 4373 CAPUT
1258 4316 1349 4372 IX.

381 4417 765 4514 De__ff_qU£d_
775 4422 1028 4514 ffrtlptum
1047 4435 1155 4514 neat
1186 4439 1224 4514 ει
1235 4424 1496 4508 Cognovit
1540 4428 1673 4483 Cain
1710 4445 1950 4510 .uxorem
1976 4437 2029 4497 1)

454 4503 631 4566 suam,
654 4492 942 4566 etpeperit
975 4493 1021 4546 ei
1047 4493 1264 4566 Enochj,
1284 4492 1366 4566 ea:
1394 4498 1544 4566 cujus
1582 4499 1788 4552 nomine
1817 4517 1950 4555 nun-

450 4558 652 4638 cupavit
678 4558 933 4638 civitatem
965 4577 1122 4631 quam
1146 4558 1527 4638 adiﬁcaverat,
1556 4577 1605 4620 et
1636 4568 1733 4621 hoc
1768 4569 1949 4638 quali-

450 4635 529 4679 ter
572 4628 858 4704 conveniat,
910 4628 1093 4704 ultre;
1135 4628 1390 4700 homines,
1434 4628 1525 4704 qui
1570 4646 1695 4690 tunc
1742 4628 1948 4694 tantum

448 4703 616 4760 erant,
650 4696 910 4752 civitatem
947 4699 1287 4768 wdiﬁoarent.

451 4805 705 4877 Sequitur
733 4826 747 4863 :
779 4808 1025 4880 Cognovit
1050 4809 1185 4867 Cain
1223 4829 1436 4868 uxorem
1472 4832 1645 4883 suam,
1676 4834 1792 4890 qua:
1819 4838 1940 4878 con-

378 4899 578 4968 cepitet
607 4900 802 4970 peperit
841 4900 1043 4969 Enoch,
1074 4913 1123 4957 et
1151 4904 1427 4973 redi/ienuit
1457 4906 1734 4974 civitatem,
1770 4922 1820 4965 et
1856 4930 1944 4967 vo-

377 4990 510 5045 cavit
536 5005 723 5044 nomen
761 4990 873 5061 ejus
899 4992 1137 5059 Enoclta,
1163 5010 1228 5048 ea:
1264 4997 1469 5049 nomine
1499 4996 1598 5065 ﬁlii
1624 4999 1709 5052 sui
1738 4998 1940 5055 Enoclt.

379 5075 531 5132 Unde
574 5077 740 5147 quaari
782 5086 984 5149 potest,
1026 5081 1150 5135 dum
1198 5097 1305 5135 non
1358 5082 1540 5152 plures
1585 5098 1651 5138 eo
1702 5094 1943 5156 tempore

376 5180 535 5234 quam
560 5166 663 5221 viri
687 5175 937 5236 quatuor,
978 5169 1060 5223 vel
1100 5170 1277 5239 potius
1312 5178 1421 5225 tres
1447 5180 1653 5240 postea,
1680 5173 1806 5242 quia
1833 5173 1944 5230 fra-

378 5268 512 5314 trem
551 5259 718 5315 frater
742 5261 961 5325 occidit,
993 5260 1156 5316 fuisse
1185 5262 1493 5316 viderentur
1522 5263 1573 5316 in
1618 5272 1782 5330 terra,
1811 5281 1944 5334 quo-

376 5347 534 5402 modo
576 5348 707 5403 Cain
749 5350 893 5404 solus
937 5350 1208 5405 civitatem
1254 5350 1547 5406 tediﬁcasse
1582 5351 1796 5407 dicitur.
1835 5354 1940 5410 Sed

376 5452 512 5506 quos
536 5440 639 5494 hoc
666 5450 843 5496 movet
875 5458 1065 5512 parum
1088 5442 1448 5506 considerant,
1489 5456 1595 5496 non
1626 5456 1816 5500 omnes
1843 5446 1940 5502 ho-

378 5526 570 5595 mines,
618 5532 709 5599 qui
750 5540 875 5589 tunc
918 5550 1037 5590 esse
1078 5539 1370 5603 potuerunt
1410 5534 1728 5601 scriptorem
1771 5552 1941 5593 sacrm

378 5613 535 5682 hujus
570 5620 807 5678 historia:
848 5640 1066 5679 necesse
1099 5623 1346 5679 habuisse
1388 5622 1688 5687 nominare,
1718 5627 1810 5682 se:l
1846 5645 1938 5685 eos

2061 3190 2205 3246 intra
2231 3208 2403 3248 annos
2442 3201 2736 3258 trecentos,
2786 3201 2846 3247 ut
2884 3204 3134 3248 sexcenta
3172 3192 3338 3247 millia
3385 3191 3636 3259 fuissent,

2060 3285 2277 3355 quando
2306 3285 2667 3341 ascenderunt
2693 3300 2762 3340 ex
2792 3284 3043 3357 AZgypto,
3077 3285 3205 3355 quid
3233 3286 3432 3340 mirum
3465 3286 3640 3341 homi-

2060 3392 2177 3443 nes,
2205 3377 2426 3431 multam
2455 3377 2696 3448 potuisse
2723 3377 2954 3432 condere
2978 3375 3256 3442 familiam,
3285 3391 3386 3445 per
3402 3377 3634 3447 Spatium

2059 3475 2451 3537 nongentorum
2479 3481 2742 3521 annorum
2770 3473 2863 3520 aut
2886 3480 2950 3521 eo
2978 3465 3233 3536 amplius,
3264 3466 3359 3535 qui
3388 3467 3633 3521 civitates

2058 3555 2390 3609 aediﬁcarent
2456 3554 2758 3624 plurimas?
2816 3552 2925 3608 Sed
2972 3554 3111 3609 hanc
3167 3554 3442 3609 civitatem
3502 3554 3630 3609 Cain

2057 3654 2277 3715 propter
2299 3652 2569 3700 terrenam
2604 3643 2878 3699 civitatem
2920 3652 3397 3699 commemoratam
3445 3642 3627 3704 fuisse.

2057 3734 2313 3791 credibile
2341 3745 2457 3801 est,
2496 3749 2616 3805 qua:
2655 3735 2724 3790 ab
2767 3734 2885 3805 ipso
2912 3734 3312 3789 constitutionis
3354 3736 3627 3790 conditore

2058 3825 2274 3879 initium
2331 3826 2579 3895 sumpsit.
2628 3824 2766 3881 Hinc
2806 3823 2922 3894 jam
2970 3824 3218 3879 civitates
3267 3824 3387 3882 duae
3432 3833 3626 3879 exerce

2056 3924 2203 3981 sunt,
2250 3916 2540 3985 impiorum
2569 3916 2779 3972 scilicet
2822 3924 2983 3985 atque
3011 3917 3303 3984 justorum.
3352 3914 3623 3971 Justorum

2055 4004 2272 4074 quidem
2324 4003 2730 4060 fundamentum
2780 3990 3232 4077 peregrinationis
3278 4008 3522 4077 suscepit
3570 4005 3620 4059 in

2053 4095 2206 4159 Abel,
2236 4111 2301 4153 ac
2322 4095 2515 4152 deinde
2543 4096 2598 4150 in
2621 4095 2773 4163 Seth,
2802 4104 2858 4152 et
2878 4098 2933 4152 in
2954 4097 3273 4167 posteritate
3291 4097 3430 4167 ejus,
3460 4112 3525 4152 ac
3548 4096 3623 4151 sic

2055 4188 2369 4256 laborando,
2414 4191 2792 4262 peregrinatur
2824 4206 2997 4261 usque
3024 4192 3091 4247 ad
3118 4204 3358 4261 praesens
3394 4200 3620 4262 tempus.

2055 4278 2198 4351 Ergo
2221 4280 2273 4334 in
2299 4280 2571 4350 prioribus
2594 4280 2805 4337 saeculis
2822 4322 2837 4348 ,
2884 4282 3133 4353 quamvis
3162 4297 3334 4352 usque
3362 4284 3433 4337 ad
3464 4283 3622 4353 septi-

2056 4383 2199 4423 mam
2240 4370 2547 4440 progeniem
2580 4371 2633 4425 in
2659 4370 2782 4426 ﬁliis
2810 4371 2941 4427 Seth
2974 4372 3338 4443 multipliciter
3364 4371 3621 4428 fecunda-

2455 4460 2570 4524 Dei,
2612 4468 2789 4514 tamen
2818 4461 2872 4515 in
2918 4461 3104 4532 paucis
3132 4462 3397 4518 aediﬁcata
3440 4471 3523 4518 est
3553 4462 3625 4516 ad

2049 4548 2503 4617 comparationem
2561 4549 2866 4619 iniquorum
2892 4590 2909 4616 ,
2969 4552 3320 4621 quoadusque
3368 4554 3627 4608 Dominus

2048 4636 2316 4703 Christus,
2345 4639 2548 4709 Deique
2572 4639 2739 4695 Filius
2778 4641 2919 4695 Deus
2947 4650 3073 4698 ante
3110 4642 3333 4707 smeula,
3373 4644 3532 4699 homo
3559 4643 3627 4699 in

2049 4738 2234 4784 nostro
2273 4739 2515 4799 tempore
2558 4745 2625 4785 ex
2666 4739 2823 4786 utero
2868 4731 3095 4802 virginis
3142 4733 3321 4786 Mariae
3367 4734 3629 4788 sacratis-

2046 4817 2195 4872 simae
2222 4819 2573 4888 procederet:
2610 4819 2703 4889 qui
2740 4834 2900 4875 verus
2940 4820 3105 4885 Dens,
3134 4836 3406 4892 verosque
3435 4823 3630 4887 homo,

2045 4922 2111 4962 ex
2137 4908 2344 4964 dnahns
2365 4909 2682 4964 substantiis
2707 4918 2763 4965 et
2784 4923 2890 4963 una
2913 4925 3172 4980 persona,
3214 4926 3415 4966 novum
3438 4911 3635 4966 lumen

2049 4998 2248 5052 mundo
2290 4997 2652 5068 resplenduit,
2693 5014 2760 5054 ac
2789 5000 3042 5069 deinceps
3073 5015 3170 5070 per
3192 5001 3497 5055 universum
3529 5016 3640 5055 or-

2046 5090 2166 5145 bem
2211 5090 2264 5144 in
2305 5090 2560 5146 membris
2591 5089 2712 5160 ejus
2734 5091 2850 5147 hac
2886 5092 3075 5146 civitas
3103 5100 3291 5147 sancta
3336 5092 3640 5149 fecundius

2044 5180 2374 5240 aediﬁcatur.
2424 5190 2480 5236 et
2507 5181 2575 5235 ad
2602 5182 2749 5237 cives
2787 5197 2949 5248 suos,
2998 5183 3218 5252 angelos
3253 5185 3457 5239 scilicet
3492 5184 3641 5250 Dei,

2043 5268 2282 5337 quotidie
2300 5268 2587 5339 colligitur,
2615 5286 2843 5339 quorum
2883 5270 3145 5340 praesidiis
3176 5272 3231 5325 in
3253 5273 3355 5328 hac
3379 5276 3646 5343 pcregri-

2042 5359 2260 5413 natione
2277 5358 2480 5429 jugiter
2513 5360 2859 5430 suffragatur.
2891 5361 2948 5414 In
2975 5361 3107 5416 Cain
3136 5378 3266 5417 vero
3293 5371 3452 5433 atque
3489 5365 3645 5433 ejus

2041 5449 2360 5519 cognatione
2395 5448 2652 5503 latissime
2682 5449 2966 5519 impiorum
3000 5450 3194 5506 civitas
3224 5450 3477 5507 fabricata
3500 5464 3643 5509 est.

2041 5537 2227 5593 Refert
2250 5538 2467 5607 quidem
2505 5540 2570 5592 de
2596 5553 2661 5593 eo
2690 5538 2776 5593 ille
2797 5539 3178 5607 antiquitatum
3207 5539 3437 5610 scriptor
3453 5538 3651 5598 Iose-

2040 5631 2194 5700 phus,
2236 5629 2378 5702 quod
2421 5636 2704 5699 postquam
2738 5628 2950 5699 signum
2984 5638 3273 5686 acceperat
3310 5641 3492 5686 utnon
3542 5631 3642 5686 in.
