3900 6178
246 301 357 357 925

1369 299 1784 355 CllRONlCON.
1822 332 1890 340 —
1919 302 2083 356 TOMI
2123 303 2141 356 l
2182 301 2306 357 LIB.
2350 305 2387 357 l.

3415 307 3517 363 9‘26

247 417 588 471 tcrficeretur
624 429 655 467 a
681 414 1089 484 quibuscunque
1125 415 1460 470 inveniretur
1486 417 1698 480 bestiis,
1731 415 1824 471 sed
1854 419 1903 476 A
1932 417 2138 486 inquit,
2167 431 2330 484 quam
2360 415 2414 468 in
2441 415 2568 469 Asia
2595 415 2801 486 Cyrus,
2843 433 2896 470 in
2934 415 3142 473 Grzecia
3175 419 3515 478 Lacedaemo-

243 510 366 563 sine
397 506 679 560 formidine
720 520 816 574 per
857 521 1072 559 omnem
1106 513 1327 569 terram,
1374 507 1529 576 signo
1569 507 1618 560 ei
1657 507 1828 575 impo-

242 602 352 654 sito
379 613 486 667 quo
513 604 671 651 notus
718 597 900 659 fieret,
936 613 1100 667 vagus
1131 607 1186 652 et
1227 597 1485 667 profugus
1515 599 1713 656 abiret.
1761 599 1826 651 ab

241 707 310 745 ea
341 688 581 757 dejectus
610 688 857 758 regione,
888 689 940 742 in
973 705 1076 757 qua
1108 688 1330 743 fratrem
1363 690 1656 753 occiderat,
1689 698 1740 742 et
1770 690 1824 743 in

241 797 352 851 qua
381 796 503 834 cum
530 787 687 849 patre
712 780 1069 844 habitaverat,
1119 781 1342 835 multam
1387 797 1678 852 peragrans
1717 789 1826 836 ter-

243 889 363 926 ram
396 889 518 927 cum
556 888 656 927 sua
682 887 866 935 uxore,
902 873 1118 927 tandem
1150 875 1366 928 devenit
1407 875 1460 928 in
1493 875 1689 937 locum,
1731 875 1822 943 qui

240 959 416 1017 Naida
456 970 816 1031 nuncupatur,
860 962 1040 1031 ibique
1083 972 1322 1018 moratus
1361 971 1473 1026 est,
1517 965 1568 1018 in
1616 980 1724 1033 quo
1773 965 1820 1018 ei

241 1053 408 1106 etiam
455 1051 549 1106 lilii
582 1051 694 1105 nati
723 1060 866 1106 sunt.
903 1052 972 1106 At
1015 1069 1144 1107 vero
1169 1069 1383 1122 poenam
1414 1055 1557 1107 illam
1589 1071 1696 1108 non
1729 1056 1824 1108 ba-

240 1143 360 1196 buit
387 1157 485 1212 pro
506 1142 902 1206 emendatione,
937 1145 1030 1197 sed
1061 1143 1128 1198 ad
1163 1145 1556 1199 incrementum
1584 1157 1640 1200 et
1666 1149 1731 1201 ad
1763 1147 1824 1201 li-

240 1232 480 1286 bidiuem
511 1248 608 1287 suo
631 1233 808 1302 potius
837 1234 1060 1287 nutrivit
1084 1235 1136 1287 in
1160 1250 1408 1304 corpore,
1451 1236 1575 1291 licet
1601 1253 1721 1290 cum
1745 1237 1826 1290 in-

232 1323 379 1392 juria
423 1340 606 1379 secum
660 1325 1106 1379 commorantium
1153 1327 1294 1381 hanc
1335 1328 1578 1392 haberet,
1621 1344 1824 1400 augens

236 1413 440 1467 donum
486 1413 826 1468 multitudine
860 1415 1236 1484 pecuniarum,
1270 1431 1336 1470 ex
1377 1418 1580 1486 rapinis
1617 1427 1673 1471 et
1709 1418 1823 1472 vio-

235 1503 403 1557 lentia
433 1512 835 1574 congestarum,
887 1521 954 1559 an
1004 1505 1271 1560 luxuriam
1311 1524 1524 1578 quoque
1567 1516 1622 1562 et
1660 1509 1823 1563 latro-

235 1595 383 1648 cinia
429 1609 557 1649 suos
599 1595 836 1650 invitans
883 1594 1200 1661 familiares,
1251 1613 1482 1666 quorum
1531 1599 1722 1653 doctor
1767 1600 1821 1653 in

233 1685 484 1740 scelestis
522 1685 718 1739 studiis
757 1695 896 1740 erat.
929 1687 996 1740 Et
1023 1687 1419 1757 simplicitatem
1450 1690 1665 1758 quidem
1695 1706 1816 1744 cum

1928 507 2002 563 uii
2027 516 2080 561 et
2106 507 2468 562 Athenienses
2495 522 2710 576 coepere
2735 509 2901 563 urbes
2923 518 3086 580 atque
3112 513 3360 568 nationes
3389 515 3517 569 sub-

1928 597 2072 667 igere
2099 637 2112 661 ,
2163 597 2438 652 libidinem
2476 596 2786 652 dominandi
2826 615 3045 654 causam
3089 601 3212 656 belli
3255 604 3512 671 habuere,

1926 689 2222 742 maximam
2261 689 2510 758 gloriam,
2551 689 2605 742 in
2648 692 2886 746 maximo
2927 692 3156 763 imperio
3202 703 3413 764 putare,
3461 706 3516 752 et

1925 785 2139 842 ca-tera,
2171 793 2291 848 qua:
2323 777 2436 846 ipse
2461 779 2794 832 instituerat.

2525 908 2752 964 CAPUT
2813 909 2904 962 XI.

1924 998 2002 1052 De
2031 998 2293 1074 Setliuﬁlio
2319 1000 2502 1074 Adam,
2537 1001 2625 1069 qui
2663 1000 2858 1074 placuit
2890 1001 3012 1061 Deo,
3045 1002 3260 1074 eiusque
3296 1004 3423 1072 ﬁliis
3453 1023 3514 1058 ac

1995 1069 2280 1137 nepotibus,
2314 1071 2404 1139 qui
2425 1087 2585 1133 usque
2609 1070 2678 1122 ad
2703 1072 2976 1138 septimam
3002 1069 3386 1140 generationem
3414 1077 3506 1128 mi-

1994 1140 2228 1191 rabiliter
2248 1141 2558 1208 sapientiam
2585 1140 2984 1206 adinvenerunt,
3017 1151 3065 1195 et
3087 1141 3296 1196 demum
3331 1144 3385 1197 in
3411 1161 3504 1197 co-

1993 1208 2186 1262 lumnis
2211 1209 2550 1278 scripserunt.

1990 1319 2156 1389 Igitur
2183 1320 2378 1383 Adam,
2426 1322 2514 1388 qui
2555 1321 2762 1391 primus
2792 1337 2823 1376 e
2850 1329 2996 1376 terra
3043 1323 3218 1379 factus
3252 1333 3356 1390 est,
3388 1335 3511 1396 post

1920 1411 2052 1466 Abel
2094 1427 2307 1481 quoque
2346 1427 2533 1466 necem
2577 1412 2670 1465 lilii
2709 1413 2815 1477 sui,
2865 1422 2919 1467 et
2948 1413 3080 1468 Cain
3111 1415 3504 1486 depulsionem,

1921 1517 2045 1558 cum
2095 1503 2451 1556 ducentorum
2506 1502 2728 1570 triginta
2773 1512 2918 1558 esset
2969 1520 3269 1569 annorum,
3320 1507 3508 1576 genuit

1922 1595 2077 1649 Setli.
2111 1594 2212 1660 Qui
2240 1594 2479 1657 adultus,
2516 1595 2698 1648 virtuti
2727 1595 2954 1660 studuit,
2987 1605 3041 1650 et
3066 1611 3262 1650 nomen
3291 1598 3503 1652 Domini

1923 1688 2174 1742 invocare
2200 1687 2399 1754 coepit;
2428 1696 2484 1740 et
2523 1701 2647 1739 cum
2681 1695 2824 1740 esset
2846 1687 2929 1740 vir
2951 1688 3220 1771 egregius,
3260 1689 3497 1743 imitato-

231 1788 341 1842 qua
373 1774 524 1843 prius
563 1773 816 1829 vivebant
853 1756 1141 1842 homines,
1160 1778 1226 1832 ad
1263 1756 1624 1835 inventionem
1667 1796 1818 1835 men-
1848 1756 1894 1814 Β
1923 1793 2010 1832 res
2031 1778 2113 1832 sui
2143 1777 2281 1830 filios
2307 1776 2539 1844 reliquit.
2573 1775 2650 1828 Ex
2675 1774 2791 1842 ejus
2832 1756 3069 1844 namque
3090 1756 3345 1845 prosapia
3375 1778 3507 1830 civi-

231 1880 486 1919 surarum
515 1873 571 1920 et
599 1865 894 1934 ponderum
931 1869 1288 1934 permutavit,
1327 1869 1699 1940 integramque
1726 1887 1820 1925 ca-

231 1971 357 2009 rum
383 1955 548 2009 vitam
571 1972 638 2010 ex
669 1956 856 2011 earum
895 1973 1074 2012 rerum
1116 1960 1417 2028 ignorantia
1453 1961 1519 2015 ad
1551 1961 1818 2015 callidita-

236 2055 344 2099 tem
401 2045 909 2116 corruptionemque
972 2048 1238 2116 perduxit.
1321 2049 1607 2105 Terminos
1661 2059 1818 2104 terrae

231 2135 441 2204 primus
464 2136 666 2204 posuit,
694 2136 1050 2206 civitatesque
1081 2139 1380 2205 constituit,
1408 2139 1684 2209 murisque
1706 2156 1818 2193 mu-

231 2223 404 2287 nivit,
461 2224 677 2294 illicque
726 2243 854 2282 suos
903 2229 1078 2298 coegit
1130 2231 1421 2284 convenire
1465 2231 1811 2286 domesticos.

230 2311 383 2367 Hauc
404 2330 530 2368 vero
549 2317 824 2372 civitatem
858 2319 926 2372 ab
955 2319 1136 2374 Enoeh
1164 2321 1376 2376 seniore
1406 2322 1517 2378 lilio
1551 2339 1649 2377 suo
1681 2324 1815 2378 Eno-

230 2403 387 2457 cbam
418 2405 725 2474 appellavit,
759 2417 815 2462 ut
843 2408 1206 2478 pra-diximus.

845 2522 1072 2579 CAPUT
1121 2525 1188 2579 X.

230 2602 388 2670 Quod
414 2606 822 2682 aliter_sentiant
856 2611 1146 2682 philosophi
1182 2612 1486 2668 Gm'corum
1520 2625 1568 2669 et
1605 2615 1816 2672 Latino-

407 2693 522 2731 rum
548 2678 612 2732 de
637 2681 806 2750 primo
833 2678 1024 2735 slrculo
1058 2678 1216 2754 quam
1243 2683 1606 2739 Hebrworum.

301 2768 471 2839 Igitur
528 2771 830 2842 philosophi
890 2772 1202 2829 Graecorum
1269 2785 1431 2844 atque
1493 2777 1812 2832 Latinorum

225 2858 387 2930 longe
413 2859 568 2916 aliter
621 2871 906 2916 senserunt
933 2864 999 2918 de
1030 2865 1207 2934 primo
1243 2865 1439 2920 sarculo
1473 2882 1634 2935 quam
1661 2865 1812 2923 Jose—

224 2949 369 3016 phus
403 2948 625 3016 referat,
655 2951 746 3021 qui
772 2968 935 3008 aurea
960 2954 1131 3022 prima
1162 2963 1476 3024 nuncupant
1507 2955 1728 3020 saecula,
1755 2963 1812 3010 et

224 3051 357 3095 tunc
388 3041 634 3098 homines
668 3044 784 3100 solo
807 3061 1028 3102 vaeasse
1056 3047 1169 3100 otio
1188 3087 1202 3112 ,
1232 3055 1288 3102 et
1313 3045 1401 3102 his
1432 3048 1806 3104 tantummodo

223 3130 474 3202 frugibus
500 3132 666 3189 fuisse
700 3144 1020 3202 contentos,
1058 3153 1194 3208 quas
1222 3146 1364 3194 terra
1392 3146 1584 3208 sponte
1621 3149 1810 3208 protu-

224 3220 391 3287 lerat,
430 3231 485 3277 et
517 3225 745 3296 simplici
781 3243 920 3298 aqua
947 3244 1041 3284 eos
1076 3245 1198 3284 esse
1234 3238 1465 3300 potatos,
1513 3247 1614 3286 nec
1651 3231 1811 3287 ullius

219 3311 409 3378 carnis
432 3328 583 3367 esum
614 3316 876 3386 attigisse,
903 3328 1204 3374 autumant.
1239 3319 1548 3375 Secundum
1577 3337 1808 3391 quorum

221 3404 535 3472 opinionem
562 3409 782 3477 quilam
829 3425 894 3467 ex
941 3412 1140 3466 nostris
1182 3428 1339 3467 suum
1377 3413 1450 3468 ita
1499 3416 1807 3485 composuit

221 3509 468 3560 carmen,
507 3499 650 3568 quod
680 3501 805 3556 huic
836 3511 1022 3557 nostro
1051 3503 1311 3572 opusculo
1341 3504 1583 3561 inserere
1613 3505 1803 3562 libuit:

544 3607 679 3672 [felix
707 3614 906 3660 nimium
929 3615 1060 3672 prior
1085 3621 1222 3664 aetas.

538 3669 770 3720 (lenti-uta
792 3669 1015 3724 ﬁdelibus
1033 3689 1101 3722 ar:
1120 3678 1159 3724 is

539 3729 812 3795 ﬁecrinerti
849 3739 1032 3795 perdita
1062 3737 1178 3786 luxu
1204 3751 1216 3786 :

537 3791 681 3854 Ij‘arili
707 3809 816 3854 quae
837 3791 946 3846 sera
969 3799 1159 3848 Solebat

538 3852 734 3918 Jejuina
753 3857 946 3905 solvi're
971 3860 1165 3918 glande.

597 3917 705 3984 Non
730 3918 962 3984 Bacchica
976 3917 1176 3984 munera
1207 3931 1396 3984 norant,

534 3974 743 4043 ltiquido
759 3978 1056 4043 confundere
1077 3983 1244 4043 melle,

530 4036 633 4087 Nec
657 4040 808 4088 lucida
835 4041 1017 4090 vellera
1043 4043 1219 4093 Serum

530 4098 678 4160 Tyrio
700 4104 909 4150 miscere
933 4117 1140 4152 veneno.

599 4165 803 4212 Somm‘s
821 4166 958 4227 dabat
983 4166 1131 4213 herba
1159 4166 1402 4227 salubres,

539 4221 708 4287 lfotuui
733 4239 926 4287 quoque
951 4226 1162 4274 lubricus
1187 4229 1356 4287 anuus,

539 4283 739 4348 Umbras
752 4283 985 4335 altissima
1013 4290 1168 4348 pinus.

596 4344 816 4395 Nondum
839 4351 983 4397 maris
1002 4344 1096 4396 alta
1119 4351 1367 4409 sreabant,

533 4404 636 4471 Ere
662 4409 908 4471 mercibus
933 4411 1145 4471 undique
1169 4411 1322 4470 lectis,
1352 4404 1377 4455 ⁷,

535 4467 665 4531 Nova
686 4469 846 4518 littora
877 4467 1278 4531 viderat'hospes,

595 4529 732 4595 Tunc
753 4531 945 4595 classica
963 4545 1092 4581 szeva
1113 4529 1358 4595 tacebant,

692 4607 852 4654 neque
877 4593 1007 4642 fusus
1029 4597 1241 4655 acerbis,

535 4655 684 4704 Cruor
705 4655 893 4703 horrida
915 4658 1129 4706 tinxerat
1154 4671 1281 4705 arva.

597 4717 719 4772 Quid
744 4719 872 4765 enim
893 4717 1022 4766 furor
1042 4719 1250 4768 ιιοςιίιτυε
1269 4718 1363 4767 ulla

534 4775 697 4838 Vellet
723 4780 850 4838 prior
873 4792 1001 4826 arma
1027 4793 1122 4827 mm
1137 4793 1244 4838 ere,

535 4837 652 4901 tium
680 4837 875 4887 vulnera
900 4853 1022 4888 sana
1049 4837 1288 4901 viderent,

535 4899 567 4960 [κ
579 4913 637 4949 ec
659 4905 852 4960 praemia
877 4903 1122 4960 sanguinis
1141 4903 1234 4950 ulla
1248 4904 1271 4950 ?

539 4959 726 5010 Utinam
752 4963 894 5011 modo
919 4959 1079 5010 nostra
1107 4965 1323 5012 redirent

538 5021 773 5084 Iuniores
795 5031 1012 5084 tempora
1038 5025 1238 5084 priscos!

587 5083 685 5132 Sed
709 5087 882 5135 saevior
902 5083 1098 5145 ignibus
1121 5083 1309 5133 {libum

535 5143 754 5194 Fervens
777 5159 910 5195 amor
929 5143 1070 5193 ardet
1095 5148 1322 5195 habendi.

595 5207 705 5256 lleu
727 5209 740 5258 !
768 5212 946 5269 primus
968 5209 1080 5269 quis
1107 5207 1193 5254 fuit
1217 5207 1299 5258 ille

532 5270 648 5316 Auri
673 5271 754 5330 qni
782 5269 993 5330 pondera
1019 5270 1154 5326 tecti,

537 5330 862 5390 Geminasque
886 5329 1039 5378 latere
1064 5330 1305 5390 volentes,

531 5391 752 5441 Pretiosa
777 5392 990 5452 pericula
1012 5390 1163 5442 fodit?

291 5495 564 5551 Salustius
625 5497 770 5552 enim
829 5496 1142 5552 collaudans
1201 5495 1439 5550 breviter
1497 5497 1804 5566 antiquiora

215 5596 466 5658 tempora
498 5590 576 5643 ait
608 5610 619 5642 :
645 5590 868 5656 Quando
910 5589 1017 5642 vita
1043 5589 1322 5649 hominum
1367 5589 1485 5644 sine
1511 5589 1806 5658 cupiditate

217 5683 506 5752 agebatur,
534 5692 588 5739 et
611 5699 706 5738 sua
733 5682 925 5754 cuique
948 5683 1079 5738 satis
1105 5681 1408 5752 placebant.
1433 5679 1627 5742 Postea
1652 5698 1804 5746 vero,

1830 4445 1883 4506 D

1921 1878 2001 1923 tas
2024 1868 2118 1922 Dei
2155 1867 2347 1922 crevit.
2382 1865 2569 1920 Refert
2596 1866 2738 1920 enim
2769 1863 3038 1935 Josephus
3067 1866 3132 1920 de
3160 1863 3276 1934 ejus
3300 1867 3426 1920 filiis
3448 1868 3502 1920 in

1917 1957 2061 2012 hunc
2090 1958 2307 2012 modum
2336 1974 2349 2010 :
2383 1956 2460 2009 llli
2508 1964 2692 2009 autem
2732 1970 2920 2009 omnes
2954 1970 3075 2009 cum
3119 1955 3244 2010 boni
3273 1954 3505 2010 fuissent

1916 2047 2020 2101 orti
2049 2049 2101 2100 in
2130 2049 2319 2102 eadem
2352 2055 2512 2107 terra,
2545 2046 2661 2100 sine
2701 2045 2880 2114 aliqua
2909 2045 3198 2100 vexatione
3236 2045 3500 2112 viventes,

1916 2135 2225 2192 felicissime
2262 2136 2581 2190 commorati
2619 2144 2765 2200 sunt,
2817 2134 3055 2203 nihilque
3089 2135 3169 2189 eis
3214 2151 3390 2205 usque
3434 2137 3502 2190 ad

1914 2230 2037 2284 vita:
2076 2231 2365 2284 terminum
2403 2228 2622 2283 crudele
2667 2228 2932 2297 provenit.
2986 2227 3335 2296 Disciplinam
3373 2242 3502 2281 vero

1915 2338 2097 2376 rerum
2141 2321 2466 2385 coalestinm,
2521 2329 2575 2375 et
2616 2327 2838 2374 ornatus
2897 2335 3084 2372 earum
3127 2319 3377 2388 primitus
3425 2319 3506 2372 in-

1913 2425 2201 2469 venerunt.
2254 2414 2407 2469 Jobal
2455 2422 2637 2467 autem
2692 2411 3125 2482 consanguineus
3167 2427 3357 2465 eorum
3390 2410 3505 2464 exi-

1913 2513 2083 2568 stens,
2116 2505 2375 2559 musicam
2398 2504 2672 2558 adinvenit
2693 2513 2749 2557 et
2776 2501 3092 2571 psalterium
3124 2501 3502 2568 citharamque

1913 2597 2171 2650 laudavit.
2205 2596 2270 2650 Et
2305 2612 2372 2651 ne
2400 2596 2768 2650 dilaberentur
2809 2595 2877 2648 ab
2918 2593 3230 2647 hominibus
3273 2607 3394 2660 qua:
3433 2593 3503 2646 ab

1913 2703 1978 2742 eo
2008 2689 2223 2742 inventa
2269 2687 2612 2750 videbantur,
2662 2694 2756 2739 aut
2799 2693 3088 2753 antequam
3139 2683 3385 2737 venirent
3434 2681 3505 2735 ad

1912 2781 2277 2852 cognitionem
2311 2780 2637 2849 deperit-ent,
2673 2795 2796 2833 cum
2821 2777 3155 2847 prmdixisset
3191 2775 3362 2828 Adam
3403 2789 3502 2829 ex-

1913 2871 2350 2925 terminationem
2385 2885 2564 2923 rerum
2609 2869 2873 2930 omnium,
2912 2883 3074 2921 unam
3103 2866 3242 2936 ignis
3279 2865 3498 2928 virtute,

1912 2959 2138 3013 alteram
2165 2974 2292 3013 vero
2318 2972 2581 3027 aquarum
2612 2957 2662 3009 vi
2694 2971 2758 3010 ac
2795 2954 3134 3008 multitudine
3165 2953 3282 3008 fore
3310 2960 3502 3006 ventu-

1910 3063 2048 3113 ram,
2080 3048 2214 3103 duas
2250 3048 2510 3102 facientes
2537 3046 2837 3107 columnas,
2871 3059 3030 3097 unam
3075 3042 3296 3111 quidem
3325 3056 3391 3095 ex
3421 3040 3497 3093 la-

1913 3142 2139 3205 teribus,
2173 3141 2402 3195 alteram
2436 3155 2564 3194 vero
2601 3154 2665 3193 ex
2689 3137 2976 3207 lapidibus,
3015 3138 3068 3191 in
3096 3135 3360 3190 ambabus
3379 3151 3500 3204 quae

1911 3234 2232 3288 invenerant
2252 3231 2711 3300 conscripserunt,
2739 3239 2796 3283 ut
2820 3228 2940 3282 etsi
2964 3235 3273 3282 constructa
3316 3225 3499 3280 lateri-

1911 3325 2015 3379 bus
2071 3323 2526 3377 exterminaretur
2572 3321 2640 3374 ab
2687 3321 2967 3380 imbribus,
3019 3317 3226 3387 lapidea
3280 3333 3495 3386 penna.

1909 3429 2074 3477 nens,
2113 3413 2375 3482 prieberet
2410 3411 2716 3465 hominibus
2753 3409 2953 3478 scripta
2984 3424 3308 3479 cognoscere
3339 3423 3497 3478 :quaz

1908 3513 2090 3560 tamen
2135 3491 2342 3573 lapidea
2385 3510 2661 3571 permanet
2704 3501 2966 3554 hactenus
3016 3499 3070 3552 in
3113 3506 3258 3552 terra
3299 3497 3490 3569 Syria}.

1907 3595 2050 3664 Ergo
2073 3594 2202 3648 Seth
2234 3609 2354 3647 cum
2383 3593 2737 3646 ducentorum
2767 3590 3004 3658 quinque
3034 3597 3179 3643 esset
3207 3603 3495 3652 annorum,

1908 3685 2092 3756 genuit
2134 3684 2296 3737 Euos.
2329 3683 2472 3737 Euos
2496 3691 2675 3735 autem
2703 3681 2835 3734 vixit
2863 3680 3019 3734 annis
3063 3686 3277 3733 centum
3324 3693 3495 3731 nona-

1907 3773 2075 3844 ginta,
2103 3781 2157 3827 et
2184 3772 2368 3842 genuit
2406 3770 2631 3825 Cainan.
2657 3769 2862 3824 Cainan
2903 3777 3082 3822 autem
3114 3767 3250 3820 vixit
3278 3774 3500 3822 centum

1907 3865 2273 3934 septuaginta,
2304 3871 2360 3918 ct
2385 3863 2568 3932 genuit
2597 3860 2896 3915 Malalehel.
2929 3858 3209 3913 Malalehel
3233 3857 3371 3912 vixit
3397 3872 3491 3911 an-

1909 3956 1994 4009 nis
2039 3962 2255 4009 centum
2305 3954 2584 4024 sexaginta
2636 3953 2894 4022 quinque,
2941 3960 2996 4005 et
3043 3950 3230 4021 genuit
3271 3948 3493 4005 Jarech.

1905 4045 2098 4101 Jarech
2136 4061 2265 4100 vero
2306 4045 2440 4099 vixit
2484 4044 2643 4098 annis
2697 4051 2913 4099 centum
2961 4042 3240 4114 sexaginta
3288 4040 3413 4104 duo,
3440 4052 3500 4096 et

1906 4137 2091 4209 genuit
2141 4137 2347 4192 Euocli.

2497 4266 2724 4323 CAPUT
2764 4264 2878 4320 XII.

1907 4381 1984 4436 De
2018 4379 2200 4434 Enocli
2219 4381 2308 4450 qui
2336 4379 2625 4434 translatus
2653 4389 2747 4442 est,
2769 4379 2858 4450 qui
2878 4379 3035 4450 etiam
3053 4394 3176 4432 suas
3197 4377 3492 4448 praphetius

2461 4451 2679 4519 scriptas
2712 4449 2936 4520 reliquit.

1985 4585 2163 4640 Enoch
2189 4593 2369 4638 autem
2389 4583 2513 4636 vixit
2536 4583 2688 4636 annis
2718 4591 2924 4635 centum
2948 4583 3326 4651 quinquaginta
3348 4581 3496 4651 quin-

1909 4698 2040 4752 que,
2079 4689 2126 4734 et
2167 4679 2341 4750 genuit
2387 4675 2740 4740 Matusalam,
2785 4683 2840 4729 et
2890 4683 3010 4744 post
3039 4675 3154 4729 htec
3184 4689 3354 4729 annos
3386 4683 3495 4729 tre-

1911 4782 2116 4836 centos,
2141 4770 2425 4825 ambulavit
2453 4786 2571 4822 cum
2599 4768 2742 4832 Deo;
2775 4767 2914 4822 unde
2945 4776 2998 4820 et
3031 4783 3137 4822 non
3159 4768 3494 4835 comparuit,

1911 4868 2033 4938 quia
2066 4867 2208 4920 Deus
2234 4879 2357 4918 eum
2387 4863 2524 4917 tulit.
2555 4861 2656 4927 Qui
2686 4861 2850 4914 etiam
2879 4860 3057 4928 aliqua
3083 4859 3328 4928 scripsit,
3358 4857 3492 4913 Juda

1908 4967 2038 5012 teste
2089 4955 2350 5025 apostolo.
2403 4952 2494 5005 Ait
2537 4951 2724 5005 enim:
2761 4947 3091 5018 Prophetarit
3129 4951 3378 5018 septimus
3425 4947 3492 5000 ab

1908 5049 2076 5102 Adam
2110 5046 2310 5108 linoclc,
2337 5043 2516 5096 dicens
2547 5055 2564 5092 :
2593 5039 2730 5092 Ecce
2753 5039 2914 5093 veniet
2941 5037 3197 5092 Dominus
3223 5039 3276 5091 in
3297 5038 3493 5092 sanctis

1906 5138 2135 5192 millibus
2161 5136 2270 5189 suis
2293 5134 2463 5202 facere
2479 5131 2746 5201 judicium
2776 5140 2959 5183 contra
2982 5145 3178 5194 omnes,
3203 5138 3249 5182 et
3275 5143 3493 5197 arguere

1907 5245 2083 5281 omnes
2123 5225 2341 5296 impios,
2383 5231 2488 5278 etc.
2529 5221 2756 5290 Liquido
2795 5235 3026 5288 namque
3051 5218 3250 5283 claret,
3277 5219 3345 5273 ab
3377 5219 3493 5288 ipso

1906 5318 2188 5374 exordium
2243 5316 2545 5369 litterarum
2590 5313 2764 5382 primo
2811 5310 3029 5364 homine
3077 5310 3344 5380 caepisse,
3399 5309 3490 5378 qui

1908 5408 2084 5465 adhuc
2110 5414 2422 5474 supererat,
2462 5403 2675 5472 quando
2707 5401 2800 5454 lilii
2838 5416 2903 5454 ac
2933 5409 3156 5469 nepotes
3182 5400 3262 5453 sui
3295 5399 3347 5452 in
3378 5409 3492 5454 stu-

1908 5499 1997 5554 dio
2025 5496 2302 5567 sapientia:
2341 5493 2642 5549 fervebant.
2679 5491 2831 5547 Unde
2861 5491 3023 5544 etiam
3055 5489 3150 5542 filii
3193 5489 3323 5544 Seth
3369 5507 3490 5545 cum

1907 5587 2060 5643 Jobal
2089 5584 2491 5654 consanguineo
2517 5584 2569 5638 in
2593 5581 2857 5638 columnis
2883 5597 2948 5635 ea
2975 5595 3095 5649 qua:
3120 5580 3394 5650 sapienter
3423 5582 3493 5635 de

1907 5679 2189 5748 disciplina
2216 5675 2517 5733 cmlestium
2548 5690 2729 5729 rerum
2758 5673 3148 5728 adiuvencrunt
3169 5711 3183 5738 ,
3213 5688 3336 5726 cum
3369 5673 3492 5726 reli-
