  <div class='ocr_page' id='page_1' title='image "/cluster/home/n/w/nwhite01/storage/ocr_20150623/106/hvd.32044054759717/470.png"; bbox 0 0 3898 6178; ppageno 0'>
   <div class='ocr_carea' id='block_1_1' title="bbox 181 328 679 395">
    <p class='ocr_par' dir='ltr' id='par_1_1' title="bbox 181 328 679 395">
     <span class='ocr_line' id='line_1_1' title="bbox 181 328 679 395; baseline 0.008 -4"><span class='ocrx_word' id='word_1_1' title='bbox 181 328 275 391; x_wconf 61' lang='grc' dir='ltr'><strong>ως</strong></span> <span class='ocrx_word' id='word_1_2' title='bbox 423 330 433 339; x_wconf 88' lang='grc'><strong>’</strong></span> <span class='ocrx_word' id='word_1_3' title='bbox 671 386 679 395; x_wconf 95' lang='grc'><strong>.</strong></span> 
     </span>
    </p>
   </div>
   <div class='ocr_carea' id='block_1_2' title="bbox 740 430 1181 488">
    <p class='ocr_par' dir='ltr' id='par_1_2' title="bbox 740 430 1181 488">
     <span class='ocr_line' id='line_1_2' title="bbox 740 430 1181 488; baseline -0.011 0"><span class='ocrx_word' id='word_1_4' title='bbox 740 432 964 488; x_wconf 71' lang='lat' dir='ltr'><strong>CAPUT</strong></span> <span class='ocrx_word' id='word_1_5' title='bbox 1000 430 1181 484; x_wconf 72' lang='lat' dir='ltr'><strong>XVIII.</strong></span> 
     </span>
    </p>
   </div>
   <div class='ocr_carea' id='block_1_3' title="bbox 178 535 1748 614">
    <p class='ocr_par' dir='ltr' id='par_1_3' title="bbox 178 535 1748 614">
     <span class='ocr_line' id='line_1_3' title="bbox 178 535 1748 614; baseline -0.013 -7"><span class='ocrx_word' id='word_1_6' title='bbox 178 552 253 607; x_wconf 84' lang='lat' dir='ltr'><strong>De</strong></span> <span class='ocrx_word' id='word_1_7' title='bbox 284 551 363 603; x_wconf 86' lang='lat' dir='ltr'><strong>ira</strong></span> <span class='ocrx_word' id='word_1_8' title='bbox 393 546 516 609; x_wconf 86' lang='lat' dir='ltr'><strong>Dei,</strong></span> <span class='ocrx_word' id='word_1_9' title='bbox 541 554 589 599; x_wconf 88' lang='lat' dir='ltr'><strong>et</strong></span> <span class='ocrx_word' id='word_1_10' title='bbox 614 544 676 599; x_wconf 81' lang='lat' dir='ltr'><strong>de</strong></span> <span class='ocrx_word' id='word_1_11' title='bbox 699 561 759 598; x_wconf 90' lang='lat' dir='ltr'><strong>eo</strong></span> <span class='ocrx_word' id='word_1_12' title='bbox 778 543 917 614; x_wconf 81' lang='lat' dir='ltr'><strong>quod</strong></span> <span class='ocrx_word' id='word_1_13' title='bbox 943 543 1191 609; x_wconf 75' lang='lat' dir='ltr'><strong>scriptum</strong></span> <span class='ocrx_word' id='word_1_14' title='bbox 1213 551 1285 614; x_wconf 77' lang='lat' dir='ltr'><strong>est</strong></span> <span class='ocrx_word' id='word_1_15' title='bbox 1306 536 1605 614; x_wconf 39' lang='lat' dir='ltr'><strong>in‘ﬂenesilf</strong></span> <span class='ocrx_word' id='word_1_16' title='bbox 1628 535 1748 614; x_wconf 63' lang='lat' dir='ltr'><strong>Pte—</strong></span> 
     </span>
    </p>
   </div>
   <div class='ocr_carea' id='block_1_4' title="bbox 210 604 1746 687">
    <p class='ocr_par' dir='ltr' id='par_1_4' title="bbox 210 604 1746 687">
     <span class='ocr_line' id='line_1_4' title="bbox 210 604 1746 687; baseline -0.011 -13"><span class='ocrx_word' id='word_1_17' title='bbox 210 604 384 674; x_wconf 64' lang='lat' dir='ltr'><strong>nitet</strong></span> <span class='ocrx_word' id='word_1_18' title='bbox 424 604 512 687; x_wconf 75' lang='lat' dir='ltr'><strong>uie</strong></span> <span class='ocrx_word' id='word_1_19' title='bbox 538 604 806 687; x_wconf 77' lang='lat' dir='ltr'><strong>hominem</strong></span> <span class='ocrx_word' id='word_1_20' title='bbox 846 604 1063 674; x_wconf 71' lang='lat' dir='ltr'><strong>t‘eciSse,</strong></span> <span class='ocrx_word' id='word_1_21' title='bbox 1105 610 1311 687; x_wconf 75' lang='lat' dir='ltr'><strong>cumin</strong></span> <span class='ocrx_word' id='word_1_22' title='bbox 1347 607 1454 687; x_wconf 69' lang='lat' dir='ltr'><strong>pec</strong></span> <span class='ocrx_word' id='word_1_23' title='bbox 1495 604 1640 660; x_wconf 79' lang='lat' dir='ltr'><strong>nulla</strong></span> <span class='ocrx_word' id='word_1_24' title='bbox 1679 606 1746 658; x_wconf 85' lang='lat' dir='ltr'><strong>sit</strong></span> 
     </span>
    </p>
   </div>
   <div class='ocr_carea' id='block_1_5' title="bbox 243 678 1416 759">
    <p class='ocr_par' dir='ltr' id='par_1_5' title="bbox 243 678 1416 759">
     <span class='ocr_line' id='line_1_5' title="bbox 243 678 1416 759; baseline -0.012 -17"><span class='ocrx_word' id='word_1_25' title='bbox 243 681 565 759; x_wconf 68' lang='lat' dir='ltr'><strong>paenitentia,</strong></span> <span class='ocrx_word' id='word_1_26' title='bbox 595 686 651 735; x_wconf 87' lang='lat' dir='ltr'><strong>in</strong></span> <span class='ocrx_word' id='word_1_27' title='bbox 679 700 781 753; x_wconf 80' lang='lat' dir='ltr'><strong>quo</strong></span> <span class='ocrx_word' id='word_1_28' title='bbox 804 692 876 735; x_wconf 82' lang='lat' dir='ltr'><strong>est</strong></span> <span class='ocrx_word' id='word_1_29' title='bbox 903 691 1043 736; x_wconf 88' lang='lat' dir='ltr'><strong>certa</strong></span> <span class='ocrx_word' id='word_1_30' title='bbox 1068 678 1416 749; x_wconf 70' lang='lat' dir='ltr'><strong>prwscientia.</strong></span> 
     </span>
    </p>
   </div>
   <div class='ocr_carea' id='block_1_6' title="bbox 253 765 1749 842">
    <p class='ocr_par' dir='ltr' id='par_1_6' title="bbox 253 765 1749 842">
     <span class='ocr_line' id='line_1_6' title="bbox 253 765 1749 842; baseline -0.008 -12"><span class='ocrx_word' id='word_1_31' title='bbox 253 776 476 837; x_wconf 72' lang='lat' dir='ltr'><strong>Videris,</strong></span> <span class='ocrx_word' id='word_1_32' title='bbox 518 772 694 842; x_wconf 97' lang='lat' dir='ltr'><strong>inquit</strong></span> <span class='ocrx_word' id='word_1_33' title='bbox 729 771 984 825; x_wconf 84' lang='lat' dir='ltr'><strong>Dominus</strong></span> <span class='ocrx_word' id='word_1_34' title='bbox 1016 769 1191 834; x_wconf 88' lang='lat' dir='ltr'><strong>Deus,</strong></span> <span class='ocrx_word' id='word_1_35' title='bbox 1227 769 1351 839; x_wconf 85' lang='lat' dir='ltr'><strong>quia</strong></span> <span class='ocrx_word' id='word_1_36' title='bbox 1391 765 1749 835; x_wconf 74' lang='lat' dir='ltr'><strong>multiplicata:</strong></span> 
     </span>
    </p>
   </div>
   <div class='ocr_carea' id='block_1_7' title="bbox 179 853 1749 928">
    <p class='ocr_par' dir='ltr' id='par_1_7' title="bbox 179 853 1749 928">
     <span class='ocr_line' id='line_1_7' title="bbox 179 853 1749 928; baseline -0.009 -8"><span class='ocrx_word' id='word_1_37' title='bbox 179 875 297 921; x_wconf 88' lang='lat' dir='ltr'><strong>sunt</strong></span> <span class='ocrx_word' id='word_1_38' title='bbox 340 861 556 917; x_wconf 71' lang='lat' dir='ltr'><strong>malitia:</strong></span> <span class='ocrx_word' id='word_1_39' title='bbox 584 861 855 915; x_wconf 76' lang='lat' dir='ltr'><strong>hominum</strong></span> <span class='ocrx_word' id='word_1_40' title='bbox 892 875 1049 928; x_wconf 82' lang='lat' dir='ltr'><strong>super</strong></span> <span class='ocrx_word' id='word_1_41' title='bbox 1084 868 1276 914; x_wconf 87' lang='lat' dir='ltr'><strong>terram</strong></span> <span class='ocrx_word' id='word_1_42' title='bbox 1300 897 1315 919; x_wconf 90' lang='lat'><strong>,</strong></span> <span class='ocrx_word' id='word_1_43' title='bbox 1357 856 1489 910; x_wconf 66' lang='lat' dir='ltr'><strong>dixit</strong></span> <span class='ocrx_word' id='word_1_44' title='bbox 1515 870 1532 909; x_wconf 91' lang='lat'><strong><em>:</em></strong></span> <span class='ocrx_word' id='word_1_45' title='bbox 1560 853 1749 908; x_wconf 83' lang='lat' dir='ltr'><strong>Delebo</strong></span> 
     </span>
    </p>
   </div>
   <div class='ocr_carea' id='block_1_8' title="bbox 180 945 1750 1025">
    <p class='ocr_par' dir='ltr' id='par_1_8' title="bbox 180 945 1750 1025">
     <span class='ocr_line' id='line_1_8' title="bbox 180 945 1750 1025; baseline -0.008 -14"><span class='ocrx_word' id='word_1_46' title='bbox 180 958 437 1012; x_wconf 72' lang='lat' dir='ltr'><strong>hominem</strong></span> <span class='ocrx_word' id='word_1_47' title='bbox 454 969 605 1025; x_wconf 82' lang='lat' dir='ltr'><strong>quem</strong></span> <span class='ocrx_word' id='word_1_48' title='bbox 627 952 727 1023; x_wconf 74' lang='lat' dir='ltr'><strong>feci</strong></span> <span class='ocrx_word' id='word_1_49' title='bbox 762 969 796 1003; x_wconf 81' lang='grc' dir='ltr'>α</span> <span class='ocrx_word' id='word_1_50' title='bbox 830 952 968 1021; x_wconf 83' lang='lat' dir='ltr'><strong>facie</strong></span> <span class='ocrx_word' id='word_1_51' title='bbox 1005 960 1158 1004; x_wconf 71' lang='lat' dir='ltr'><strong>terra:</strong></span> <span class='ocrx_word' id='word_1_52' title='bbox 1182 949 1246 1003; x_wconf 86' lang='lat' dir='ltr'><strong>ab</strong></span> <span class='ocrx_word' id='word_1_53' title='bbox 1276 949 1480 1004; x_wconf 78' lang='lat' dir='ltr'><strong>nomine</strong></span> <span class='ocrx_word' id='word_1_54' title='bbox 1499 963 1659 1016; x_wconf 83' lang='lat' dir='ltr'><strong>usque</strong></span> <span class='ocrx_word' id='word_1_55' title='bbox 1681 945 1750 999; x_wconf 84' lang='lat' dir='ltr'><strong>ad</strong></span> 
     </span>
    </p>
   </div>
   <div class='ocr_carea' id='block_1_9' title="bbox 180 1036 1753 1117">
    <p class='ocr_par' dir='ltr' id='par_1_9' title="bbox 180 1036 1753 1117">
     <span class='ocr_line' id='line_1_9' title="bbox 180 1036 1753 1117; baseline -0.008 -15"><span class='ocrx_word' id='word_1_56' title='bbox 180 1043 332 1117; x_wconf 70' lang='lat' dir='ltr'><strong>pecus</strong></span> <span class='ocrx_word' id='word_1_57' title='bbox 356 1087 372 1110; x_wconf 96' lang='lat'><strong>,</strong></span> <span class='ocrx_word' id='word_1_58' title='bbox 407 1054 454 1100; x_wconf 71' lang='lat' dir='ltr'><strong>ei</strong></span> <span class='ocrx_word' id='word_1_59' title='bbox 491 1061 523 1098; x_wconf 88' lang='lat' dir='ltr'><strong>a</strong></span> <span class='ocrx_word' id='word_1_60' title='bbox 553 1042 844 1113; x_wconf 82' lang='lat' dir='ltr'><strong>repentibus</strong></span> <span class='ocrx_word' id='word_1_61' title='bbox 880 1058 1042 1111; x_wconf 79' lang='lat' dir='ltr'><strong>usque</strong></span> <span class='ocrx_word' id='word_1_62' title='bbox 1074 1041 1145 1094; x_wconf 83' lang='lat' dir='ltr'><strong>ad</strong></span> <span class='ocrx_word' id='word_1_63' title='bbox 1183 1039 1415 1095; x_wconf 75' lang='lat' dir='ltr'><strong>volatilia</strong></span> <span class='ocrx_word' id='word_1_64' title='bbox 1441 1039 1554 1093; x_wconf 68' lang='lat' dir='ltr'><strong>caeli</strong></span> <span class='ocrx_word' id='word_1_65' title='bbox 1576 1078 1591 1101; x_wconf 92' lang='lat'><strong>,</strong></span> <span class='ocrx_word' id='word_1_66' title='bbox 1628 1036 1753 1107; x_wconf 85' lang='lat' dir='ltr'><strong>quia</strong></span> 
     </span>
    </p>
   </div>
   <div class='ocr_carea' id='block_1_10' title="bbox 182 1129 1754 1205">
    <p class='ocr_par' dir='ltr' id='par_1_10' title="bbox 182 1129 1754 1205">
     <span class='ocr_line' id='line_1_10' title="bbox 182 1129 1754 1205; baseline -0.005 -15"><span class='ocrx_word' id='word_1_67' title='bbox 182 1140 345 1192; x_wconf 76' lang='lat' dir='ltr'><strong>iratus</strong></span> <span class='ocrx_word' id='word_1_68' title='bbox 379 1150 497 1190; x_wconf 83' lang='lat' dir='ltr'><strong>sum</strong></span> <span class='ocrx_word' id='word_1_69' title='bbox 540 1132 789 1205; x_wconf 82' lang='lat' dir='ltr'><strong>quoniam</strong></span> <span class='ocrx_word' id='word_1_70' title='bbox 820 1132 918 1201; x_wconf 79' lang='lat' dir='ltr'><strong>feci</strong></span> <span class='ocrx_word' id='word_1_71' title='bbox 956 1148 1062 1186; x_wconf 88' lang='lat' dir='ltr'><strong>eos.</strong></span> <span class='ocrx_word' id='word_1_72' title='bbox 1095 1131 1181 1187; x_wconf 89' lang='lat' dir='ltr'><strong>Ira</strong></span> <span class='ocrx_word' id='word_1_73' title='bbox 1205 1131 1300 1186; x_wconf 85' lang='lat' dir='ltr'><strong>Dei</strong></span> <span class='ocrx_word' id='word_1_74' title='bbox 1336 1145 1442 1185; x_wconf 90' lang='lat' dir='ltr'><strong>non</strong></span> <span class='ocrx_word' id='word_1_75' title='bbox 1470 1129 1754 1199; x_wconf 89' lang='lat' dir='ltr'><strong>perturba-</strong></span> 
     </span>
    </p>
   </div>
   <div class='ocr_carea' id='block_1_11' title="bbox 186 1219 1755 1293">
    <p class='ocr_par' dir='ltr' id='par_1_11' title="bbox 186 1219 1755 1293">
     <span class='ocr_line' id='line_1_11' title="bbox 186 1219 1755 1293; baseline -0.006 -12"><span class='ocrx_word' id='word_1_76' title='bbox 186 1229 255 1282; x_wconf 90' lang='lat' dir='ltr'><strong>tio</strong></span> <span class='ocrx_word' id='word_1_77' title='bbox 283 1225 448 1281; x_wconf 88' lang='lat' dir='ltr'><strong>animi</strong></span> <span class='ocrx_word' id='word_1_78' title='bbox 489 1223 607 1293; x_wconf 81' lang='lat' dir='ltr'><strong>ejus</strong></span> <span class='ocrx_word' id='word_1_79' title='bbox 631 1231 735 1290; x_wconf 81' lang='lat' dir='ltr'><strong>est,</strong></span> <span class='ocrx_word' id='word_1_80' title='bbox 782 1221 879 1279; x_wconf 89' lang='lat' dir='ltr'><strong>sed</strong></span> <span class='ocrx_word' id='word_1_81' title='bbox 912 1219 1205 1289; x_wconf 84' lang='lat' dir='ltr'><strong>judicium,</strong></span> <span class='ocrx_word' id='word_1_82' title='bbox 1250 1220 1303 1273; x_wconf 88' lang='lat' dir='ltr'><strong>in</strong></span> <span class='ocrx_word' id='word_1_83' title='bbox 1346 1233 1453 1288; x_wconf 91' lang='lat' dir='ltr'><strong>quo</strong></span> <span class='ocrx_word' id='word_1_84' title='bbox 1485 1219 1755 1285; x_wconf 82' lang='lat' dir='ltr'><strong>irrogatur</strong></span> 
     </span>
    </p>
   </div>
   <div class='ocr_carea' id='block_1_12' title="bbox 185 1307 1756 1387">
    <p class='ocr_par' dir='ltr' id='par_1_12' title="bbox 185 1307 1756 1387">
     <span class='ocr_line' id='line_1_12' title="bbox 185 1307 1756 1387; baseline -0.008 -16"><span class='ocrx_word' id='word_1_85' title='bbox 185 1331 339 1387; x_wconf 69' lang='lat' dir='ltr'><strong>plena</strong></span> <span class='ocrx_word' id='word_1_86' title='bbox 391 1313 682 1386; x_wconf 78' lang='lat' dir='ltr'><strong>peccatori.</strong></span> <span class='ocrx_word' id='word_1_87' title='bbox 726 1310 996 1381; x_wconf 75' lang='lat' dir='ltr'><strong>Cogitatio</strong></span> <span class='ocrx_word' id='word_1_88' title='bbox 1033 1326 1162 1364; x_wconf 89' lang='lat' dir='ltr'><strong>vero</strong></span> <span class='ocrx_word' id='word_1_89' title='bbox 1195 1308 1312 1387; x_wconf 83' lang='lat' dir='ltr'><strong>ejus</strong></span> <span class='ocrx_word' id='word_1_90' title='bbox 1347 1317 1402 1363; x_wconf 91' lang='lat' dir='ltr'><strong>et</strong></span> <span class='ocrx_word' id='word_1_91' title='bbox 1440 1307 1756 1377; x_wconf 78' lang='lat' dir='ltr'><strong>recogitatio</strong></span> 
     </span>
    </p>
   </div>
   <div class='ocr_carea' id='block_1_13' title="bbox 185 1386 1756 1468">
    <p class='ocr_par' dir='ltr' id='par_1_13' title="bbox 185 1386 1756 1468">
     <span class='ocr_line' id='line_1_13' title="bbox 185 1386 1756 1468; baseline -0.006 -5"><span class='ocrx_word' id='word_1_92' title='bbox 185 1386 563 1463; x_wconf 82' lang='lat' dir='ltr'><strong>mutandarum</strong></span> <span class='ocrx_word' id='word_1_93' title='bbox 606 1418 788 1457; x_wconf 87' lang='lat' dir='ltr'><strong>rerum</strong></span> <span class='ocrx_word' id='word_1_94' title='bbox 831 1411 917 1458; x_wconf 89' lang='lat' dir='ltr'><strong>est</strong></span> <span class='ocrx_word' id='word_1_95' title='bbox 960 1386 1311 1459; x_wconf 84' lang='lat' dir='ltr'><strong>immutabilis</strong></span> <span class='ocrx_word' id='word_1_96' title='bbox 1354 1400 1513 1456; x_wconf 91' lang='lat' dir='ltr'><strong>ratio.</strong></span> <span class='ocrx_word' id='word_1_97' title='bbox 1572 1397 1756 1468; x_wconf 81' lang='lat' dir='ltr'><strong>Neque</strong></span> 
     </span>
    </p>
   </div>
   <div class='ocr_carea' id='block_1_14' title="bbox 183 1486 1756 1558">
    <p class='ocr_par' dir='ltr' id='par_1_14' title="bbox 183 1486 1756 1558">
     <span class='ocr_line' id='line_1_14' title="bbox 183 1486 1756 1558; baseline -0.008 -5"><span class='ocrx_word' id='word_1_98' title='bbox 183 1500 327 1553; x_wconf 85' lang='lat' dir='ltr'><strong>enim</strong></span> <span class='ocrx_word' id='word_1_99' title='bbox 356 1498 499 1551; x_wconf 84' lang='lat' dir='ltr'><strong>sicut</strong></span> <span class='ocrx_word' id='word_1_100' title='bbox 537 1494 808 1549; x_wconf 79' lang='lat' dir='ltr'><strong>hominem</strong></span> <span class='ocrx_word' id='word_1_101' title='bbox 827 1532 843 1557; x_wconf 95' lang='lat'><strong>,</strong></span> <span class='ocrx_word' id='word_1_102' title='bbox 876 1493 949 1546; x_wconf 88' lang='lat' dir='ltr'><strong>ita</strong></span> <span class='ocrx_word' id='word_1_103' title='bbox 977 1491 1261 1545; x_wconf 89' lang='lat' dir='ltr'><strong>Dominum</strong></span> <span class='ocrx_word' id='word_1_104' title='bbox 1291 1488 1606 1558; x_wconf 81' lang='lat' dir='ltr'><strong>cujusquam</strong></span> <span class='ocrx_word' id='word_1_105' title='bbox 1631 1486 1756 1542; x_wconf 81' lang='lat' dir='ltr'><strong>facti</strong></span> 
     </span>
    </p>
   </div>
   <div class='ocr_carea' id='block_1_15' title="bbox 181 1577 1755 1658">
    <p class='ocr_par' dir='ltr' id='par_1_15' title="bbox 181 1577 1755 1658">
     <span class='ocr_line' id='line_1_15' title="bbox 181 1577 1755 1658; baseline -0.008 -17"><span class='ocrx_word' id='word_1_106' title='bbox 181 1584 528 1658; x_wconf 74' lang='lat' dir='ltr'><strong>pmnitet‘sui,</strong></span> <span class='ocrx_word' id='word_1_107' title='bbox 564 1580 718 1650; x_wconf 75' lang='lat' dir='ltr'><strong>cujus</strong></span> <span class='ocrx_word' id='word_1_108' title='bbox 738 1589 823 1636; x_wconf 91' lang='lat' dir='ltr'><strong>est</strong></span> <span class='ocrx_word' id='word_1_109' title='bbox 846 1581 913 1635; x_wconf 90' lang='lat' dir='ltr'><strong>de</strong></span> <span class='ocrx_word' id='word_1_110' title='bbox 939 1577 1190 1635; x_wconf 80' lang='lat' dir='ltr'><strong>omnibus</strong></span> <span class='ocrx_word' id='word_1_111' title='bbox 1213 1579 1434 1633; x_wconf 86' lang='lat' dir='ltr'><strong>omnino</strong></span> <span class='ocrx_word' id='word_1_112' title='bbox 1461 1578 1620 1632; x_wconf 88' lang='lat' dir='ltr'><strong>rebus</strong></span> <span class='ocrx_word' id='word_1_113' title='bbox 1646 1584 1755 1631; x_wconf 85' lang='lat' dir='ltr'><strong>tam</strong></span> 
     </span>
    </p>
   </div>
   <div class='ocr_carea' id='block_1_16' title="bbox 184 1668 1755 1741">
    <p class='ocr_par' dir='ltr' id='par_1_16' title="bbox 184 1668 1755 1741">
     <span class='ocr_line' id='line_1_16' title="bbox 184 1668 1755 1741; baseline -0.006 -12"><span class='ocrx_word' id='word_1_114' title='bbox 184 1677 285 1729; x_wconf 76' lang='lat' dir='ltr'><strong>ﬁxa</strong></span> <span class='ocrx_word' id='word_1_115' title='bbox 312 1673 612 1738; x_wconf 85' lang='lat' dir='ltr'><strong>sententia,</strong></span> <span class='ocrx_word' id='word_1_116' title='bbox 649 1687 810 1741; x_wconf 85' lang='lat' dir='ltr'><strong>quam</strong></span> <span class='ocrx_word' id='word_1_117' title='bbox 844 1678 992 1726; x_wconf 89' lang='lat' dir='ltr'><strong>certa</strong></span> <span class='ocrx_word' id='word_1_118' title='bbox 1017 1669 1373 1740; x_wconf 62' lang='lat' dir='ltr'><strong>priescieutia.</strong></span> <span class='ocrx_word' id='word_1_119' title='bbox 1405 1668 1511 1723; x_wconf 90' lang='lat' dir='ltr'><strong>Sed</strong></span> <span class='ocrx_word' id='word_1_120' title='bbox 1555 1668 1600 1723; x_wconf 91' lang='lat' dir='ltr'><strong>si</strong></span> <span class='ocrx_word' id='word_1_121' title='bbox 1648 1682 1755 1722; x_wconf 87' lang='lat' dir='ltr'><strong>non</strong></span> 
     </span>
    </p>
   </div>
   <div class='ocr_carea' id='block_1_17' title="bbox 1305 305 2360 369">
    <p class='ocr_par' dir='ltr' id='par_1_17' title="bbox 1305 305 2360 369">
     <span class='ocr_line' id='line_1_17' title="bbox 1305 305 2360 369; baseline -0.012 0"><span class='ocrx_word' id='word_1_122' title='bbox 1305 310 1716 369; x_wconf 69' lang='lat' dir='ltr'><strong>(illIiOXlCON.</strong></span> <span class='ocrx_word' id='word_1_123' title='bbox 1759 342 1827 351; x_wconf 94' lang='lat'><strong>-—</strong></span> <span class='ocrx_word' id='word_1_124' title='bbox 1868 308 2032 363; x_wconf 65' lang='lat' dir='ltr'><strong>T020“</strong></span> <span class='ocrx_word' id='word_1_125' title='bbox 2070 308 2087 362; x_wconf 87' lang='lat' dir='ltr'><strong>l</strong></span> <span class='ocrx_word' id='word_1_126' title='bbox 2153 306 2280 361; x_wconf 75' lang='lat' dir='ltr'><strong>LIB.</strong></span> <span class='ocrx_word' id='word_1_127' title='bbox 2320 305 2360 357; x_wconf 82' lang='lat' dir='ltr'><strong>l.</strong></span> 
     </span>
    </p>
   </div>
   <div class='ocr_carea' id='block_1_18' title="bbox 1775 408 3422 487">
    <p class='ocr_par' dir='ltr' id='par_1_18' title="bbox 1775 408 3422 487">
     <span class='ocr_line' id='line_1_18' title="bbox 1775 408 3422 487; baseline -0.005 -15"><span class='ocrx_word' id='word_1_128' title='bbox 1775 427 1820 487; x_wconf 73' lang='grc' dir='ltr'><strong>Α</strong></span> <span class='ocrx_word' id='word_1_129' title='bbox 1853 418 1944 472; x_wconf 86' lang='lat' dir='ltr'><strong>ﬁlii</strong></span> <span class='ocrx_word' id='word_1_130' title='bbox 1972 416 2212 486; x_wconf 87' lang='lat' dir='ltr'><strong>patribus</strong></span> <span class='ocrx_word' id='word_1_131' title='bbox 2238 412 2606 473; x_wconf 77' lang='lat' dir='ltr'><strong>succedentes,</strong></span> <span class='ocrx_word' id='word_1_132' title='bbox 2647 408 2774 463; x_wconf 84' lang='lat' dir='ltr'><strong>dum</strong></span> <span class='ocrx_word' id='word_1_133' title='bbox 2804 414 2945 462; x_wconf 69' lang='lat' dir='ltr'><strong>esset</strong></span> <span class='ocrx_word' id='word_1_134' title='bbox 2973 409 3039 462; x_wconf 64' lang='lat' dir='ltr'><strong>ab</strong></span> <span class='ocrx_word' id='word_1_135' title='bbox 3068 409 3235 463; x_wconf 61' lang='lat' dir='ltr'><strong>Adam</strong></span> <span class='ocrx_word' id='word_1_136' title='bbox 3277 411 3422 464; x_wconf 85' lang='lat' dir='ltr'><strong>deci-</strong></span> 
     </span>
    </p>
   </div>
   <div class='ocr_carea' id='block_1_19' title="bbox 3320 298 3423 357">
    <p class='ocr_par' dir='ltr' id='par_1_19' title="bbox 3320 298 3423 357">
     <span class='ocr_line' id='line_1_19' title="bbox 3320 298 3423 357; baseline -0.029 0"><span class='ocrx_word' id='word_1_137' title='bbox 3320 298 3423 357; x_wconf 74' lang='lat'><strong>950</strong></span> 
     </span>
    </p>
   </div>
   <div class='ocr_carea' id='block_1_20' title="bbox 1847 499 3433 576">
    <p class='ocr_par' dir='ltr' id='par_1_20' title="bbox 1847 499 3433 576">
     <span class='ocr_line' id='line_1_20' title="bbox 1847 499 3433 576; baseline -0.009 -14"><span class='ocrx_word' id='word_1_138' title='bbox 1847 524 1985 570; x_wconf 79' lang='lat' dir='ltr'><strong>ntus,</strong></span> <span class='ocrx_word' id='word_1_139' title='bbox 2018 504 2257 576; x_wconf 79' lang='lat' dir='ltr'><strong>graviter</strong></span> <span class='ocrx_word' id='word_1_140' title='bbox 2287 502 2465 556; x_wconf 78' lang='lat' dir='ltr'><strong>ferens</strong></span> <span class='ocrx_word' id='word_1_141' title='bbox 2492 508 2643 554; x_wconf 89' lang='lat' dir='ltr'><strong>actus</strong></span> <span class='ocrx_word' id='word_1_142' title='bbox 2672 499 2966 559; x_wconf 83' lang='lat' dir='ltr'><strong>hominum,</strong></span> <span class='ocrx_word' id='word_1_143' title='bbox 3020 505 3075 552; x_wconf 85' lang='lat' dir='ltr'><strong>ct</strong></span> <span class='ocrx_word' id='word_1_144' title='bbox 3104 499 3307 553; x_wconf 85' lang='lat' dir='ltr'><strong>habens</strong></span> <span class='ocrx_word' id='word_1_145' title='bbox 3330 514 3433 552; x_wconf 85' lang='lat' dir='ltr'><strong>co-.</strong></span> 
     </span>
    </p>
   </div>
   <div class='ocr_carea' id='block_1_21' title="bbox 1850 587 3423 659">
    <p class='ocr_par' dir='ltr' id='par_1_21' title="bbox 1850 587 3423 659">
     <span class='ocr_line' id='line_1_21' title="bbox 1850 587 3423 659; baseline -0.007 -8"><span class='ocrx_word' id='word_1_146' title='bbox 1850 610 1967 650; x_wconf 90' lang='lat' dir='ltr'><strong>rum</strong></span> <span class='ocrx_word' id='word_1_147' title='bbox 1994 593 2220 649; x_wconf 90' lang='lat' dir='ltr'><strong>consilia</strong></span> <span class='ocrx_word' id='word_1_148' title='bbox 2248 590 2409 644; x_wconf 86' lang='lat' dir='ltr'><strong>nimis</strong></span> <span class='ocrx_word' id='word_1_149' title='bbox 2436 588 2977 659; x_wconf 84' lang='lat' dir='ltr'><strong>ingrata,-satagcbat</strong></span> <span class='ocrx_word' id='word_1_150' title='bbox 3003 595 3061 640; x_wconf 88' lang='lat' dir='ltr'><strong>ut</strong></span> <span class='ocrx_word' id='word_1_151' title='bbox 3095 588 3162 643; x_wconf 88' lang='lat' dir='ltr'><strong>ad</strong></span> <span class='ocrx_word' id='word_1_152' title='bbox 3204 587 3423 642; x_wconf 84' lang='lat' dir='ltr'><strong>meliora</strong></span> 
     </span>
    </p>
   </div>
   <div class='ocr_carea' id='block_1_22' title="bbox 1847 677 3428 747">
    <p class='ocr_par' dir='ltr' id='par_1_22' title="bbox 1847 677 3428 747">
     <span class='ocr_line' id='line_1_22' title="bbox 1847 677 3428 747; baseline -0.006 -6"><span class='ocrx_word' id='word_1_153' title='bbox 1847 693 2081 741; x_wconf 85' lang='lat' dir='ltr'><strong>mentem</strong></span> <span class='ocrx_word' id='word_1_154' title='bbox 2102 696 2289 737; x_wconf 90' lang='lat' dir='ltr'><strong>eorum</strong></span> <span class='ocrx_word' id='word_1_155' title='bbox 2321 688 2579 747; x_wconf 85' lang='lat' dir='ltr'><strong>actusque</strong></span> <span class='ocrx_word' id='word_1_156' title='bbox 2604 677 2941 733; x_wconf 81' lang='lat' dir='ltr'><strong>transferret.</strong></span> <span class='ocrx_word' id='word_1_157' title='bbox 2981 677 3115 733; x_wconf 88' lang='lat' dir='ltr'><strong>Cum</strong></span> <span class='ocrx_word' id='word_1_158' title='bbox 3139 686 3321 733; x_wconf 90' lang='lat' dir='ltr'><strong>autem</strong></span> <span class='ocrx_word' id='word_1_159' title='bbox 3348 678 3428 731; x_wconf 83' lang='lat' dir='ltr'><strong>vi—</strong></span> 
     </span>
    </p>
   </div>
   <div class='ocr_carea' id='block_1_23' title="bbox 1847 769 3423 844">
    <p class='ocr_par' dir='ltr' id='par_1_23' title="bbox 1847 769 3423 844">
     <span class='ocr_line' id='line_1_23' title="bbox 1847 769 3423 844; baseline -0.006 -13"><span class='ocrx_word' id='word_1_160' title='bbox 1847 777 2001 833; x_wconf 85' lang='lat' dir='ltr'><strong>deret</strong></span> <span class='ocrx_word' id='word_1_161' title='bbox 2043 774 2185 844; x_wconf 88' lang='lat' dir='ltr'><strong>quod</strong></span> <span class='ocrx_word' id='word_1_162' title='bbox 2233 788 2338 827; x_wconf 90' lang='lat' dir='ltr'><strong>non</strong></span> <span class='ocrx_word' id='word_1_163' title='bbox 2378 770 2786 840; x_wconf 81' lang='lat' dir='ltr'><strong>acquiescerent</strong></span> <span class='ocrx_word' id='word_1_164' title='bbox 2827 769 2894 822; x_wconf 87' lang='lat' dir='ltr'><strong>ad</strong></span> <span class='ocrx_word' id='word_1_165' title='bbox 2941 770 3089 833; x_wconf 86' lang='lat' dir='ltr'><strong>talia,</strong></span> <span class='ocrx_word' id='word_1_166' title='bbox 3135 769 3231 823; x_wconf 90' lang='lat' dir='ltr'><strong>sed</strong></span> <span class='ocrx_word' id='word_1_167' title='bbox 3256 770 3423 823; x_wconf 87' lang='lat' dir='ltr'><strong>vehe-</strong></span> 
     </span>
    </p>
   </div>
   <div class='ocr_carea' id='block_1_24' title="bbox 1848 860 3426 924">
    <p class='ocr_par' dir='ltr' id='par_1_24' title="bbox 1848 860 3426 924">
     <span class='ocr_line' id='line_1_24' title="bbox 1848 860 3426 924; baseline -0.003 -4"><span class='ocrx_word' id='word_1_168' title='bbox 1848 875 2061 921; x_wconf 85' lang='lat' dir='ltr'><strong>menter</strong></span> <span class='ocrx_word' id='word_1_169' title='bbox 2108 863 2372 918; x_wconf 89' lang='lat' dir='ltr'><strong>malorum</strong></span> <span class='ocrx_word' id='word_1_170' title='bbox 2404 860 2623 915; x_wconf 89' lang='lat' dir='ltr'><strong>libidine</strong></span> <span class='ocrx_word' id='word_1_171' title='bbox 2649 861 3037 924; x_wconf 88' lang='lat' dir='ltr'><strong>detinerentur,</strong></span> <span class='ocrx_word' id='word_1_172' title='bbox 3086 869 3332 915; x_wconf 85' lang='lat' dir='ltr'><strong>metuens</strong></span> <span class='ocrx_word' id='word_1_173' title='bbox 3358 877 3426 917; x_wconf 81' lang='lat' dir='ltr'><strong>ne</strong></span> 
     </span>
    </p>
   </div>
   <div class='ocr_carea' id='block_1_25' title="bbox 1851 951 3428 1027">
    <p class='ocr_par' dir='ltr' id='par_1_25' title="bbox 1851 951 3428 1027">
     <span class='ocr_line' id='line_1_25' title="bbox 1851 951 3428 1027; baseline -0.006 -14"><span class='ocrx_word' id='word_1_174' title='bbox 1851 959 2022 1027; x_wconf 87' lang='lat' dir='ltr'><strong>ipsum</strong></span> <span class='ocrx_word' id='word_1_175' title='bbox 2071 970 2286 1027; x_wconf 86' lang='lat' dir='ltr'><strong>quoque</strong></span> <span class='ocrx_word' id='word_1_176' title='bbox 2312 970 2432 1010; x_wconf 91' lang='lat' dir='ltr'><strong>cum</strong></span> <span class='ocrx_word' id='word_1_177' title='bbox 2459 968 2629 1008; x_wconf 75' lang='lat' dir='ltr'><strong>uxore</strong></span> <span class='ocrx_word' id='word_1_178' title='bbox 2655 961 2711 1006; x_wconf 87' lang='lat' dir='ltr'><strong>et</strong></span> <span class='ocrx_word' id='word_1_179' title='bbox 2741 951 2864 1007; x_wconf 89' lang='lat' dir='ltr'><strong>ﬁliis</strong></span> <span class='ocrx_word' id='word_1_180' title='bbox 2893 952 3004 1006; x_wconf 88' lang='lat' dir='ltr'><strong>suis</strong></span> <span class='ocrx_word' id='word_1_181' title='bbox 3039 951 3428 1016; x_wconf 86' lang='lat' dir='ltr'><strong>interﬁcerent,</strong></span> 
     </span>
    </p>
   </div>
   <div class='ocr_carea' id='block_1_26' title="bbox 1852 1043 3433 1113">
    <p class='ocr_par' dir='ltr' id='par_1_26' title="bbox 1852 1043 3433 1113">
     <span class='ocr_line' id='line_1_26' title="bbox 1852 1043 3433 1113; baseline -0.003 -11"><span class='ocrx_word' id='word_1_182' title='bbox 1852 1049 2101 1105; x_wconf 77' lang='lat' dir='ltr'><strong>discessit</strong></span> <span class='ocrx_word' id='word_1_183' title='bbox 2129 1048 2197 1104; x_wconf 88' lang='lat' dir='ltr'><strong>ah</strong></span> <span class='ocrx_word' id='word_1_184' title='bbox 2225 1063 2287 1101; x_wconf 84' lang='lat' dir='ltr'><strong>ea</strong></span> <span class='ocrx_word' id='word_1_185' title='bbox 2319 1055 2484 1100; x_wconf 80' lang='lat' dir='ltr'><strong>terra.</strong></span> <span class='ocrx_word' id='word_1_186' title='bbox 2519 1045 2660 1099; x_wconf 86' lang='lat' dir='ltr'><strong>Deus</strong></span> <span class='ocrx_word' id='word_1_187' title='bbox 2686 1044 2868 1113; x_wconf 84' lang='lat' dir='ltr'><strong>itaque</strong></span> <span class='ocrx_word' id='word_1_188' title='bbox 2891 1043 3003 1097; x_wconf 88' lang='lat' dir='ltr'><strong>Noe</strong></span> <span class='ocrx_word' id='word_1_189' title='bbox 3032 1045 3245 1113; x_wconf 89' lang='lat' dir='ltr'><strong>quidem</strong></span> <span class='ocrx_word' id='word_1_190' title='bbox 3271 1044 3433 1113; x_wconf 79' lang='lat' dir='ltr'><strong>justi-</strong></span> 
     </span>
    </p>
   </div>
   <div class='ocr_carea' id='block_1_27' title="bbox 1852 1132 3431 1201">
    <p class='ocr_par' dir='ltr' id='par_1_27' title="bbox 1852 1132 3431 1201">
     <span class='ocr_line' id='line_1_27' title="bbox 1852 1132 3431 1201; baseline -0.003 -12"><span class='ocrx_word' id='word_1_191' title='bbox 1852 1138 1980 1190; x_wconf 85' lang='lat' dir='ltr'><strong>tiam</strong></span> <span class='ocrx_word' id='word_1_192' title='bbox 2009 1137 2214 1201; x_wconf 69' lang='lat' dir='ltr'><strong>dilexit,</strong></span> <span class='ocrx_word' id='word_1_193' title='bbox 2261 1136 2638 1190; x_wconf 85' lang='lat' dir='ltr'><strong>condemnavit</strong></span> <span class='ocrx_word' id='word_1_194' title='bbox 2663 1143 2841 1188; x_wconf 90' lang='lat' dir='ltr'><strong>autem</strong></span> <span class='ocrx_word' id='word_1_195' title='bbox 2876 1148 2981 1187; x_wconf 89' lang='lat' dir='ltr'><strong>non</strong></span> <span class='ocrx_word' id='word_1_196' title='bbox 3010 1132 3183 1187; x_wconf 88' lang='lat' dir='ltr'><strong>solum</strong></span> <span class='ocrx_word' id='word_1_197' title='bbox 3216 1133 3431 1187; x_wconf 88' lang='lat' dir='ltr'><strong>illorum</strong></span> 
     </span>
    </p>
   </div>
   <div class='ocr_carea' id='block_1_28' title="bbox 1854 1206 3432 1294">
    <p class='ocr_par' dir='ltr' id='par_1_28' title="bbox 1854 1206 3432 1294">
     <span class='ocr_line' id='line_1_28' title="bbox 1854 1206 3432 1294; baseline -0.001 -15"><span class='ocrx_word' id='word_1_198' title='bbox 1854 1227 2133 1289; x_wconf 86' lang='lat' dir='ltr'><strong>malitiam,</strong></span> <span class='ocrx_word' id='word_1_199' title='bbox 2182 1228 2276 1281; x_wconf 88' lang='lat' dir='ltr'><strong>sed</strong></span> <span class='ocrx_word' id='word_1_200' title='bbox 2309 1241 2473 1281; x_wconf 88' lang='lat' dir='ltr'><strong>omne</strong></span> <span class='ocrx_word' id='word_1_201' title='bbox 2496 1239 2664 1294; x_wconf 85' lang='lat' dir='ltr'><strong>genus</strong></span> <span class='ocrx_word' id='word_1_202' title='bbox 2706 1225 3019 1278; x_wconf 87' lang='lat' dir='ltr'><strong>humanum.</strong></span> <span class='ocrx_word' id='word_1_203' title='bbox 3048 1223 3199 1290; x_wconf 87' lang='lat' dir='ltr'><strong>Quod</strong></span> <span class='ocrx_word' id='word_1_204' title='bbox 3230 1206 3351 1277; x_wconf 75' lang='lat' dir='ltr'><strong>cum</strong></span> <span class='ocrx_word' id='word_1_205' title='bbox 3383 1224 3432 1277; x_wconf 85' lang='lat' dir='ltr'><strong>ci</strong></span> 
     </span>
    </p>
   </div>
   <div class='ocr_carea' id='block_1_29' title="bbox 1854 1314 3432 1385">
    <p class='ocr_par' dir='ltr' id='par_1_29' title="bbox 1854 1314 3432 1385">
     <span class='ocr_line' id='line_1_29' title="bbox 1854 1314 3432 1385; baseline -0.003 -15"><span class='ocrx_word' id='word_1_206' title='bbox 1854 1316 2163 1385; x_wconf 87' lang='lat' dir='ltr'><strong>disperdere</strong></span> <span class='ocrx_word' id='word_1_207' title='bbox 2188 1316 2478 1384; x_wconf 86' lang='lat' dir='ltr'><strong>placuisset</strong></span> <span class='ocrx_word' id='word_1_208' title='bbox 2503 1324 2558 1368; x_wconf 88' lang='lat' dir='ltr'><strong>ct</strong></span> <span class='ocrx_word' id='word_1_209' title='bbox 2578 1314 2719 1368; x_wconf 90' lang='lat' dir='ltr'><strong>aliud</strong></span> <span class='ocrx_word' id='word_1_210' title='bbox 2745 1315 3077 1369; x_wconf 86' lang='lat' dir='ltr'><strong>constituere</strong></span> <span class='ocrx_word' id='word_1_211' title='bbox 3102 1328 3290 1385; x_wconf 88' lang='lat' dir='ltr'><strong>genus,</strong></span> <span class='ocrx_word' id='word_1_212' title='bbox 3318 1329 3432 1366; x_wconf 85' lang='lat' dir='ltr'><strong>ma-</strong></span> 
     </span>
    </p>
   </div>
   <div class='ocr_carea' id='block_1_30' title="bbox 1856 1402 3435 1474">
    <p class='ocr_par' dir='ltr' id='par_1_30' title="bbox 1856 1402 3435 1474">
     <span class='ocr_line' id='line_1_30' title="bbox 1856 1402 3435 1474; baseline -0.001 -17"><span class='ocrx_word' id='word_1_213' title='bbox 1856 1406 2100 1474; x_wconf 78' lang='lat' dir='ltr'><strong>lignitate</strong></span> <span class='ocrx_word' id='word_1_214' title='bbox 2128 1406 2415 1474; x_wconf 86' lang='lat' dir='ltr'><strong>privatum,</strong></span> <span class='ocrx_word' id='word_1_215' title='bbox 2464 1403 2576 1461; x_wconf 83' lang='lat' dir='ltr'><strong>Noe</strong></span> <span class='ocrx_word' id='word_1_216' title='bbox 2603 1405 2857 1472; x_wconf 76' lang='lat' dir='ltr'><strong>prmcepit</strong></span> <span class='ocrx_word' id='word_1_217' title='bbox 2883 1411 2946 1456; x_wconf 92' lang='lat' dir='ltr'><strong>ut</strong></span> <span class='ocrx_word' id='word_1_218' title='bbox 2980 1418 3162 1456; x_wconf 87' lang='lat' dir='ltr'><strong>arcam</strong></span> <span class='ocrx_word' id='word_1_219' title='bbox 3203 1402 3435 1457; x_wconf 82' lang='lat' dir='ltr'><strong>fabrica-</strong></span> 
     </span>
    </p>
   </div>
   <div class='ocr_carea' id='block_1_31' title="bbox 1856 1493 3433 1565">
    <p class='ocr_par' dir='ltr' id='par_1_31' title="bbox 1856 1493 3433 1565">
     <span class='ocr_line' id='line_1_31' title="bbox 1856 1493 3433 1565; baseline -0.001 -17"><span class='ocrx_word' id='word_1_220' title='bbox 1856 1506 1939 1551; x_wconf 88' lang='lat' dir='ltr'><strong>ret</strong></span> <span class='ocrx_word' id='word_1_221' title='bbox 1960 1505 2192 1565; x_wconf 86' lang='lat' dir='ltr'><strong>quatuor</strong></span> <span class='ocrx_word' id='word_1_222' title='bbox 2215 1511 2461 1550; x_wconf 85' lang='lat' dir='ltr'><strong>camcras</strong></span> <span class='ocrx_word' id='word_1_223' title='bbox 2484 1495 2793 1559; x_wconf 72' lang='lat' dir='ltr'><strong>trahentem,</strong></span> <span class='ocrx_word' id='word_1_224' title='bbox 2838 1503 2891 1548; x_wconf 91' lang='lat' dir='ltr'><strong>et</strong></span> <span class='ocrx_word' id='word_1_225' title='bbox 2916 1493 3303 1562; x_wconf 81' lang='lat' dir='ltr'><strong>longitudinem</strong></span> <span class='ocrx_word' id='word_1_226' title='bbox 3337 1508 3433 1547; x_wconf 91' lang='lat' dir='ltr'><strong>cu-</strong></span> 
     </span>
    </p>
   </div>
   <div class='ocr_carea' id='block_1_32' title="bbox 1857 1583 3434 1649">
    <p class='ocr_par' dir='ltr' id='par_1_32' title="bbox 1857 1583 3434 1649">
     <span class='ocr_line' id='line_1_32' title="bbox 1857 1583 3434 1649; baseline -0.002 -10"><span class='ocrx_word' id='word_1_227' title='bbox 1857 1587 2088 1640; x_wconf 88' lang='lat' dir='ltr'><strong>bitorum</strong></span> <span class='ocrx_word' id='word_1_228' title='bbox 2112 1586 2236 1649; x_wconf 81' lang='lat'><strong>500,</strong></span> <span class='ocrx_word' id='word_1_229' title='bbox 2269 1585 2607 1640; x_wconf 84' lang='lat' dir='ltr'><strong>latitudinem</strong></span> <span class='ocrx_word' id='word_1_230' title='bbox 2630 1600 2759 1639; x_wconf 91' lang='lat' dir='ltr'><strong>vero</strong></span> <span class='ocrx_word' id='word_1_231' title='bbox 2790 1585 2860 1639; x_wconf 84' lang='lat'><strong>50</strong></span> <span class='ocrx_word' id='word_1_232' title='bbox 2881 1592 2936 1639; x_wconf 89' lang='lat' dir='ltr'><strong>et</strong></span> <span class='ocrx_word' id='word_1_233' title='bbox 2956 1583 3296 1638; x_wconf 84' lang='lat' dir='ltr'><strong>altitudinem</strong></span> <span class='ocrx_word' id='word_1_234' title='bbox 3322 1583 3392 1637; x_wconf 76' lang='lat'><strong>50</strong></span> <span class='ocrx_word' id='word_1_235' title='bbox 3417 1596 3434 1635; x_wconf 90' lang='lat'><strong>:</strong></span> 
     </span>
    </p>
   </div>
   <div class='ocr_carea' id='block_1_33' title="bbox 1857 1676 3435 1747">
    <p class='ocr_par' dir='ltr' id='par_1_33' title="bbox 1857 1676 3435 1747">
     <span class='ocr_line' id='line_1_33' title="bbox 1857 1676 3435 1747; baseline -0.001 -16"><span class='ocrx_word' id='word_1_236' title='bbox 1857 1694 1960 1745; x_wconf 86' lang='lat' dir='ltr'><strong>qua</strong></span> <span class='ocrx_word' id='word_1_237' title='bbox 1996 1685 2267 1747; x_wconf 83' lang='lat' dir='ltr'><strong>protectus</strong></span> <span class='ocrx_word' id='word_1_238' title='bbox 2291 1694 2412 1732; x_wconf 89' lang='lat' dir='ltr'><strong>cum</strong></span> <span class='ocrx_word' id='word_1_239' title='bbox 2441 1677 2563 1733; x_wconf 87' lang='lat' dir='ltr'><strong>ﬁliis</strong></span> <span class='ocrx_word' id='word_1_240' title='bbox 2589 1686 2646 1731; x_wconf 90' lang='lat' dir='ltr'><strong>et</strong></span> <span class='ocrx_word' id='word_1_241' title='bbox 2665 1677 2924 1731; x_wconf 76' lang='lat' dir='ltr'><strong>uxoribus</strong></span> <span class='ocrx_word' id='word_1_242' title='bbox 2954 1676 3216 1731; x_wconf 80' lang='lat' dir='ltr'><strong>remansit</strong></span> <span class='ocrx_word' id='word_1_243' title='bbox 3244 1692 3310 1731; x_wconf 80' lang='lat' dir='ltr'><strong>ex</strong></span> <span class='ocrx_word' id='word_1_244' title='bbox 3338 1676 3435 1729; x_wconf 77' lang='lat' dir='ltr'><strong>ho-</strong></span> 
     </span>
    </p>
   </div>
   <div class='ocr_carea' id='block_1_34' title="bbox 183 1757 1761 1839">
    <p class='ocr_par' dir='ltr' id='par_1_34' title="bbox 183 1757 1755 1835">
     <span class='ocr_line' id='line_1_34' title="bbox 183 1757 1755 1835; baseline -0.005 -15"><span class='ocrx_word' id='word_1_245' title='bbox 183 1774 366 1821; x_wconf 79' lang='lat' dir='ltr'><strong>utatur</strong></span> <span class='ocrx_word' id='word_1_246' title='bbox 386 1764 666 1835; x_wconf 80' lang='lat' dir='ltr'><strong>Scriptura</strong></span> <span class='ocrx_word' id='word_1_247' title='bbox 695 1762 890 1817; x_wconf 81' lang='lat' dir='ltr'><strong>talibus</strong></span> <span class='ocrx_word' id='word_1_248' title='bbox 912 1761 1111 1825; x_wconf 87' lang='lat' dir='ltr'><strong>verbis,</strong></span> <span class='ocrx_word' id='word_1_249' title='bbox 1138 1774 1244 1814; x_wconf 90' lang='lat' dir='ltr'><strong>non</strong></span> <span class='ocrx_word' id='word_1_250' title='bbox 1274 1774 1333 1816; x_wconf 88' lang='lat' dir='ltr'><strong>se</strong></span> <span class='ocrx_word' id='word_1_251' title='bbox 1360 1757 1755 1828; x_wconf 88' lang='lat' dir='ltr'><strong>quodammodo</strong></span> 
     </span>
    </p>
   </div>
   <div class='ocr_carea' id='block_1_35' title="bbox 1868 1757 3434 1839">
    <p class='ocr_par' dir='ltr' id='par_1_35' title="bbox 1868 1769 3434 1839">
     <span class='ocr_line' id='line_1_35' title="bbox 1868 1769 3434 1839; baseline 0 -17"><span class='ocrx_word' id='word_1_252' title='bbox 1868 1769 2093 1825; x_wconf 86' lang='lat' dir='ltr'><strong>minibus</strong></span> <span class='ocrx_word' id='word_1_253' title='bbox 2117 1770 2263 1826; x_wconf 88' lang='lat' dir='ltr'><strong>solus</strong></span> <span class='ocrx_word' id='word_1_254' title='bbox 2287 1778 2410 1839; x_wconf 86' lang='lat' dir='ltr'><strong>post</strong></span> <span class='ocrx_word' id='word_1_255' title='bbox 2431 1770 2689 1824; x_wconf 84' lang='lat' dir='ltr'><strong>diluvium</strong></span> <span class='ocrx_word' id='word_1_256' title='bbox 2717 1784 2838 1824; x_wconf 90' lang='lat' dir='ltr'><strong>cum</strong></span> <span class='ocrx_word' id='word_1_257' title='bbox 2878 1769 3040 1823; x_wconf 90' lang='lat' dir='ltr'><strong>domo</strong></span> <span class='ocrx_word' id='word_1_258' title='bbox 3060 1783 3179 1832; x_wconf 91' lang='lat' dir='ltr'><strong>sua,</strong></span> <span class='ocrx_word' id='word_1_259' title='bbox 3208 1776 3270 1822; x_wconf 92' lang='lat' dir='ltr'><strong>ut</strong></span> <span class='ocrx_word' id='word_1_260' title='bbox 3291 1782 3434 1837; x_wconf 65' lang='lat' dir='ltr'><strong>pra:-</strong></span> 
     </span>
    </p>
   </div>
   <div class='ocr_carea' id='block_1_36' title="bbox 175 1845 1756 1919">
    <p class='ocr_par' dir='ltr' id='par_1_36' title="bbox 175 1845 1756 1919">
     <span class='ocr_line' id='line_1_36' title="bbox 175 1845 1756 1919; baseline -0.005 -11"><span class='ocrx_word' id='word_1_261' title='bbox 175 1849 538 1909; x_wconf 79' lang='lat' dir='ltr'><strong>l’amiliaribus</strong></span> <span class='ocrx_word' id='word_1_262' title='bbox 559 1851 851 1907; x_wconf 83' lang='lat' dir='ltr'><strong>insinuabit</strong></span> <span class='ocrx_word' id='word_1_263' title='bbox 870 1850 1015 1906; x_wconf 90' lang='lat' dir='ltr'><strong>omni</strong></span> <span class='ocrx_word' id='word_1_264' title='bbox 1038 1848 1220 1919; x_wconf 82' lang='lat' dir='ltr'><strong>generi</strong></span> <span class='ocrx_word' id='word_1_265' title='bbox 1238 1848 1541 1911; x_wconf 87' lang='lat' dir='ltr'><strong>hominum,</strong></span> <span class='ocrx_word' id='word_1_266' title='bbox 1560 1845 1756 1915; x_wconf 87' lang='lat' dir='ltr'><strong>quibus</strong></span> 
     </span>
    </p>
   </div>
   <div class='ocr_carea' id='block_1_37' title="bbox 184 1942 867 2000">
    <p class='ocr_par' dir='ltr' id='par_1_37' title="bbox 184 1942 867 2000">
     <span class='ocr_line' id='line_1_37' title="bbox 184 1942 867 2000; baseline 0 -2"><span class='ocrx_word' id='word_1_267' title='bbox 184 1944 297 1999; x_wconf 85' lang='lat' dir='ltr'><strong>vult</strong></span> <span class='ocrx_word' id='word_1_268' title='bbox 319 1956 443 2000; x_wconf 87' lang='lat' dir='ltr'><strong>esse</strong></span> <span class='ocrx_word' id='word_1_269' title='bbox 461 1942 783 1998; x_wconf 88' lang='lat' dir='ltr'><strong>consultum.</strong></span> <span class='ocrx_word' id='word_1_270' title='bbox 858 1991 867 1998; x_wconf 86' lang='lat'><strong>.</strong></span> 
     </span>
    </p>
   </div>
   <div class='ocr_carea' id='block_1_38' title="bbox 687 2050 1166 2109">
    <p class='ocr_par' dir='ltr' id='par_1_38' title="bbox 687 2050 1166 2109">
     <span class='ocr_line' id='line_1_38' title="bbox 687 2050 1166 2109; baseline -0.006 0"><span class='ocrx_word' id='word_1_271' title='bbox 687 2065 696 2079; x_wconf 91' lang='lat'>&#39;</span> <span class='ocrx_word' id='word_1_272' title='bbox 727 2058 737 2067; x_wconf 88' lang='grc'><strong>’</strong></span> <span class='ocrx_word' id='word_1_273' title='bbox 762 2051 987 2109; x_wconf 83' lang='lat' dir='ltr'><strong>CAPUT</strong></span> <span class='ocrx_word' id='word_1_274' title='bbox 1024 2050 1166 2106; x_wconf 77' lang='lat' dir='ltr'><strong>XIX.</strong></span> 
     </span>
    </p>
   </div>
   <div class='ocr_carea' id='block_1_39' title="bbox 183 2134 1760 2215">
    <p class='ocr_par' dir='ltr' id='par_1_39' title="bbox 183 2134 1760 2215">
     <span class='ocr_line' id='line_1_39' title="bbox 183 2134 1760 2215; baseline -0.004 -14"><span class='ocrx_word' id='word_1_275' title='bbox 183 2143 256 2201; x_wconf 85' lang='lat' dir='ltr'><strong>De</strong></span> <span class='ocrx_word' id='word_1_276' title='bbox 297 2134 369 2200; x_wconf 30' lang='lat' dir='ltr'><strong>eo.</strong></span> <span class='ocrx_word' id='word_1_277' title='bbox 403 2143 543 2215; x_wconf 82' lang='lat' dir='ltr'><strong>quod</strong></span> <span class='ocrx_word' id='word_1_278' title='bbox 576 2142 711 2199; x_wconf 72' lang='lat' dir='ltr'><strong>dixit</strong></span> <span class='ocrx_word' id='word_1_279' title='bbox 738 2141 916 2215; x_wconf 78' lang='lat' dir='ltr'><strong>Deus;</strong></span> <span class='ocrx_word' id='word_1_280' title='bbox 941 2142 1110 2196; x_wconf 89' lang='lat' dir='ltr'><strong>Erunt</strong></span> <span class='ocrx_word' id='word_1_281' title='bbox 1154 2141 1269 2197; x_wconf 90' lang='lat' dir='ltr'><strong>dies</strong></span> <span class='ocrx_word' id='word_1_282' title='bbox 1296 2155 1501 2202; x_wconf 64' lang='lat' dir='ltr'><strong>eorum</strong></span> <span class='ocrx_word' id='word_1_283' title='bbox 1543 2147 1760 2195; x_wconf 89' lang='lat' dir='ltr'><strong>centum</strong></span> 
     </span>
    </p>
   </div>
   <div class='ocr_carea' id='block_1_40' title="bbox 714 2213 1217 2285">
    <p class='ocr_par' dir='ltr' id='par_1_40' title="bbox 714 2213 1217 2285">
     <span class='ocr_line' id='line_1_40' title="bbox 714 2213 1217 2285; baseline -0.004 -18"><span class='ocrx_word' id='word_1_284' title='bbox 714 2213 903 2285; x_wconf 87' lang='lat' dir='ltr'><strong>viginti</strong></span> <span class='ocrx_word' id='word_1_285' title='bbox 933 2227 1217 2267; x_wconf 84' lang='lat' dir='ltr'><strong>annorum.</strong></span> 
     </span>
    </p>
   </div>
   <div class='ocr_carea' id='block_1_41' title="bbox 249 2314 1761 2390">
    <p class='ocr_par' dir='ltr' id='par_1_41' title="bbox 249 2314 1761 2390">
     <span class='ocr_line' id='line_1_41' title="bbox 249 2314 1761 2390; baseline -0.003 -12"><span class='ocrx_word' id='word_1_286' title='bbox 249 2324 407 2390; x_wconf 75' lang='lat' dir='ltr'><strong>Quod</strong></span> <span class='ocrx_word' id='word_1_287' title='bbox 441 2332 622 2378; x_wconf 86' lang='lat' dir='ltr'><strong>autem</strong></span> <span class='ocrx_word' id='word_1_288' title='bbox 653 2322 788 2377; x_wconf 77' lang='lat' dir='ltr'><strong>dixit</strong></span> <span class='ocrx_word' id='word_1_289' title='bbox 809 2320 952 2376; x_wconf 86' lang='lat' dir='ltr'><strong>Deus</strong></span> <span class='ocrx_word' id='word_1_290' title='bbox 978 2340 990 2374; x_wconf 91' lang='lat'><strong>:</strong></span> <span class='ocrx_word' id='word_1_291' title='bbox 1023 2321 1195 2375; x_wconf 85' lang='lat' dir='ltr'><strong>Erunt</strong></span> <span class='ocrx_word' id='word_1_292' title='bbox 1214 2320 1324 2375; x_wconf 78' lang='lat' dir='ltr'><strong>dies</strong></span> <span class='ocrx_word' id='word_1_293' title='bbox 1351 2314 1532 2374; x_wconf 77' lang='lat' dir='ltr'><strong>eorum</strong></span> <span class='ocrx_word' id='word_1_294' title='bbox 1555 2328 1761 2373; x_wconf 78' lang='lat' dir='ltr'><strong>centum</strong></span> 
     </span>
    </p>
   </div>
   <div class='ocr_carea' id='block_1_42' title="bbox 183 2410 1764 2484">
    <p class='ocr_par' dir='ltr' id='par_1_42' title="bbox 183 2410 1764 2484">
     <span class='ocr_line' id='line_1_42' title="bbox 183 2410 1764 2484; baseline -0.004 -16"><span class='ocrx_word' id='word_1_295' title='bbox 183 2416 365 2484; x_wconf 63' lang='lat' dir='ltr'><strong>viginti</strong></span> <span class='ocrx_word' id='word_1_296' title='bbox 392 2430 673 2477; x_wconf 86' lang='lat' dir='ltr'><strong>annorum,</strong></span> <span class='ocrx_word' id='word_1_297' title='bbox 699 2429 804 2467; x_wconf 91' lang='lat' dir='ltr'><strong>non</strong></span> <span class='ocrx_word' id='word_1_298' title='bbox 831 2414 911 2469; x_wconf 86' lang='lat' dir='ltr'><strong>sic</strong></span> <span class='ocrx_word' id='word_1_299' title='bbox 931 2412 1299 2482; x_wconf 86' lang='lat' dir='ltr'><strong>accipiendum</strong></span> <span class='ocrx_word' id='word_1_300' title='bbox 1320 2418 1421 2475; x_wconf 90' lang='lat' dir='ltr'><strong>est,</strong></span> <span class='ocrx_word' id='word_1_301' title='bbox 1449 2410 1602 2481; x_wconf 90' lang='lat' dir='ltr'><strong>quasi</strong></span> <span class='ocrx_word' id='word_1_302' title='bbox 1623 2424 1764 2481; x_wconf 68' lang='lat' dir='ltr'><strong>pra:-</strong></span> 
     </span>
    </p>
   </div>
   <div class='ocr_carea' id='block_1_43' title="bbox 184 2499 1763 2574">
    <p class='ocr_par' dir='ltr' id='par_1_43' title="bbox 184 2499 1763 2574">
     <span class='ocr_line' id='line_1_43' title="bbox 184 2499 1763 2574; baseline -0.003 -18"><span class='ocrx_word' id='word_1_303' title='bbox 184 2504 489 2560; x_wconf 82' lang='lat' dir='ltr'><strong>nuntiatum</strong></span> <span class='ocrx_word' id='word_1_304' title='bbox 530 2505 603 2559; x_wconf 86' lang='lat' dir='ltr'><strong>sit</strong></span> <span class='ocrx_word' id='word_1_305' title='bbox 639 2513 758 2574; x_wconf 86' lang='lat' dir='ltr'><strong>post</strong></span> <span class='ocrx_word' id='word_1_306' title='bbox 785 2504 906 2558; x_wconf 64' lang='lat' dir='ltr'><strong>haec</strong></span> <span class='ocrx_word' id='word_1_307' title='bbox 935 2503 1185 2558; x_wconf 88' lang='lat' dir='ltr'><strong>homines</strong></span> <span class='ocrx_word' id='word_1_308' title='bbox 1210 2510 1426 2557; x_wconf 89' lang='lat' dir='ltr'><strong>centum</strong></span> <span class='ocrx_word' id='word_1_309' title='bbox 1452 2499 1639 2571; x_wconf 77' lang='lat' dir='ltr'><strong>viginti</strong></span> <span class='ocrx_word' id='word_1_310' title='bbox 1665 2514 1763 2553; x_wconf 88' lang='lat' dir='ltr'><strong>an-</strong></span> 
     </span>
    </p>
   </div>
   <div class='ocr_carea' id='block_1_44' title="bbox 184 2593 1763 2666">
    <p class='ocr_par' dir='ltr' id='par_1_44' title="bbox 184 2593 1763 2666">
     <span class='ocr_line' id='line_1_44' title="bbox 184 2593 1763 2666; baseline -0.003 -15"><span class='ocrx_word' id='word_1_311' title='bbox 184 2611 287 2651; x_wconf 80' lang='lat' dir='ltr'><strong>nos</strong></span> <span class='ocrx_word' id='word_1_312' title='bbox 310 2596 544 2652; x_wconf 87' lang='lat' dir='ltr'><strong>vivendo</strong></span> <span class='ocrx_word' id='word_1_313' title='bbox 571 2612 679 2650; x_wconf 90' lang='lat' dir='ltr'><strong>non</strong></span> <span class='ocrx_word' id='word_1_314' title='bbox 707 2596 1050 2666; x_wconf 85' lang='lat' dir='ltr'><strong>transgredi,</strong></span> <span class='ocrx_word' id='word_1_315' title='bbox 1098 2611 1220 2652; x_wconf 92' lang='lat' dir='ltr'><strong>cum</strong></span> <span class='ocrx_word' id='word_1_316' title='bbox 1252 2603 1308 2650; x_wconf 89' lang='lat' dir='ltr'><strong>et</strong></span> <span class='ocrx_word' id='word_1_317' title='bbox 1344 2602 1467 2664; x_wconf 88' lang='lat' dir='ltr'><strong>post</strong></span> <span class='ocrx_word' id='word_1_318' title='bbox 1503 2593 1763 2649; x_wconf 82' lang='lat' dir='ltr'><strong>diluvium</strong></span> 
     </span>
    </p>
   </div>
   <div class='ocr_carea' id='block_1_45' title="bbox 181 2686 1762 2759">
    <p class='ocr_par' dir='ltr' id='par_1_45' title="bbox 181 2686 1762 2759">
     <span class='ocr_line' id='line_1_45' title="bbox 181 2686 1762 2759; baseline -0.003 -15"><span class='ocrx_word' id='word_1_319' title='bbox 181 2689 352 2744; x_wconf 83' lang='lat' dir='ltr'><strong>etiam</strong></span> <span class='ocrx_word' id='word_1_320' title='bbox 387 2689 710 2759; x_wconf 86' lang='lat' dir='ltr'><strong>quingentos</strong></span> <span class='ocrx_word' id='word_1_321' title='bbox 747 2687 1010 2758; x_wconf 88' lang='lat' dir='ltr'><strong>quosdam</strong></span> <span class='ocrx_word' id='word_1_322' title='bbox 1046 2688 1348 2743; x_wconf 80' lang='lat' dir='ltr'><strong>excessisse</strong></span> <span class='ocrx_word' id='word_1_323' title='bbox 1394 2686 1762 2751; x_wconf 85' lang='lat' dir='ltr'><strong>inveniamus,</strong></span> 
     </span>
    </p>
   </div>
   <div class='ocr_carea' id='block_1_46' title="bbox 180 2778 1764 2850">
    <p class='ocr_par' dir='ltr' id='par_1_46' title="bbox 180 2778 1764 2850">
     <span class='ocr_line' id='line_1_46' title="bbox 180 2778 1764 2850; baseline -0.001 -17"><span class='ocrx_word' id='word_1_324' title='bbox 180 2779 280 2840; x_wconf 85' lang='lat' dir='ltr'><strong>sed</strong></span> <span class='ocrx_word' id='word_1_325' title='bbox 328 2779 733 2850; x_wconf 87' lang='lat' dir='ltr'><strong>intelligendum</strong></span> <span class='ocrx_word' id='word_1_326' title='bbox 773 2786 855 2834; x_wconf 87' lang='lat' dir='ltr'><strong>est</strong></span> <span class='ocrx_word' id='word_1_327' title='bbox 891 2778 995 2834; x_wconf 85' lang='lat' dir='ltr'><strong>hoc</strong></span> <span class='ocrx_word' id='word_1_328' title='bbox 1024 2780 1309 2833; x_wconf 90' lang='lat' dir='ltr'><strong>Dominum</strong></span> <span class='ocrx_word' id='word_1_329' title='bbox 1347 2778 1550 2833; x_wconf 80' lang='lat' dir='ltr'><strong>dixisse</strong></span> <span class='ocrx_word' id='word_1_330' title='bbox 1574 2817 1589 2843; x_wconf 90' lang='lat'><strong>,</strong></span> <span class='ocrx_word' id='word_1_331' title='bbox 1639 2790 1764 2832; x_wconf 86' lang='lat' dir='ltr'><strong>cum</strong></span> 
     </span>
    </p>
   </div>
   <div class='ocr_carea' id='block_1_47' title="bbox 176 2866 1764 2939">
    <p class='ocr_par' dir='ltr' id='par_1_47' title="bbox 176 2866 1764 2939">
     <span class='ocr_line' id='line_1_47' title="bbox 176 2866 1764 2939; baseline -0.002 -16"><span class='ocrx_word' id='word_1_332' title='bbox 176 2870 334 2924; x_wconf 83' lang='lat' dir='ltr'><strong>circa</strong></span> <span class='ocrx_word' id='word_1_333' title='bbox 366 2868 528 2923; x_wconf 74' lang='lat' dir='ltr'><strong>ﬁnem</strong></span> <span class='ocrx_word' id='word_1_334' title='bbox 550 2870 965 2939; x_wconf 89' lang='lat' dir='ltr'><strong>quingentorum</strong></span> <span class='ocrx_word' id='word_1_335' title='bbox 990 2883 1249 2923; x_wconf 89' lang='lat' dir='ltr'><strong>annorum</strong></span> <span class='ocrx_word' id='word_1_336' title='bbox 1270 2874 1414 2923; x_wconf 91' lang='lat' dir='ltr'><strong>esset</strong></span> <span class='ocrx_word' id='word_1_337' title='bbox 1434 2866 1564 2929; x_wconf 85' lang='lat' dir='ltr'><strong>Noe,</strong></span> <span class='ocrx_word' id='word_1_338' title='bbox 1588 2866 1640 2920; x_wconf 86' lang='lat' dir='ltr'><strong>id</strong></span> <span class='ocrx_word' id='word_1_339' title='bbox 1659 2874 1764 2933; x_wconf 85' lang='lat' dir='ltr'><strong>est,</strong></span> 
     </span>
    </p>
   </div>
   <div class='ocr_carea' id='block_1_48' title="bbox 176 2958 1768 3029">
    <p class='ocr_par' dir='ltr' id='par_1_48' title="bbox 176 2958 1768 3029">
     <span class='ocr_line' id='line_1_48' title="bbox 176 2958 1768 3029; baseline -0.001 -17"><span class='ocrx_word' id='word_1_340' title='bbox 176 2959 609 3029; x_wconf 73' lang='lat' dir='ltr'><strong>quadringentos</strong></span> <span class='ocrx_word' id='word_1_341' title='bbox 657 2959 933 3029; x_wconf 79' lang='lat' dir='ltr'><strong>octoginta</strong></span> <span class='ocrx_word' id='word_1_342' title='bbox 971 2958 1095 3012; x_wconf 63' lang='lat' dir='ltr'><strong>vitae</strong></span> <span class='ocrx_word' id='word_1_343' title='bbox 1133 2974 1304 3012; x_wconf 90' lang='lat' dir='ltr'><strong>annos</strong></span> <span class='ocrx_word' id='word_1_344' title='bbox 1351 2966 1575 3028; x_wconf 79' lang='lat' dir='ltr'><strong>ageret,</strong></span> <span class='ocrx_word' id='word_1_345' title='bbox 1632 2971 1768 3025; x_wconf 88' lang='lat' dir='ltr'><strong>quos</strong></span> 
     </span>
    </p>
   </div>
   <div class='ocr_carea' id='block_1_49' title="bbox 173 3044 1785 3119">
    <p class='ocr_par' dir='ltr' id='par_1_49' title="bbox 173 3044 1785 3119">
     <span class='ocr_line' id='line_1_49' title="bbox 173 3044 1785 3119; baseline -0.001 -16"><span class='ocrx_word' id='word_1_346' title='bbox 173 3063 338 3103; x_wconf 83' lang='lat' dir='ltr'><strong>more</strong></span> <span class='ocrx_word' id='word_1_347' title='bbox 361 3063 464 3103; x_wconf 90' lang='lat' dir='ltr'><strong>suo</strong></span> <span class='ocrx_word' id='word_1_348' title='bbox 498 3047 777 3119; x_wconf 86' lang='lat' dir='ltr'><strong>Scriptura</strong></span> <span class='ocrx_word' id='word_1_349' title='bbox 799 3049 1121 3118; x_wconf 87' lang='lat' dir='ltr'><strong>quingentos</strong></span> <span class='ocrx_word' id='word_1_350' title='bbox 1150 3056 1339 3113; x_wconf 86' lang='lat' dir='ltr'><strong>vocat,</strong></span> <span class='ocrx_word' id='word_1_351' title='bbox 1377 3063 1569 3102; x_wconf 87' lang='lat' dir='ltr'><strong>nomen</strong></span> <span class='ocrx_word' id='word_1_352' title='bbox 1602 3044 1785 3102; x_wconf 82' lang='lat' dir='ltr'><strong>totius</strong></span> 
     </span>
    </p>
   </div>
   <div class='ocr_carea' id='block_1_50' title="bbox 172 3127 1762 3208">
    <p class='ocr_par' dir='ltr' id='par_1_50' title="bbox 172 3127 1762 3208">
     <span class='ocr_line' id='line_1_50' title="bbox 172 3127 1762 3208; baseline -0.001 -17"><span class='ocrx_word' id='word_1_353' title='bbox 172 3127 415 3191; x_wconf 68' lang='lat' dir='ltr'><strong>summa:</strong></span> <span class='ocrx_word' id='word_1_354' title='bbox 441 3152 540 3205; x_wconf 89' lang='lat' dir='ltr'><strong>per</strong></span> <span class='ocrx_word' id='word_1_355' title='bbox 557 3137 845 3191; x_wconf 75' lang='lat' dir='ltr'><strong>maximam</strong></span> <span class='ocrx_word' id='word_1_356' title='bbox 867 3145 1073 3207; x_wconf 85' lang='lat' dir='ltr'><strong>partem</strong></span> <span class='ocrx_word' id='word_1_357' title='bbox 1094 3138 1410 3207; x_wconf 87' lang='lat' dir='ltr'><strong>plerumque</strong></span> <span class='ocrx_word' id='word_1_358' title='bbox 1435 3136 1762 3208; x_wconf 89' lang='lat' dir='ltr'><strong>signiﬁcans.</strong></span> 
     </span>
    </p>
   </div>
   <div class='ocr_carea' id='block_1_51' title="bbox 169 3227 1769 3297">
    <p class='ocr_par' dir='ltr' id='par_1_51' title="bbox 169 3227 1769 3297">
     <span class='ocr_line' id='line_1_51' title="bbox 169 3227 1769 3297; baseline 0 -15"><span class='ocrx_word' id='word_1_359' title='bbox 169 3227 600 3282; x_wconf 73' lang='lat' dir='ltr'><strong>Sexcentesimo</strong></span> <span class='ocrx_word' id='word_1_360' title='bbox 621 3227 818 3297; x_wconf 84' lang='lat' dir='ltr'><strong>quippe</strong></span> <span class='ocrx_word' id='word_1_361' title='bbox 838 3242 982 3282; x_wconf 88' lang='lat' dir='ltr'><strong>anno</strong></span> <span class='ocrx_word' id='word_1_362' title='bbox 1020 3228 1144 3281; x_wconf 64' lang='lat' dir='ltr'><strong>vitae</strong></span> <span class='ocrx_word' id='word_1_363' title='bbox 1175 3227 1286 3282; x_wconf 83' lang='lat' dir='ltr'><strong>Noe</strong></span> <span class='ocrx_word' id='word_1_364' title='bbox 1312 3228 1547 3282; x_wconf 89' lang='lat' dir='ltr'><strong>secundo</strong></span> <span class='ocrx_word' id='word_1_365' title='bbox 1581 3241 1769 3282; x_wconf 88' lang='lat' dir='ltr'><strong>mense</strong></span> 
     </span>
    </p>
   </div>
   <div class='ocr_carea' id='block_1_52' title="bbox 167 3317 1767 3387">
    <p class='ocr_par' dir='ltr' id='par_1_52' title="bbox 167 3317 1767 3387">
     <span class='ocr_line' id='line_1_52' title="bbox 167 3317 1767 3387; baseline -0.001 -14"><span class='ocrx_word' id='word_1_366' title='bbox 167 3318 392 3375; x_wconf 78' lang='lat' dir='ltr'><strong>factum</strong></span> <span class='ocrx_word' id='word_1_367' title='bbox 433 3326 518 3373; x_wconf 92' lang='lat' dir='ltr'><strong>est</strong></span> <span class='ocrx_word' id='word_1_368' title='bbox 555 3317 846 3383; x_wconf 85' lang='lat' dir='ltr'><strong>diluvium,</strong></span> <span class='ocrx_word' id='word_1_369' title='bbox 878 3333 942 3373; x_wconf 88' lang='lat' dir='ltr'><strong>ac</strong></span> <span class='ocrx_word' id='word_1_370' title='bbox 967 3318 1047 3373; x_wconf 88' lang='lat' dir='ltr'><strong>sic</strong></span> <span class='ocrx_word' id='word_1_371' title='bbox 1076 3318 1179 3372; x_wconf 71' lang='grc'><strong>120</strong></span> <span class='ocrx_word' id='word_1_372' title='bbox 1203 3318 1327 3372; x_wconf 88' lang='lat' dir='ltr'><strong>anni</strong></span> <span class='ocrx_word' id='word_1_373' title='bbox 1362 3317 1599 3387; x_wconf 69' lang='lat' dir='ltr'><strong>praedicti</strong></span> <span class='ocrx_word' id='word_1_374' title='bbox 1642 3327 1767 3372; x_wconf 89' lang='lat' dir='ltr'><strong>sunt</strong></span> 
     </span>
    </p>
   </div>
   <div class='ocr_carea' id='block_1_53' title="bbox 164 3406 1763 3478">
    <p class='ocr_par' dir='ltr' id='par_1_53' title="bbox 164 3406 1763 3478">
     <span class='ocr_line' id='line_1_53' title="bbox 164 3406 1763 3478; baseline -0.001 -15"><span class='ocrx_word' id='word_1_375' title='bbox 164 3411 380 3465; x_wconf 70' lang='lat' dir='ltr'><strong>[utut-:2</strong></span> <span class='ocrx_word' id='word_1_376' title='bbox 404 3408 527 3462; x_wconf 78' lang='lat' dir='ltr'><strong>vitm</strong></span> <span class='ocrx_word' id='word_1_377' title='bbox 550 3406 825 3462; x_wconf 89' lang='lat' dir='ltr'><strong>hominum</strong></span> <span class='ocrx_word' id='word_1_378' title='bbox 841 3408 1228 3478; x_wconf 83' lang='lat' dir='ltr'><strong>periturorum,</strong></span> <span class='ocrx_word' id='word_1_379' title='bbox 1247 3409 1441 3478; x_wconf 81' lang='lat' dir='ltr'><strong>quibus</strong></span> <span class='ocrx_word' id='word_1_380' title='bbox 1457 3408 1763 3473; x_wconf 80' lang='lat' dir='ltr'><strong>transactis,</strong></span> 
     </span>
    </p>
   </div>
   <div class='ocr_carea' id='block_1_54' title="bbox 164 3498 1767 3569">
    <p class='ocr_par' dir='ltr' id='par_1_54' title="bbox 164 3498 1767 3569">
     <span class='ocr_line' id='line_1_54' title="bbox 164 3498 1767 3569; baseline -0.001 -14"><span class='ocrx_word' id='word_1_381' title='bbox 164 3501 386 3555; x_wconf 81' lang='lat' dir='ltr'><strong>diluvio</strong></span> <span class='ocrx_word' id='word_1_382' title='bbox 412 3499 745 3554; x_wconf 88' lang='lat' dir='ltr'><strong>delerentur.</strong></span> <span class='ocrx_word' id='word_1_383' title='bbox 775 3498 1133 3569; x_wconf 84' lang='lat' dir='ltr'><strong>Hieronymus</strong></span> <span class='ocrx_word' id='word_1_384' title='bbox 1152 3508 1331 3555; x_wconf 87' lang='lat' dir='ltr'><strong>autem</strong></span> <span class='ocrx_word' id='word_1_385' title='bbox 1355 3501 1434 3555; x_wconf 86' lang='lat' dir='ltr'><strong>sic</strong></span> <span class='ocrx_word' id='word_1_386' title='bbox 1454 3515 1518 3553; x_wconf 78' lang='lat' dir='ltr'><strong>ex</strong></span> <span class='ocrx_word' id='word_1_387' title='bbox 1543 3498 1767 3553; x_wconf 64' lang='lat' dir='ltr'><strong>Hebraeo</strong></span> 
     </span>
    </p>
   </div>
   <div class='ocr_carea' id='block_1_55' title="bbox 164 3586 1769 3659">
    <p class='ocr_par' dir='ltr' id='par_1_55' title="bbox 164 3586 1769 3659">
     <span class='ocr_line' id='line_1_55' title="bbox 164 3586 1769 3659; baseline -0.004 -13"><span class='ocrx_word' id='word_1_388' title='bbox 164 3591 351 3646; x_wconf 79' lang='lat' dir='ltr'><strong>vertit</strong></span> <span class='ocrx_word' id='word_1_389' title='bbox 380 3608 395 3643; x_wconf 91' lang='lat'><em>:</em></span> <span class='ocrx_word' id='word_1_390' title='bbox 430 3586 560 3642; x_wconf 79' lang='lat' dir='ltr'><strong>Non</strong></span> <span class='ocrx_word' id='word_1_391' title='bbox 584 3588 848 3658; x_wconf 80' lang='lat' dir='ltr'><strong>judicabit</strong></span> <span class='ocrx_word' id='word_1_392' title='bbox 876 3589 1092 3659; x_wconf 80' lang='lat' dir='ltr'><strong>spiritus</strong></span> <span class='ocrx_word' id='word_1_393' title='bbox 1128 3605 1274 3643; x_wconf 83' lang='lat' dir='ltr'><strong>meus</strong></span> <span class='ocrx_word' id='word_1_394' title='bbox 1306 3588 1540 3641; x_wconf 80' lang='lat' dir='ltr'><strong>homines</strong></span> <span class='ocrx_word' id='word_1_395' title='bbox 1563 3589 1689 3641; x_wconf 88' lang='lat' dir='ltr'><strong>istos</strong></span> <span class='ocrx_word' id='word_1_396' title='bbox 1713 3588 1769 3640; x_wconf 88' lang='lat' dir='ltr'><strong>in</strong></span> 
     </span>
    </p>
   </div>
   <div class='ocr_carea' id='block_1_56' title="bbox 158 3672 1770 3748">
    <p class='ocr_par' dir='ltr' id='par_1_56' title="bbox 158 3672 1770 3748">
     <span class='ocr_line' id='line_1_56' title="bbox 158 3672 1770 3748; baseline -0.004 -15"><span class='ocrx_word' id='word_1_397' title='bbox 158 3679 582 3748; x_wconf 75' lang='lat' dir='ltr'><strong>sempiternum,</strong></span> <span class='ocrx_word' id='word_1_398' title='bbox 613 3676 859 3747; x_wconf 77' lang='lat' dir='ltr'><strong>quoniam</strong></span> <span class='ocrx_word' id='word_1_399' title='bbox 884 3692 1007 3729; x_wconf 84' lang='lat' dir='ltr'><strong>caro</strong></span> <span class='ocrx_word' id='word_1_400' title='bbox 1033 3685 1154 3729; x_wconf 86' lang='lat' dir='ltr'><strong>sunt</strong></span> <span class='ocrx_word' id='word_1_401' title='bbox 1185 3688 1203 3726; x_wconf 89' lang='lat'><strong><em>:</em></strong></span> <span class='ocrx_word' id='word_1_402' title='bbox 1240 3676 1343 3730; x_wconf 89' lang='lat' dir='ltr'><strong>hoc</strong></span> <span class='ocrx_word' id='word_1_403' title='bbox 1366 3684 1481 3739; x_wconf 91' lang='lat' dir='ltr'><strong>est,</strong></span> <span class='ocrx_word' id='word_1_404' title='bbox 1505 3675 1628 3743; x_wconf 89' lang='lat' dir='ltr'><strong>quia</strong></span> <span class='ocrx_word' id='word_1_405' title='bbox 1663 3672 1770 3727; x_wconf 78' lang='lat' dir='ltr'><strong>ira-</strong></span> 
     </span>
    </p>
   </div>
   <div class='ocr_carea' id='block_1_57' title="bbox 157 3767 1772 3841">
    <p class='ocr_par' dir='ltr' id='par_1_57' title="bbox 157 3767 1772 3841">
     <span class='ocr_line' id='line_1_57' title="bbox 157 3767 1772 3841; baseline -0.003 -18"><span class='ocrx_word' id='word_1_406' title='bbox 157 3770 305 3841; x_wconf 78' lang='lat' dir='ltr'><strong>gilis</strong></span> <span class='ocrx_word' id='word_1_407' title='bbox 332 3768 500 3824; x_wconf 83' lang='lat' dir='ltr'><strong>estin</strong></span> <span class='ocrx_word' id='word_1_408' title='bbox 527 3767 747 3823; x_wconf 92' lang='lat' dir='ltr'><strong>homine</strong></span> <span class='ocrx_word' id='word_1_409' title='bbox 771 3767 1027 3833; x_wconf 90' lang='lat' dir='ltr'><strong>conditio,</strong></span> <span class='ocrx_word' id='word_1_410' title='bbox 1059 3782 1167 3822; x_wconf 91' lang='lat' dir='ltr'><strong>non</strong></span> <span class='ocrx_word' id='word_1_411' title='bbox 1192 3782 1288 3823; x_wconf 89' lang='lat' dir='ltr'><strong>eos</strong></span> <span class='ocrx_word' id='word_1_412' title='bbox 1314 3767 1380 3821; x_wconf 88' lang='lat' dir='ltr'><strong>ad</strong></span> <span class='ocrx_word' id='word_1_413' title='bbox 1410 3776 1642 3821; x_wconf 73' lang='lat' dir='ltr'><strong>aeternos</strong></span> <span class='ocrx_word' id='word_1_414' title='bbox 1660 3781 1772 3821; x_wconf 86' lang='lat' dir='ltr'><strong>scr-</strong></span> 
     </span>
    </p>
   </div>
   <div class='ocr_carea' id='block_1_58' title="bbox 153 3858 1772 3929">
    <p class='ocr_par' dir='ltr' id='par_1_58' title="bbox 153 3858 1772 3929">
     <span class='ocr_line' id='line_1_58' title="bbox 153 3858 1772 3929; baseline -0.001 -16"><span class='ocrx_word' id='word_1_415' title='bbox 153 3862 318 3915; x_wconf 83' lang='lat' dir='ltr'><strong>vabo</strong></span> <span class='ocrx_word' id='word_1_416' title='bbox 352 3858 657 3924; x_wconf 83' lang='lat' dir='ltr'><strong>cruciatus,</strong></span> <span class='ocrx_word' id='word_1_417' title='bbox 688 3859 780 3913; x_wconf 88' lang='lat' dir='ltr'><strong>sed</strong></span> <span class='ocrx_word' id='word_1_418' title='bbox 821 3858 910 3913; x_wconf 91' lang='lat' dir='ltr'><strong>hic</strong></span> <span class='ocrx_word' id='word_1_419' title='bbox 953 3858 1056 3913; x_wconf 89' lang='lat' dir='ltr'><strong>illis</strong></span> <span class='ocrx_word' id='word_1_420' title='bbox 1081 3859 1363 3913; x_wconf 90' lang='lat' dir='ltr'><strong>restituam</strong></span> <span class='ocrx_word' id='word_1_421' title='bbox 1390 3858 1533 3929; x_wconf 89' lang='lat' dir='ltr'><strong>quod</strong></span> <span class='ocrx_word' id='word_1_422' title='bbox 1561 3872 1772 3912; x_wconf 82' lang='lat' dir='ltr'><strong>meren-</strong></span> 
     </span>
    </p>
   </div>
   <div class='ocr_carea' id='block_1_59' title="bbox 152 3949 1772 4019">
    <p class='ocr_par' dir='ltr' id='par_1_59' title="bbox 152 3949 1772 4019">
     <span class='ocr_line' id='line_1_59' title="bbox 152 3949 1772 4019; baseline 0 -15"><span class='ocrx_word' id='word_1_423' title='bbox 152 3961 282 4004; x_wconf 82' lang='lat' dir='ltr'><strong>tur.</strong></span> <span class='ocrx_word' id='word_1_424' title='bbox 321 3949 485 4019; x_wconf 85' lang='lat' dir='ltr'><strong>Ergo</strong></span> <span class='ocrx_word' id='word_1_425' title='bbox 508 3963 618 4004; x_wconf 92' lang='lat' dir='ltr'><strong>non</strong></span> <span class='ocrx_word' id='word_1_426' title='bbox 649 3950 1025 4011; x_wconf 85' lang='lat' dir='ltr'><strong>severitatem.</strong></span> <span class='ocrx_word' id='word_1_427' title='bbox 1068 3957 1130 4003; x_wconf 92' lang='lat' dir='ltr'><strong>ut</strong></span> <span class='ocrx_word' id='word_1_428' title='bbox 1168 3950 1222 4004; x_wconf 89' lang='lat' dir='ltr'><strong>in</strong></span> <span class='ocrx_word' id='word_1_429' title='bbox 1270 3951 1470 4004; x_wconf 91' lang='lat' dir='ltr'><strong>nostris</strong></span> <span class='ocrx_word' id='word_1_430' title='bbox 1495 3949 1772 4005; x_wconf 89' lang='lat' dir='ltr'><strong>codicibus</strong></span> 
     </span>
    </p>
   </div>
   <div class='ocr_carea' id='block_1_60' title="bbox 125 4034 1774 4107">
    <p class='ocr_par' dir='ltr' id='par_1_60' title="bbox 125 4034 1774 4107">
     <span class='ocr_line' id='line_1_60' title="bbox 125 4034 1774 4107; baseline 0.001 -19"><span class='ocrx_word' id='word_1_431' title='bbox 125 4036 409 4105; x_wconf 63' lang='lat' dir='ltr'><strong>tegitur,</strong></span> <span class='ocrx_word' id='word_1_432' title='bbox 441 4035 541 4088; x_wconf 85' lang='lat' dir='ltr'><strong>sed</strong></span> <span class='ocrx_word' id='word_1_433' title='bbox 563 4034 902 4089; x_wconf 85' lang='lat' dir='ltr'><strong>clementiam</strong></span> <span class='ocrx_word' id='word_1_434' title='bbox 926 4035 1140 4090; x_wconf 88' lang='lat' dir='ltr'><strong>Domini</strong></span> <span class='ocrx_word' id='word_1_435' title='bbox 1168 4042 1351 4100; x_wconf 87' lang='lat' dir='ltr'><strong>sonat,</strong></span> <span class='ocrx_word' id='word_1_436' title='bbox 1374 4035 1500 4091; x_wconf 90' lang='lat' dir='ltr'><strong>dum</strong></span> <span class='ocrx_word' id='word_1_437' title='bbox 1521 4045 1774 4107; x_wconf 83' lang='lat' dir='ltr'><strong>peccator</strong></span> 
     </span>
    </p>
   </div>
   <div class='ocr_carea' id='block_1_61' title="bbox 144 4123 1772 4195">
    <p class='ocr_par' dir='ltr' id='par_1_61' title="bbox 144 4123 1772 4195">
     <span class='ocr_line' id='line_1_61' title="bbox 144 4123 1772 4195; baseline 0.001 -16"><span class='ocrx_word' id='word_1_438' title='bbox 144 4125 253 4181; x_wconf 79' lang='lat' dir='ltr'><strong>hic</strong></span> <span class='ocrx_word' id='word_1_439' title='bbox 280 4139 405 4195; x_wconf 85' lang='lat' dir='ltr'><strong>pro</strong></span> <span class='ocrx_word' id='word_1_440' title='bbox 435 4137 537 4178; x_wconf 87' lang='lat' dir='ltr'><strong>suo</strong></span> <span class='ocrx_word' id='word_1_441' title='bbox 570 4123 772 4178; x_wconf 75' lang='lat' dir='ltr'><strong>scelere</strong></span> <span class='ocrx_word' id='word_1_442' title='bbox 802 4125 1070 4179; x_wconf 83' lang='lat' dir='ltr'><strong>visitatur.</strong></span> <span class='ocrx_word' id='word_1_443' title='bbox 1102 4124 1273 4179; x_wconf 88' lang='lat' dir='ltr'><strong>Porro</strong></span> <span class='ocrx_word' id='word_1_444' title='bbox 1312 4141 1383 4180; x_wconf 89' lang='lat' dir='ltr'><strong>ne</strong></span> <span class='ocrx_word' id='word_1_445' title='bbox 1418 4126 1687 4181; x_wconf 80' lang='lat' dir='ltr'><strong>videretur</strong></span> <span class='ocrx_word' id='word_1_446' title='bbox 1717 4126 1772 4180; x_wconf 90' lang='lat' dir='ltr'><strong>in</strong></span> 
     </span>
    </p>
   </div>
   <div class='ocr_carea' id='block_1_62' title="bbox 137 4212 1775 4288">
    <p class='ocr_par' dir='ltr' id='par_1_62' title="bbox 137 4212 1775 4288">
     <span class='ocr_line' id='line_1_62' title="bbox 137 4212 1775 4288; baseline -0.003 -13"><span class='ocrx_word' id='word_1_447' title='bbox 137 4236 220 4275; x_wconf 85' lang='lat' dir='ltr'><strong>eo</strong></span> <span class='ocrx_word' id='word_1_448' title='bbox 243 4233 396 4273; x_wconf 84' lang='lat' dir='ltr'><strong>esse</strong></span> <span class='ocrx_word' id='word_1_449' title='bbox 417 4216 677 4281; x_wconf 87' lang='lat' dir='ltr'><strong>crudelis,</strong></span> <span class='ocrx_word' id='word_1_450' title='bbox 705 4212 1218 4288; x_wconf 43' lang='lat' dir='ltr'><strong>quod’peccantibus</strong></span> <span class='ocrx_word' id='word_1_451' title='bbox 1238 4216 1412 4273; x_wconf 87' lang='lat' dir='ltr'><strong>locum</strong></span> <span class='ocrx_word' id='word_1_452' title='bbox 1439 4218 1775 4287; x_wconf 65' lang='lat' dir='ltr'><strong>pmnitentiae</strong></span> 
     </span>
    </p>
   </div>
   <div class='ocr_carea' id='block_1_63' title="bbox 138 4305 1775 4378">
    <p class='ocr_par' dir='ltr' id='par_1_63' title="bbox 138 4305 1775 4378">
     <span class='ocr_line' id='line_1_63' title="bbox 138 4305 1775 4378; baseline -0.003 -15"><span class='ocrx_word' id='word_1_453' title='bbox 138 4324 270 4363; x_wconf 83' lang='lat' dir='ltr'><strong>non</strong></span> <span class='ocrx_word' id='word_1_454' title='bbox 312 4306 591 4370; x_wconf 75' lang='lat' dir='ltr'><strong>dedisset,</strong></span> <span class='ocrx_word' id='word_1_455' title='bbox 618 4305 814 4378; x_wconf 77' lang='lat' dir='ltr'><strong>adjecit</strong></span> <span class='ocrx_word' id='word_1_456' title='bbox 842 4323 854 4358; x_wconf 90' lang='lat'><strong>:</strong></span> <span class='ocrx_word' id='word_1_457' title='bbox 884 4305 992 4361; x_wconf 85' lang='lat' dir='ltr'><strong>Sed</strong></span> <span class='ocrx_word' id='word_1_458' title='bbox 1020 4316 1171 4360; x_wconf 82' lang='lat' dir='ltr'><strong>erant</strong></span> <span class='ocrx_word' id='word_1_459' title='bbox 1208 4305 1317 4360; x_wconf 79' lang='lat' dir='ltr'><strong>dies</strong></span> <span class='ocrx_word' id='word_1_460' title='bbox 1349 4322 1527 4360; x_wconf 86' lang='lat' dir='ltr'><strong>eorum</strong></span> <span class='ocrx_word' id='word_1_461' title='bbox 1572 4315 1775 4359; x_wconf 83' lang='lat' dir='ltr'><strong>centum</strong></span> 
     </span>
    </p>
   </div>
   <div class='ocr_carea' id='block_1_64' title="bbox 130 4395 1775 4468">
    <p class='ocr_par' dir='ltr' id='par_1_64' title="bbox 130 4395 1775 4468">
     <span class='ocr_line' id='line_1_64' title="bbox 130 4395 1775 4468; baseline -0.003 -15"><span class='ocrx_word' id='word_1_462' title='bbox 130 4398 374 4468; x_wconf 63' lang='lat' dir='ltr'><strong>uiginti</strong></span> <span class='ocrx_word' id='word_1_463' title='bbox 399 4410 684 4459; x_wconf 76' lang='lat' dir='ltr'><strong>annorum,</strong></span> <span class='ocrx_word' id='word_1_464' title='bbox 701 4397 802 4449; x_wconf 91' lang='lat' dir='ltr'><strong>hoc</strong></span> <span class='ocrx_word' id='word_1_465' title='bbox 820 4403 926 4459; x_wconf 90' lang='lat' dir='ltr'><strong>est,</strong></span> <span class='ocrx_word' id='word_1_466' title='bbox 940 4396 1213 4451; x_wconf 88' lang='lat' dir='ltr'><strong>habebunt</strong></span> <span class='ocrx_word' id='word_1_467' title='bbox 1229 4395 1329 4449; x_wconf 60' lang='grc' dir='ltr'><strong>ΜΟ</strong></span> <span class='ocrx_word' id='word_1_468' title='bbox 1349 4410 1520 4448; x_wconf 88' lang='lat' dir='ltr'><strong>annos</strong></span> <span class='ocrx_word' id='word_1_469' title='bbox 1537 4395 1601 4449; x_wconf 88' lang='lat' dir='ltr'><strong>ad</strong></span> <span class='ocrx_word' id='word_1_470' title='bbox 1620 4410 1775 4464; x_wconf 86' lang='lat' dir='ltr'><strong>agen-</strong></span> 
     </span>
    </p>
   </div>
   <div class='ocr_carea' id='block_1_65' title="bbox 129 4484 1771 4556">
    <p class='ocr_par' dir='ltr' id='par_1_65' title="bbox 129 4484 1771 4556">
     <span class='ocr_line' id='line_1_65' title="bbox 129 4484 1771 4556; baseline -0.001 -14"><span class='ocrx_word' id='word_1_471' title='bbox 129 4492 286 4544; x_wconf 78' lang='lat' dir='ltr'><strong>dam</strong></span> <span class='ocrx_word' id='word_1_472' title='bbox 321 4485 740 4556; x_wconf 65' lang='lat' dir='ltr'><strong>panitentiam.</strong></span> <span class='ocrx_word' id='word_1_473' title='bbox 774 4484 891 4540; x_wconf 87' lang='lat' dir='ltr'><strong>Non</strong></span> <span class='ocrx_word' id='word_1_474' title='bbox 921 4501 1049 4555; x_wconf 89' lang='lat' dir='ltr'><strong>ergo</strong></span> <span class='ocrx_word' id='word_1_475' title='bbox 1074 4487 1311 4539; x_wconf 87' lang='lat' dir='ltr'><strong>humana</strong></span> <span class='ocrx_word' id='word_1_476' title='bbox 1336 4485 1472 4550; x_wconf 89' lang='lat' dir='ltr'><strong>vita,</strong></span> <span class='ocrx_word' id='word_1_477' title='bbox 1520 4492 1577 4538; x_wconf 91' lang='lat' dir='ltr'><strong>ut</strong></span> <span class='ocrx_word' id='word_1_478' title='bbox 1620 4484 1771 4541; x_wconf 86' lang='lat' dir='ltr'><strong>multi</strong></span> 
     </span>
    </p>
   </div>
   <div class='ocr_carea' id='block_1_66' title="bbox 123 4572 1774 4644">
    <p class='ocr_par' dir='ltr' id='par_1_66' title="bbox 123 4572 1774 4644">
     <span class='ocr_line' id='line_1_66' title="bbox 123 4572 1774 4644; baseline -0.004 -10"><span class='ocrx_word' id='word_1_479' title='bbox 123 4577 488 4637; x_wconf 60' lang='lat' dir='ltr'><strong>atimaut,</strong></span> <span class='ocrx_word' id='word_1_480' title='bbox 520 4572 574 4626; x_wconf 89' lang='lat' dir='ltr'><strong>in</strong></span> <span class='ocrx_word' id='word_1_481' title='bbox 603 4583 820 4628; x_wconf 88' lang='lat' dir='ltr'><strong>centum</strong></span> <span class='ocrx_word' id='word_1_482' title='bbox 842 4574 1028 4644; x_wconf 83' lang='lat' dir='ltr'><strong>viginti</strong></span> <span class='ocrx_word' id='word_1_483' title='bbox 1059 4589 1230 4628; x_wconf 71' lang='lat' dir='ltr'><strong>anxios</strong></span> <span class='ocrx_word' id='word_1_484' title='bbox 1253 4582 1529 4628; x_wconf 89' lang='lat' dir='ltr'><strong>contracta</strong></span> <span class='ocrx_word' id='word_1_485' title='bbox 1551 4582 1651 4632; x_wconf 86' lang='lat' dir='ltr'><strong>est,</strong></span> <span class='ocrx_word' id='word_1_486' title='bbox 1681 4573 1774 4629; x_wconf 88' lang='lat' dir='ltr'><strong>sed</strong></span> 
     </span>
    </p>
   </div>
   <div class='ocr_carea' id='block_1_67' title="bbox 120 4663 1774 4741">
    <p class='ocr_par' dir='ltr' id='par_1_67' title="bbox 120 4663 1774 4741">
     <span class='ocr_line' id='line_1_67' title="bbox 120 4663 1774 4741; baseline -0.004 -17"><span class='ocrx_word' id='word_1_487' title='bbox 120 4664 531 4741; x_wconf 58' lang='grc' dir='ltr'><strong>διέπει-ειιίοηί</strong></span> <span class='ocrx_word' id='word_1_488' title='bbox 578 4663 651 4717; x_wconf 90' lang='lat' dir='ltr'><strong>illi</strong></span> <span class='ocrx_word' id='word_1_489' title='bbox 682 4672 896 4719; x_wconf 89' lang='lat' dir='ltr'><strong>centum</strong></span> <span class='ocrx_word' id='word_1_490' title='bbox 920 4665 1109 4736; x_wconf 83' lang='lat' dir='ltr'><strong>viginti</strong></span> <span class='ocrx_word' id='word_1_491' title='bbox 1142 4665 1269 4720; x_wconf 89' lang='lat' dir='ltr'><strong>anni</strong></span> <span class='ocrx_word' id='word_1_492' title='bbox 1308 4664 1374 4718; x_wconf 88' lang='lat' dir='ltr'><strong>ad</strong></span> <span class='ocrx_word' id='word_1_493' title='bbox 1403 4665 1774 4734; x_wconf 81' lang='lat' dir='ltr'><strong>paenitentiam</strong></span> 
     </span>
    </p>
   </div>
   <div class='ocr_carea' id='block_1_68' title="bbox 119 4753 1779 4827">
    <p class='ocr_par' dir='ltr' id='par_1_68' title="bbox 119 4753 1779 4827">
     <span class='ocr_line' id='line_1_68' title="bbox 119 4753 1779 4827; baseline -0.005 -10"><span class='ocrx_word' id='word_1_494' title='bbox 119 4760 260 4817; x_wconf 83' lang='lat' dir='ltr'><strong>dati</strong></span> <span class='ocrx_word' id='word_1_495' title='bbox 297 4763 483 4811; x_wconf 75' lang='lat' dir='ltr'><strong>sunt.</strong></span> <span class='ocrx_word' id='word_1_496' title='bbox 530 4753 808 4824; x_wconf 73' lang='lat' dir='ltr'><strong>Siquidem</strong></span> <span class='ocrx_word' id='word_1_497' title='bbox 847 4755 1145 4810; x_wconf 86' lang='lat' dir='ltr'><strong>invenimus</strong></span> <span class='ocrx_word' id='word_1_498' title='bbox 1167 4757 1308 4827; x_wconf 90' lang='lat' dir='ltr'><strong>quod</strong></span> <span class='ocrx_word' id='word_1_499' title='bbox 1353 4764 1477 4826; x_wconf 89' lang='lat' dir='ltr'><strong>post</strong></span> <span class='ocrx_word' id='word_1_500' title='bbox 1520 4755 1779 4809; x_wconf 82' lang='lat' dir='ltr'><strong>diluvium</strong></span> 
     </span>
    </p>
   </div>
   <div class='ocr_carea' id='block_1_69' title="bbox 112 4844 1774 4923">
    <p class='ocr_par' dir='ltr' id='par_1_69' title="bbox 112 4844 1774 4923">
     <span class='ocr_line' id='line_1_69' title="bbox 112 4844 1774 4923; baseline -0.004 -19"><span class='ocrx_word' id='word_1_501' title='bbox 112 4849 472 4904; x_wconf 74' lang='lat' dir='ltr'><strong>Abraham</strong></span> <span class='ocrx_word' id='word_1_502' title='bbox 502 4844 698 4898; x_wconf 77' lang='lat' dir='ltr'><strong>vixerit</strong></span> <span class='ocrx_word' id='word_1_503' title='bbox 722 4845 875 4899; x_wconf 86' lang='lat' dir='ltr'><strong>annis</strong></span> <span class='ocrx_word' id='word_1_504' title='bbox 904 4854 1120 4899; x_wconf 88' lang='lat' dir='ltr'><strong>centum</strong></span> <span class='ocrx_word' id='word_1_505' title='bbox 1143 4847 1477 4923; x_wconf 84' lang='lat' dir='ltr'><strong>septuaginta</strong></span> <span class='ocrx_word' id='word_1_506' title='bbox 1517 4845 1774 4915; x_wconf 88' lang='lat' dir='ltr'><strong>quinque.</strong></span> 
     </span>
    </p>
   </div>
   <div class='ocr_carea' id='block_1_70' title="bbox 114 4936 1773 5009">
    <p class='ocr_par' dir='ltr' id='par_1_70' title="bbox 114 4936 1773 5009">
     <span class='ocr_line' id='line_1_70' title="bbox 114 4936 1773 5009; baseline -0.002 -13"><span class='ocrx_word' id='word_1_507' title='bbox 114 4941 459 4998; x_wconf 84' lang='lat' dir='ltr'><strong>Dominus</strong></span> <span class='ocrx_word' id='word_1_508' title='bbox 485 4947 667 4991; x_wconf 84' lang='lat' dir='ltr'><strong>autem</strong></span> <span class='ocrx_word' id='word_1_509' title='bbox 698 4936 870 4992; x_wconf 91' lang='lat' dir='ltr'><strong>noluit</strong></span> <span class='ocrx_word' id='word_1_510' title='bbox 906 4946 1114 5006; x_wconf 90' lang='lat' dir='ltr'><strong>tempus</strong></span> <span class='ocrx_word' id='word_1_511' title='bbox 1135 4949 1448 5009; x_wconf 80' lang='lat' dir='ltr'><strong>exspectare</strong></span> <span class='ocrx_word' id='word_1_512' title='bbox 1476 4940 1773 5002; x_wconf 86' lang='lat' dir='ltr'><strong>decretum,</strong></span> 
     </span>
    </p>
   </div>
   <div class='ocr_carea' id='block_1_71' title="bbox 104 5027 1778 5099">
    <p class='ocr_par' dir='ltr' id='par_1_71' title="bbox 104 5027 1778 5099">
     <span class='ocr_line' id='line_1_71' title="bbox 104 5027 1778 5099; baseline -0.001 -16"><span class='ocrx_word' id='word_1_513' title='bbox 104 5033 228 5089; x_wconf 70' lang='lat' dir='ltr'><strong>sed</strong></span> <span class='ocrx_word' id='word_1_514' title='bbox 266 5027 510 5099; x_wconf 77' lang='lat' dir='ltr'><strong>viginti</strong></span> <span class='ocrx_word' id='word_1_515' title='bbox 537 5038 800 5082; x_wconf 86' lang='lat' dir='ltr'><strong>annorum</strong></span> <span class='ocrx_word' id='word_1_516' title='bbox 838 5027 1023 5097; x_wconf 83' lang='lat' dir='ltr'><strong>spatiis</strong></span> <span class='ocrx_word' id='word_1_517' title='bbox 1060 5029 1370 5098; x_wconf 86' lang='lat' dir='ltr'><strong>amputatis,</strong></span> <span class='ocrx_word' id='word_1_518' title='bbox 1404 5030 1613 5084; x_wconf 74' lang='lat' dir='ltr'><strong>induxit</strong></span> <span class='ocrx_word' id='word_1_519' title='bbox 1648 5030 1778 5084; x_wconf 88' lang='lat' dir='ltr'><strong>dilu-</strong></span> 
     </span>
    </p>
   </div>
   <div class='ocr_carea' id='block_1_72' title="bbox 100 5120 1740 5201">
    <p class='ocr_par' dir='ltr' id='par_1_72' title="bbox 100 5120 1740 5201">
     <span class='ocr_line' id='line_1_72' title="bbox 100 5120 1740 5201; baseline -0.004 -22"><span class='ocrx_word' id='word_1_520' title='bbox 100 5128 301 5179; x_wconf 67' lang='lat' dir='ltr'><strong>vium</strong></span> <span class='ocrx_word' id='word_1_521' title='bbox 341 5134 519 5173; x_wconf 82' lang='lat' dir='ltr'><strong>anno</strong></span> <span class='ocrx_word' id='word_1_522' title='bbox 540 5120 833 5173; x_wconf 84' lang='lat' dir='ltr'><strong>centesimo</strong></span> <span class='ocrx_word' id='word_1_523' title='bbox 862 5120 1078 5191; x_wconf 70' lang='lat' dir='ltr'><strong>agenda:</strong></span> <span class='ocrx_word' id='word_1_524' title='bbox 1104 5122 1431 5201; x_wconf 72' lang='lat' dir='ltr'><strong>pcenitentia:</strong></span> <span class='ocrx_word' id='word_1_525' title='bbox 1455 5123 1740 5178; x_wconf 84' lang='lat' dir='ltr'><strong>destinato.</strong></span> 
     </span>
    </p>
   </div>
   <div class='ocr_carea' id='block_1_73' title="bbox 803 5229 1183 5287">
    <p class='ocr_par' dir='ltr' id='par_1_73' title="bbox 803 5229 1183 5287">
     <span class='ocr_line' id='line_1_73' title="bbox 803 5229 1183 5287; baseline -0.013 0"><span class='ocrx_word' id='word_1_526' title='bbox 803 5229 1029 5287; x_wconf 77' lang='lat' dir='ltr'><strong>CAPUT</strong></span> <span class='ocrx_word' id='word_1_527' title='bbox 1064 5230 1183 5284; x_wconf 74' lang='lat' dir='ltr'><strong>XX.</strong></span> 
     </span>
    </p>
   </div>
   <div class='ocr_carea' id='block_1_74' title="bbox 272 5321 1786 5403">
    <p class='ocr_par' dir='ltr' id='par_1_74' title="bbox 272 5321 1786 5403">
     <span class='ocr_line' id='line_1_74' title="bbox 272 5321 1786 5403; baseline 0 -26"><span class='ocrx_word' id='word_1_528' title='bbox 272 5323 449 5380; x_wconf 79' lang='lat' dir='ltr'><strong>Noe</strong></span> <span class='ocrx_word' id='word_1_529' title='bbox 490 5322 751 5389; x_wconf 84' lang='lat' dir='ltr'><strong>quomodo</strong></span> <span class='ocrx_word' id='word_1_530' title='bbox 793 5322 1022 5403; x_wconf 72' lang='lat' dir='ltr'><strong>decimus</strong></span> <span class='ocrx_word' id='word_1_531' title='bbox 1055 5321 1136 5403; x_wconf 23' lang='grc' dir='ltr'><strong>Αᾳὸ</strong></span> <span class='ocrx_word' id='word_1_532' title='bbox 1175 5322 1353 5403; x_wconf 37' lang='lat' dir='ltr'><strong>fidem</strong></span> <span class='ocrx_word' id='word_1_533' title='bbox 1396 5323 1635 5392; x_wconf 78' lang='lat' dir='ltr'><strong>orinceps</strong></span> <span class='ocrx_word' id='word_1_534' title='bbox 1674 5340 1786 5377; x_wconf 68' lang='lat' dir='ltr'><strong>sua:</strong></span> 
     </span>
    </p>
   </div>
   <div class='ocr_carea' id='block_1_75' title="bbox 758 5400 1227 5460">
    <p class='ocr_par' dir='ltr' id='par_1_75' title="bbox 758 5400 1227 5460">
     <span class='ocr_line' id='line_1_75' title="bbox 758 5400 1227 5460; baseline 0.004 -18"><span class='ocrx_word' id='word_1_535' title='bbox 758 5400 922 5460; x_wconf 82' lang='lat' dir='ltr'><strong>gentis</strong></span> <span class='ocrx_word' id='word_1_536' title='bbox 952 5400 1227 5444; x_wconf 70' lang='lat' dir='ltr'><strong>exstiterit.</strong></span> 
     </span>
    </p>
   </div>
   <div class='ocr_carea' id='block_1_76' title="bbox 180 5480 1787 5553">
    <p class='ocr_par' dir='ltr' id='par_1_76' title="bbox 180 5480 1787 5553">
     <span class='ocr_line' id='line_1_76' title="bbox 180 5480 1787 5553; baseline -0.001 -14"><span class='ocrx_word' id='word_1_537' title='bbox 180 5487 347 5542; x_wconf 76' lang='lat' dir='ltr'><strong>Noe</strong></span> <span class='ocrx_word' id='word_1_538' title='bbox 374 5493 540 5535; x_wconf 76' lang='lat' dir='ltr'><strong>vero</strong></span> <span class='ocrx_word' id='word_1_539' title='bbox 565 5480 931 5550; x_wconf 62' lang='lat' dir='ltr'><strong>principatqu</strong></span> <span class='ocrx_word' id='word_1_540' title='bbox 951 5490 1163 5546; x_wconf 88' lang='lat' dir='ltr'><strong>tenens,</strong></span> <span class='ocrx_word' id='word_1_541' title='bbox 1190 5497 1349 5551; x_wconf 87' lang='lat' dir='ltr'><strong>quem</strong></span> <span class='ocrx_word' id='word_1_542' title='bbox 1376 5498 1470 5553; x_wconf 85' lang='lat' dir='ltr'><strong>per</strong></span> <span class='ocrx_word' id='word_1_543' title='bbox 1492 5483 1787 5537; x_wconf 81' lang='lat' dir='ltr'><strong>successio-</strong></span> 
     </span>
    </p>
   </div>
   <div class='ocr_carea' id='block_1_77' title="bbox 74 5570 1782 5650">
    <p class='ocr_par' dir='ltr' id='par_1_77' title="bbox 74 5570 1782 5650">
     <span class='ocr_line' id='line_1_77' title="bbox 74 5570 1782 5650; baseline 0.001 -22"><span class='ocrx_word' id='word_1_544' title='bbox 74 5597 216 5640; x_wconf 65' lang='lat' dir='ltr'><strong>nes</strong></span> <span class='ocrx_word' id='word_1_545' title='bbox 253 5583 516 5650; x_wconf 76' lang='lat' dir='ltr'><strong>patres</strong></span> <span class='ocrx_word' id='word_1_546' title='bbox 543 5570 660 5639; x_wconf 85' lang='lat' dir='ltr'><strong>ejus</strong></span> <span class='ocrx_word' id='word_1_547' title='bbox 685 5573 1014 5639; x_wconf 82' lang='lat' dir='ltr'><strong>habuerant,</strong></span> <span class='ocrx_word' id='word_1_548' title='bbox 1053 5572 1257 5629; x_wconf 86' lang='lat' dir='ltr'><strong>scilicet</strong></span> <span class='ocrx_word' id='word_1_549' title='bbox 1289 5589 1384 5643; x_wconf 86' lang='lat' dir='ltr'><strong>per</strong></span> <span class='ocrx_word' id='word_1_550' title='bbox 1413 5576 1782 5645; x_wconf 72' lang='lat' dir='ltr'><strong>generationes</strong></span> 
     </span>
    </p>
   </div>
   <div class='ocr_carea' id='block_1_78' title="bbox 76 5661 1780 5737">
    <p class='ocr_par' dir='ltr' id='par_1_78' title="bbox 76 5661 1780 5737">
     <span class='ocr_line' id='line_1_78' title="bbox 76 5661 1780 5737; baseline 0.004 -25"><span class='ocrx_word' id='word_1_551' title='bbox 76 5674 383 5733; x_wconf 60' lang='grc' dir='ltr'><strong>δεθείη,</strong></span> <span class='ocrx_word' id='word_1_552' title='bbox 466 5661 523 5715; x_wconf 87' lang='lat' dir='ltr'><strong>id</strong></span> <span class='ocrx_word' id='word_1_553' title='bbox 553 5671 657 5727; x_wconf 91' lang='lat' dir='ltr'><strong>est,</strong></span> <span class='ocrx_word' id='word_1_554' title='bbox 689 5680 719 5716; x_wconf 86' lang='lat' dir='ltr'><strong>a</strong></span> <span class='ocrx_word' id='word_1_555' title='bbox 747 5662 859 5719; x_wconf 81' lang='lat' dir='ltr'><strong>Noe</strong></span> <span class='ocrx_word' id='word_1_556' title='bbox 900 5679 1069 5734; x_wconf 87' lang='lat' dir='ltr'><strong>usque</strong></span> <span class='ocrx_word' id='word_1_557' title='bbox 1108 5663 1175 5720; x_wconf 86' lang='lat' dir='ltr'><strong>ad</strong></span> <span class='ocrx_word' id='word_1_558' title='bbox 1207 5666 1438 5736; x_wconf 88' lang='lat' dir='ltr'><strong>primum</strong></span> <span class='ocrx_word' id='word_1_559' title='bbox 1480 5679 1780 5737; x_wconf 78' lang='lat' dir='ltr'><strong>parentem,</strong></span> 
     </span>
    </p>
   </div>
   <div class='ocr_carea' id='block_1_79' title="bbox 86 5328 198 5385">
    <p class='ocr_par' dir='ltr' id='par_1_79' title="bbox 86 5328 198 5385">
     <span class='ocr_line' id='line_1_79' title="bbox 86 5328 198 5385; baseline 0 0"><span class='ocrx_word' id='word_1_560' title='bbox 86 5328 198 5385; x_wconf 75' lang='lat' dir='ltr'><strong>De</strong></span> 
     </span>
    </p>
   </div>
   <div class='ocr_carea' id='block_1_80' title="bbox 1854 1856 3442 1929">
    <p class='ocr_par' dir='ltr' id='par_1_80' title="bbox 1854 1856 3442 1929">
     <span class='ocr_line' id='line_1_80' title="bbox 1854 1856 3442 1929; baseline 0.001 -18"><span class='ocrx_word' id='word_1_561' title='bbox 1854 1860 2119 1917; x_wconf 87' lang='lat' dir='ltr'><strong>misimus.</strong></span> <span class='ocrx_word' id='word_1_562' title='bbox 2156 1860 2302 1924; x_wconf 65' lang='lat' dir='ltr'><strong>Haec,</strong></span> <span class='ocrx_word' id='word_1_563' title='bbox 2325 1859 2480 1929; x_wconf 74' lang='lat' dir='ltr'><strong>juxta</strong></span> <span class='ocrx_word' id='word_1_564' title='bbox 2516 1858 2923 1923; x_wconf 69' lang='lat' dir='ltr'><strong>intelligentiam</strong></span> <span class='ocrx_word' id='word_1_565' title='bbox 2947 1857 3188 1929; x_wconf 80' lang='lat' dir='ltr'><strong>Josepbi,</strong></span> <span class='ocrx_word' id='word_1_566' title='bbox 3215 1856 3285 1913; x_wconf 88' lang='lat' dir='ltr'><strong>de</strong></span> <span class='ocrx_word' id='word_1_567' title='bbox 3322 1857 3442 1913; x_wconf 83' lang='lat' dir='ltr'><strong>Noe</strong></span> 
     </span>
    </p>
   </div>
   <div class='ocr_carea' id='block_1_81' title="bbox 1855 1948 2372 2006">
    <p class='ocr_par' dir='ltr' id='par_1_81' title="bbox 1855 1948 2372 2006">
     <span class='ocr_line' id='line_1_81' title="bbox 1855 1948 2372 2006; baseline 0.002 -4"><span class='ocrx_word' id='word_1_568' title='bbox 1855 1949 2063 2004; x_wconf 88' lang='lat' dir='ltr'><strong>actibus</strong></span> <span class='ocrx_word' id='word_1_569' title='bbox 2085 1948 2372 2006; x_wconf 73' lang='lat' dir='ltr'><strong>sufﬁciunt.</strong></span> 
     </span>
    </p>
   </div>
   <div class='ocr_carea' id='block_1_82' title="bbox 2444 2100 2848 2156">
    <p class='ocr_par' dir='ltr' id='par_1_82' title="bbox 2444 2100 2848 2156">
     <span class='ocr_line' id='line_1_82' title="bbox 2444 2100 2848 2156; baseline 0.002 -1"><span class='ocrx_word' id='word_1_570' title='bbox 2444 2100 2671 2156; x_wconf 83' lang='lat' dir='ltr'><strong>CAPUT</strong></span> <span class='ocrx_word' id='word_1_571' title='bbox 2709 2100 2848 2156; x_wconf 83' lang='lat' dir='ltr'><strong>XXI.</strong></span> 
     </span>
    </p>
   </div>
   <div class='ocr_carea' id='block_1_83' title="bbox 2094 2205 3193 2281">
    <p class='ocr_par' dir='ltr' id='par_1_83' title="bbox 2094 2205 3193 2281">
     <span class='ocr_line' id='line_1_83' title="bbox 2094 2205 3193 2281; baseline -0.001 -16"><span class='ocrx_word' id='word_1_572' title='bbox 2094 2210 2170 2265; x_wconf 87' lang='lat' dir='ltr'><strong>De</strong></span> <span class='ocrx_word' id='word_1_573' title='bbox 2195 2209 2552 2281; x_wconf 79' lang='lat' dir='ltr'><strong>magnitudine</strong></span> <span class='ocrx_word' id='word_1_574' title='bbox 2576 2205 2786 2265; x_wconf 69' lang='lat' dir='ltr'><strong>armet</strong></span> <span class='ocrx_word' id='word_1_575' title='bbox 2810 2212 3027 2265; x_wconf 80' lang='lat' dir='ltr'><strong>cameris</strong></span> <span class='ocrx_word' id='word_1_576' title='bbox 3059 2210 3193 2280; x_wconf 86' lang='lat' dir='ltr'><strong>ejus.</strong></span> 
     </span>
    </p>
   </div>
   <div class='ocr_carea' id='block_1_84' title="bbox 1928 2320 3441 2393">
    <p class='ocr_par' dir='ltr' id='par_1_84' title="bbox 1928 2320 3441 2393">
     <span class='ocr_line' id='line_1_84' title="bbox 1928 2320 3441 2393; baseline -0.001 -16"><span class='ocrx_word' id='word_1_577' title='bbox 1928 2321 2070 2393; x_wconf 83' lang='lat' dir='ltr'><strong>Ergo</strong></span> <span class='ocrx_word' id='word_1_578' title='bbox 2098 2320 2316 2377; x_wconf 77' lang='lat' dir='ltr'><strong>fuerunt</strong></span> <span class='ocrx_word' id='word_1_579' title='bbox 2346 2321 2586 2376; x_wconf 82' lang='lat' dir='ltr'><strong>nonnulli</strong></span> <span class='ocrx_word' id='word_1_580' title='bbox 2616 2320 2946 2391; x_wconf 87' lang='lat' dir='ltr'><strong>impossibile</strong></span> <span class='ocrx_word' id='word_1_581' title='bbox 2974 2329 3222 2391; x_wconf 84' lang='lat' dir='ltr'><strong>putantes</strong></span> <span class='ocrx_word' id='word_1_582' title='bbox 3264 2330 3325 2375; x_wconf 91' lang='lat' dir='ltr'><strong>ut</strong></span> <span class='ocrx_word' id='word_1_583' title='bbox 3360 2329 3441 2376; x_wconf 87' lang='lat' dir='ltr'><strong>tot</strong></span> 
     </span>
    </p>
   </div>
   <div class='ocr_carea' id='block_1_85' title="bbox 1859 2414 3443 2487">
    <p class='ocr_par' dir='ltr' id='par_1_85' title="bbox 1859 2414 3443 2487">
     <span class='ocr_line' id='line_1_85' title="bbox 1859 2414 3443 2487; baseline -0.003 -16"><span class='ocrx_word' id='word_1_584' title='bbox 1859 2430 2057 2487; x_wconf 85' lang='lat' dir='ltr'><strong>genera</strong></span> <span class='ocrx_word' id='word_1_585' title='bbox 2082 2415 2420 2479; x_wconf 88' lang='lat' dir='ltr'><strong>animalium,</strong></span> <span class='ocrx_word' id='word_1_586' title='bbox 2454 2414 2777 2483; x_wconf 84' lang='lat' dir='ltr'><strong>repentium,</strong></span> <span class='ocrx_word' id='word_1_587' title='bbox 2808 2414 2923 2468; x_wconf 69' lang='lat' dir='ltr'><strong>haec</strong></span> <span class='ocrx_word' id='word_1_588' title='bbox 2951 2429 3077 2468; x_wconf 88' lang='lat' dir='ltr'><strong>arca</strong></span> <span class='ocrx_word' id='word_1_589' title='bbox 3121 2428 3314 2483; x_wconf 86' lang='lat' dir='ltr'><strong>capere</strong></span> <span class='ocrx_word' id='word_1_590' title='bbox 3341 2428 3443 2482; x_wconf 77' lang='grc' dir='ltr'><strong>ρο·-</strong></span> 
     </span>
    </p>
   </div>
   <div class='ocr_carea' id='block_1_86' title="bbox 1861 2500 3449 2573">
    <p class='ocr_par' dir='ltr' id='par_1_86' title="bbox 1861 2500 3449 2573">
     <span class='ocr_line' id='line_1_86' title="bbox 1861 2500 3449 2573; baseline -0.003 -15"><span class='ocrx_word' id='word_1_591' title='bbox 1861 2505 2075 2569; x_wconf 84' lang='lat' dir='ltr'><strong>tuisset,</strong></span> <span class='ocrx_word' id='word_1_592' title='bbox 2095 2513 2150 2559; x_wconf 88' lang='lat' dir='ltr'><strong>et</strong></span> <span class='ocrx_word' id='word_1_593' title='bbox 2176 2518 2385 2573; x_wconf 72' lang='lat' dir='ltr'><strong>ea-qum</strong></span> <span class='ocrx_word' id='word_1_594' title='bbox 2409 2502 2514 2557; x_wconf 90' lang='lat' dir='ltr'><strong>sibi</strong></span> <span class='ocrx_word' id='word_1_595' title='bbox 2555 2516 2655 2571; x_wconf 89' lang='lat' dir='ltr'><strong>pro</strong></span> <span class='ocrx_word' id='word_1_596' title='bbox 2682 2501 2875 2556; x_wconf 85' lang='lat' dir='ltr'><strong>solatio</strong></span> <span class='ocrx_word' id='word_1_597' title='bbox 2901 2501 3025 2555; x_wconf 69' lang='lat' dir='ltr'><strong>vitae</strong></span> <span class='ocrx_word' id='word_1_598' title='bbox 3050 2500 3226 2555; x_wconf 83' lang='lat' dir='ltr'><strong>forent</strong></span> <span class='ocrx_word' id='word_1_599' title='bbox 3255 2514 3449 2555; x_wconf 77' lang='lat' dir='ltr'><strong>neces-</strong></span> 
     </span>
    </p>
   </div>
   <div class='ocr_carea' id='block_1_87' title="bbox 1862 2590 3447 2663">
    <p class='ocr_par' dir='ltr' id='par_1_87' title="bbox 1862 2590 3447 2663">
     <span class='ocr_line' id='line_1_87' title="bbox 1862 2590 3447 2663; baseline -0.002 -14"><span class='ocrx_word' id='word_1_600' title='bbox 1862 2594 2028 2658; x_wconf 86' lang='lat' dir='ltr'><strong>saria,</strong></span> <span class='ocrx_word' id='word_1_601' title='bbox 2052 2609 2149 2663; x_wconf 90' lang='lat' dir='ltr'><strong>per</strong></span> <span class='ocrx_word' id='word_1_602' title='bbox 2179 2601 2387 2648; x_wconf 88' lang='lat' dir='ltr'><strong>tantum</strong></span> <span class='ocrx_word' id='word_1_603' title='bbox 2423 2592 2682 2661; x_wconf 87' lang='lat' dir='ltr'><strong>temporis</strong></span> <span class='ocrx_word' id='word_1_604' title='bbox 2706 2592 2958 2661; x_wconf 87' lang='lat' dir='ltr'><strong>spatium.</strong></span> <span class='ocrx_word' id='word_1_605' title='bbox 2990 2590 3091 2658; x_wconf 87' lang='lat' dir='ltr'><strong>Qui</strong></span> <span class='ocrx_word' id='word_1_606' title='bbox 3122 2605 3228 2645; x_wconf 87' lang='lat' dir='ltr'><strong>non</strong></span> <span class='ocrx_word' id='word_1_607' title='bbox 3270 2599 3447 2646; x_wconf 81' lang='lat' dir='ltr'><strong>atten-</strong></span> 
     </span>
    </p>
   </div>
   <div class='ocr_carea' id='block_1_88' title="bbox 1861 2683 3440 2756">
    <p class='ocr_par' dir='ltr' id='par_1_88' title="bbox 1861 2683 3440 2756">
     <span class='ocr_line' id='line_1_88' title="bbox 1861 2683 3440 2756; baseline -0.003 -15"><span class='ocrx_word' id='word_1_608' title='bbox 1861 2686 1994 2745; x_wconf 82' lang='lat' dir='ltr'><strong>dunt</strong></span> <span class='ocrx_word' id='word_1_609' title='bbox 2022 2685 2204 2741; x_wconf 77' lang='lat' dir='ltr'><strong>Mosen</strong></span> <span class='ocrx_word' id='word_1_610' title='bbox 2231 2686 2284 2741; x_wconf 88' lang='lat' dir='ltr'><strong>in</strong></span> <span class='ocrx_word' id='word_1_611' title='bbox 2312 2686 2458 2741; x_wconf 86' lang='lat' dir='ltr'><strong>omni</strong></span> <span class='ocrx_word' id='word_1_612' title='bbox 2495 2683 2816 2756; x_wconf 67' lang='lat' dir='ltr'><strong>Egyptiaca</strong></span> <span class='ocrx_word' id='word_1_613' title='bbox 2856 2684 3126 2740; x_wconf 85' lang='lat' dir='ltr'><strong>eruditum</strong></span> <span class='ocrx_word' id='word_1_614' title='bbox 3152 2683 3440 2752; x_wconf 81' lang='lat' dir='ltr'><strong>sapientia,</strong></span> 
     </span>
    </p>
   </div>
   <div class='ocr_carea' id='block_1_89' title="bbox 1864 2771 3447 2848">
    <p class='ocr_par' dir='ltr' id='par_1_89' title="bbox 1864 2771 3447 2848">
     <span class='ocr_line' id='line_1_89' title="bbox 1864 2771 3447 2848; baseline -0.003 -17"><span class='ocrx_word' id='word_1_615' title='bbox 1864 2785 1920 2831; x_wconf 90' lang='lat' dir='ltr'><strong>et</strong></span> <span class='ocrx_word' id='word_1_616' title='bbox 1938 2777 2177 2834; x_wconf 89' lang='lat' dir='ltr'><strong>cubitum</strong></span> <span class='ocrx_word' id='word_1_617' title='bbox 2204 2776 2544 2848; x_wconf 64' lang='lat' dir='ltr'><strong>geometrica:</strong></span> <span class='ocrx_word' id='word_1_618' title='bbox 2567 2775 2864 2844; x_wconf 67' lang='lat' dir='ltr'><strong>disciplinae</strong></span> <span class='ocrx_word' id='word_1_619' title='bbox 2887 2789 2995 2844; x_wconf 93' lang='lat' dir='ltr'><strong>quo</strong></span> <span class='ocrx_word' id='word_1_620' title='bbox 3027 2781 3254 2828; x_wconf 89' lang='lat' dir='ltr'><strong>utuntur</strong></span> <span class='ocrx_word' id='word_1_621' title='bbox 3276 2771 3447 2842; x_wconf 66' lang='lat' dir='ltr'><strong>Egy-</strong></span> 
     </span>
    </p>
   </div>
   <div class='ocr_carea' id='block_1_90' title="bbox 1864 2864 3443 2940">
    <p class='ocr_par' dir='ltr' id='par_1_90' title="bbox 1864 2864 3443 2940">
     <span class='ocr_line' id='line_1_90' title="bbox 1864 2864 3443 2940; baseline -0.003 -16"><span class='ocrx_word' id='word_1_622' title='bbox 1864 2870 1961 2940; x_wconf 90' lang='lat' dir='ltr'><strong>ptii</strong></span> <span class='ocrx_word' id='word_1_623' title='bbox 2006 2877 2214 2923; x_wconf 89' lang='lat' dir='ltr'><strong>tantum</strong></span> <span class='ocrx_word' id='word_1_624' title='bbox 2244 2867 2447 2931; x_wconf 85' lang='lat' dir='ltr'><strong>valere,</strong></span> <span class='ocrx_word' id='word_1_625' title='bbox 2475 2874 2732 2935; x_wconf 87' lang='lat' dir='ltr'><strong>quantum</strong></span> <span class='ocrx_word' id='word_1_626' title='bbox 2774 2880 2867 2920; x_wconf 85' lang='lat' dir='ltr'><strong>sex</strong></span> <span class='ocrx_word' id='word_1_627' title='bbox 2902 2864 3068 2919; x_wconf 87' lang='lat' dir='ltr'><strong>cubiti</strong></span> <span class='ocrx_word' id='word_1_628' title='bbox 3101 2864 3297 2934; x_wconf 89' lang='lat' dir='ltr'><strong>quibus</strong></span> <span class='ocrx_word' id='word_1_629' title='bbox 3338 2876 3443 2920; x_wconf 83' lang='lat' dir='ltr'><strong>nos</strong></span> 
     </span>
    </p>
   </div>
   <div class='ocr_carea' id='block_1_91' title="bbox 1866 2954 3446 3025">
    <p class='ocr_par' dir='ltr' id='par_1_91' title="bbox 1866 2954 3446 3025">
     <span class='ocr_line' id='line_1_91' title="bbox 1866 2954 3446 3025; baseline -0.004 -11"><span class='ocrx_word' id='word_1_630' title='bbox 1866 2960 2088 3014; x_wconf 89' lang='lat' dir='ltr'><strong>utimur.</strong></span> <span class='ocrx_word' id='word_1_631' title='bbox 2118 2957 2221 3025; x_wconf 91' lang='lat' dir='ltr'><strong>Qui</strong></span> <span class='ocrx_word' id='word_1_632' title='bbox 2245 2966 2424 3011; x_wconf 89' lang='lat' dir='ltr'><strong>autem</strong></span> <span class='ocrx_word' id='word_1_633' title='bbox 2450 2956 2636 3010; x_wconf 89' lang='lat' dir='ltr'><strong>dicunt</strong></span> <span class='ocrx_word' id='word_1_634' title='bbox 2664 2962 2827 3009; x_wconf 72' lang='lat' dir='ltr'><strong>tanta:</strong></span> <span class='ocrx_word' id='word_1_635' title='bbox 2860 2955 3016 3010; x_wconf 88' lang='lat' dir='ltr'><strong>molis</strong></span> <span class='ocrx_word' id='word_1_636' title='bbox 3052 2954 3311 3009; x_wconf 77' lang='lat' dir='ltr'><strong>fabricam</strong></span> <span class='ocrx_word' id='word_1_637' title='bbox 3343 2954 3446 3009; x_wconf 85' lang='lat' dir='ltr'><strong>hu-</strong></span> 
     </span>
    </p>
   </div>
   <div class='ocr_carea' id='block_1_92' title="bbox 1869 3046 3448 3120">
    <p class='ocr_par' dir='ltr' id='par_1_92' title="bbox 1869 3046 3448 3120">
     <span class='ocr_line' id='line_1_92' title="bbox 1869 3046 3448 3120; baseline -0.003 -14"><span class='ocrx_word' id='word_1_638' title='bbox 1869 3067 2028 3106; x_wconf 88' lang='lat' dir='ltr'><strong>mano</strong></span> <span class='ocrx_word' id='word_1_639' title='bbox 2059 3050 2175 3106; x_wconf 88' lang='lat' dir='ltr'><strong>ﬁeri</strong></span> <span class='ocrx_word' id='word_1_640' title='bbox 2202 3065 2308 3105; x_wconf 89' lang='lat' dir='ltr'><strong>non</strong></span> <span class='ocrx_word' id='word_1_641' title='bbox 2336 3063 2495 3120; x_wconf 87' lang='lat' dir='ltr'><strong>posse</strong></span> <span class='ocrx_word' id='word_1_642' title='bbox 2523 3048 2759 3119; x_wconf 83' lang='lat' dir='ltr'><strong>ingenio,</strong></span> <span class='ocrx_word' id='word_1_643' title='bbox 2789 3047 3022 3119; x_wconf 87' lang='lat' dir='ltr'><strong>spatium</strong></span> <span class='ocrx_word' id='word_1_644' title='bbox 3057 3046 3161 3101; x_wconf 71' lang='lat'><strong>{00</strong></span> <span class='ocrx_word' id='word_1_645' title='bbox 3182 3061 3448 3101; x_wconf 89' lang='lat' dir='ltr'><strong>annorum</strong></span> 
     </span>
    </p>
   </div>
   <div class='ocr_carea' id='block_1_93' title="bbox 1868 3139 3451 3211">
    <p class='ocr_par' dir='ltr' id='par_1_93' title="bbox 1868 3139 3451 3211">
     <span class='ocr_line' id='line_1_93' title="bbox 1868 3139 3451 3211; baseline -0.004 -12"><span class='ocrx_word' id='word_1_646' title='bbox 1868 3144 2231 3207; x_wconf 88' lang='lat' dir='ltr'><strong>considerent,</strong></span> <span class='ocrx_word' id='word_1_647' title='bbox 2282 3142 2427 3211; x_wconf 87' lang='lat' dir='ltr'><strong>quod</strong></span> <span class='ocrx_word' id='word_1_648' title='bbox 2474 3140 2893 3197; x_wconf 87' lang='lat' dir='ltr'><strong>construetionis</strong></span> <span class='ocrx_word' id='word_1_649' title='bbox 2940 3139 3113 3211; x_wconf 88' lang='lat' dir='ltr'><strong>gratia</strong></span> <span class='ocrx_word' id='word_1_650' title='bbox 3164 3145 3451 3207; x_wconf 89' lang='lat' dir='ltr'><strong>acceperat</strong></span> 
     </span>
    </p>
   </div>
   <div class='ocr_carea' id='block_1_94' title="bbox 1866 3230 3455 3302">
    <p class='ocr_par' dir='ltr' id='par_1_94' title="bbox 1866 3230 3455 3302">
     <span class='ocr_line' id='line_1_94' title="bbox 1866 3230 3455 3302; baseline -0.003 -14"><span class='ocrx_word' id='word_1_651' title='bbox 1866 3233 1996 3297; x_wconf 87' lang='lat' dir='ltr'><strong>Noe,</strong></span> <span class='ocrx_word' id='word_1_652' title='bbox 2042 3234 2427 3302; x_wconf 89' lang='lat' dir='ltr'><strong>hominumque</strong></span> <span class='ocrx_word' id='word_1_653' title='bbox 2456 3231 2845 3295; x_wconf 85' lang='lat' dir='ltr'><strong>fortitudinem,</strong></span> <span class='ocrx_word' id='word_1_654' title='bbox 2875 3230 2967 3300; x_wconf 91' lang='lat' dir='ltr'><strong>qui</strong></span> <span class='ocrx_word' id='word_1_655' title='bbox 2996 3230 3172 3300; x_wconf 88' lang='lat' dir='ltr'><strong>primo</strong></span> <span class='ocrx_word' id='word_1_656' title='bbox 3198 3231 3455 3299; x_wconf 80' lang='lat' dir='ltr'><strong>vigebant</strong></span> 
     </span>
    </p>
   </div>
   <div class='ocr_carea' id='block_1_95' title="bbox 1866 3317 3453 3387">
    <p class='ocr_par' dir='ltr' id='par_1_95' title="bbox 1866 3317 3453 3387">
     <span class='ocr_line' id='line_1_95' title="bbox 1866 3317 3453 3387; baseline -0.004 -9"><span class='ocrx_word' id='word_1_657' title='bbox 1866 3322 2083 3387; x_wconf 69' lang='lat' dir='ltr'><strong>smeulo,</strong></span> <span class='ocrx_word' id='word_1_658' title='bbox 2112 3336 2240 3375; x_wconf 89' lang='lat' dir='ltr'><strong>cum</strong></span> <span class='ocrx_word' id='word_1_659' title='bbox 2265 3321 2443 3375; x_wconf 87' lang='lat' dir='ltr'><strong>sciant</strong></span> <span class='ocrx_word' id='word_1_660' title='bbox 2480 3320 2772 3374; x_wconf 88' lang='lat' dir='ltr'><strong>immensas</strong></span> <span class='ocrx_word' id='word_1_661' title='bbox 2800 3319 2964 3373; x_wconf 88' lang='lat' dir='ltr'><strong>urbes</strong></span> <span class='ocrx_word' id='word_1_662' title='bbox 3005 3317 3171 3374; x_wconf 79' lang='lat' dir='ltr'><strong>fuisse</strong></span> <span class='ocrx_word' id='word_1_663' title='bbox 3204 3324 3453 3372; x_wconf 82' lang='lat' dir='ltr'><strong>constru-</strong></span> 
     </span>
    </p>
   </div>
   <div class='ocr_carea' id='block_1_96' title="bbox 1866 3408 3451 3480">
    <p class='ocr_par' dir='ltr' id='par_1_96' title="bbox 1866 3408 3451 3480">
     <span class='ocr_line' id='line_1_96' title="bbox 1866 3408 3451 3480; baseline -0.003 -13"><span class='ocrx_word' id='word_1_664' title='bbox 1866 3421 2002 3476; x_wconf 82' lang='lat' dir='ltr'><strong>clas,</strong></span> <span class='ocrx_word' id='word_1_665' title='bbox 2051 3411 2157 3468; x_wconf 89' lang='lat' dir='ltr'><strong>nisi</strong></span> <span class='ocrx_word' id='word_1_666' title='bbox 2189 3408 2330 3465; x_wconf 77' lang='lat' dir='ltr'><strong>forte</strong></span> <span class='ocrx_word' id='word_1_667' title='bbox 2370 3411 2505 3480; x_wconf 86' lang='lat' dir='ltr'><strong>lapis</strong></span> <span class='ocrx_word' id='word_1_668' title='bbox 2550 3409 2714 3479; x_wconf 82' lang='lat' dir='ltr'><strong>lapidi</strong></span> <span class='ocrx_word' id='word_1_669' title='bbox 2761 3410 3037 3464; x_wconf 77' lang='lat' dir='ltr'><strong>adhmrere</strong></span> <span class='ocrx_word' id='word_1_670' title='bbox 3088 3415 3285 3480; x_wconf 88' lang='lat' dir='ltr'><strong>potest,</strong></span> <span class='ocrx_word' id='word_1_671' title='bbox 3335 3408 3451 3463; x_wconf 87' lang='lat' dir='ltr'><strong>sola</strong></span> 
     </span>
    </p>
   </div>
   <div class='ocr_carea' id='block_1_97' title="bbox 1866 3500 3451 3574">
    <p class='ocr_par' dir='ltr' id='par_1_97' title="bbox 1866 3500 3451 3574">
     <span class='ocr_line' id='line_1_97' title="bbox 1866 3500 3451 3574; baseline -0.006 -14"><span class='ocrx_word' id='word_1_672' title='bbox 1866 3506 2013 3560; x_wconf 84' lang='lat' dir='ltr'><strong>calce</strong></span> <span class='ocrx_word' id='word_1_673' title='bbox 2039 3504 2374 3574; x_wconf 68' lang='lat' dir='ltr'><strong>conjunctae,</strong></span> <span class='ocrx_word' id='word_1_674' title='bbox 2402 3510 2463 3555; x_wconf 90' lang='lat' dir='ltr'><strong>ut</strong></span> <span class='ocrx_word' id='word_1_675' title='bbox 2496 3517 2684 3555; x_wconf 87' lang='lat' dir='ltr'><strong>murus</strong></span> <span class='ocrx_word' id='word_1_676' title='bbox 2706 3516 2804 3570; x_wconf 89' lang='lat' dir='ltr'><strong>per</strong></span> <span class='ocrx_word' id='word_1_677' title='bbox 2823 3510 2903 3554; x_wconf 91' lang='lat' dir='ltr'><strong>tot</strong></span> <span class='ocrx_word' id='word_1_678' title='bbox 2934 3500 3185 3554; x_wconf 83' lang='lat' dir='ltr'><strong>milliaria</strong></span> <span class='ocrx_word' id='word_1_679' title='bbox 3212 3500 3451 3554; x_wconf 88' lang='lat' dir='ltr'><strong>circum-</strong></span> 
     </span>
    </p>
   </div>
   <div class='ocr_carea' id='block_1_98' title="bbox 1867 3589 3451 3666">
    <p class='ocr_par' dir='ltr' id='par_1_98' title="bbox 1867 3589 3451 3666">
     <span class='ocr_line' id='line_1_98' title="bbox 1867 3589 3451 3666; baseline -0.005 -16"><span class='ocrx_word' id='word_1_680' title='bbox 1867 3604 2073 3666; x_wconf 85' lang='lat' dir='ltr'><strong>agatur,</strong></span> <span class='ocrx_word' id='word_1_681' title='bbox 2117 3602 2170 3651; x_wconf 86' lang='lat' dir='ltr'><strong>et</strong></span> <span class='ocrx_word' id='word_1_682' title='bbox 2191 3594 2396 3663; x_wconf 89' lang='lat' dir='ltr'><strong>lignum</strong></span> <span class='ocrx_word' id='word_1_683' title='bbox 2424 3592 2568 3662; x_wconf 89' lang='lat' dir='ltr'><strong>ligno</strong></span> <span class='ocrx_word' id='word_1_684' title='bbox 2596 3598 2996 3652; x_wconf 74' lang='lat' dir='ltr'><strong>cmmentatum,</strong></span> <span class='ocrx_word' id='word_1_685' title='bbox 3043 3589 3210 3644; x_wconf 87' lang='lat' dir='ltr'><strong>clavis</strong></span> <span class='ocrx_word' id='word_1_686' title='bbox 3252 3590 3451 3643; x_wconf 87' lang='lat' dir='ltr'><strong>solida-</strong></span> 
     </span>
    </p>
   </div>
   <div class='ocr_carea' id='block_1_99' title="bbox 1869 3677 3448 3753">
    <p class='ocr_par' dir='ltr' id='par_1_99' title="bbox 1869 3677 3448 3753">
     <span class='ocr_line' id='line_1_99' title="bbox 1869 3677 3448 3753; baseline -0.008 -13"><span class='ocrx_word' id='word_1_687' title='bbox 1869 3695 2001 3747; x_wconf 89' lang='lat' dir='ltr'><strong>tum,</strong></span> <span class='ocrx_word' id='word_1_688' title='bbox 2027 3684 2208 3753; x_wconf 84' lang='lat' dir='ltr'><strong>gluten</strong></span> <span class='ocrx_word' id='word_1_689' title='bbox 2253 3680 2533 3735; x_wconf 86' lang='lat' dir='ltr'><strong>bituminis</strong></span> <span class='ocrx_word' id='word_1_690' title='bbox 2561 3694 2665 3734; x_wconf 87' lang='lat' dir='ltr'><strong>non</strong></span> <span class='ocrx_word' id='word_1_691' title='bbox 2693 3686 2872 3749; x_wconf 87' lang='lat' dir='ltr'><strong>potest</strong></span> <span class='ocrx_word' id='word_1_692' title='bbox 2914 3685 3236 3731; x_wconf 85' lang='lat' dir='ltr'><strong>connectere</strong></span> <span class='ocrx_word' id='word_1_693' title='bbox 3279 3684 3335 3731; x_wconf 76' lang='lat' dir='ltr'><strong>ut</strong></span> <span class='ocrx_word' id='word_1_694' title='bbox 3362 3677 3448 3728; x_wconf 84' lang='lat' dir='ltr'><strong>ta-</strong></span> 
     </span>
    </p>
   </div>
   <div class='ocr_carea' id='block_1_100' title="bbox 1868 3770 3452 3841">
    <p class='ocr_par' dir='ltr' id='par_1_100' title="bbox 1868 3770 3452 3841">
     <span class='ocr_line' id='line_1_100' title="bbox 1868 3770 3452 3841; baseline -0.005 -10"><span class='ocrx_word' id='word_1_695' title='bbox 1868 3777 2110 3832; x_wconf 89' lang='lat' dir='ltr'><strong>bricetur</strong></span> <span class='ocrx_word' id='word_1_696' title='bbox 2138 3788 2288 3839; x_wconf 88' lang='lat' dir='ltr'><strong>arca,</strong></span> <span class='ocrx_word' id='word_1_697' title='bbox 2312 3787 2417 3827; x_wconf 90' lang='lat' dir='ltr'><strong>non</strong></span> <span class='ocrx_word' id='word_1_698' title='bbox 2440 3772 2619 3827; x_wconf 84' lang='lat' dir='ltr'><strong>curvis</strong></span> <span class='ocrx_word' id='word_1_699' title='bbox 2643 3771 2735 3827; x_wconf 87' lang='lat' dir='ltr'><strong>sed</strong></span> <span class='ocrx_word' id='word_1_700' title='bbox 2760 3770 2924 3825; x_wconf 90' lang='lat' dir='ltr'><strong>rectis</strong></span> <span class='ocrx_word' id='word_1_701' title='bbox 2949 3770 3107 3825; x_wconf 88' lang='lat' dir='ltr'><strong>lineis</strong></span> <span class='ocrx_word' id='word_1_702' title='bbox 3132 3771 3290 3841; x_wconf 88' lang='lat' dir='ltr'><strong>longe</strong></span> <span class='ocrx_word' id='word_1_703' title='bbox 3318 3770 3452 3824; x_wconf 84' lang='lat' dir='ltr'><strong>late-</strong></span> 
     </span>
    </p>
   </div>
   <div class='ocr_carea' id='block_1_101' title="bbox 1870 3860 3457 3935">
    <p class='ocr_par' dir='ltr' id='par_1_101' title="bbox 1870 3860 3457 3935">
     <span class='ocr_line' id='line_1_101' title="bbox 1870 3860 3457 3935; baseline -0.001 -17"><span class='ocrx_word' id='word_1_704' title='bbox 1870 3880 1976 3935; x_wconf 90' lang='lat' dir='ltr'><strong>que</strong></span> <span class='ocrx_word' id='word_1_705' title='bbox 2007 3873 2277 3935; x_wconf 86' lang='lat' dir='ltr'><strong>porrecta,</strong></span> <span class='ocrx_word' id='word_1_706' title='bbox 2319 3877 2479 3932; x_wconf 87' lang='lat' dir='ltr'><strong>quam</strong></span> <span class='ocrx_word' id='word_1_707' title='bbox 2518 3861 2697 3915; x_wconf 82' lang='lat' dir='ltr'><strong>nullus</strong></span> <span class='ocrx_word' id='word_1_708' title='bbox 2730 3862 2782 3914; x_wconf 90' lang='lat' dir='ltr'><strong>in</strong></span> <span class='ocrx_word' id='word_1_709' title='bbox 2831 3874 2978 3914; x_wconf 86' lang='lat' dir='ltr'><strong>mare</strong></span> <span class='ocrx_word' id='word_1_710' title='bbox 3008 3860 3187 3915; x_wconf 90' lang='lat' dir='ltr'><strong>mittat</strong></span> <span class='ocrx_word' id='word_1_711' title='bbox 3229 3869 3457 3916; x_wconf 87' lang='lat' dir='ltr'><strong>conatus</strong></span> 
     </span>
    </p>
   </div>
   <div class='ocr_carea' id='block_1_102' title="bbox 1870 3947 3452 4017">
    <p class='ocr_par' dir='ltr' id='par_1_102' title="bbox 1870 3947 3452 4017">
     <span class='ocr_line' id='line_1_102' title="bbox 1870 3947 3452 4017; baseline -0.005 -8"><span class='ocrx_word' id='word_1_712' title='bbox 1870 3953 2173 4017; x_wconf 86' lang='lat' dir='ltr'><strong>hominum,</strong></span> <span class='ocrx_word' id='word_1_713' title='bbox 2202 3951 2295 4006; x_wconf 86' lang='lat' dir='ltr'><strong>sed</strong></span> <span class='ocrx_word' id='word_1_714' title='bbox 2323 3950 2463 4005; x_wconf 89' lang='lat' dir='ltr'><strong>levet</strong></span> <span class='ocrx_word' id='word_1_715' title='bbox 2503 3949 2645 4002; x_wconf 89' lang='lat' dir='ltr'><strong>unda</strong></span> <span class='ocrx_word' id='word_1_716' title='bbox 2679 3964 2803 4003; x_wconf 90' lang='lat' dir='ltr'><strong>cum</strong></span> <span class='ocrx_word' id='word_1_717' title='bbox 2836 3949 3062 4014; x_wconf 88' lang='lat' dir='ltr'><strong>venerit,</strong></span> <span class='ocrx_word' id='word_1_718' title='bbox 3105 3947 3340 4002; x_wconf 89' lang='lat' dir='ltr'><strong>naturali</strong></span> <span class='ocrx_word' id='word_1_719' title='bbox 3365 3963 3452 4001; x_wconf 87' lang='lat' dir='ltr'><strong>or-</strong></span> 
     </span>
    </p>
   </div>
   <div class='ocr_carea' id='block_1_103' title="bbox 1872 4038 3453 4113">
    <p class='ocr_par' dir='ltr' id='par_1_103' title="bbox 1872 4038 3453 4113">
     <span class='ocr_line' id='line_1_103' title="bbox 1872 4038 3453 4113; baseline -0.004 -14"><span class='ocrx_word' id='word_1_720' title='bbox 1872 4044 1997 4100; x_wconf 87' lang='lat' dir='ltr'><strong>dine</strong></span> <span class='ocrx_word' id='word_1_721' title='bbox 2022 4042 2342 4113; x_wconf 90' lang='lat' dir='ltr'><strong>ponderum,</strong></span> <span class='ocrx_word' id='word_1_722' title='bbox 2375 4039 2657 4109; x_wconf 86' lang='lat' dir='ltr'><strong>magisque</strong></span> <span class='ocrx_word' id='word_1_723' title='bbox 2691 4038 2869 4093; x_wconf 87' lang='lat' dir='ltr'><strong>divina</strong></span> <span class='ocrx_word' id='word_1_724' title='bbox 2897 4039 3251 4107; x_wconf 86' lang='lat' dir='ltr'><strong>providentia,</strong></span> <span class='ocrx_word' id='word_1_725' title='bbox 3288 4053 3453 4109; x_wconf 87' lang='lat' dir='ltr'><strong>quam</strong></span> 
     </span>
    </p>
   </div>
   <div class='ocr_carea' id='block_1_104' title="bbox 1872 4128 3451 4201">
    <p class='ocr_par' dir='ltr' id='par_1_104' title="bbox 1872 4128 3451 4201">
     <span class='ocr_line' id='line_1_104' title="bbox 1872 4128 3451 4201; baseline -0.001 -14"><span class='ocrx_word' id='word_1_726' title='bbox 1872 4134 2108 4188; x_wconf 86' lang='lat' dir='ltr'><strong>humana</strong></span> <span class='ocrx_word' id='word_1_727' title='bbox 2133 4130 2440 4201; x_wconf 85' lang='lat' dir='ltr'><strong>prudentia.</strong></span> <span class='ocrx_word' id='word_1_728' title='bbox 2469 4128 2688 4200; x_wconf 78' lang='lat' dir='ltr'><strong>Legitur</strong></span> <span class='ocrx_word' id='word_1_729' title='bbox 2709 4130 2871 4184; x_wconf 88' lang='lat' dir='ltr'><strong>etiam</strong></span> <span class='ocrx_word' id='word_1_730' title='bbox 2898 4130 3014 4184; x_wconf 71' lang='lat' dir='ltr'><strong>haec</strong></span> <span class='ocrx_word' id='word_1_731' title='bbox 3042 4130 3296 4186; x_wconf 82' lang='lat' dir='ltr'><strong>habuisse</strong></span> <span class='ocrx_word' id='word_1_732' title='bbox 3323 4145 3451 4186; x_wconf 85' lang='lat' dir='ltr'><strong>arca</strong></span> 
     </span>
    </p>
   </div>
   <div class='ocr_carea' id='block_1_105' title="bbox 1874 4218 3456 4289">
    <p class='ocr_par' dir='ltr' id='par_1_105' title="bbox 1874 4218 3456 4289">
     <span class='ocr_line' id='line_1_105' title="bbox 1874 4218 3456 4289; baseline 0.001 -14"><span class='ocrx_word' id='word_1_733' title='bbox 1874 4220 2146 4276; x_wconf 67' lang='lat' dir='ltr'><strong>caenaculo</strong></span> <span class='ocrx_word' id='word_1_734' title='bbox 2185 4226 2240 4274; x_wconf 90' lang='lat' dir='ltr'><strong>et</strong></span> <span class='ocrx_word' id='word_1_735' title='bbox 2273 4219 2494 4289; x_wconf 83' lang='lat' dir='ltr'><strong>tristega</strong></span> <span class='ocrx_word' id='word_1_736' title='bbox 2515 4260 2530 4285; x_wconf 93' lang='lat'><strong>,</strong></span> <span class='ocrx_word' id='word_1_737' title='bbox 2580 4218 2723 4288; x_wconf 85' lang='lat' dir='ltr'><strong>quod</strong></span> <span class='ocrx_word' id='word_1_738' title='bbox 2773 4219 2876 4273; x_wconf 89' lang='lat' dir='ltr'><strong>alia</strong></span> <span class='ocrx_word' id='word_1_739' title='bbox 2906 4220 3188 4275; x_wconf 88' lang='lat' dir='ltr'><strong>translatio</strong></span> <span class='ocrx_word' id='word_1_740' title='bbox 3215 4220 3456 4277; x_wconf 81' lang='lat' dir='ltr'><strong>bicame—</strong></span> 
     </span>
    </p>
   </div>
   <div class='ocr_carea' id='block_1_106' title="bbox 1875 4309 3458 4381">
    <p class='ocr_par' dir='ltr' id='par_1_106' title="bbox 1875 4309 3458 4381">
     <span class='ocr_line' id='line_1_106' title="bbox 1875 4309 3458 4381; baseline 0 -15"><span class='ocrx_word' id='word_1_741' title='bbox 1875 4320 1991 4366; x_wconf 86' lang='lat' dir='ltr'><strong>rata</strong></span> <span class='ocrx_word' id='word_1_742' title='bbox 2009 4319 2066 4365; x_wconf 87' lang='lat' dir='ltr'><strong>et</strong></span> <span class='ocrx_word' id='word_1_743' title='bbox 2094 4311 2434 4365; x_wconf 88' lang='lat' dir='ltr'><strong>tricamerata</strong></span> <span class='ocrx_word' id='word_1_744' title='bbox 2479 4309 2648 4363; x_wconf 90' lang='lat' dir='ltr'><strong>voluit</strong></span> <span class='ocrx_word' id='word_1_745' title='bbox 2673 4310 2972 4375; x_wconf 86' lang='lat' dir='ltr'><strong>nominare,</strong></span> <span class='ocrx_word' id='word_1_746' title='bbox 3008 4311 3081 4365; x_wconf 87' lang='lat' dir='ltr'><strong>ita</strong></span> <span class='ocrx_word' id='word_1_747' title='bbox 3124 4319 3182 4364; x_wconf 91' lang='lat' dir='ltr'><strong>ut</strong></span> <span class='ocrx_word' id='word_1_748' title='bbox 3219 4311 3458 4381; x_wconf 86' lang='lat' dir='ltr'><strong>quinque</strong></span> 
     </span>
    </p>
   </div>
   <div class='ocr_carea' id='block_1_107' title="bbox 1877 4400 3459 4458">
    <p class='ocr_par' dir='ltr' id='par_1_107' title="bbox 1877 4400 3459 4458">
     <span class='ocr_line' id='line_1_107' title="bbox 1877 4400 3459 4458; baseline -0.001 0"><span class='ocrx_word' id='word_1_749' title='bbox 1877 4402 2238 4458; x_wconf 79' lang='lat' dir='ltr'><strong>habitationes</strong></span> <span class='ocrx_word' id='word_1_750' title='bbox 2275 4400 2559 4455; x_wconf 88' lang='lat' dir='ltr'><strong>distinctas</strong></span> <span class='ocrx_word' id='word_1_751' title='bbox 2608 4401 2660 4454; x_wconf 91' lang='lat' dir='ltr'><strong>in</strong></span> <span class='ocrx_word' id='word_1_752' title='bbox 2696 4414 2758 4454; x_wconf 89' lang='lat' dir='ltr'><strong>ea</strong></span> <span class='ocrx_word' id='word_1_753' title='bbox 2797 4416 2915 4455; x_wconf 84' lang='lat' dir='ltr'><strong>esse</strong></span> <span class='ocrx_word' id='word_1_754' title='bbox 2955 4402 3296 4457; x_wconf 86' lang='lat' dir='ltr'><strong>advertamus</strong></span> <span class='ocrx_word' id='word_1_755' title='bbox 3329 4422 3341 4456; x_wconf 93' lang='lat'><strong>:</strong></span> <span class='ocrx_word' id='word_1_756' title='bbox 3374 4404 3459 4457; x_wconf 81' lang='lat' dir='ltr'><strong>in-</strong></span> 
     </span>
    </p>
   </div>
   <div class='ocr_carea' id='block_1_108' title="bbox 1877 4489 3456 4563">
    <p class='ocr_par' dir='ltr' id='par_1_108' title="bbox 1877 4489 3456 4563">
     <span class='ocr_line' id='line_1_108' title="bbox 1877 4489 3456 4563; baseline -0.001 -17"><span class='ocrx_word' id='word_1_757' title='bbox 1877 4491 2073 4547; x_wconf 82' lang='lat' dir='ltr'><strong>feriora</strong></span> <span class='ocrx_word' id='word_1_758' title='bbox 2114 4490 2231 4545; x_wconf 89' lang='lat' dir='ltr'><strong>loca</strong></span> <span class='ocrx_word' id='word_1_759' title='bbox 2275 4489 2608 4545; x_wconf 74' lang='lat' dir='ltr'><strong>stércoribus</strong></span> <span class='ocrx_word' id='word_1_760' title='bbox 2652 4503 2771 4544; x_wconf 84' lang='lat' dir='ltr'><strong>esse</strong></span> <span class='ocrx_word' id='word_1_761' title='bbox 2810 4490 3061 4558; x_wconf 85' lang='lat' dir='ltr'><strong>deputata</strong></span> <span class='ocrx_word' id='word_1_762' title='bbox 3107 4498 3161 4544; x_wconf 84' lang='lat' dir='ltr'><strong>et</strong></span> <span class='ocrx_word' id='word_1_763' title='bbox 3202 4491 3456 4563; x_wconf 79' lang='lat' dir='ltr'><strong>contigua</strong></span> 
     </span>
    </p>
   </div>
   <div class='ocr_carea' id='block_1_109' title="bbox 1875 4579 3456 4650">
    <p class='ocr_par' dir='ltr' id='par_1_109' title="bbox 1875 4579 3456 4650">
     <span class='ocr_line' id='line_1_109' title="bbox 1875 4579 3456 4650; baseline -0.001 -13"><span class='ocrx_word' id='word_1_764' title='bbox 1875 4582 2226 4647; x_wconf 84' lang='lat' dir='ltr'><strong>bicamerata,</strong></span> <span class='ocrx_word' id='word_1_765' title='bbox 2261 4594 2381 4650; x_wconf 63' lang='lat' dir='ltr'><strong>quae</strong></span> <span class='ocrx_word' id='word_1_766' title='bbox 2401 4587 2785 4635; x_wconf 83' lang='lat' dir='ltr'><strong>conservarent</strong></span> <span class='ocrx_word' id='word_1_767' title='bbox 2814 4579 3004 4648; x_wconf 77' lang='lat' dir='ltr'><strong>pabuia</strong></span> <span class='ocrx_word' id='word_1_768' title='bbox 3027 4579 3359 4635; x_wconf 83' lang='lat' dir='ltr'><strong>animalium.</strong></span> <span class='ocrx_word' id='word_1_769' title='bbox 3393 4581 3456 4636; x_wconf 85' lang='lat' dir='ltr'><strong>In</strong></span> 
     </span>
    </p>
   </div>
   <div class='ocr_carea' id='block_1_110' title="bbox 1876 4665 3461 4740">
    <p class='ocr_par' dir='ltr' id='par_1_110' title="bbox 1876 4665 3461 4740">
     <span class='ocr_line' id='line_1_110' title="bbox 1876 4665 3461 4740; baseline -0.004 -14"><span class='ocrx_word' id='word_1_770' title='bbox 1876 4671 1978 4726; x_wconf 90' lang='lat' dir='ltr'><strong>hos</strong></span> <span class='ocrx_word' id='word_1_771' title='bbox 1999 4666 2134 4740; x_wconf 86' lang='lat' dir='ltr'><strong>ergo</strong></span> <span class='ocrx_word' id='word_1_772' title='bbox 2155 4684 2284 4723; x_wconf 89' lang='lat' dir='ltr'><strong>usus</strong></span> <span class='ocrx_word' id='word_1_773' title='bbox 2314 4668 2531 4722; x_wconf 88' lang='lat' dir='ltr'><strong>tradunt</strong></span> <span class='ocrx_word' id='word_1_774' title='bbox 2552 4665 2718 4722; x_wconf 79' lang='lat' dir='ltr'><strong>fuisse</strong></span> <span class='ocrx_word' id='word_1_775' title='bbox 2743 4665 3029 4721; x_wconf 80' lang='lat' dir='ltr'><strong>inferiores</strong></span> <span class='ocrx_word' id='word_1_776' title='bbox 3059 4677 3244 4736; x_wconf 83' lang='lat' dir='ltr'><strong>partes</strong></span> <span class='ocrx_word' id='word_1_777' title='bbox 3264 4667 3461 4721; x_wconf 78' lang='lat' dir='ltr'><strong>distiu—</strong></span> 
     </span>
    </p>
   </div>
   <div class='ocr_carea' id='block_1_111' title="bbox 1878 4754 3463 4827">
    <p class='ocr_par' dir='ltr' id='par_1_111' title="bbox 1878 4754 3463 4827">
     <span class='ocr_line' id='line_1_111' title="bbox 1878 4754 3463 4827; baseline -0.003 -15"><span class='ocrx_word' id='word_1_778' title='bbox 1878 4765 2024 4823; x_wconf 87' lang='lat' dir='ltr'><strong>ctas;</strong></span> <span class='ocrx_word' id='word_1_779' title='bbox 2053 4757 2361 4827; x_wconf 88' lang='lat' dir='ltr'><strong>superiores</strong></span> <span class='ocrx_word' id='word_1_780' title='bbox 2382 4769 2514 4809; x_wconf 83' lang='lat' dir='ltr'><strong>vero</strong></span> <span class='ocrx_word' id='word_1_781' title='bbox 2542 4763 2725 4824; x_wconf 85' lang='lat' dir='ltr'><strong>partes</strong></span> <span class='ocrx_word' id='word_1_782' title='bbox 2749 4769 2867 4823; x_wconf 67' lang='lat' dir='ltr'><strong>qua:</strong></span> <span class='ocrx_word' id='word_1_783' title='bbox 2897 4754 3257 4809; x_wconf 73' lang='lat' dir='ltr'><strong>tricameratm</strong></span> <span class='ocrx_word' id='word_1_784' title='bbox 3278 4756 3463 4809; x_wconf 44' lang='lat' dir='ltr'><strong>dicun‘</strong></span> 
     </span>
    </p>
   </div>
   <div class='ocr_carea' id='block_1_112' title="bbox 1880 4840 3461 4917">
    <p class='ocr_par' dir='ltr' id='par_1_112' title="bbox 1880 4840 3461 4917">
     <span class='ocr_line' id='line_1_112' title="bbox 1880 4840 3461 4917; baseline -0.004 -16"><span class='ocrx_word' id='word_1_785' title='bbox 1880 4859 1985 4912; x_wconf 88' lang='lat' dir='ltr'><strong>tur,</strong></span> <span class='ocrx_word' id='word_1_786' title='bbox 2014 4847 2189 4917; x_wconf 88' lang='lat' dir='ltr'><strong>primo</strong></span> <span class='ocrx_word' id='word_1_787' title='bbox 2211 4846 2279 4900; x_wconf 90' lang='lat' dir='ltr'><strong>ad</strong></span> <span class='ocrx_word' id='word_1_788' title='bbox 2307 4843 2671 4899; x_wconf 85' lang='lat' dir='ltr'><strong>habitaculum</strong></span> <span class='ocrx_word' id='word_1_789' title='bbox 2715 4841 3032 4906; x_wconf 87' lang='lat' dir='ltr'><strong>bestiarum,</strong></span> <span class='ocrx_word' id='word_1_790' title='bbox 3062 4840 3145 4895; x_wconf 89' lang='lat' dir='ltr'><strong>vel</strong></span> <span class='ocrx_word' id='word_1_791' title='bbox 3170 4842 3461 4895; x_wconf 87' lang='lat' dir='ltr'><strong>immitium</strong></span> 
     </span>
    </p>
   </div>
   <div class='ocr_carea' id='block_1_113' title="bbox 1882 4931 3458 5005">
    <p class='ocr_par' dir='ltr' id='par_1_113' title="bbox 1882 4931 3458 5005">
     <span class='ocr_line' id='line_1_113' title="bbox 1882 4931 3458 5005; baseline -0.004 -12"><span class='ocrx_word' id='word_1_792' title='bbox 1882 4938 2193 4993; x_wconf 85' lang='lat' dir='ltr'><strong>animalium</strong></span> <span class='ocrx_word' id='word_1_793' title='bbox 2240 4937 2678 5005; x_wconf 87' lang='lat' dir='ltr'><strong>serpentiumque</strong></span> <span class='ocrx_word' id='word_1_794' title='bbox 2709 4950 2725 4986; x_wconf 90' lang='lat'><strong>:</strong></span> <span class='ocrx_word' id='word_1_795' title='bbox 2756 4933 2881 4987; x_wconf 90' lang='lat' dir='ltr'><strong>hinc</strong></span> <span class='ocrx_word' id='word_1_796' title='bbox 2918 4934 3167 5001; x_wconf 85' lang='lat' dir='ltr'><strong>contigua</strong></span> <span class='ocrx_word' id='word_1_797' title='bbox 3206 4931 3257 4987; x_wconf 89' lang='lat' dir='ltr'><strong>in</strong></span> <span class='ocrx_word' id='word_1_798' title='bbox 3302 4949 3458 5002; x_wconf 82' lang='lat' dir='ltr'><strong>snpe-</strong></span> 
     </span>
    </p>
   </div>
   <div class='ocr_carea' id='block_1_114' title="bbox 1886 5023 3461 5100">
    <p class='ocr_par' dir='ltr' id='par_1_114' title="bbox 1886 5023 3461 5100">
     <span class='ocr_line' id='line_1_114' title="bbox 1886 5023 3461 5100; baseline -0.005 -14"><span class='ocrx_word' id='word_1_799' title='bbox 1886 5032 2118 5100; x_wconf 76' lang='lat' dir='ltr'><strong>riorihus</strong></span> <span class='ocrx_word' id='word_1_800' title='bbox 2139 5031 2254 5085; x_wconf 89' lang='lat' dir='ltr'><strong>loca</strong></span> <span class='ocrx_word' id='word_1_801' title='bbox 2285 5029 2504 5083; x_wconf 57' lang='lat' dir='ltr'><strong>mitiori‘</strong></span> <span class='ocrx_word' id='word_1_802' title='bbox 2526 5042 2591 5080; x_wconf 89' lang='lat' dir='ltr'><strong>us</strong></span> <span class='ocrx_word' id='word_1_803' title='bbox 2619 5023 2978 5078; x_wconf 87' lang='lat' dir='ltr'><strong>animantibus</strong></span> <span class='ocrx_word' id='word_1_804' title='bbox 3017 5025 3227 5078; x_wconf 81' lang='lat' dir='ltr'><strong>stabula</strong></span> <span class='ocrx_word' id='word_1_805' title='bbox 3262 5024 3461 5087; x_wconf 72' lang='lat' dir='ltr'><strong>fuisse;</strong></span> 
     </span>
    </p>
   </div>
   <div class='ocr_carea' id='block_1_115' title="bbox 1886 5112 3461 5196">
    <p class='ocr_par' dir='ltr' id='par_1_115' title="bbox 1886 5112 3461 5196">
     <span class='ocr_line' id='line_1_115' title="bbox 1886 5112 3461 5196; baseline -0.007 -14"><span class='ocrx_word' id='word_1_806' title='bbox 1886 5143 2045 5196; x_wconf 87' lang='lat' dir='ltr'><strong>supra</strong></span> <span class='ocrx_word' id='word_1_807' title='bbox 2072 5125 2250 5179; x_wconf 87' lang='lat' dir='ltr'><strong>omnia</strong></span> <span class='ocrx_word' id='word_1_808' title='bbox 2281 5138 2410 5177; x_wconf 89' lang='lat' dir='ltr'><strong>vero</strong></span> <span class='ocrx_word' id='word_1_809' title='bbox 2436 5112 2491 5176; x_wconf 88' lang='lat' dir='ltr'><strong>in</strong></span> <span class='ocrx_word' id='word_1_810' title='bbox 2510 5120 2724 5175; x_wconf 72' lang='lat' dir='ltr'><strong>excelso</strong></span> <span class='ocrx_word' id='word_1_811' title='bbox 2748 5121 2936 5174; x_wconf 84' lang='lat' dir='ltr'><strong>avibus</strong></span> <span class='ocrx_word' id='word_1_812' title='bbox 2964 5128 3020 5173; x_wconf 91' lang='lat' dir='ltr'><strong>et</strong></span> <span class='ocrx_word' id='word_1_813' title='bbox 3043 5120 3349 5174; x_wconf 86' lang='lat' dir='ltr'><strong>hominibus</strong></span> <span class='ocrx_word' id='word_1_814' title='bbox 3374 5135 3461 5172; x_wconf 77' lang='lat' dir='ltr'><strong>se—</strong></span> 
     </span>
    </p>
   </div>
   <div class='ocr_carea' id='block_1_116' title="bbox 1890 5210 3461 5282">
    <p class='ocr_par' dir='ltr' id='par_1_116' title="bbox 1890 5210 3461 5282">
     <span class='ocr_line' id='line_1_116' title="bbox 1890 5210 3461 5282; baseline -0.006 -11"><span class='ocrx_word' id='word_1_815' title='bbox 1890 5218 2009 5273; x_wconf 86' lang='lat' dir='ltr'><strong>dem</strong></span> <span class='ocrx_word' id='word_1_816' title='bbox 2036 5218 2283 5278; x_wconf 84' lang='lat' dir='ltr'><strong>locatam,</strong></span> <span class='ocrx_word' id='word_1_817' title='bbox 2306 5221 2366 5268; x_wconf 91' lang='lat' dir='ltr'><strong>ut</strong></span> <span class='ocrx_word' id='word_1_818' title='bbox 2386 5222 2509 5282; x_wconf 86' lang='lat' dir='ltr'><strong>pote</strong></span> <span class='ocrx_word' id='word_1_819' title='bbox 2538 5212 2675 5266; x_wconf 86' lang='lat' dir='ltr'><strong>sicut</strong></span> <span class='ocrx_word' id='word_1_820' title='bbox 2701 5212 2904 5266; x_wconf 89' lang='lat' dir='ltr'><strong>honore</strong></span> <span class='ocrx_word' id='word_1_821' title='bbox 2930 5220 2984 5266; x_wconf 91' lang='lat' dir='ltr'><strong>et</strong></span> <span class='ocrx_word' id='word_1_822' title='bbox 3010 5211 3265 5281; x_wconf 85' lang='lat' dir='ltr'><strong>sapientia</strong></span> <span class='ocrx_word' id='word_1_823' title='bbox 3298 5210 3461 5264; x_wconf 88' lang='lat' dir='ltr'><strong>homo</strong></span> 
     </span>
    </p>
   </div>
   <div class='ocr_carea' id='block_1_117' title="bbox 1888 5300 3461 5370">
    <p class='ocr_par' dir='ltr' id='par_1_117' title="bbox 1888 5300 3461 5370">
     <span class='ocr_line' id='line_1_117' title="bbox 1888 5300 3461 5370; baseline -0.005 -9"><span class='ocrx_word' id='word_1_824' title='bbox 1888 5310 2156 5364; x_wconf 79' lang='lat' dir='ltr'><strong>antecedit</strong></span> <span class='ocrx_word' id='word_1_825' title='bbox 2179 5305 2379 5367; x_wconf 89' lang='lat' dir='ltr'><strong>omnia,</strong></span> <span class='ocrx_word' id='word_1_826' title='bbox 2418 5305 2491 5357; x_wconf 86' lang='lat' dir='ltr'><strong>ita</strong></span> <span class='ocrx_word' id='word_1_827' title='bbox 2517 5311 2570 5357; x_wconf 87' lang='lat' dir='ltr'><strong>et</strong></span> <span class='ocrx_word' id='word_1_828' title='bbox 2608 5302 2727 5358; x_wconf 86' lang='lat' dir='ltr'><strong>loco</strong></span> <span class='ocrx_word' id='word_1_829' title='bbox 2765 5311 2955 5357; x_wconf 87' lang='lat' dir='ltr'><strong>cuncta</strong></span> <span class='ocrx_word' id='word_1_830' title='bbox 2991 5300 3317 5370; x_wconf 71' lang='lat' dir='ltr'><strong>prmcelleret</strong></span> <span class='ocrx_word' id='word_1_831' title='bbox 3342 5301 3461 5354; x_wconf 84' lang='lat' dir='ltr'><strong>ani-</strong></span> 
     </span>
    </p>
   </div>
   <div class='ocr_carea' id='block_1_118' title="bbox 1888 5388 3461 5462">
    <p class='ocr_par' dir='ltr' id='par_1_118' title="bbox 1888 5388 3461 5462">
     <span class='ocr_line' id='line_1_118' title="bbox 1888 5388 3461 5462; baseline -0.006 -11"><span class='ocrx_word' id='word_1_832' title='bbox 1888 5399 2080 5461; x_wconf 83' lang='lat' dir='ltr'><strong>malia,</strong></span> <span class='ocrx_word' id='word_1_833' title='bbox 2131 5406 2185 5451; x_wconf 89' lang='lat' dir='ltr'><strong>et</strong></span> <span class='ocrx_word' id='word_1_834' title='bbox 2226 5396 2305 5449; x_wconf 86' lang='lat' dir='ltr'><strong>sic</strong></span> <span class='ocrx_word' id='word_1_835' title='bbox 2350 5393 2587 5462; x_wconf 81' lang='lat' dir='ltr'><strong>quinque</strong></span> <span class='ocrx_word' id='word_1_836' title='bbox 2637 5392 2941 5446; x_wconf 82' lang='lat' dir='ltr'><strong>mansiones</strong></span> <span class='ocrx_word' id='word_1_837' title='bbox 2989 5390 3043 5443; x_wconf 91' lang='lat' dir='ltr'><strong>in</strong></span> <span class='ocrx_word' id='word_1_838' title='bbox 3091 5388 3279 5443; x_wconf 83' lang='lat' dir='ltr'><strong>eadem</strong></span> <span class='ocrx_word' id='word_1_839' title='bbox 3333 5403 3461 5442; x_wconf 81' lang='lat' dir='ltr'><strong>arcu</strong></span> 
     </span>
    </p>
   </div>
   <div class='ocr_carea' id='block_1_119' title="bbox 1887 5478 3458 5553">
    <p class='ocr_par' dir='ltr' id='par_1_119' title="bbox 1887 5478 3458 5553">
     <span class='ocr_line' id='line_1_119' title="bbox 1887 5478 3458 5553; baseline -0.005 -13"><span class='ocrx_word' id='word_1_840' title='bbox 1887 5488 2050 5542; x_wconf 80' lang='lat' dir='ltr'><strong>fuisse</strong></span> <span class='ocrx_word' id='word_1_841' title='bbox 2120 5484 2506 5553; x_wconf 84' lang='lat' dir='ltr'><strong>intelliguntur.</strong></span> <span class='ocrx_word' id='word_1_842' title='bbox 2567 5480 2747 5536; x_wconf 77' lang='lat' dir='ltr'><strong>Prima</strong></span> <span class='ocrx_word' id='word_1_843' title='bbox 2807 5480 3166 5539; x_wconf 84' lang='lat' dir='ltr'><strong>scrcoraria,</strong></span> <span class='ocrx_word' id='word_1_844' title='bbox 3224 5478 3458 5533; x_wconf 84' lang='lat' dir='ltr'><strong>secunda</strong></span> 
     </span>
    </p>
   </div>
   <div class='ocr_carea' id='block_1_120' title="bbox 1884 5571 3457 5647">
    <p class='ocr_par' dir='ltr' id='par_1_120' title="bbox 1884 5571 3457 5647">
     <span class='ocr_line' id='line_1_120' title="bbox 1884 5571 3457 5647; baseline -0.006 -17"><span class='ocrx_word' id='word_1_845' title='bbox 1884 5575 2248 5647; x_wconf 86' lang='lat' dir='ltr'><strong>apothecaria,</strong></span> <span class='ocrx_word' id='word_1_846' title='bbox 2306 5574 2460 5628; x_wconf 74' lang='lat' dir='ltr'><strong>tertia</strong></span> <span class='ocrx_word' id='word_1_847' title='bbox 2494 5572 2622 5627; x_wconf 80' lang='lat' dir='ltr'><strong>fcris</strong></span> <span class='ocrx_word' id='word_1_848' title='bbox 2648 5571 3035 5635; x_wconf 80' lang='lat' dir='ltr'><strong>animantibus,</strong></span> <span class='ocrx_word' id='word_1_849' title='bbox 3087 5577 3277 5639; x_wconf 88' lang='lat' dir='ltr'><strong>quarta</strong></span> <span class='ocrx_word' id='word_1_850' title='bbox 3310 5583 3457 5622; x_wconf 80' lang='lat' dir='ltr'><strong>man-</strong></span> 
     </span>
    </p>
   </div>
   <div class='ocr_carea' id='block_1_121' title="bbox 1882 5662 2646 5734">
    <p class='ocr_par' dir='ltr' id='par_1_121' title="bbox 1882 5662 2646 5734">
     <span class='ocr_line' id='line_1_121' title="bbox 1882 5662 2646 5734; baseline -0.007 -15"><span class='ocrx_word' id='word_1_851' title='bbox 1882 5667 2067 5729; x_wconf 76' lang='lat' dir='ltr'><strong>suetis,</strong></span> <span class='ocrx_word' id='word_1_852' title='bbox 2096 5665 2281 5734; x_wconf 71' lang='lat' dir='ltr'><strong>quinta</strong></span> <span class='ocrx_word' id='word_1_853' title='bbox 2322 5662 2646 5718; x_wconf 86' lang='lat' dir='ltr'><strong>hominibus.</strong></span> 
     </span>
    </p>
   </div>
  </div>
