3900 6178
1400 320 1782 380 ΡΒΕΟΙΠΡΙΠ
1822 313 2270 373 LEXOV’IENSIS
2309 313 2613 371 EPISCOPI

955 437 1179 493 CAPUT
1221 436 1383 490 XXII.
1981 430 2030 487 Α

367 557 523 626 Quod
566 555 628 608 de
650 549 951 626 immundis
984 547 1371 626 animantibus.
1400 546 1555 626 bina,
1620 549 1683 596 de
1733 541 1941 595 mundis

703 630 909 690 septena
936 619 990 671 in
1014 634 1137 671 arca
1165 616 1322 684 fuisse
1354 615 1589 684 legimus.

437 715 589 782 Quod
629 719 807 765 autem
835 710 900 763 de
929 708 1217 762 immundis
1246 705 1568 760 animalibus
1612 703 1737 757 bina
1777 703 1946 756 intro-

371 805 638 859 ducuntur
664 810 717 856 et
748 800 872 854 bina
899 839 912 860 ,
958 797 1025 851 de
1074 797 1284 850 mundis
1313 810 1444 848 vero
1491 804 1710 862 septena
1741 801 1796 845 et
1824 806 1947 859 sep-

370 905 515 957 tena,
557 893 653 945 has
701 890 919 942 tradunt
957 901 1075 940 esse
1109 899 1334 948 causas,
1384 892 1443 937 ut
1475 897 1596 951 quae
1641 880 1948 934 hominibus

370 985 646 1056 profutura
697 989 901 1044 essent,
954 980 1019 1033 de
1066 979 1150 1031 his
1185 978 1339 1046 plura
1391 979 1844 1028 conservarentur
1891 969 1944 1022 in

371 1089 528 1135 arca,
572 1080 625 1125 et
661 1079 720 1124 ut
756 1071 978 1123 haberet
1017 1066 1128 1120 Noe
1165 1073 1287 1134 post
1319 1079 1595 1135 egressum
1641 1075 1781 1115 arcae
1807 1059 1946 1113 unde

372 1165 644 1235 gratiﬁcas
673 1163 894 1216 Domino
920 1161 1137 1214 offerret
1166 1159 1388 1212 hostias.

931 1268 1155 1324 CAPUT
1196 1267 1381 1321 XXIII.

373 1371 450 1423 De
482 1365 840 1423 minutiss’mis
870 1362 1094 1444 bestiolis
1124 1372 1172 1415 et
1201 1360 1494 1424 inutilibus,
1528 1367 1704 1411 utrum
1748 1355 1946 1426 fuerint

1041 1449 1093 1486 ιη
1132 1448 1278 1485 arca.

443 1529 594 1594 Quod
623 1536 800 1580 autem
832 1522 1299 1592 scrupulosissime
1327 1519 1494 1588 qumri
1520 1516 1657 1571 solet
1686 1524 1740 1571 ct
1763 1515 1831 1570 de
1856 1514 1951 1568 mi-

373 1619 670 1673 nutissimis
709 1616 971 1678 bestiolis,
1018 1628 1126 1667 non
1157 1612 1329 1666 solum
1379 1608 1568 1678 quales
1613 1615 1740 1661 sunt
1770 1617 1950 1659 mures

372 1722 428 1764 et
446 1709 740 1771 stclliones,
771 1721 957 1761 verum
983 1705 1146 1759 etiam
1169 1701 1354 1772 quales
1399 1700 1640 1762 locustae,
1668 1694 1947 1759 scarabaei,

374 1813 573 1852 musca:
628 1796 855 1864 denique
876 1835 890 1859 ,
918 1802 973 1847 et
1018 1771 1221 1863 pulices
1248 1830 1262 1854 ,
1291 1796 1470 1842 utrum
1519 1802 1623 1840 non
1675 1784 1950 1855 amplioris
1979 1771 2023 1830 Β

375 1887 588 1942 numeri
619 1887 672 1940 in
705 1901 830 1939 arca
861 1884 948 1937 illa
978 1882 1184 1936 fuerint
1217 1893 1377 1948 quam
1412 1887 1492 1930 est
1521 1873 1776 1930 dillinitus
1823 1888 1944 1928 cum

378 1980 480 2034 hoc
510 1980 800 2046 imperaret
832 1976 990 2038 Deus,
1021 1974 1170 2042 prius
1190 1969 1510 2026 admonendi
1533 1977 1658 2023 sunt
1676 1983 1812 2037 quos
1834 1968 1948 2020 hinc

375 2080 615 2136 movent,
649 2071 726 2125 sic
758 2069 1124 2138 accipiendum
1149 2079 1268 2127 esse
1305 2066 1448 2136 quod
1480 2064 1682 2119 dictum
1707 2072 1809 2126 est,
1831 2075 1950 2130 qua:

376 2171 588 2232 reptant
615 2177 776 2231 super
813 2169 1036 2225 terram,
1066 2166 1123 2212 ut
1149 2171 1369 2212 necesse
1397 2171 1500 2209 non
1529 2153 1693 2208 fuerit
1733 2166 1952 2207 conser-

381 2255 501 2307 vari
528 2254 581 2306 in
613 2267 741 2305 arca
771 2267 888 2321 qum
918 2258 1141 2320 possunt
1171 2249 1224 2302 in
1272 2246 1427 2316 aquis
1473 2245 1675 2307 vivere,
1712 2256 1816 2297 non
1866 2256 1952 2296 so—

379 2343 490 2397 lum
521 2358 694 2397 mersa
721 2342 861 2396 sicut
905 2340 1099 2408 pisces,
1128 2351 1310 2391 verum
1355 2335 1516 2388 etiam
1550 2331 1950 2401 supernatantia

378 2434 517 2487 sicut
545 2432 724 2485 multa:
752 2430 923 2483 alites.
958 2427 1160 2482 Deinde
1187 2425 1329 2494 quod
1358 2424 1554 2478 dicitur
1605 2420 1874 2474 Masculus
1904 2429 1952 2473 et

379 2523 570 2590 femina
596 2530 766 2582 erunt,
805 2517 1046 2587 profecto
1072 2515 1383 2585 intelligitur
1409 2514 1475 2567 ad
1493 2510 1846 2581 reparandum
1870 2526 1956 2580 ge-

378 2628 481 2666 nus
507 2612 632 2674 dici,
660 2625 725 2662 ac
742 2624 839 2677 per
860 2609 963 2661 hoc
985 2623 1084 2661 nec
1110 2606 1196 2660 illa
1228 2617 1447 2658 necesse
1477 2602 1690 2656 fuerant
1719 2601 1788 2654 ibi
1811 2615 1951 2664 esse,

379 2718 500 2770 qua:
532 2708 755 2771 possunt
785 2700 900 2753 sine
927 2697 1212 2752 concubitu
1244 2694 1310 2749 de
1339 2694 1644 2763 quibusque
1688 2692 1848 2746 rebus
1872 2691 1956 2746 vel

380 2804 564 2844 rerum
591 2787 1027 2856 corruptionibus
1052 2783 1234 2848 nasci;
1269 2782 1353 2836 vel
1384 2781 1430 2836 si
1480 2781 1699 2844 fuerint,
1733 2795 1852 2849 qua:
1902 2779 1954 2832 in

380 2877 628 2930 domibus
653 2892 771 2930 esse
795 2881 1140 2937 consuerunt,
1167 2888 1233 2926 ne
1257 2870 1362 2925 ulla
1390 2869 1600 2924 numeri
1627 2867 1957 2923 detiinitione

367 335 467 392 931
1400 320 1782 380 FRECULPIH
1822 313 2270 373 LEXOV’IENSIS
2309 313 2613 371 EPISCOPI
3518 310 3639 370 πε

2619 420 2845 476 CAPUT
2897 421 3063 475 XXV.

2049 535 2126 589 De
2148 551 2383 604 ingressu
2420 533 2538 586 Noe
2575 533 2629 585 in
2657 548 2855 594 arcam,
2884 543 2929 584 et
2958 531 3047 584 ubi
3080 531 3322 604 residerit
3370 542 3498 586 arta
3523 545 3652 601 post

2104 602 2384 666 diluvium,
2412 613 2458 656 et
2502 618 2716 654 numero
2759 617 3017 654 annorum
3050 603 3115 654 ab
3151 602 3322 654 Adam
3369 617 3535 669 usque
3569 607 3650 654 ad

2121 672 2262 738 Noe,
2302 672 2382 726 vel
2411 671 2535 742 quid
2561 672 2625 724 de
2649 687 2772 723 arca
2797 671 3025 739 gentium
3044 670 3334 740 philosophi
3356 672 3650 724 senserint.

2115 763 2284 834 Igitur
2324 760 2436 816 Noe
2481 768 2857 815 sexcentorum
2903 767 3021 812 erat
3068 775 3334 814 annorum
3366 800 3382 824 ,
3417 763 3658 830 quando

2047 855 2214 922 cmpit
2239 865 2359 906 esse
2387 849 2644 904 diluvium
2675 863 2837 916 super
2864 857 3085 900 terram.
3139 846 3266 901 lude
3311 858 3498 902 autem
3554 866 3660 903 us-

2046 957 2151 1012 que
2183 942 2249 995 ad
2273 941 2431 1010 primi
2462 939 2695 993 hominis
2718 937 3080 992 conditionem
3110 946 3267 992 erant
3296 939 3424 991 anni
3452 947 3657 994 trans-

2047 1032 2151 1086 acti
2186 1032 2292 1085 duo
2320 1029 2485 1083 millia
2537 1027 2752 1082 ducenti
2801 1027 3154 1104 quadraginta
3201 1027 3325 1080 duo.
3383 1028 3534 1096 Ergo
3592 1039 3662 1081 ut

2045 1125 2289 1195 quaedam
2309 1121 2711 1193 praestinximus
2739 1118 2974 1179 libando,
3006 1119 3078 1171 ita
3102 1119 3332 1188 primum
3365 1134 3424 1172 se
3446 1120 3664 1174 habuit

2028 1212 2319 1268 saeculum.
2349 1209 2458 1263 Noe
2483 1223 2614 1262 vero
2641 1222 2762 1261 cum
2790 1205 2912 1259 filiis
2943 1204 3091 1268 Sem,
3121 1205 3289 1259 Cham
3321 1215 3378 1258 et
3426 1205 3654 1271 Jafeth,

2047 1301 2412 1368 uxoribusque
2442 1312 2630 1352 eorum
2660 1297 2936 1366 ingressus
2984 1296 3036 1349 in
3077 1310 3258 1348 arcam
3313 1310 3510 1350 mense
3560 1313 3660 1351 sc-

2047 1392 2243 1455 cundo,
2273 1390 2502 1460 septima
2543 1386 2749 1442 decima
2778 1386 2864 1440 die
2912 1385 3132 1448 mensis,
3162 1385 3368 1454 impetu
3424 1385 3657 1440 violem-

2049 1484 2138 1537 tiaa
2165 1496 2428 1551 aquarum
2466 1479 2519 1532 in
2550 1476 2778 1532 sublime
2826 1475 3068 1531 sublatus
3113 1483 3214 1528 est.
3262 1475 3404 1529 Area
3451 1485 3658 1530 autem

2050 1573 2318 1628 residente
2347 1572 2400 1625 in
2423 1569 2623 1624 vertice
2674 1567 2871 1622 montis
2921 1566 3206 1629 Armeniae,
3242 1579 3496 1637 egressus
3528 1577 3652 1626 est.

2054 1663 2284 1718 Domino
2308 1666 2578 1723 monente,
2607 1672 2672 1711 ex
2695 1670 2778 1722 ea,
2803 1669 2990 1709 mense
3018 1655 3252 1709 secundo
3299 1655 3534 1724 septima
3592 1664 3658 1710 et

2052 1752 2308 1807 vicesima
2338 1749 2423 1804 die
2452 1747 2670 1802 mensis.
2704 1745 2874 1812 Quem
2922 1743 3096 1798 locum
3123 1744 3484 1814 egressorium
3539 1744 3658 1798 Ar-

2046 1841 2207 1897 menii
2236 1848 2452 1902 vocant,
2482 1837 2590 1892 illic
2617 1837 2760 1890 enim
2791 1850 2932 1890 arca:
2985 1834 3155 1889 solita:
3200 1833 3458 1903 reliquias
3512 1851 3654 1904 pro—

2044 1930 2304 1987 vinciales
2351 1927 2664 1983 ostendunt.
2729 1926 2899 1995 Hujus
2950 1925 3096 1979 enim
3145 1924 3331 1978 diluvii
3372 1925 3653 1979 indicium

2046 2024 2309 2078 hactenus
2333 2020 2578 2073 videmus
2601 2018 2653 2071 in
2677 2016 2964 2086 lapidibus,
2991 2031 3126 2085 quos
3150 2016 3204 2070 in
3230 2017 3454 2071 remotis
3477 2033 3653 2071 mon-

2051 2113 2193 2166 tibus
2220 2109 2441 2165 conchis
2471 2106 2748 2184 et‘ostreis
2773 2106 2994 2160 scabros
3027 2104 3189 2158 etiam
3226 2117 3367 2172 saepe
3413 2115 3653 2159 cavatos

2049 2199 2204 2268 aquis
2230 2198 2406 2251 visere
2431 2194 2685 2249 solemus.
2715 2194 2967 2247 Attamen
3029 2191 3155 2260 quid
3180 2191 3246 2247 de
3271 2193 3372 2246 hac
3392 2207 3525 2245 arca
3553 2202 3647 2246 at-

2051 2305 2156 2360 que
2180 2291 2283 2344 hoc
2317 2287 2515 2342 diluvio
2545 2285 2783 2356 gentium
2811 2282 3228 2350 historiographi
3251 2283 3652 2350 sapientesque

2051 2393 2238 2434 eorum
2267 2375 2605 2445 scripserint,
2636 2373 2823 2444 paucis
2870 2370 3075 2426 referre
3121 2370 3343 2424 curabo.
3391 2369 3651 2436 Quorum

2052 2485 2190 2526 unus
2213 2468 2445 2524 Berosus
2478 2464 2783 2528 Chaldaeus,
2813 2476 3043 2516 narrans
3086 2461 3151 2515 de
3201 2459 3420 2523 diluvio,
3451 2459 3655 2512 taliter

2053 2570 2138 2615 est-
2161 2558 2391 2614 etfatus:
2423 2556 2632 2610 Dicitur
2657 2564 2835 2608 autem
2867 2560 2923 2605 et
2957 2551 3110 2606 navis
3142 2549 3280 2618 ejus,
3305 2566 3423 2620 qua:
3448 2550 3508 2603 in
3540 2550 3654 2603 Ar-

2055 2654 2288 2708 meniam
2310 2651 2479 2715 venit,
2495 2649 2636 2704 circa
2660 2654 2896 2701 montem
2926 2644 3234 2708 Cardicum,
3257 2651 3312 2697 et
3337 2642 3517 2696 adhuc
3543 2641 3656 2695 ali-

2056 2757 2161 2813 qua
2180 2755 2309 2812 pars
2337 2745 2532 2803 est,et
2576 2735 2836 2806 quosdam
2887 2734 3126 2788 bitumen
3178 2731 3368 2785 exinde
3420 2730 3654 2793 tollere.

2057 2851 2163 2905 quo
2192 2834 2428 2890 maxime
2451 2830 2698 2886 homines
2723 2827 2790 2881 ad
2818 2825 3153 2895 expiationes
3180 2830 3417 2876 utuntur.
3443 2819 3658 2874 Memi-

2057 2924 2137 2978 nit
2163 2931 2341 2976 autem
2373 2921 2565 2974 horum
2593 2925 2647 2971 et
2676 2915 3035 2984 Hieronymus
3060 2910 3358 2981 Egyptius,
3385 2909 3474 2977 qui
3540 2924 3658 2962 an-

383 2982 502 3021 csse
533 2967 791 3035 potuisse.
818 2964 926 3019 Aut
953 2965 996 3018 si
1019 2963 1336 3033 mysterium
1361 2961 1788 3016 sacratissimum
1815 2959 1958 3028 quod

386 3059 659 3126 agebatur,
684 3065 738 3110 et
760 3063 919 3109 tanta}
946 3055 1019 3108 rei
1053 3053 1219 3122 ﬁgura
1249 3052 1411 3106 etiam
1442 3051 1668 3104 veritate
1686 3049 1834 3114 facti,
1860 3049 1958 3102 ali-

387 3157 469 3202 ter
498 3163 600 3202 non
639 3155 819 3216 posset
844 3144 1073 3214 impleri,
1113 3143 1216 3196 nisi
1261 3149 1320 3194 ut
1356 3139 1537 3194 omnia
1566 3139 1637 3192 ibi
1669 3146 1819 3195 certo
1868 3135 1958 3190 illo

389 3253 611 3292 numero
639 3245 841 3300 essent,
875 3250 994 3303 qua:
1017 3234 1198 3287 vivere
1233 3233 1286 3285 in
1321 3231 1476 3299 aquis
1531 3237 1722 3282 natura
1769 3227 1956 3296 prohi-

391 3325 549 3379 bente
582 3342 686 3378 non
713 3331 957 3394 possunt,
989 3337 1093 3374 non
1123 3320 1221 3374 fuit
1247 3321 1347 3373 ista
1377 3333 1507 3373 cura
1537 3317 1679 3371 illius
1701 3316 1958 3379 hominis,

390 3415 473 3468 vel
504 3415 714 3468 illorum
751 3414 1052 3476 hominum,
1085 3409 1179 3465 sed
1213 3409 1412 3464 divina.
1448 3408 1563 3462 Non
1593 3407 1736 3462 enim
1765 3421 1827 3461 ea
1851 3406 1963 3461 Noe

392 3512 545 3572 capta
582 3502 987 3563 intromittebat,
1025 3500 1119 3554 sed
1152 3498 1443 3562 venientia,
1474 3505 1528 3550 et
1551 3497 1755 3549 intrare
1784 3495 1965 3549 volen-

395 3593 489 3656 tia,
527 3592 889 3661 permittebat.
921 3590 1001 3643 Ad
1044 3590 1146 3643 hoc
1190 3589 1333 3642 enim
1380 3586 1522 3640 valet
1563 3587 1708 3655 quod
1764 3586 1965 3640 dictum

395 3694 477 3739 cst
501 3699 515 3736 :
543 3683 817 3736 Intrabunt
849 3683 915 3736 ad
944 3690 1010 3746 te,
1042 3696 1148 3734 non
1171 3680 1376 3734 scilicet
1419 3678 1652 3733 hominis
1701 3687 1845 3743 actu,
1873 3677 1968 3732 sed

397 3783 564 3836 nutu;
605 3763 677 3826 ita
707 3788 835 3827 sane
863 3781 922 3826 ut
952 3787 1056 3826 non
1087 3771 1195 3825 illic
1225 3769 1390 3823 fuisse
1411 3768 1678 3822 credenda
1721 3769 1826 3822 sint
1850 3782 1969 3835 qua:

397 3882 524 3919 sexu
558 3874 764 3927 carent,
792 3862 874 3917 vel
901 3879 963 3917 ea
994 3863 1156 3916 etiam
1186 3877 1306 3930 qua:
1332 3875 1398 3914 ex
1425 3859 1650 3915 diversis
1685 3858 1973 3929 generibus

405 3962 778 4026 procreantur,
803 3961 862 4006 ut
894 3952 1042 4005 muli.

962 4060 1186 4117 CAPUT
1225 4060 1413 4116 XXIV.

406 4152 674 4218 Quomodo
696 4154 752 4206 in
780 4168 903 4206 arca
929 4153 1142 4205 viverint
1171 4150 1422 4204 animalia
1449 4165 1566 4218 qua:
1591 4165 1693 4203 non
1731 4149 1842 4202 sine
1862 4163 1978 4202 car-

880 4221 1028 4274 nibus
1060 4222 1191 4274 vesci
1219 4229 1488 4290 putantur.

478 4313 624 4368 Solet
647 4313 807 4366 etiam
837 4326 1054 4366 movere
1085 4310 1371 4364 nonnullos
1415 4324 1534 4377 quae
1583 4322 1781 4378 genera
1827 4322 1980 4362 esca-

408 4421 526 4460 rum
556 4405 660 4459 illic
685 4406 882 4457 habere
909 4411 1157 4472 poterant
1182 4402 1433 4456 animalia
1455 4416 1574 4469 qua:
1601 4415 1706 4454 non
1730 4400 1832 4453 nisi
1858 4415 1978 4453 ear-

412 4497 566 4549 nibus
591 4495 732 4547 vesci
763 4502 1057 4561 putantur,
1095 4500 1274 4544 utrum
1326 4499 1526 4560 praeter
1571 4504 1855 4542 numerum
1904 4489 1975 4542 ibi

412 4583 608 4636 fuerint
637 4582 886 4635 animalia
921 4581 1036 4634 sine
1080 4580 1506 4648 transgressione
1559 4579 1820 4642 mandati,
1856 4563 1978 4645 qua:

413 4672 636 4724 aliorum
664 4671 972 4724 alendorum
1001 4667 1298 4722 necessitas
1329 4667 1438 4720 illic
1461 4667 1728 4736 coegisset
1749 4666 1974 4730 includi;

415 4779 481 4814 an
513 4776 663 4824 vero,
692 4759 830 4828 quod
869 4758 1044 4827 potius
1071 4764 1155 4811 est
1181 4756 1533 4819 credendum,
1563 4765 1761 4824 praeter
1789 4770 1982 4810 carnes

415 4853 591 4920 aliqua
637 4850 889 4904 alimenta
936 4848 1008 4902 ibi
1055 4848 1238 4912 fuisse,
1265 4863 1384 4916 quae
1428 4847 1677 4901 omnibus
1732 4848 1983 4900 conveni-

418 4952 554 4997 rent.
575 4941 825 4995 Novimus
846 4940 987 4994 enim
1009 4954 1166 5007 quam
1186 4938 1348 4992 multa
1364 4935 1632 5000 animalia,
1649 4936 1842 5005 quibus
1857 4952 1986 4990 caro

418 5032 568 5085 cibus
593 5037 697 5093 est,
730 5028 986 5097 frugibus,
1010 5027 1285 5095 pomisque
1315 5034 1623 5090 vescantur,
1651 5033 1706 5076 et
1757 5025 1987 5078 maxime

421 5123 524 5174 lien
557 5129 716 5188 atque
741 5118 1024 5172 castaneis.
1055 5116 1191 5181 Quid
1239 5132 1367 5186 ergo
1415 5115 1610 5168 mirum
1631 5155 1644 5179 ,
1677 5115 1722 5168 si
1768 5115 1852 5168 vir
1898 5114 1988 5168 ille

422 5211 634 5279 sapiens
660 5217 714 5262 ct
751 5209 929 5278 justus
954 5246 969 5270 ,
1001 5207 1162 5258 etiam
1207 5206 1461 5259 divinitus
1516 5205 1842 5269 admonitus,
1873 5204 1988 5258 sine

423 5300 673 5354 carnibus
701 5307 822 5366 apta
851 5295 1134 5363 unicuique
1149 5295 1328 5364 generi
1343 5295 1646 5348 alimoniam
1670 5295 1991 5363 praeparavit

423 5398 478 5443 et
499 5387 769 5442 condidit?
797 5386 933 5452 Quid
959 5394 1042 5438 est
1076 5393 1254 5437 autem
1284 5399 1390 5453 quo
1420 5385 1567 5438 vesci
1622 5399 1726 5436 non
1773 5391 1990 5452 cogeret

427 5479 632 5532 fames?
657 5485 747 5530 aut
777 5475 904 5545 quid
928 5489 1030 5528 non
1055 5488 1219 5528 suave
1246 5489 1309 5528 ac
1339 5474 1551 5527 salubre
1580 5471 1758 5527 facere
1809 5481 1989 5540 posset

429 5573 588 5633 Deus,
613 5573 702 5646 qui
731 5572 892 5625 etiam
917 5570 1088 5638 potuit
1128 5578 1186 5621 ut
1216 5568 1330 5621 sine
1353 5567 1471 5620 cibo
1524 5567 1767 5620 viverent
1812 5565 1988 5618 divina

431 5666 622 5720 faculta
632 5676 680 5719 te
696 5665 717 5717 ?

2059 3013 2363 3082 tiquitatem
2411 3007 2682 3062 Phoenica:
2722 3002 2965 3057 noscitur
3021 2998 3420 3067 conscripsisse.
3445 2995 3567 3048 Sed
3599 3005 3664 3048 et

1984 3115 2029 3177 ρ
2060 3103 2340 3158 Manaseas
2364 3099 2725 3152 Damascenus
2747 3093 2802 3146 in
2831 3089 3178 3160 nonagesimo
3200 3095 3347 3142 sexto
3381 3085 3664 3138 historia-

2069 3212 2189 3251 rum
2226 3195 2363 3249 libro
2393 3193 2467 3245 ita
2491 3190 2557 3244 de
2588 3189 2690 3243 hoc
2719 3180 2917 3240 diluvio
2943 3181 3074 3237 dicit
3105 3199 3117 3234 :
3144 3179 3239 3233 Est
3264 3186 3316 3232 et
3335 3192 3503 3246 super
3527 3193 3666 3232 mu-

2068 3286 2287 3341 niadam
2310 3282 2558 3338 excelsus
2594 3293 2748 3334 mons
2774 3277 2827 3331 in
2860 3275 3132 3339 Armenia,
3168 3273 3260 3343 qui
3283 3272 3430 3326 Baris
3458 3274 3667 3341 appel—

2063 3376 2224 3440 latur,
2240 3375 2294 3428 in
2325 3387 2430 3442 quo
2460 3369 2658 3424 multos
2685 3367 2950 3438 fugientes
2979 3380 3158 3420 sermo
3186 3372 3268 3418 est
3294 3362 3470 3416 diluvii
3505 3371 3670 3417 tem-

2062 3481 2193 3537 pore
2218 3464 2490 3524 liberatos,
2515 3467 2571 3514 et
2588 3458 2874 3528 quemdam
2895 3454 3054 3509 simul
3109 3453 3162 3507 in
3187 3468 3310 3506 arca
3335 3453 3665 3513 devectum,

2068 3557 2122 3610 in
2152 3553 2352 3610 Siciliae
2380 3551 2581 3606 montis
2606 3547 2821 3604 venisse
2855 3545 3242 3608 summitatem,
3267 3543 3669 3612 lignorumque

2068 3642 2325 3711 reliquias
2355 3637 2526 3694 multo
2552 3645 2794 3706 tempore
2821 3634 2896 3688 ibi
2924 3640 3272 3687 conservatas
3300 3630 3489 3685 ferunt.
3519 3631 3668 3686 Fuit

2070 3741 2247 3785 autem
2281 3731 2383 3784 ista
2411 3742 2538 3781 arca
2564 3741 2724 3795 quam
2761 3723 2922 3777 etiam
2953 3721 3127 3776 Moses
3155 3720 3451 3776 Judzeorum
3475 3719 3668 3789 legis-

2073 3820 2209 3875 lator
2237 3817 2475 3887 scripsit.

2636 3901 2861 3958 CAPUT
2897 3901 3085 3956 XXVI.

2077 3998 2150 4052 De
2179 4014 2237 4052 eo
2261 3995 2398 4070 quod
2436 3993 2746 4070 quibusdam
2776 3993 3067 4046 hominibus
3107 3987 3414 4070 impossibile
3441 3987 3670 4042 videtur

2379 4061 2608 4119 homines
2634 4072 2913 4131 nongentos
2943 4078 3106 4114 annos
3145 4061 3346 4112 vixisse.

2105 4147 2110 4150 ’
2157 4154 2296 4209 Vixit
2346 4164 2521 4207 autem
2563 4150 2678 4205 Noe
2721 4160 2836 4219 post
2882 4147 3133 4202 diluvium
3181 4162 3342 4200 annos
3389 4154 3669 4200 trecentos

2077 4245 2477 4317 quinquaginta.
2520 4241 2589 4294 Et
2634 4241 2760 4309 facti
2806 4249 2928 4293 sunt
2980 4254 3154 4292 omnes
3203 4237 3310 4290 dies
3359 4234 3475 4288 Noe
3522 4239 3672 4290 cuni

2082 4334 2325 4404 nongenti
2348 4331 2743 4403 quinquaginta.
2764 4329 2904 4399 Ergo
2930 4329 2977 4383 si
3005 4328 3225 4383 cuilibet
3248 4324 3564 4381 incredibile
3585 4327 3677 4382 vi-

2085 4423 2242 4477 detur
2277 4429 2440 4474 tanta:
2469 4419 2775 4474 diurnitatis
2800 4419 2965 4472 vitam
2999 4418 3342 4486 antiquorum
3367 4414 3672 4469 hominum

2080 4515 2265 4577 fuisse,
2279 4511 2496 4581 Iosephi
2511 4511 2864 4564 assertionem
2885 4509 3292 4561 animadvertat.
3312 4505 3449 4558 Dicit
3465 4505 3635 4559 enim
3657 4526 3670 4558 :

2077 4605 2265 4659 Nullus
2290 4611 2470 4658 autem
2499 4602 2565 4656 ad
2591 4601 2756 4654 vitam
2785 4600 3122 4663 modernam,
3153 4607 3210 4652 et
3235 4611 3497 4651 annorum
3528 4597 3670 4653 bre-

2079 4689 2320 4758 vitatem,
2344 4693 2537 4761 quibus
2558 4705 2702 4744 nunc
2725 4691 2974 4753 vivimus,
2998 4690 3163 4742 vitam
3181 4700 3500 4755 comparans
3518 4689 3678 4741 anti-

2080 4797 2330 4852 quorum,
2355 4789 2504 4851 putet
2527 4779 2659 4833 falsa
2681 4794 2800 4848 quae
2816 4779 2880 4833 de
2908 4779 3013 4832 illis
3029 4787 3153 4833 sunt
3170 4778 3334 4837 dicta,
3351 4785 3407 4828 et
3422 4789 3488 4829 eo
3508 4778 3681 4844 quod

2085 4886 2228 4926 nunc
2258 4871 2366 4924 vita
2393 4876 2544 4923 tanto
2574 4883 2680 4922 non
2715 4869 2943 4921 ducatur
2967 4876 3222 4935 tempore,
3249 4864 3432 4918 credat
3480 4878 3684 4933 neque

2087 4963 2207 5017 illos
2230 4961 2296 5015 ad
2325 4961 2450 5014 vita:
2473 4959 2613 5013 illius
2639 4956 3025 5026 longitudinem
3053 4955 3377 5024 pervenisse.
3407 4951 3487 5006 Illi
3509 4968 3683 5007 nam-

2088 5068 2192 5123 que
2215 5067 2334 5106 cum
2350 5057 2532 5105 essent
2546 5047 2803 5117 religiosi,
2818 5054 2872 5100 et
2897 5045 2965 5098 ab
2989 5045 3104 5113 ipso
3126 5041 3234 5096 Deo
3263 5041 3405 5101 facti,
3427 5056 3684 5110 cumque

2086 5142 2168 5196 eis
2195 5139 2389 5209 pabula
2417 5136 2801 5207 opportuniora
2826 5135 2892 5188 ad
2920 5134 3094 5202 majus
3123 5141 3333 5200 tempus
3357 5130 3683 5186 existerent

2088 5235 2410 5300 praeparata,
2441 5235 2710 5279 tantorum
2738 5238 3000 5276 annorum
3025 5221 3241 5276 circulis
3262 5220 3363 5272 rite
3383 5217 3681 5272 vivebant.

2093 5319 2298 5373 Deinde
2331 5323 2554 5385 propter
2577 5313 2804 5366 virtutes
2834 5319 2888 5364 et
2915 5310 3174 5380 gloriosas
3201 5309 3463 5361 utilitates
3481 5346 3496 5370 ,
3526 5321 3687 5375 quas

2085 5407 2288 5478 iugiter
2314 5404 2817 5475 perscrutabantur,
2851 5402 2903 5454 id
2929 5410 3034 5465 est,
3062 5399 3426 5469 astrologiam,
3455 5406 3510 5452 et
3539 5411 3688 5465 geo-

2093 5499 2362 5560 metriam,
2388 5495 2530 5548 Deus
2553 5493 2632 5546 eis
2660 5491 2920 5559 ampliora
2946 5489 3156 5542 vivendi
3191 5487 3361 5557 spatia
3401 5486 3694 5540 condona-

2092 5590 2189 5649 vit,
2208 5601 2326 5654 qua:
2348 5583 2489 5638 haud
2512 5581 2749 5636 edissere
2769 5579 3086 5649 potuissent,
3103 5577 3204 5631 nisi
3228 5576 3500 5630 sexcentis
3516 5591 3538 5625 κ
3554 5575 3683 5628 ive-

2097 5685 2217 5731 rcut
2245 5675 2417 5727 annis.
2447 5673 2549 5726 Per
2577 5677 2654 5724 tot
2677 5670 2821 5722 enim
2868 5683 3127 5723 annorum
3149 5666 3418 5721 curricula
3443 5679 3687 5735 magnus
