3898 6178
267 329 376 385 935
476 283 483 286 ﬁ

1401 327 1811 384 CHRONICON.
1842 359 1911 368 -—
1952 329 2115 385 TOMl
2156 331 2175 384 Ι
2217 330 2340 385 LIB.
2384 332 2431 385 1.

3421 343 3525 398 θδι

266 454 448 496 annus
469 438 740 509 impletur.
765 438 950 495 Testes
971 448 1149 495 autem
1180 440 1269 495 isti
1292 450 1635 503 suntomncs,
1655 443 1744 513 qui
1764 460 1857 497 an-
1884 451 1928 506 Α
1957 444 2260 515 Cythimam
2288 447 2518 501 insulam
2536 447 2743 514 habuit,
2775 466 2893 520 qua:
2919 468 3060 507 nunc
3081 454 3277 509 dicitur
3297 455 3523 527 Cyprus,

266 529 580 600 tiquitatem
610 528 749 598 apud
767 527 985 584 Gnaeos
997 537 1052 585 ct
1070 529 1333 585 barbaros
1368 532 1712 587 conscribere
1737 548 1849 586 ma-

267 621 506 676 luerunt.
540 617 674 673 Nam
699 629 754 674 et
781 618 1098 677 Maneehon.
1125 621 1217 689 qui
1261 620 1681 692 descriptionem
1726 622 1848 677 fecit

266 712 670 784 Egyptiorum,
695 724 749 765 et
772 710 1023 777 Berosus,
1047 712 1138 782 qui
1173 712 1460 769 Cbaldaica
1485 713 1781 779 deﬁoravit,
1798 722 1853 768 et

267 786 518 864 Moehus,
546 808 602 856 et
619 800 827 866 Aetius,
859 801 925 856 ad
956 803 1071 858 haec
1084 812 1139 859 et
1162 803 1519 874 Hieronymus
1545 804 1850 875 tEgyptius,

267 894 364 963 qui
390 892 706 948 Phaanieam
729 892 1012 963 disposuit,
1046 894 1375 949 concordant
1408 909 1529 948 eum
1560 894 1640 949 eis
1669 893 1847 949 dictis.

268 984 540 1040 Hesiodus
563 998 777 1054 quoque
798 993 853 1038 et
872 983 1180 1055 Agathaeus,
1207 994 1260 1040 et
1277 985 1612 1050 Heslanicus,
1638 994 1693 1040 et
1715 986 1856 1040 Acu-

269 1077 474 1139 sivaus,
500 1086 556 1131 et
580 1076 723 1130 inter
745 1076 843 1130 hos
862 1076 1129 1145 Ephorus,
1159 1085 1214 1131 et
1236 1076 1508 1141 Nicolaus,
1536 1078 1591 1131 in
1610 1077 1853 1132 historiis

269 1166 388 1221 suis
408 1164 728 1221 memoriam
742 1163 949 1219 faciunt
965 1165 1312 1235 antiquorum
1335 1165 1494 1220 annis
1510 1165 1655 1220 mille
1669 1166 1854 1221 viven-

270 1258 432 1311 tium.

822 1346 1049 1404 CAPUT
1086 1346 1301 1403 XXVII.

276 1438 556 1503 Quomodo
580 1454 646 1492 ea:
670 1437 835 1492 tribus
861 1438 986 1508 filiis
1017 1436 1132 1492 Noe
1153 1455 1303 1493 omne
1322 1455 1483 1509 genus
1505 1439 1771 1492 hominum
1786 1439 1853 1493 sit

322 1518 692 1578 propagatum,
715 1518 763 1561 et
781 1525 911 1579 quas
933 1509 1071 1562 orbis
1101 1518 1252 1563 terra:
1272 1518 1445 1579 partes
1466 1509 1800 1563 obtinuerint.

340 1618 460 1672 Filii
486 1626 665 1671 autem
681 1616 795 1673 Noe
810 1617 1023 1673 fuerunt
1043 1616 1190 1685 Sem,
1205 1617 1373 1674 Cbam
1395 1626 1451 1674 et
1461 1618 1659 1675 Jafeth.
1676 1620 1752 1674 Ex
1771 1620 1855 1675 his

272 1706 423 1760 enim
461 1714 585 1776 post
615 1705 876 1760 diluvium
917 1707 1284 1761 disseminata:
1339 1711 1468 1762 su'nt
1522 1716 1710 1778 gentes
1757 1723 1855 1777 per

1951 543 2003 589 et
2030 535 2100 589 ab
2138 551 2201 589 ea
2244 552 2435 605 omnes
2477 538 2663 593 insulae
2708 548 2764 594 et
2813 543 3080 597 maritima
3128 544 3267 609 loca,
3298 544 3524 619 Cythym

1952 623 2215 680 Hebraice
2262 627 2625 681 nominantur.
2677 628 2852 685 Testis
2898 632 3041 685 enim
3104 636 3370 690 sermonis
3420 638 3525 692 mei

1952 726 2057 766 una
2096 713 2148 767 in
2183 712 2360 784 Cypro
2386 714 2689 781 civitatum,
2722 733 2841 785 qua:
2885 721 3161 790 antiquam
3209 724 3526 792 appellatio-

1953 817 2077 856 nem
2100 802 2270 856 valuit
2296 804 2550 859 retinere.
2580 803 2771 874 Cythis
2801 808 2944 862 enim
2972 809 3041 862 ab
3070 811 3153 864 his
3178 812 3267 880 qui
3300 813 3348 866 ei
3374 812 3524 868 Crte-

1953 909 2073 947 cnm
2100 908 2294 947 nomen
2327 894 2699 963 imposuerunt
2725 888 2968 961 vocatur,
3001 914 3174 968 neque
3210 901 3288 955 sic
3318 901 3525 972 fugiens

1952 979 2109 1051 Cythi
2137 996 2352 1035 nomen.
2379 981 2556 1037 Jafetb
2585 984 2765 1053 itaque
2795 984 2887 1039 ﬁlii
2913 1002 3005 1041 seu
3040 997 3261 1059 nepotes
3281 993 3380 1046 has
3422 993 3523 1045 ba-

1938 1073 2116 1127 'buere
2144 1081 2351 1141 gentes,
2381 1067 2438 1126 ei
2466 1089 2587 1142 qua:
2615 1073 2796 1129 forsan
2839 1093 2980 1131 nunc
3034 1079 3365 1147 ignorantur.
3392 1082 3524 1138 0m-

1952 1176 2050 1215 nes
2080 1169 2255 1214 tamen
2281 1177 2418 1231 pene
2444 1163 2643 1217 insulas
2669 1174 2723 1217 et
2750 1166 2913 1221 totius
2933 1167 3081 1222 orbis
3110 1168 3288 1223 littora
3318 1179 3518 1228 terras.

1953 1266 2060 1321 que
2103 1252 2241 1329 mari
2268 1253 2471 1307 vicinas
2499 1253 2729 1322 legimus
2755 1254 2957 1311 Grtecis
2985 1260 3185 1314 accolis
3204 1272 3518 1330 occupatas,

1954 1343 2067 1409 qui,
2096 1351 2157 1396 ut
2183 1359 2346 1413 supra
2374 1344 2628 1411 diximus,
2653 1346 2720 1400 ab
2739 1346 2949 1404 Amano
2974 1359 3028 1404 et
3052 1349 3229 1407 Tauro
3260 1355 3527 1409 montibus
3570 1405 3579 1409 -

1953 1433 2134 1487 omnia
2171 1435 2440 1489 maritima
2470 1435 2588 1508 loca
2620 1452 2791 1507 usque
2842 1440 2908 1493 ad
2954 1438 3224 1496 Oceanum
3272 1445 3524 1513 possede-

1953 1531 2081 1575 runt
2101 1522 2486 1578 Britannicum.
2504 1524 2620 1579 Filii
2636 1524 2826 1591 Cham,
2846 1527 2993 1584 Chus
3013 1539 3066 1584 et
3093 1530 3363 1597 Mesraim,
3387 1533 3527 1588 Futh

1954 1620 2007 1667 et
2026 1612 2299 1668 Chanaan.
2329 1612 2474 1669 Chus
2495 1616 2655 1671 hodie
2679 1617 2747 1671 ab
2763 1617 3003 1673 Hebraeis
3029 1619 3301 1689 [Ethiopia
3322 1638 3529 1678 nuncu-

1954 1711 2131 1773 patur,
2178 1703 2427 1759 Mesraim
2473 1706 2734 1777 Egyptus
2760 1748 2776 1771 ,
2806 1708 2943 1762 Futh
2985 1709 3210 1779 Libyes,
3241 1727 3270 1764 a
3320 1726 3426 1780 quo
3472 1722 3527 1767 et

272 1796 559 1852 universas
574 1806 768 1861 terras,
783 1805 945 1867 atque
966 1797 1171 1853 insulas
1196 1799 1386 1862 maris.
1408 1798 1514 1854 Sed
1541 1814 1676 1868 quas
1693 1816 1853 1854 unus-

1957 1791 2288 1847 Mauritiante
2313 1792 2527 1859 ﬂuvius,
2558 1812 2727 1866 usque
2755 1798 2807 1851 in
2829 1812 3065 1867 praesens
3112 1799 3253 1854 Futh
3306 1802 3524 1867 dicitur,

278 1885 512 1955 quisque
564 1886 869 1942 condiderit
905 1897 1113 1957 gentes,
1149 1895 1201 1942 et
1236 1903 1373 1958 quas
1399 1898 1583 1958 partes
1602 1890 1852 1944 obtinue-

273 1974 352 2027 rit
376 1973 547 2040 orbis,
576 1988 643 2028 ex
672 1972 890 2044 Iosephi
924 1982 1087 2044 atque
1115 1974 1431 2046 Hieronymi
1463 1977 1616 2032 libris
1663 1979 1853 2033 decer—

272 2076 410 2133 pere
432 2061 605 2117 libuit.
635 2062 878 2117 Fuerunt
921 2072 1100 2117 autem
1148 2062 1277 2118 ﬁliis
1320 2063 1433 2119 Noe
1480 2064 1595 2129 ﬁlii,
1623 2080 1852 2134 quorum

269 2161 501 2224 propter
539 2152 799 2208 honorem
827 2154 1080 2224 gentibus
1108 2168 1245 2224 quas
1268 2154 1631 2210 condiderunt
1686 2156 1856 2227 impo-

272 2255 507 2303 suerunt
534 2246 775 2311 nomina,
806 2255 862 2300 et
890 2248 1052 2303 terris
1077 2263 1214 2317 quas
1244 2243 1651 2319 apprehendere
1670 2259 1856 2319 potue-

275 2344 430 2393 runt.
464 2332 642 2390 Jal‘etb
664 2350 795 2407 ergo
837 2335 949 2392 Noe
994 2337 1138 2394 ﬁlius
1190 2338 1378 2394 habuit
1425 2339 1566 2395 ﬁlios
1627 2351 1852 2412 septem.

275 2427 671 2482 Habitaverunt
701 2429 790 2482 isti
824 2428 1100 2499 regionem
1126 2444 1157 2483 a
1185 2428 1361 2485 Tauro
1386 2438 1442 2485 et
1468 2430 1679 2486 Amano
1705 2446 1854 2487 mena

276 2518 428 2571 tibus
458 2516 827 2585 incipientem,
854 2525 914 2572 et
934 2518 1329 2589 pertingentem
1355 2520 1409 2575 in
1456 2521 1639 2576 Asiam
1686 2536 1859 2593 usque

274 2609 349 2663 ad
376 2606 574 2662 ﬁumen
602 2605 848 2661 Tanaim.
878 2606 937 2661 ln
975 2606 1191 2676 Europa
1221 2623 1352 2663 vero
1382 2618 1526 2664 terra
1569 2608 1857 2665 Gazzimo-

276 2713 419 2760 rum,
444 2712 566 2751 cum
604 2697 782 2751 nullus
805 2711 991 2752 eorum
1021 2698 1112 2766 qui
1139 2699 1433 2767 supradicti
1479 2708 1609 2754 sunt
1657 2701 1856 2756 ibidem

276 2787 554 2842 habitator
590 2788 873 2852 existeret,
903 2796 1090 2858 gentes
1117 2786 1236 2858 ejus
1269 2789 1498 2845 diversis
1522 2805 1581 2845 se
1628 2792 1860 2846 nomini-

275 2875 382 2931 bus
413 2875 778 2946 appellabant,
809 2877 900 2947 qui
928 2892 1071 2931 nunc
1118 2892 1150 2930 a
1185 2875 1387 2933 Grtecis
1411 2877 1616 2934 Galatae
1654 2896 1861 2936 nuncu—

272 2976 497 3042 pantur,
524 2969 653 3023 olim
674 2984 805 3025 vero
826 2969 954 3025 dicti
985 2977 1113 3024 sunt
1140 2967 1470 3036 Gomanieaa,
1497 2985 1633 3041 quos
1660 2971 1862 3028 Gomer

276 3059 537 3116 instituit.
578 3059 767 3131 Magog
794 3076 921 3115 vero
947 3060 1201 3130 Magogas
1226 3075 1256 3114 a
1295 3075 1354 3115 se
1375 3064 1682 3119 nominatos
1709 3064 1861 3120 insti-

1953 1885 2235 1965 omnisque
2263 1885 2408 1940 circa
2453 1900 2572 1940 eam
2621 1887 2777 1965 regio
2820 1887 3109 1943 Futhensis
3160 1901 3520 1959 nuncupatur.

1954 1962 2111 2028 Ποᾱο
2140 1982 2315 2029 tamen
2344 1974 2398 2028 in
2426 1991 2531 2029 una
2555 1962 3025 2035 tantum-climatis
3062 1978 3179 2046 ejus
3206 1989 3362 2048 parte
3423 1996 3523 2036 an-

1954 2063 2162 2131 tiquum
2192 2062 2357 2134 Libya
2386 2081 2582 2119 nomen
2618 2065 2835 2127 residet.
2868 2074 2923 2120 et
2958 2067 3161 2137 reliqua
3195 2077 3339 2124 terra
3365 2086 3528 2125 voca-

1956 2160 2044 2206 tur
2068 2153 2321 2221 Apbrica.
2350 2155 2519 2210 Porro
2543 2155 2796 2211 Chanaan
2840 2158 3070 2213 obtinuit
3117 2169 3314 2214 terram
3366 2177 3530 2230 quam

1954 2240 2123 2297 Judaei
2152 2244 2405 2315 deinceps
2429 2246 2805 2314 possederunt.
2832 2248 3033 2318 Ejectis
3067 2249 3387 2306 Cbananaeis
3434 2253 3530 2307 ﬁlii

1956 2329 2101 2387 Chus
2128 2332 2271 2387 Saba
2298 2343 2354 2389 et
2379 2335 2552 2399 Evila,
2586 2335 2825 2391 Sabalha
2856 2348 2909 2392 et
2935 2338 3162 2409 Regina.
3198 2340 3528 2406 Sabatacha,

1958 2422 2011 2476 id
2054 2431 2156 2485 est,
2191 2422 2354 2488 Saba,
2383 2441 2412 2479 a
2462 2440 2569 2494 quo
2614 2425 2810 2489 Sabmi,
2844 2427 2994 2482 Evila
3043 2428 3254 2493 Cetuli,
3285 2432 3336 2484 in
3374 2440 3529 2501 parte

1958 2513 2265 2568 remotioris
2290 2513 2540 2583 Apbriea:
2581 2530 2766 2569 eremo
2819 2517 3167 2573 cohaerentes.
3217 2519 3469 2582 Sabatba,
3500 2538 3534 2575 a

1957 2616 2065 2671 quo
2101 2601 2394 2657 Sabatheni
2424 2643 2438 2667 ,
2465 2604 2607 2672 quod
2653 2619 2796 2658 nunc
2836 2602 3085 2658 Astavari
3130 2616 3532 2676 nuncupantur.

1957 2690 2164 2762 Regina
2190 2707 2316 2748 vero
2338 2700 2394 2746 et
2419 2691 2717 2747 Sabathaca
2744 2692 3000 2762 paulatim
3023 2694 3241 2763 antiqua
3269 2696 3531 2750 voeabula

1956 2780 2323 2850 perdiderunt,
2347 2795 2467 2848 qua:
2486 2795 2631 2833 nunc
2653 2795 2749 2848 pro
2772 2780 3041 2834 veteribus
3063 2780 3364 2836 habeantur
3385 2783 3534 2851 igno-

1960 2877 2132 2922 ratur.
2164 2867 2284 2921 Filii
2312 2866 2516 2937 Regina
2540 2874 2597 2922 et
2625 2866 2765 2922 Saba
2807 2867 3014 2933 Dadan,
3040 2884 3069 2922 a
3119 2885 3224 2939 quo
3250 2872 3339 2925 hic
3388 2871 3533 2926 Saba

1957 2973 2057 3028 per
2084 2958 2169 3013 sin
2204 2956 2436 3012 litteram
2464 2958 2741 3023 scribitur,
2779 2974 2940 3029 supra
2971 2975 3098 3014 vero
3146 2977 3243 3031 per
3285 2965 3529 3026 samech,

1961 3048 2194 3103 diximus
2219 3048 2511 3119 appellatos
2539 3049 2776 3104 Sabaeos.
2809 3048 3204 3120 Interpretatur
3230 3065 3373 3108 nunc
3401 3069 3534 3124 ergo

278 3149 405 3204 tuit.
442 3149 532 3204 [sti
569 3164 600 3204 a
635 3122 840 3206 draé'cis
886 3122 1252 3221 Scyth'w'sunt
1281 3152 1553 3222 appellati.
1611 3152 1768 3212 Item.
1802 3154 1862 3210 ﬁ-
1886 3122 1932 3185 δ
1963 3141 2107 3197 Saba
2141 3141 2365 3197 Arabia-
2398 3140 2531 3195 Nam
2555 3141 2609 3194 in
2640 3142 3035 3212 septuagesimo
3083 3143 3258 3213 primo
3301 3122 3535 3213 psalmi).

274 3242 480 3296 liorum
502 3241 703 3297 Jafeth.
742 3241 964 3297 Madens
990 3251 1045 3298 et
1077 3241 1246 3298 Janus
1267 3242 1515 3310 fuerunt;
1547 3253 1605 3301 et
1632 3259 1700 3299 ex
1748 3245 1861 3303 Ma-

275 3331 383 3386 deo
412 3331 633 3401 quidem
660 3341 787 3387 sunt
808 3341 1019 3403 gentes,
1051 3347 1172 3401 qua:
1194 3348 1223 3386 a
1253 3332 1457 3390 Graecis
1488 3334 1649 3391 Maedi
1672 3352 1864 3393 vocan-

278 3429 403 3486 tur;
439 3435 469 3473 a
496 3417 635 3474 Jano
657 3435 789 3475 vero
816 3435 1005 3475 omnes
1031 3420 1184 3476 lenii.
1216 3421 1584 3493 Helladicique
1631 3425 1859 3480 descen-

276 3510 438 3573 dunt,
467 3511 560 3579 qui
589 3518 645 3564 et
669 3509 880 3565 Graeci:
905 3511 1045 3566 unde
1069 3519 1125 3566 et
1146 3526 1295 3566 mare
1313 3511 1523 3569 Ionium
1544 3513 1856 3582 appellatur.

274 3599 533 3655 Condidit
554 3608 734 3655 autem
754 3598 906 3656 Jobel
925 3601 1160 3666 Jobelos,
1182 3603 1273 3672 qui
1296 3602 1496 3657 nostris
1532 3603 1860 3673 temporibus

279 3687 552 3760 Hyberes,
579 3688 672 3758 qui
695 3696 750 3743 et
778 3688 1001 3760 Hispani
1028 3706 1046 3754 ;
1089 3705 1121 3743 a
1162 3691 1358 3760 quibus
1390 3698 1576 3760 postea
1605 3691 1859 3747 Celtiberi

278 3777 582 3848 nuncupati
608 3786 751 3833 sunt.
792 3778 945 3851 Moga
970 3796 1100 3836 vero
1122 3781 1356 3850 primum
1400 3783 1702 3847 dicebatur,
1741 3799 1861 3854 quae

279 3880 475 3941 postea
500 3869 860 3941 Cappadocia,
898 3886 1041 3927 nune
1090 3881 1270 3928 autem
1318 3872 1561 3931 Caesarea
1599 3890 1628 3929 a
1659 3875 1860 3931 Roma-

280 3961 371 4016 nis
399 3961 506 4017 hoc
530 3959 849 4015 vocabulum
887 3962 1130 4026 sortitur,
1169 3963 1223 4018 id
1246 3976 1349 4029 εει,
1383 3979 1415 4018 a
1463 3963 1694 4021 Caesare.
1749 3966 1862 4021 Mo-

278 4049 425 4103 scini
451 4063 581 4104 vero
617 4064 648 4103 a
676 4049 987 4106 Mosochum
1016 4051 1242 4121 plantati
1271 4062 1416 4119 sunt,
1443 4054 1536 4124 qui
1562 4036 1705 4110 nun'c
1731 4055 1863 4126 Cap-

278 4142 521 4212 padoces
544 4153 939 4213 nuncupantur.
972 4144 1209 4211 Quorum
1237 4147 1469 4220 antiquae
1488 4148 1863 4218 appellationis

276 4231 501 4302 signum
528 4231 863 4299 ostenditur;
895 4248 1017 4287 nam
1043 4233 1236 4290 civitas
1282 4244 1368 4291 est
1409 4237 1551 4306 apud
1598 4252 1695 4292 eos
1742 4253 1862 4307 qua:

280 4323 559 4379 hactenus
582 4321 796 4378 Moscba
823 4324 1022 4379 dicitur
1040 4365 1058 4391 ,
1084 4326 1375 4382 ostendens
1418 4327 1717 4399 intelligere
1762 4344 1858 4384 va-

272 4413 548 4514 lentibus,
570 4428 637 4469 eo
659 4417 803 4486 quod
824 4415 1113 4515 aliquando
1158 4431 1347 4472 omnes
1388 4426 1577 4515 gentes
1622 4420 1859 4489 regionis
1884 4456 1936 4515 Β

278 4503 460 4572 ipsius
488 4503 562 4557 ita
590 4512 793 4558 vocatae
819 4512 962 4559 sunt.
994 4502 1205 4574 Thyras
1231 4513 1410 4559 autem
1440 4504 1747 4577 Thyrenses
1766 4523 1861 4578 ap-

275 4594 508 4666 pellavit
529 4609 937 4665 suos,quorum
984 4595 1237 4666 princeps
1287 4594 1410 4663 fuit,
1437 4597 1643 4667 quibus
1687 4598 1859 4654 Graeci

276 4689 582 4747 Trachium
610 4706 809 4745 nomen
837 4697 1321 4746 commutaverunt.
1364 4691 1549 4746 Tantm
1594 4692 1860 4762 siquidem

272 4788 478 4851 gentes
500 4795 600 4851 per
624 4778 803 4835 Jal‘etb
826 4778 966 4835 ﬁlios
991 4780 1249 4834 institutas
1272 4788 1418 4834 sunt.
1449 4779 1650 4836 Gomer
1676 4790 1857 4837 autem

273 4872 494 4926 habens
524 4880 635 4924 tres
663 4869 819 4923 ﬁlios.
856 4868 1140 4939 Astinegas
1188 4870 1405 4937 quidem
1455 4869 1741 4938 Astinegas
1778 4871 1859 4924 in-

272 4961 489 5025 stituit,
515 4960 606 5029 qui
632 4968 774 5013 nunc
795 4958 989 5028 Regini
1014 4966 1273 5012 vocantur
1316 4973 1346 5010 a
1391 4956 1611 5013 Graecis.
1662 4958 1862 5027 Riphat

273 5058 470 5104 autem
498 5047 776 5116 Riphaeos,
799 5046 890 5117 qui
919 5045 1170 5099 dicuntur
1195 5044 1585 5113 Paphlagones.
1629 5043 1862 5115 Tygram

275 5154 414 5194 vero
444 5137 778 5208 Tygraneos,
810 5136 902 5205 qui
938 5134 1176 5205 Phryges
1202 5151 1233 5189 a
1262 5133 1466 5189 Graecis
1495 5142 1622 5188 sunt
1659 5150 1866 5190 nuncu-

273 5231 420 5302 pati.
455 5228 502 5282 Α
527 5226 664 5283 lano
692 5236 871 5280 autem
896 5224 1077 5279 Jal‘etb
1105 5224 1241 5289 ﬁlio,
1268 5232 1323 5279 et
1349 5223 1465 5292 ipso
1496 5230 1606 5278 tres
1634 5223 1867 5278 habente

277 5324 428 5378 ﬁlios
460 5338 474 5374 :
504 5319 718 5375 Helisas
739 5320 955 5389 quidem
981 5316 1240 5372 Helisaaos
1259 5317 1467 5370 vocavit
1490 5330 1604 5381 eos,
1630 5331 1860 5385 quorum

272 5413 542 5484 princeps
571 5409 695 5473 fuit,
721 5410 811 5479 qui
838 5423 982 5463 nunc
1006 5406 1230 5461 Aeolici.
1264 5405 1485 5461 Tharsis
1510 5421 1641 5461 vero
1684 5406 1860 5478 Thyr-

277 5520 396 5567 sos,
427 5503 509 5558 sic
541 5500 684 5555 enim
711 5499 1007 5568 antiquitus
1032 5496 1218 5552 Cilicia
1257 5496 1577 5561 vocabatur;
1623 5495 1863 5552 Tharsos

275 5594 434 5649 enim
460 5592 603 5660 apud
630 5604 727 5644 eos
752 5588 988 5643 maxima
1019 5587 1298 5641 civitatum
1329 5586 1639 5655 metropolis
1685 5587 1864 5656 appel-

300 5693 454 5750 ειυς,
488 5692 581 5737 tau
612 5681 814 5746 littera,
843 5695 940 5750 pro
977 5680 1121 5733 theta
1146 5685 1370 5732 mutata.
1422 5676 1635 5747 Cytbim
1682 5687 1862 5732 autem

1960 3232 2050 3285 ubi
2079 3231 2340 3286 habemus
2372 3250 2385 3282 :
2416 3229 2575 3301 Reges
2597 3228 2832 3284 Arabum
2856 3241 2906 3285 et
2952 3230 3093 3287 Saba
3141 3250 3359 3287 munera
3406 3234 3536 3304 o/fe-

1961 3333 2101 3387 runt,
2134 3321 2186 3375 in
2221 3320 2462 3376 Htebrteo
2484 3322 2743 3391 scriptum
2786 3331 2871 3377 est
2916 3337 3070 3392 reges
3116 3323 3277 3378 Saba.
3328 3323 3530 3379 Dadam

1958 3426 2129 3481 genus
2159 3418 2243 3465 est
2272 3410 2580 3479 IEthiopite,
2610 3411 2663 3464 in
2699 3410 3033 3467 Occidentali
3083 3411 3257 3482 plaga.
3285 3411 3356 3466 At
3404 3429 3538 3467 vero

1960 3498 2210 3554 Mesraim
2253 3499 2439 3568 genuit
2463 3497 2652 3552 Ludim
2679 3508 2735 3553 et
2759 3497 3032 3565 Anamim,
3060 3508 3116 3554 et
3150 3499 3398 3562 Laabim.
3429 3501 3537 3556 Ne-

1958 3590 2149 3658 ptuim,
2172 3596 2227 3641 et
2247 3587 2539 3651 Petrusim,
2582 3594 2637 3640 et
2682 3587 2937 3663 Cesluim.
2979 3588 3053 3642 De
3093 3589 3291 3657 quibus
3333 3592 3536 3659 egressi

1959 3690 2084 3735 sunt
2110 3679 2428 3744 Philistiim,
2474 3686 2529 3733 et
2556 3678 2889 3749 Cbapturim,
2938 3680 3179 3748 exceptis
3219 3680 3467 3739 Labaim.
3497 3698 3532 3737 a

1959 3769 2154 3840 quibus
2200 3766 2392 3837 Libyes
2424 3774 2608 3836 postea
2638 3768 2897 3823 nominati
2927 3776 3082 3831 sunt,
3123 3770 3215 3838 qui
3250 3770 3401 3839 prius
3426 3770 3531 3825 Pu-

1962 3860 2032 3915 tei
2061 3857 2412 3922 vocabantur,
2451 3865 2506 3912 et
2533 3855 2791 3922 Casloim,
2840 3857 2932 3925 qui
2966 3857 3219 3927 deinceps
3244 3857 3534 3914 Philistiim
3566 3847 3583 3856 ’

1959 3947 2208 4018 appellati
2240 3954 2386 4012 sunt,
2422 3960 2569 4015 quos
2609 3959 2715 3998 non
2753 3955 3004 4015 corrupte
3044 3946 3360 4004 Palmstinos
3399 3950 3534 4005 dici-

1960 4053 2102 4093 mus.
2143 4036 2363 4092 Caetera:
2408 4050 2502 4093 sex
2527 4042 2716 4107 gentes
2764 4036 2957 4106 ignota:
2997 4038 3158 4093 nobis
3198 4047 3353 4105 sunt,
3407 4040 3535 4110 quia

1958 4127 2099 4183 bello
2144 4126 2454 4197 EthiOpico
2506 4125 2775 4181 subversa:
2797 4166 2812 4192 ,
2870 4142 3041 4197 usque
3092 4130 3161 4185 ad
3210 4130 3533 4187 oblivionem

1959 4219 2352 4289 praeteritorum
2408 4217 2683 4272 nominum
2737 4229 3117 4287 pervenerunt.
3173 4220 3536 4278 Possederunt

1959 4319 2141 4364 autem
2189 4317 2386 4362 terram
2412 4307 2576 4378 Agazi
2606 4321 2775 4377 usque
2806 4306 2875 4362 ad
2902 4316 3176 4366 extremos
3208 4309 3342 4366 ﬁnes
3370 4310 3537 4384 Egy-

1959 4398 2057 4468 pti.
2087 4396 2343 4453 Chanaan
2380 4405 2558 4452 autem
2590 4396 2777 4466 genuit
2816 4396 3072 4455 Sidonem
3113 4401 3535 4472 primogenitum

1960 4504 2139 4553 suum,
2169 4498 2221 4543 et
2251 4488 2495 4545 Etbaeum
2533 4478 2836 4545 Jebustenm
2854 4493 3308 4561 etAmorrhaeum,
3336 4493 3539 4562 Gerge-

1960 4594 2125 4635 steum
2156 4588 2211 4634 et
2248 4579 2486 4644 Evaaum,
2522 4588 2579 4634 et
2608 4578 2949 4645 Araehzeum,
3007 4579 3257 4637 Simaemn
3303 4592 3357 4637 et
3404 4584 3541 4637 Ara-

1959 4670 2106 4725 dium
2133 4669 2475 4724 Samarithen
2502 4677 2557 4724 et
2582 4667 2915 4725 Mattbteum.
2942 4669 3019 4724 De
3042 4670 3296 4725 Chanaan
3325 4674 3538 4742 primus

1959 4770 2118 4816 natus
2145 4770 2230 4816 est
2256 4759 2443 4826 Sidon,
2494 4774 2526 4814 a
2555 4775 2662 4829 quo
2689 4760 2818 4815 urbs
2853 4759 2909 4814 in
2951 4758 3208 4816 thnice
3252 4760 3413 4818 Sidon
3446 4779 3537 4818 vo-

1928 4862 2133 4908 ~eatur.
2164 4852 2478 4917 Aracbzzeus,
2521 4853 2615 4921 qui
2655 4851 2863 4905 Arehas
2894 4852 3131 4906 condidit
3160 4854 3407 4922 oppidum
3433 4894 3448 4919 ,
3479 4856 3538 4908 in

1963 4944 2234 4998 radicibus
2257 4942 2447 4997 Libani
2481 4941 2664 4995 situm.
2692 4939 2877 4994 Aradii
2907 4948 3032 4993 sunt
3072 4941 3162 5008 qui
3192 4940 3425 4995 Aradum
3452 4942 3538 4995 in-

1965 5034 2135 5089 sulam
2183 5034 2558 5102 possederunt,
2614 5037 2842 5098 angusto
2883 5027 3021 5082 freto
3054 5027 3326 5083 Phtenicis
3353 5029 3538 5082 littore

1965 5134 2290 5194 separatam.
2340 5119 2584 5175 Samaria
2611 5120 2808 5172 emissa
2844 5116 3039 5171 nobilis
3068 5117 3235 5186 Syriae
3261 5116 3437 5172 C(eles
3460 5117 3538 5171 ci—

1965 5217 2124 5280 vitas,
2160 5217 2300 5269 bane
2322 5212 2659 5275 Macedones,
2706 5211 2798 5279 qui
2827 5218 2948 5280 post
2973 5208 3262 5262 Alexandri
3303 5216 3535 5263 mortem

1969 5311 2360 5377 regnaverunt,
2410 5301 2761 5371 Epiphaniam
2812 5306 3271 5370 nuncupaverunt.
3324 5298 3390 5351 Et
3436 5298 3539 5351 fuit

1969 5398 2230 5454 terminus
2275 5394 2702 5448 Cbananazornm
2741 5406 2771 5443 a
2813 5389 3043 5454 Sidone,
3083 5389 3254 5444 donec
3291 5387 3538 5443 veniatur

1969 5491 2023 5544 in
2051 5488 2273 5548 Gerara,
2316 5493 2371 5539 et
2412 5498 2582 5553 usque
2620 5483 2685 5537 ad
2726 5483 2926 5536 Gazam
2972 5479 3316 5550 pergentibus
3364 5478 3533 5534 Sodo-

1968 5594 2112 5634 mam
2140 5585 2195 5631 et
2223 5573 2606 5634 Gomorrbam,
2641 5579 2694 5627 et
2722 5569 3006 5631 Adamam,
3049 5576 3104 5621 et
3150 5566 3392 5631 Seboim,
3445 5582 3540 5621 us-

1969 5685 2072 5741 que
2094 5669 2331 5731 l.etzem,
2365 5664 2490 5734 quia
2514 5674 2721 5730 c;eter-.e
2761 5660 3024 5723 civitates,
3065 5657 3229 5713 Sidon
3270 5657 3538 5718 videlicet.
