1950 3089
181 151 232 179 955

179 213 206 237 et
217 208 332 238 Gcrara,
355 210 381 233 et
404 205 529 236 Sodoma,
544 209 572 231 et
591 206 751 238 Gomorrha,
766 210 792 232 et
813 206 924 237 Atlama,
941 210 968 232 et
984 210 1004 236 Λ

180 253 289 282 Seboim
305 256 374 278 noue
388 254 450 277 sunt
465 250 617 277 nominibus
628 251 693 277 suis.
711 250 790 278 Fiunt
811 252 901 286 itaque
915 259 970 277 om-

180 305 229 325 nes
240 297 286 324 ﬁlii
303 296 399 327 Cham,
423 296 474 323 hoc
485 299 536 326 est,
561 295 641 322 medii
662 295 706 322 lilii
722 295 779 323 Noe
801 302 927 330 quatuor,
942 300 969 323 et

181 347 291 377 nepotes
305 342 434 376 quinque,
454 347 487 367 ex
503 346 556 367 uno
577 340 636 374 ejus
652 341 706 368 ﬁlio
720 346 884 375 pronepotes
904 342 968 373 duo,

179 398 214 417 ex
236 393 333 424 nepote
349 396 402 415 uno
421 387 450 414 ﬁt
473 395 566 415 eorum
587 395 691 414 summa
713 387 847 414 undecim.
867 387 971 420 Quibus

180 433 355 464 enumeratis,
370 433 415 459 hic
424 432 527 459 reditur
539 432 571 459 ad
587 432 668 458 alium
681 432 775 463 Cham,
792 431 837 466 qui
857 433 969 459 vocaba—

180 482 224 504 tur
242 477 365 504 Mesraim
380 486 386 503 :
399 481 427 503 et
446 480 692 503 commemorantur
711 483 779 509 quos
791 476 893 510 genuit,
916 483 969 502 non

180 528 308 557 tanquam
323 522 418 557 singuli
437 523 568 554 homines,
595 522 641 549 sed
663 522 786 549 nationes
806 527 925 556 septem,
943 527 970 549 et

179 569 213 597 de
236 573 323 600 sexta,
348 569 422 596 velut
437 569 470 595 de
487 573 562 595 sexto
577 567 641 600 ﬁlio,
657 575 722 601 gens
744 572 972 595 commemoratur

180 615 276 645 exisse,
295 622 354 649 qua:
376 614 527 649 appellatur
549 613 691 640 Philistiim
709 623 715 639 :
732 613 802 640 unde
817 613 883 639 ﬁunt
898 617 968 641 octo.

180 660 244 687 inde
265 660 363 686 iterum
377 660 411 686 ad
426 658 554 686 Chanaan
572 659 690 690 reditur;
718 659 745 685 in
760 666 813 693 quo
826 659 879 685 ﬁlio
892 659 972 686 malc-

180 707 269 733 dictus
282 710 323 732 cst
339 705 434 737 Cham,
451 709 477 731 et
496 712 564 738 quos
578 705 671 739 genuit
685 704 808 731 undecim
831 705 971 731 nominan—

181 757 233 778 tur.
261 750 361 778 Deinde
381 757 465 784 usque
489 749 521 776 ad
541 757 608 783 quos
624 750 690 776 lines
708 750 880 783 pervenerint
894 757 970 776 com-

181 796 337 825 tnemoratis
361 795 520 829 quibusdam
549 794 704 821 civitatibus
732 794 831 821 dicitur
862 802 894 820 ac
924 802 972 829 per

182 842 234 867 hoc
250 841 276 867 in
292 840 354 867 ﬁliis
370 840 568 874 nepotibusque
590 839 762 874 computatis,
788 840 820 866 de
845 839 971 873 progenie

181 889 265 914 (Iliam
286 887 395 921 triginta
422 894 491 913 unus
518 886 601 921 geniti
630 885 793 912 referuntur.
821 885 883 912 Sent
909 892 972 912 vero

182 932 263 959 tertio
280 931 336 958 Noe
351 931 405 958 ﬁlio
419 931 539 965 quinque
562 930 670 957 fuerunt
693 930 768 962 nati,
784 930 828 964 qui
844 937 927 963 usque
940 930 973 956 ad

180 978 319 1004 Oceanum
342 984 464 1004 seorsum
480 976 602 1002 habitant
624 975 728 1007 Asiam,
749 975 783 1001 ab
804 975 914 1002 Eufrate
933 975 973 1002 fa-

179 1024 281 1051 cientes
309 1023 426 1049 iuitium.
453 1022 545 1049 llelam
570 1021 703 1055 siquidem
734 1021 899 1053 Helamitas,
927 1021 973 1055 qui

181 1069 324 1096 Persarum
340 1072 402 1095 sunt
418 1068 554 1102 principes
565 1087 572 1098 ,
587 1067 704 1101 reliquit.
726 1066 810 1092 Assur
824 1070 914 1092 autem
932 1065 974 1092 Ni-

182 1123 247 1141 num
264 1114 380 1141 institttit
393 1113 539 1144 civitatetn,
555 1112 599 1147 qui
615 1120 686 1138 nunc
700 1111 815 1138 Chaldmi
832 1116 971 1138 vocantur.

181 1159 294 1186 Arfaxat
310 1162 399 1185 autem
414 1157 575 1184 Arfaxateos
590 1156 754 1188 nominavit,
769 1164 830 1183 cum
849 1156 974 1190 princeps

181 1214 275 1233 eorum
294 1210 375 1233 esset.
393 1205 484 1232 'Aram
509 1212 573 1231 vero
592 1204 673 1230 Aram
697 1210 744 1231 eos
769 1203 886 1230 instituit
905 1210 972 1236 quos

180 1251 269 1279 Graeci
291 1250 367 1278 Siros
378 1250 521 1284 appellant.
541 1250 614 1282 Quos
635 1254 726 1275 autem
748 1256 819 1275 nunc
838 1248 918 1275 Lidos
931 1255 973 1274 vo-

180 1301 252 1329 cant,
268 1297 349 1329 Luth,
368 1301 432 1323 tunc
444 1296 545 1327 Ludas,
562 1295 721 1322 nominavit.
737 1296 819 1321 Aram
836 1301 899 1321 vero
911 1293 973 1321 ﬁliis

180 1348 296 1377 quatuor
310 1341 499 1373 existentibus,
518 1341 560 1367 his
571 1340 680 1374 quidem
696 1340 814 1367 instituit
827 1339 973 1366 Traeoniti-

179 1387 241 1414 dem
267 1391 296 1413 et
315 1387 485 1417 Damascum,
511 1392 570 1419 qua:
588 1388 630 1411 est
651 1383 736 1411 Media
759 1383 907 1410 Palmstinzc
927 1381 973 1418 Sy-

181 1432 282 1465 riaeque
307 1430 461 1465 conjuncta.
491 1429 648 1456 Armeniam
679 1436 743 1455 vero
768 1428 865 1459 Otrus,
891 1427 973 1454 Geter

180 1478 348 1508 Bactrianos,
375 1476 431 1503 ilics
451 1480 541 1503 autem
564 1475 713 1506 Mesaneos,
740 1481 800 1508 quae
816 1480 886 1500 nunc
899 1472 972 1499 Arax

181 1527 295 1549 vocatur
307 1522 340 1547 ab
354 1521 489 1548 omnibus.
500 1520 613 1546 Arfaxat
632 1524 722 1546 autem
737 1519 807 1545 ﬁlius
823 1518 873 1545 fuit
896 1517 971 1549 Sala,

181 1568 214 1593 dc
234 1573 287 1600 quo
302 1569 381 1592 natus
403 1569 444 1592 est
468 1565 566 1596 Helicr,
593 1572 608 1590 a
627 1572 681 1598 quo
698 1563 804 1590 Judzeos
825 1563 900 1597 prius
923 1562 972 1589 He-

181 1612 269 1637 brteos
291 1614 466 1637 vocaverunt.
492 1609 581 1636 llcber
603 1613 692 1635 autem
712 1608 803 1635 Jcctan
823 1608 924 1642 genuit,
946 1612 973 1635 et

182 1655 294 1686 Falech;
307 1653 383 1680 Jecta
401 1661 474 1685 vero,
491 1653 536 1687 qui
556 1652 626 1679 ﬁlius
650 1652 700 1679 fuit
720 1651 820 1683 lleber,
838 1651 931 1678 habuit
943 1651 974 1678 ﬁ-

181 1700 231 1727 lios
260 1699 412 1730 llelmodat,
441 1698 544 1730 Saleth,
569 1697 727 1728 Asormoth,
746 1696 817 1729 Jare,
842 1696 972 1729 Aduram,

183 1745 256 1777 Usal,
285 1745 373 1776 Deda,
397 1743 473 1776 Ebal,
492 1742 630 1774 Abimacl,
654 1742 759 1776 Sapha,
782 1746 807 1768 et
825 1741 923 1775 Ophir,
946 1746 973 1768 et

181 1790 268 1822 Ebila,
284 1794 312 1816 et
325 1788 421 1816 Jobab.
446 1788 492 1816 Isti
506 1795 521 1814 a
536 1787 644 1814 ﬂumine
665 1786 798 1821 Cophena:
816 1786 907 1817 India,
926 1794 972 1820 po-

180 1835 231 1862 sita
244 1835 315 1861 circa
337 1834 422 1869 Syri:e
436 1833 494 1861 loca
517 1834 638 1868 quietiam
659 1832 821 1859 inhabitant.
838 1831 884 1857 Hae
896 1838 974 1857 nam-

179 1889 232 1916 que
245 1881 434 1916 generationes
449 1879 522 1906 Sem.
535 1879 598 1906 Scm
618 1885 683 1905 vero
701 1885 762 1904 cum
779 1881 886 1904 centum
901 1880 973 1903 esset

180 1934 312 1953 annorum
339 1926 432 1961 genuit
458 1925 580 1957 Arl‘axat,
611 1924 720 1951 biennio
744 1927 805 1957 post
831 1923 970 1949 diluvium.

179 1972 293 1999 Arfaxat
307 1971 374 1998 vixit
389 1970 498 2005 triginta
510 1970 629 2004 quinque
651 1969 730 1996 annis
743 1973 770 1995 et
783 1968 875 2003 genuit
893 1967 970 1999 Sale;

181 2017 244 2044 Sale
269 2024 376 2052 quoque
389 2016 455 2042 vixit
472 2015 582 2050 triginta
602 2014 696 2047 annis,
717 2017 743 2041 et
759 2013 851 2048 genuit
873 2012 969 2039 ileber.

181 2063 253 2090 Vixit
269 2068 357 2090 autem
369 2062 458 2089 Hebcr
472 2061 581 2095 triginta
597 2066 712 2095 quatuor
729 2060 818 2092 annis,
831 2063 858 2086 et
878 2059 972 2094 genuit

181 2108 289 2135 Falcch.

448 2161 560 2189 CAPUT
593 2160 709 2188 XXVIII.

184 2216 222 2243 De
236 2225 266 2243 ro
277 2217 344 2251 quod
361 2215 458 2243 Falerii
473 2216 566 2242 divisio
582 2216 775 2250 interpretatur,
793 2215 855 2251 quia
871 2215 897 2242 in
917 2215 974 2241 die-
987 2220 1012 2246 Ι)

217 2251 265 2277 bus
280 2250 336 2285 ejus
354 2252 447 2277 divisio
467 2251 615 2285 linguai-nui
631 2251 701 2283 [actu
723 2255 771 2282 est,
793 2255 819 2276 ut
839 2250 870 2276 de
887 2250 972 2283 (t'diﬁ—

218 2284 319 2324 catione
334 2286 425 2325 turris,
440 2291 462 2311 et
476 2286 507 2311 de
517 2285 578 2323 ejus
592 2284 746 2317 Nembroth,
764 2293 809 2311 seu
822 2285 884 2319 quid
899 2285 930 2311 de
943 2293 973 2311 ea

218 2326 333 2355 gentium
346 2324 473 2354 sapientes
482 2324 618 2346 senserant.

216 2375 269 2403 lstc
283 2381 371 2402 autem
389 2376 485 2402 Falcch
501 2376 589 2402 dictus
604 2381 645 2402 est
655 2396 662 2406 ,
684 2375 813 2410 quoniam
827 2376 973 2403 secundum

183 2421 341 2448 divisionem
366 2422 502 2448 nationum
528 2425 606 2448 natus
622 2425 663 2447 cst
676 2430 682 2447 :
696 2421 794 2447 Falcch
815 2425 903 2448 autem
928 2422 975 2449 He-

183 2467 247 2494 braﬁ
260 2467 417 2493 divisionem
437 2464 543 2499 vocant,
558 2467 686 2501 quoniam
700 2467 762 2493 dum
779 2474 860 2493 unum
875 2467 974 2494 hucus—

183 2521 235 2548 que
259 2518 329 2540 esset
352 2512 450 2539 labium
478 2513 605 2544 hominis,
627 2513 742 2539 divisum
771 2517 813 2539 cst
834 2513 860 2539 in
884 2513 973 2547 plures

184 2559 286 2586 scilicet
301 2559 416 2594 linguas,
431 2563 457 2585 et
469 2566 528 2592 qua:
542 2559 673 2585 hactenus
687 2559 833 2585 vocabatur
843 2558 971 2591 humana,

184 2605 309 2640 deinceps
326 2625 332 2637 ,
348 2605 472 2640 exigente
488 2604 625 2639 superbia,
639 2605 746 2631 diversa
764 2604 913 2638 promeruit
927 2611 973 2631 vo-

184 2651 288 2679 cabula.
310 2651 365 2678 Deo
384 2655 472 2678 autem
485 2650 596 2684 jubentc
612 2655 640 2676 ut
661 2654 817 2677 crescerent
841 2655 868 2677 ct
883 2650 973 2676 multi-

183 2697 348 2732 plicarentur
362 2702 423 2732 post
438 2697 565 2723 diluvium
587 2696 632 2722 ﬁlii
647 2696 716 2727 Noe.
737 2702 764 2723 et
782 2702 821 2727 ut.
839 2696 972 2723 diversam

186 2742 304 2769 colentes
318 2742 413 2769 facicm
430 2746 563 2768 terrarum
574 2761 580 2773 ,
598 2741 759 2767 abundantia
776 2740 910 2767 fructuum
928 2749 973 2775 po-

187 2789 316 2821 tirentur;
335 2790 379 2824 qui
403 2796 463 2816 cum
480 2792 567 2815 essent
593 2788 728 2819 incruditi,
748 2792 775 2814 et
799 2787 858 2814 ideo
883 2787 970 2815 inobe—

187 2833 290 2861 dientes
318 2835 426 2866 fuerint,
458 2835 483 2861 in
504 2834 701 2861 calamitatibus
727 2833 893 2865 incidentes,
924 2841 971 2859 stta

678 151 719 177 FR
725 150 869 178 ECULPHI
890 149 1114 178 LEXOVIENSIS
1136 149 1285 177 EPISCOPI

1760 155 1813 181 9:6

1020 205 1139 239 graviter
1153 210 1263 238 peccata
1281 210 1432 232 senserunt.
1450 206 1482 233 Et
1495 207 1702 242 quijuvcntutis
1723 211 1814 238 multi-

1021 250 1113 276 tudine
1138 250 1288 282 fervebant,
1306 255 1334 276 et
1353 251 1462 284 propria
1490 251 1655 284 fortitudine,
1687 262 1738 280 non
1767 256 1817 282 ltci

1021 296 1224 330 propitiatioue,
1237 304 1266 323 se
1273 296 1341 322 bona
1354 296 1454 323 habere
1460 297 1615 330 credebant,
1630 300 1816 334 apposuermit

1021 347 1050 368 ut
1061 342 1189 368 voluntati
1203 341 1249 369 Dei
1260 342 1445 370 inobedientes
1456 342 1561 369 ﬁerent.
1575 343 1650 370 Fecit
1665 350 1756 371 autem
1768 354 1819 372 eos

1019 387 1105 414 elatos
1119 395 1179 414 esse
1195 387 1228 413 ad
1246 387 1371 422 injuriam
1385 387 1432 414 Dei
1446 392 1525 422 atque
1535 393 1720 424 contemptum
1735 391 1820 418 Nem-

1020 434 1098 461 broth
1107 434 1264 466 ﬁliusChus,
1273 435 1318 469 qui
1330 434 1555 467 fuitﬁliusCham.
1565 436 1611 463 ltlii
1619 436 1684 464 Noe.
1693 437 1819 470 Quicum

1021 484 1093 506 esset
1101 480 1229 506 audacior
1235 484 1263 507 et
1271 488 1351 506 manu
1359 479 1530 513 fortissimus,
1540 482 1669 508 suadebat
1676 482 1716 509 eis
1724 487 1820 509 utnon

1020 524 1133 552 Domino
1148 525 1324 557 ascriberent,
1344 526 1406 559 quia
1422 526 1535 553 felicitas
1554 526 1709 554 hominibus
1721 529 1820 554 eveni-

1021 574 1073 602 ret,
1088 571 1134 597 sed
1149 571 1206 597 inec
1227 571 1334 605 propria
1356 571 1494 598 hominum
1520 572 1620 599 virtute
1636 574 1819 607 pneberetur,

1020 616 1093 643 solus
1112 616 1169 651 ipse
1188 624 1352 651 pratsumcus
1378 616 1501 644 homines
1521 625 1535 644 a
1555 618 1602 651 Dei
1620 619 1716 646 timore
1738 627 1821 646 ram—

1020 668 1093 693 carc,
1108 665 1136 687 et
1149 669 1223 695 spem
1244 669 1319 687 suam
1335 661 1361 687 in
1377 661 1483 695 propria
1504 662 1603 689 virtute
1618 671 1762 709 reponege.
1778 665 1822 691 0b

1021 713 1101 740 quam
1124 713 1180 732 rem
1203 706 1296 732 turrim
1319 706 1502 732 aedificandam
1527 707 1650 734 altiorem
1673 706 1820 738 suadebat,

1023 752 1066 778 ubi
1094 759 1163 785 aqua
1182 759 1233 778 non
1254 755 1345 786 posset
1368 752 1522 784 ascendere,
1541 760 1601 786 quae
1621 753 1702 780 etiam
1717 754 1822 781 ccelum

1021 795 1194 830 pertingcrct.
1208 795 1347 822 Multitudo
1359 800 1447 823 autem
1459 804 1541 831 prona
1550 802 1608 824 erat
1621 802 1650 824 ut
1665 798 1821 826 Nembrotli

1021 840 1245 874 prmceptionibus
1269 841 1400 873 obediret,
1422 846 1547 876 putantes
1568 851 1649 878 grave
1672 845 1821 871 servitium

1024 886 1134 919 obsequi
1154 886 1219 918 Deo,
1246 891 1273 913 et
1298 887 1393 913 turrim
1414 888 1593 920 :cdiﬁcabant,
1620 889 1646 915 in
1670 890 1744 916 nullo
1769 899 1822 917 sua

1026 931 1114 957 studia
1126 931 1290 958 deserentes.
1306 931 1435 959 Sumebat
1446 941 1510 968 ergo
1522 934 1635 961 altitudo
1645 935 1822 967 facilitatem.

1025 980 1052 1002 et
1067 976 1207 1010 plusquam
1223 984 1332 1010 sperare
1344 977 1403 1011 quis
1415 979 1509 1012 possit.
1523 978 1612 1006 Multis
1626 980 1717 1014 itaque
1730 982 1822 1008 mani-

1024 1022 1073 1048 bus
1087 1020 1228 1054 fabricata,
1244 1023 1395 1049 crescebat.
1412 1022 1487 1050 Unde
1504 1028 1532 1050 et
1549 1024 1686 1058 legislator
1700 1030 1824 1053 testatur

1025 1066 1166 1092 Dmninum
1190 1067 1363 1093 descendisse
1391 1068 1424 1094 ad
1447 1068 1589 1095 videndam
1615 1070 1710 1096 turrim
1733 1078 1821 1105 quam

1023 1111 1193 1138 aediﬁcabant
1216 1111 1263 1138 ﬁlii
1286 1112 1384 1145 Adam,
1401 1113 1510 1140 dicens:
1529 1114 1595 1141 Ecce
1614 1123 1681 1141 tum:
1702 1116 1823 1151 populus

1023 1161 1047 1182 et
1067 1164 1147 1182 unum
1172 1156 1270 1183 Iabium
1295 1158 1423 1190 omnibus,
1445 1164 1623 1195 coeperuntque
1646 1161 1694 1187 hoc
1714 1162 1821 1195 facere,

1023 1208 1069 1226 nec
1087 1200 1208 1227 desistem
1224 1209 1240 1227 η
1261 1202 1471 1236 cogitationibus,
1491 1204 1571 1231 donec
1588 1213 1632 1231 eas
1653 1213 1728 1240 opere
1742 1215 1822 1233 com—

1022 1243 1119 1278 pleant.
1144 1243 1232 1272 Venite
1256 1245 1345 1281 igitur,
1369 1247 1556 1276 descendemus
1576 1254 1601 1276 et
1623 1251 1823 1284 confundatur:

1022 1288 1059 1314 ibi
1069 1288 1187 1323 linguam
1203 1298 1303 1322 eorum,
1319 1295 1346 1316 ut
1365 1299 1416 1317 non
1430 1292 1520 1319 audiat
1535 1294 1709 1330 unusquisque
1728 1304 1823 1322 vocem

1022 1333 1135 1368 promimi
1145 1335 1186 1361 lui
1198 1342 1206 1361 :
1221 1339 1298 1370 atque
1312 1335 1348 1363 ita
1362 1336 1447 1362 divisit
1460 1345 1502 1363 eos
1516 1337 1643 1365 Dominus
1655 1347 1686 1365 ex
1699 1339 1744 1366 illo
1758 1340 1824 1366 loro

1022 1379 1049 1405 in
1060 1379 1193 1406 universas
1205 1386 1297 1407 terras.
1311 1381 1345 1407 Et
1356 1387 1518 1409 cessaverim!
1532 1384 1662 1418 adi/icore
1672 1385 1822 1415 anitatem.

1023 1430 1046 1451 et
1064 1425 1161 1452 idcirco
1172 1431 1291 1453 vocatum
1306 1431 1342 1453 est
1355 1436 1447 1454 nomen
1461 1428 1517 1463 ejus
1529 1428 1618 1461 Babel,
1630 1431 1689 1465 quia
1704 1430 1738 1456 ibi
1751 1439 1823 1457 con-

1023 1469 1111 1504 fusum
1127 1476 1163 1498 est
1179 1471 1277 1499 (obium
1291 1473 1418 1500 universw
1431 1478 1517 1501 terra'.
1533 1474 1597 1502 Inde
1609 1481 1694 1503 autem
1709 1476 1822 1511 migra-

1023 1517 1110 1543 tiones
1134 1516 1234 1550 ubique
1260 1521 1382 1552 agentes,
1406 1522 1433 1545 et
1460 1523 1558 1545 terram
1586 1520 1825 1555 apprehendentes

1024 1561 1210 1595 unusquisque
1220 1561 1323 1590 felicem
1336 1568 1417 1597 quam
1429 1563 1500 1590 Deus
1509 1564 1649 1599 unicuique
1659 1565 1804 1593 distribuit
1816 1577 1822 1593 :

1023 1611 1051 1633 et
1065 1606 1102 1633 ita
1118 1606 1206 1634 omnis
1222 1611 1292 1634 terra
1316 1615 1365 1642 per
1379 1615 1425 1635 eos
1438 1609 1568 1643 completa
1591 1615 1642 1642 est,
1657 1610 1826 1638 meditem-

1023 1658 1073 1677 nea
1092 1651 1171 1678 simul
1197 1656 1278 1686 atque
1303 1653 1446 1679 maritima.
1461 1653 1574 1686 Quidam
1595 1655 1674 1682 etiam
1698 1656 1826 1684 navibus

1025 1700 1204 1730 transeuntes,
1220 1697 1320 1725 insulas
1334 1698 1531 1726 habitaverunt.
1546 1700 1622 1728 Unde
1635 1701 1726 1736 aliqua:
1742 1710 1825 1737 gen-

1024 1747 1063 1769 tes
1087 1743 1121 1770 ab
1142 1742 1342 1771 institutoribus
1355 1744 1457 1778 positas
1472 1745 1661 1780 appellationes
1675 1747 1825 1783 hucusque

1024 1792 1141 1819 servant,
1167 1788 1245 1815 sicuti
1274 1789 1396 1823 superius
1422 1790 1584 1817 declaratum
1609 1796 1658 1818 est.
1683 1791 1824 1825 Quasdam

1023 1839 1088 1859 vero
1103 1832 1200 1867 placita
1217 1832 1268 1860 sibi
1294 1833 1401 1860 nomina
1424 1834 1641 1861 immolaverunt.
1661 1836 1826 1864 Divisiones

1023 1881 1113 1903 autem
1136 1877 1288 1911 linguarum
1314 1879 1481 1913 septuaginta
1506 1880 1573 1907 duas
1597 1880 1677 1908 fuisse
1697 1881 1825 1909 historia

1023 1921 1152 1954 declarat,
1169 1929 1221 1948 non
1245 1926 1275 1949 ut
1295 1923 1463 1951 solummodo
1478 1928 1517 1951 tot
1535 1925 1657 1952 homines
1672 1930 1731 1953 tunc
1748 1927 1826 1955 ταῖς·

1023 1972 1094 1998 sent,
1109 1972 1137 2005 et
1151 1975 1204 1994 non
1217 1968 1317 2002 plures,
1331 1970 1376 1996 sed
1389 1974 1427 1996 tot
1437 1970 1492 2005 jam
1506 1971 1640 2006 principes
1651 1972 1824 2001 familiarum

1022 2021 1056 2039 ex
1073 2009 1134 2039 ﬁliis
1152 2013 1208 2040 Noe
1223 2019 1377 2048 procreatos
1389 2016 1515 2047 ostendit,
1530 2017 1575 2051 qui
1588 2018 1695 2052 populos
1710 2023 1734 2045 et
1748 2027 1827 2054 gen-

1025 2062 1064 2084 tes
1087 2058 1274 2087 condiderunt.
1294 2059 1339 2086 Ait
1360 2061 1432 2087 enim
1456 2061 1615 2096 Scriptura:
1631 2062 1693 2090 Have
1708 2063 1826 2098 familia

1024 2102 1082 2129 Noe
1096 2103 1176 2137 juxta
1190 2104 1299 2138 populo:
1313 2110 1336 2131 et
1352 2106 1467 2133 nationes
1489 2115 1562 2139 suae,
1576 2108 1608 2134 ab
1619 2108 1705 2142 hisque
1719 2106 1826 2137 dicisa-

1023 2154 1082 2175 sunt
1097 2155 1182 2183 gentes
1200 2150 1228 2176 in
1245 2155 1317 2177 terra
1332 2157 1388 2186 post
1403 2152 1539 2179 diluvium.
1553 2153 1590 2180 De
1605 2154 1654 2181 hac
1666 2161 1728 2181 vero
1742 2159 1826 2185 turri

1025 2193 1192 2228 diversisque
1219 2196 1331 2223 vocibus
1359 2197 1495 2224 hominum
1521 2199 1643 2226 meminit
1663 2203 1688 2225 et
1711 2199 1827 2235 Sibyua

1025 2238 1117 2265 dicens
1130 2247 1136 2264 :
1153 2239 1219 2265 Cum
1234 2247 1328 2267 omnes
1343 2241 1465 2268 homines
1479 2243 1557 2270 unius
1571 2244 1644 2270 vocis
1656 2244 1826 2278 existerent,

1025 2283 1134 2317 quidam
1148 2285 1243 2311 turrim
1261 2285 1461 2313 mdiﬁcavct‘unt
1475 2288 1618 2321 excelsam,
1633 2294 1761 2324 tanquam
1777 2299 1828 2319 as-

1026 2331 1131 2356 censuri
1151 2338 1198 2363 per
1214 2338 1273 2357 cam
1295 2332 1328 2357 ad
1344 2332 1451 2358 cadum.
1475 2333 1514 2359 [)ii
1531 2341 1594 2360 vero
1607 2338 1697 2361 ventos
1712 2335 1829 2363 immit-

1026 2379 1114 2402 tentcs
1133 2380 1290 2402 everterunt
1309 2377 1415 2408 turrim,
1437 2383 1462 2403 ct
1487 2386 1580 2405 vocem
1599 2380 1733 2414 propriam
1754 2383 1828 2408 uni—

1026 2422 1122 2456 cuique
1138 2422 1228 2456 partiti
1249 2428 1319 2452 sunt,
1335 2427 1361 2449 et
1375 2429 1515 2458 propterea
1533 2424 1701 2460 Babyloniam
1722 2428 1829 2455 vocari

1025 2468 1137 2502 contigit
1152 2468 1299 2494 civitatem.
1318 2468 1355 2494 De
1375 2476 1470 2503 campo
1490 2477 1554 2496 vero
1570 2470 1614 2504 qui
1625 2474 1735 2497 vocatur
1747 2469 1829 2498 Sen—

1026 2521 1093 2540 naar
1104 2514 1130 2540 in
1143 2514 1251 2548 regione
1260 2514 1413 2549 Babylonis,
1426 2516 1546 2542 meminit
1555 2516 1647 2543 Aetius
1657 2516 1692 2542 ita
1704 2516 1826 2545 dicens:

1026 2559 1076 2592 Qui
1088 2567 1152 2586 vero
1163 2560 1196 2586 de
1208 2560 1392 2587 sacerdotibus
1410 2565 1473 2587 sunt
1485 2562 1580 2596 erepti,
1593 2560 1666 2588 lovis
1679 2569 1757 2588 sacra
1772 2570 1831 2590 su-

1026 2609 1139 2637 mentes,
1157 2605 1182 2632 in
1195 2604 1318 2632 Sennaar
1330 2606 1474 2640 Babylonis
1488 2611 1627 2633 venerunt.
1641 2606 1724 2642 Igitur
1736 2606 1822 2636 Nem

1025 2652 1104 2678 broth
1118 2652 1188 2679 ﬁlius
1200 2651 1274 2679 Chus
1290 2657 1373 2686 nepos
1387 2652 1452 2684 Noe,
1468 2653 1500 2679 de
1515 2660 1568 2686 quo
1580 2653 1635 2687 jam
1652 2653 1829 2682 mentionem

1025 2696 1147 2729 fecimus,
1161 2697 1218 2730 ipse
1229 2696 1311 2730 cmpit
1324 2701 1420 2731 potens
1434 2705 1493 2724 esse
1513 2697 1540 2724 in
1561 2702 1644 2729 terra,
1657 2702 1684 2724 et
1698 2702 1760 2724 erat
1782 2707 1831 2726 ro-

1024 2742 1120 2769 bustus
1132 2748 1243 2769 venator
1253 2750 1345 2769 coram
1359 2742 1483 2769 Domino.
1497 2742 1537 2770 Ab
1550 2745 1600 2770 hoc
1614 2743 1697 2769 exivit
1710 2751 1831 2777 prover-

1025 2787 1098 2814 bium
1113 2797 1118 2813 ε
1134 2786 1217 2820 Quasi
1237 2786 1366 2813 Nemroth
1381 2786 1508 2814 robustus
1522 2791 1637 2814 venator
1650 2795 1741 2815 coram
1763 2789 1828 2816 Do-

1025 2833 1107 2859 mino.
1130 2832 1205 2865 Quod
1223 2832 1261 2859 sic
1281 2831 1484 2866 intelligendum
1505 2836 1555 2865 est,
1576 2832 1710 2867 gigantem
1736 2832 1828 2860 istum
