3900 6178
309 316 376 373 57
1342 304 1756 367 .CHRONICON.
1800 337 1853 345 —

1957 303 2070 361 ΟΜΙ
2110 305 2126 360 1
2163 305 2291 359 LIB.
2328 304 2369 363 1.
3436 303 3544 359 0ῃᾶ

264 440 461 483 contra
484 421 771 476 Duritinum
791 416 976 472 fuisse.
1000 415 1153 483 Quo-.1
1176 413 1510 487 signiﬁcatur
1530 429 1594 468 eo
1615 412 1854 471 nomine,
1885 417 1933 475 Α
1959 411 2293 467 canticorum
2333 411 2498 467 etiam
2548 409 2602 465 in
2644 424 2708 465 se
2755 410 3093 481 prmcedente
3123 410 3424 482 prophetia,
3451 428 3549 466 un-

263 518 413 591 quod
445 515 643 569 dicitur
668 519 913 575 venator,
941 509 1096 580 quasi
1126 509 1431 563 animarum
1476 508 1732 577 deceptor
1765 507 1861 561 ho-
1965 511 2163 572 guento
2213 509 2554 573 comparetur
2610 500 2817 556 elhtso?
2867 502 2924 557 In
2970 500 3122 570 cujus
3170 502 3414 557 domibus
3440 544 3453 566 ,
3496 503 3548 557 id

263 608 585 674 miliumque
606 616 923 673 oppressor,
944 609 999 655 et
1018 615 1117 670 pro
1138 616 1204 655 eo
1225 600 1369 669 quod
1390 599 1639 654 homines
1662 613 1693 652 a
1714 596 1863 652 cultu
1963 600 2049 647 est
2084 592 2345 657 ecclesiis,
2392 591 2598 646 habitat
2644 592 2881 663 gentium
2922 592 3172 655 latitudo,
3204 607 3326 645 nam
3365 591 3540 646 .lafeth

266 699 366 753 Dei
392 696 761 757 abstrahebat,
784 693 866 747 sic
894 692 1203 746 nominatus
1230 698 1332 745 est.
1366 689 1491 743 Fuit
1514 698 1697 743 autem
1719 687 1866 757 priu-
1964 680 2189 735 latitudo
2224 683 2631 754 interpretatur.
2678 683 2817 738 Ecce
2855 684 3122 754 quomodo
3172 683 3315 737 Deus
3364 683 3550 751 dilatet

265 790 468 858 cipium
497 785 647 855 regni
675 782 791 852 ejus
814 782 1075 853 Babylon,
1106 792 1162 835 et
1186 780 1422 845 Aracha,
1454 780 1650 844 Achat,
1674 788 1731 832 et
1761 778 1864 833 Ca-
1963 771 2165 841 Jafetlz,
2191 782 2237 827 et
2259 773 2452 827 habitet
2473 773 2528 828 in
2554 773 2904 828 tabernaculis
2930 772 3073 840 Sem,
3094 775 3149 829 id
3169 785 3271 840 est,
3296 775 3350 829 iu
3377 776 3551 830 eccle-

264 878 442 932 lennae
500 876 556 929 in
598 883 743 929 terra
795 872 1059 927 Sennaar.
1109 871 1325 925 Aracha
1373 877 1555 924 autem
1605 868 1721 923 haec
1781 874 1864 921 est
1965 864 2061 921 siis
2097 880 2233 934 quas
2278 864 2372 919 ﬁlii
2416 866 2805 937 prophetarum
2841 866 3067 935 apostoli
3107 875 3550 932 construxerunt,

266 969 460 1023 Edisse
507 965 717 1021 civitas.
769 962 964 1027 Achat,
1007 976 1128 1030 quin
1178 975 1322 1014 nunc
1375 958 1574 1013 dicitur
1624 957 1856 1024 Nisibin,
1964 955 2258 1010 secundum
2291 954 2432 1023 quod
2461 954 2660 1010 Paulus
2697 954 2970 1035 apostolus
3000 954 3245 1010 ﬁdelibus
3278 970 3343 1010 ex
3378 957 3555 1027 genti-

265 1060 540 1124 Calennae,
572 1064 759 1127 postea
787 1068 947 1109 verso
972 1053 1212 1117 nomine,
1241 1067 1271 1105 a
1302 1050 1530 1105 Seleuco
1564 1063 1691 1119 rege
1718 1050 1861 1105 dicta
1962 1045 2064 1102 bus
2100 1047 2212 1100 ait:
2247 1045 2351 1113 Qui
2386 1047 2553 1101 eratis
2580 1047 2671 1103 illo
2714 1055 2957 1118 tempore
2993 1047 3111 1103 sine
3149 1045 3387 1113 Christo,
3418 1047 3554 1102 alie-

265 1160 349 1206 est
376 1149 646 1205 Seleucia.
680 1147 779 1201 llic
806 1153 988 1199 autem
1018 1142 1315 1198 Nembroth
1356 1140 1587 1210 arripuit
1619 1139 1863 1210 tyranni-
1962 1138 2077 1192 nati
2108 1152 2140 1191 a
2177 1138 2436 1193 societate
2462 1137 2651 1205 Israel,
2688 1148 2743 1193 et
2780 1138 3052 1210 peregrini
3081 1146 3551 1205 testamentorum,

265 1243 388 1296 dem
420 1241 709 1302 insuetam,
741 1236 892 1307 prior
916 1237 971 1290 in
999 1234 1210 1305 populis
1240 1232 1485 1304 regnavit
1519 1239 1574 1286 et
1603 1231 1657 1285 in
1678 1218 1861 1302 Baby-
1962 1236 2019 1284 et
2043 1228 2420 1298 promissionis
2447 1243 2600 1300 spem
2643 1243 2750 1284 non
2790 1230 3071 1295 habentes,
3108 1237 3164 1285 et
3200 1230 3317 1286 sine
3357 1233 3466 1287 Deo
3498 1233 3554 1286 in

266 1332 406 1387 Ione.
439 1333 676 1402 Apparet
703 1344 937 1399 namque
984 1328 1127 1382 hunc
1174 1335 1462 1398 tyrannum
1505 1323 1861 1380 fortissimum
1963 1317 2068 1372 hoc
2093 1318 2311 1373 mundo.
2341 1317 2449 1375 Per
2473 1319 2590 1374 haec
2616 1317 2781 1372 verba
2810 1319 3115 1374 ostenditur
3144 1320 3287 1390 quod
3316 1322 3555 1376 nondum

266 1424 322 1477 in
352 1438 419 1477 eo
444 1435 698 1492 regnasse
732 1420 869 1484 loco,
904 1419 994 1473 ubi
1023 1418 1219 1489 linguas
1253 1417 1320 1471 ad
1347 1415 1720 1471 confusionem
1753 1416 1858 1470 hu-
1962 1406 2361 1463 habitatJal‘eth
2387 1409 2440 1462 in
2464 1408 2713 1464 domibus
2741 1408 2886 1464 Sem.
2918 1409 3023 1466 Sed
3048 1412 3209 1482 paulo
3231 1422 3355 1484 post
3372 1429 3557 1484 quem-

265 1529 442 1568 manu:
477 1511 742 1581 superbiae
771 1510 956 1566 ἀὶνὶεω
998 1517 1143 1564 sunt.
1193 1507 1347 1562 Hunc
1377 1508 1542 1562 etiam
1573 1507 1857 1576 scripsisse
1961 1500 2249 1555 admodum
2273 1502 2559 1557 concludat
2607 1504 2971 1559 advertamus.
3000 1503 3173 1575 Igitur
3194 1506 3325 1574 iam.
3354 1506 3551 1576 inquit.

264 1603 611 1672 astrologiam
652 1609 816 1670 atque
863 1599 1238 1672 geometriam,
1270 1596 1562 1654 divisiones
1601 1598 1750 1652 orbis
1780 1597 1857 1653 fe-
1961 1606 2065 1645 non
2096 1591 2219 1644 estis
2257 1592 2484 1662 hospites
2513 1603 2561 1647 et
2591 1595 2870 1664 peregrini,
2903 1595 2994 1649 sed
3020 1597 3142 1650 estis
3168 1597 3303 1651 cives
3336 1608 3553 1651 sancto-

265 1697 409 1751 Cisse
438 1693 561 1765 Syri
591 1692 830 1747 uadum.
1872 1734 1875 1735 ,
1959 1697 2075 1734 rum
2102 1691 2149 1734 et
2175 1682 2445 1736 domestici
2468 1683 2586 1749 Dei,
2613 1685 3019 1757 supera'diﬁcati
3040 1702 3209 1760 supra
3235 1686 3553 1755 fundamen-

841 1804 1069 1861 CAPUT
1102 1795 1293 1859 XXIX.

1957 1780 2066 1826 tum
2102 1774 2460 1844 apostolorum
2500 1786 2547 1830 et
2574 1778 2966 1848 prophetarum,
2991 1780 3123 1849 ipso
3144 1796 3545 1853 summoangu-

952 1915 1007 1937 ,Α
1036 1924 1170 1937 ,ω’
1214 1913 1453 1937 omn“
1488 1914 1646 1937 με---
1682 1914 1832 1937 ,μω
1962 1865 2065 1919 lari
2088 1865 2263 1937 lapide
2285 1867 2533 1922 existente
2561 1868 2768 1924 Christo
2793 1869 2942 1924 Jesu.

270 1920 344 1974 De
370 1936 430 1973 eo
454 1918 592 1989 quod
613 1917 809 1972 dictum
844 1924 917 1989 est
942 1915 1008 1989 de
1032 1913 1453 1989 terra__Sennaar
1481 1914 1647 1969 exisse
1668 1914 1852 1978 Assur,

740 1997 787 2041 et
817 1986 1106 2056 wdiﬁcasse
1137 1984 1384 2038 Niniven.
1749 2036 1751 2039 .
2515 2000 2745 2057 CAPUT
2773 2001 2993 2057 xxx".

337 2102 492 2170 Quod
537 2114 668 2155 vero
704 2098 907 2155 dictum
950 2105 1052 2162 est,
1109 2095 1176 2150 de
1226 2103 1371 2149 terra
1424 2092 1688 2160 Sennaar,
1735 2108 1853 2163 quae

1960 2111 2040 2166 De
2070 2129 2130 2166 eo
2158 2113 2298 2183 quod
2328 2114 2691 2185 scriptum__est
2717 2130 2734 2168 :
2764 2114 2843 2185 De
2888 2113 3013 2169 Sem
3036 2116 3168 2185 gnati
3214 2124 3358 2177 sunt,
3397 2123 3555 2185 patre

264 2197 569 2269 pertinebat
604 2194 673 2249 ad
722 2208 946 2265 regnum
984 2190 1304 2255 Nembroth,
1355 2189 1534 2244 exisse
1584 2188 1755 2244 Assur
1799 2196 1855 2243 et
2055 2185 2297 2238 omnium
2324 2183 2558 2239 ﬁliorum
2588 2183 2786 2251 Heber,
2820 2184 2986 2240 fratre
3021 2184 3199 2241 Jafeth
3230 2183 3454 2256 majore.

263 2288 562 2343 axliﬁcassc
588 2284 840 2348 Niniven,
866 2290 920 2337 et
954 2281 1089 2335 alias
1128 2295 1263 2349 quas
1301 2279 1578 2334 contexuit
1607 2278 1855 2334 civitates
2030 2273 2109 2327 De
2138 2272 2256 2328 Sem
2287 2291 2489 2347 quoque
2524 2277 2635 2330 nati
2667 2286 2813 2343 sunt,
2853 2288 3001 2347 patre
3039 2278 3274 2331 omnium
3317 2277 3551 2347 ﬁliorum

186 2418 203 2427 -
264 2380 563 2449 legislalol’,
594 2377 749 2447 longe
781 2383 962 2446 postea
988 2372 1185 2428 factum
1212 2380 1315 2426 est.
1348 2370 1502 2437 Quod
1538 2385 1604 2425 ex
1634 2371 1735 2425 hac
1763 2387 1853 2425 oc-
1961 2364 2155 2430 Heber,
2184 2358 2347 2436 fratre
2373 2366 2554 2438 Jafetli
2589 2368 2810 2438 majore.
2858 2368 2997 2423 Hinc
3023 2369 3136 2440 jam
3165 2370 3329 2439 coepit
3361 2379 3548 2424 texere

265 2473 484 2527 casionc
524 2468 857 2540 perstrinxit,
890 2475 1112 2538 propter
1132 2465 1483 2540 nobilitatem
1507 2466 1656 2537 regni
1689 2463 1854 2539 Assy-
1959 2453 2273 2524 Progeniem
2315 2451 2466 2519 sem:
2498 2453 2718 2525 maioris
2764 2452 2860 2509 ﬁlii
2904 2453 3045 2520 N03;
3079 2454 3337 2525 ψιοηὶειω
3375 2469 3404 2507 ³
3455 2455 3555 2509 ηιίο

268 2562 495 2628 ι-ῑοταιη,
523 2538 667 2632 quod
706 2560 1026 2615 mirabiliter
1059 2557 1302 2613 dilatavit
1347 2538 1518 2613 Ninus
1547 2557 1656 2612 Beli
1689 2538 1852 2623 ﬁlius,
1958 2563 2092 2603 ποτε
2130 2548 2482 2603 inchoaverat
2520 2546 2721 2613 Jafeth,
2753 2563 2818 2602 ac
2858 2547 2938 2602 sic
2982 2546 3199 2602 demum
3229 2556 3554 2618 pervenerat

268 2655 513 2709 conditor
540 2651 758 2707 Ninives
785 2650 1022 2707 civitatis
1050 2664 1277 2721 magnae,
1310 2648 1462 2717 cujus
1488 2648 1723 2704 civitatis
1752 2665 1853 2704 no-

1960 2640 2029 2693 ad
2072 2636 2220 2693 Seni.
2274 2638 2515 2693 [labetur
2552 2639 2696 2694 enim
2729 2638 2930 2708 aliquid
2964 2637 3292 2694 difﬁcultatis
3333 2638 3387 2692 in
3436 2639 3556 2708 ipso

268 2759 393 2799 men
426 2758 493 2797 ex
530 2742 672 2797 illius
698 2740 915 2796 nomine
946 2738 1249 2794 derivatum
1297 2746 1397 2802 est,
1444 2746 1503 2792 ut
1535 2754 1567 2793 ιι
1597 2737 1734 2793 Nino
1762 2737 1855 2793 Ni-
1958 2730 2291 2785 narrationis
2318 2731 2563 2796 exordio,
2597 2745 2722 2785 cum
2751 2729 2920 2785 dicit:
2950 2728 3029 2784 De
3063 2726 3185 2785 Sem
3224 2739 3398 2784 autem
3441 2728 3555 2783 nati

267 2835 396 2889 nive
416 2840 717 2888 vocaretur.
740 2831 909 2886 Assur
937 2839 1141 2896 autem,
1183 2830 1323 2884 unde
1360 2829 1588 2900 Assyrii,
1618 2845 1724 2884 non
1755 2829 1853 2885 fuit

1957 2831 2098 2885 sunt,
2122 2829 2271 2889 patre
2286 2821 2519 2873 omnium
2540 2819 2732 2883 Ileber,
2756 2818 2921 2888 fratre
2943 2818 3126 2874 Jafetlt
3150 2818 3372 2888 majore.
3403 2816 3551 2873 Ordo

264 2926 323 2979 in
352 2924 476 2979 ﬁliis
506 2923 696 2987 Cham,
741 2921 837 2977 sed
884 2921 937 2975 in
977 2920 1103 2975 ﬁliis
1144 2919 1269 2974 Sem
1316 2921 1605 2988 reperitur,
1632 2920 1723 2989 qui
1753 2919 1853 2974 fuit
1957 2910 2473 2965 VGI‘DOI'UmCSltEX
2501 2909 2628 2964 50m
2654 2919 2815 2964 D3108
2838 2919 2921 2965 εει
2947 2908 3156 2974 Heben";
3184 2908 3274 2978 (Ιιιί
3300 2906 3428 2963 sem
3450 2923 3550 2979 Pa-

264 3014 384 3069 Noe
414 3014 681 3068 maximus
708 3011 871 3066 ﬁlius.
907 3010 1063 3066 Unde
1099 3018 1322 3080 apparet
1350 3010 1416 3064 de
1442 3010 1697 3080 progenie
1725 3008 1853 3065 sem
1958 3009 2042 3055 ter
2059 3010 2141 3057 est
2162 3002 2403 3055 omnium
2426 3000 2658 3056 ﬁliorum
2680 3000 2826 3056 Sem.
2857 2999 2982 3056 Sem
3020 3014 3150 3071 ergo
3176 2999 3544 3071 patriarcham

264 3117 493 3164 exortus
519 3105 703 3171 fuisse,
735 3105 825 3176 qui
849 3114 1038 3174 postea
1068 3118 1293 3173 regnum
1332 3103 1566 3174 gigantis
1592 3103 1733 3158 illius
1756 3103 1853 3159 ob-

1957 3090 2183 3163 intelligi
2206 3091 2374 3147 voluit
2392 3093 2632 3149 omnium
2657 3092 2750 3164 qui
2774 3093 2840 3147 de
2865 3092 3033 3162 stirpe
3058 3091 3174 3161 ejus
3199 3092 3373 3146 exorti
3399 3100 3549 3157 sunt,

266 3200 486 3263 tineret,
534 3205 588 3253 et
631 3166 1137 3265 inde-procederent
1173 3202 1334 3266 atque
1383 3193 1517 3249 alias
1558 3194 1853 3252 conderent

1958 3197 2096 3251 quos
2119 3191 2642 3239 commemoraturus
2662 3192 2764 3248 est,
2789 3183 2900 3237 sive
2914 3183 3022 3238 sint
3038 3182 3153 3249 ﬁlii,
3169 3183 3283 3238 sive
3304 3191 3549 3254 nepotes,

263 3291 536 3347 civitates.
1955 3288 2048 3329 seu
2093 3284 2436 3345 pronepotes.
2490 3275 2705 3330 Scimus
2748 3290 2983 3345 namque
3018 3275 3198 3331 Heber
3227 3291 3335 3332 non
3378 3275 3553 3332 ﬁlium

833 3374 1060 3431 CAPUT
1105 3374 1275 3430 xxx,
1955 3363 2122 3420 fuisse
2170 3364 2332 3433 Sem,
2375 3366 2468 3421 sed
2513 3366 2832 3436 abnepotem
2887 3366 3021 3437 ejus.
3067 3366 3178 3422 Nec
3230 3368 3376 3423 enim
3429 3368 3553 3426 sine

267 3494 412 3561 Quid
451 3501 529 3547 est
564 3492 722 3563 quod,
751 3501 992 3561 peccante
1027 3488 1211 3555 σπη’,
1247 3490 1391 3557 ﬁlius
1427 3489 1542 3559 ejus
1577 3488 1851 3545 Chaunum
1956 3471 2141 3557 causa,
2161 3457 2547 3563 prmtermissis
2572 3457 2715 3559 ﬁliis,
2742 3458 3103 3563 introducitur
3119 3457 3551 3563 lleberabnepos

1241 3531 1542 3630 accepit?“
1579 3531 1866 3601 “unum”.
1954 3545 2102 3615 ejus:
2120 3546 2223 3600 nisi
2244 3546 2387 3615 quod
2411 3547 2462 3599 in
2485 3548 2742 3617 progenie
2764 3546 2996 3602 ﬁliorum
3016 3548 3128 3602 Noe
3151 3549 3238 3603 hic
3255 3550 3549 3619 reperitur,

1953 3634 2172 3705 placens
2202 3634 2333 3700 Deo,
2365 3636 2456 3706 qui
2487 3652 2595 3690 non
2631 3652 2752 3691 cum
2798 3636 2924 3692 ﬁliis
2965 3640 3229 3708 superbiae
3263 3642 3544 3711 conspira-

1955 3738 2107 3782 verat
2134 3729 2199 3783 ad
2228 3728 2600 3785 mdiﬁcandam
2646 3734 2841 3787 turrim
2865 3735 2935 3789 ob
2978 3733 3233 3803 injuriam
3280 3735 3395 3803 Dei,
3423 3753 3549 3808 per-

267 3869 359 3919 se,
387 3854 483 3909 sed
521 3853 573 3907 in
603 3852 918 3922 posteritate
944 3822 1266 3921 percutitur,
1297 3853 1401 3907 nisi
1430 3822 1573 3921 quod
1595 3855 1852 3922 reprobo-
1956 3822 2255 3927 “flentium.
2277 3823 2345 3927 aii
2392 3823 2667 3927 civitatem
2719 3825 3026 3927 i"'P‘°'"“"‘3
3058 3827 3149 3897 qm
3179 3828 3373 3927 "353W
3408 3829 3548 3927 “fit”

270 3916 393 3999 ταώ
415 3916 686 4012 nequitiae,
708 3944 794 3998 hic
808 3916 1023 4012 quidém
1048 3941 1227 3995 multa
1247 3916 1672 4011 proﬁcil'mt’sed'
1688 3943 1851 4014 ίηρο,
1954 3916 2092 3969 riam
2123 3916 2455 4014 confusionis
2501 3931 2613 3972 sum
2658 3919 2802 3988 passi
2843 3927 2969 3974 sunt
3001 3919 3056 3974 in
3097 3921 3399 3990 perditione
3444 3922 3552 3977 lin-

267 4042 477 4088 sterum
503 4008 942 4087 leriuntur‘fSeu
972 4031 1099 4100 quia
1124 4008 1461 4100 prophetavit
1488 4039 1688 4086 terram
1711 4008 1853 4086 Cba—
1954 4024 2070 4079 gum
2100 4010 2352 4079 propria
2385 4008 2466 4064 0b
2513 4025 2673 4079 quam
2704 4026 2922 4067 causam
2973 4027 3071 4083 Per
3115 4014 3425 4069 universum
3470 4016 3547 4078 di-

269 4141 431 4181 naam
468 4124 656 4192 ejectis
684 4124 806 4178 inde
832 4123 1152 4179 Chananmis
1180 4131 1235 4177 et
1260 4123 1560 4187 debellatis,
1594 4132 1850 4193 acceptu-

1957 4101 2123 4171 spersi
2148 4109 2274 4156 sunt
2300 4102 2506 4166 orbem,
2535 4100 2726 4157 relicto
2750 4116 2914 4172 opere
2951 4103 3093 4173 quod
3119 4118 3330 4159 summo
3358 4106 3536 4160 studio

269 4230 364 4269 ms
389 4191 555 4268 fuisse
580 4213 717 4268 ﬁlios
743 4211 928 4273 Israel.
961 4212 1050 4281 qui
1078 4220 1343 4267 venerum
1366 4213 1431 4266 de
1462 4213 1668 4266 semine
1698 4191 1849 4283 sem,
1954 4192 2257 4248 accelerare
2284 4191 2630 4248 festinabant.
2665 4192 2723 4246 In
2749 4191 2910 4262 hujus
2938 4201 3116 4248 autem
3146 4193 3325 4249 Heber
3355 4196 3537 4260 domo,

273 4308 491 4360 inmens
535 4312 592 4359 ει
633 4303 934 4374 pmvidws
981 4304 1124 4373 quod
1166 4302 1322 4374 longe
1369 4301 1546 4357 [υεωι
1591 4310 1714 4372 post
1760 4302 1851 4357 fu-
1953 4285 2211 4354 quoniam
2250 4284 2505 4371 immunis
2535 4300 2565 4337 a
2602 4297 2760 4353 pmna
2790 4283 3177 4354 terrigenarum
3225 4286 3543 4351 superbien-

276 4408 483 4452 ιυηηη,
1958 4377 2086 4430 tium
2117 4376 2345 4439 exstitit,
2390 4375 2564 4444 prisca
2596 4374 2857 4429 remansit
2890 4375 3091 4447 lingua,
3123 4390 3242 4444 qua:
3268 4377 3416 4445 prius
3443 4378 3541 4431 hu-

339 3670 480 3738 Quid
509 3678 592 3725 est
618 3670 759 3739 quod
783 3671 1030 3740 peccavit
1053 3670 1241 3733 Cbam,
1268 3670 1409 3724 ﬁlius
1437 3668 1552 3739 ejus
1576 3669 1853 3726 Chanaam

267 3762 598 3819 sententiam
638 3761 855 3816 ultionis
896 3762 1137 3831 accepit?
1171 3761 1308 3828 Quid
1337 3769 1422 3816 est
1463 3762 1606 3830 quod
1653 3777 1759 3816 non
1796 3762 1851 3816 in

816 4482 1042 4538 CAPUT
1080 4481 1273 4536 XXXL
1878 4508 1932 4571 Β
1958 4482 2140 4531 mana,
2175 4467 2300 4536 quia
2329 4465 2578 4520 omnibus
2611 4475 2729 4520 erat
2756 4468 3080 4529 communis,
3102 4475 3289 4536 postea
3321 4484 3447 4523 vero
3473 4469 3542 4523 ab

272 4597 549 4668 Quomodo
574 4596 962 4668 intelligendum
999 4597 1067 4668 sit
1110 4610 1128 4647 ε
1173 4595 1538 4668 DilatetDeus
1564 4595 1767 4662 tatem.
1797 4604 1853 4652 et
1878 4555 1928 4571 ”
1960 4555 3541 4668 ijfflf’l'iil‘c333°}???fligi-TY?f‘f_fii§ii?§”?!‘9”'

611 4636 873 4721 inhabitet
897 4668 951 4720 in
982 4666 1340 4721 tabernaculis
1367 4665 1516 4721 Sem.
1752 4636 1767 4662 ’

1959 4654 2298 4701 exterarum.
2332 4645 2460 4712 Qua:
2487 4661 2583 4715 per
2610 4636 2978 4701 successiones
3007 4648 3248 4715 pervenit
3274 4648 3340 4701 ad
3369 4648 3544 4703 Ahra-o

1960 4737 2108 4803 bam,
2136 4753 2200 4792 ac
2224 4739 2303 4792 sic
2330 4754 2426 4807 per
2465 4738 2824 4807 patriarchas,
2855 4738 2945 4807 qui
2973 4753 3039 4791 ex
3067 4738 3232 4806 stirpe
3266 4737 3539 4792 Abraham

1959 4834 2084 4884 sunt
2108 4827 2409 4896 prepagati,
2434 4826 2653 4896 profusa
2689 4834 2773 4880 est
2796 4825 2848 4879 in
2872 4826 3124 4896 populum
3146 4826 3259 4880 Dei.
3284 4827 3537 4881 Attamen

1960 4930 2061 4971 nec
2085 4916 2279 4982 Heber,
2306 4932 2406 4971 nec
2430 4917 2543 4985 ipse
2569 4925 2725 4983 pater
2758 4914 3050 4980 Abraham,
3087 4915 3140 4969 in
3170 4931 3385 4971 omnem
3410 4931 3539 4987 pro-

1959 5005 2168 5076 geniem
2199 5020 2353 5060 suam
2385 5005 2522 5057 hanc
2547 5002 2842 5057 diﬁ‘undcre
2879 5002 3182 5067 valuerunt,
3217 5004 3310 5057 sed
3344 5004 3397 5056 in
3440 5016 3536 5056 eos

1958 5095 2051 5165 qui
2085 5096 2152 5149 ad
2196 5094 2470 5148 civitatem
2503 5092 2597 5146 Dei
2640 5091 2911 5162 pertinere
2941 5092 3278 5156 videbantur,
3316 5092 3384 5147 de
3415 5092 3534 5161 qui.

1959 5183 2060 5240 bus
2085 5184 2380 5240 secundum
2407 5199 2628 5240 carnem
2655 5190 2813 5239 natus
2839 5192 2922 5239 est
2948 5182 3212 5238 Christus.

344 4778 541 4833 Dilatet
562 4777 702 4831 Deus
731 4776 932 4846 Jafetlt,
954 4787 1000 4831 et
1022 4777 1212 4831 habitet
1250 4780 1304 4831 in
1327 4778 1674 4832 tabernaculis
1707 4777 1848 4834 Scm.

272 4870 594 4937 Quanquam
621 4867 764 4923 enim
793 4867 865 4921 sit
891 4867 1033 4922 Deus
1049 4868 1289 4922 omnium
1312 4869 1571 4938 gentium,
1599 4868 1856 4938 quodam-

273 4958 437 5013 modo
470 4966 645 5011 tamen
675 4957 893 5027 proprio
921 4958 1177 5012 vocabulo
1209 4966 1262 5013 et
1298 4958 1349 5012 in
1380 4959 1509 5029 ipsis
1541 4958 1653 5028 jam
1685 4962 1854 5031 genti-

272 5049 378 5103 bus
405 5048 602 5102 dicitur
624 5048 765 5104 Deus
797 5046 983 5102 Israel.
1011 5046 1077 5100 Et
1098 5047 1198 5103 hoc
1221 5050 1363 5104 unde
1390 5047 1593 5105 factum
1620 5060 1724 5117 est,
1748 5051 1854 5106 nisi

275 5152 345 5191 ex
370 5138 740 5193 benedictione
765 5136 964 5192 Jafeth.
1011 5137 1070 5191 ln
1112 5138 1307 5207 populo
1332 5140 1477 5193 enim
1501 5143 1741 5209 gentium
1774 5152 1855 5197 to-

276 5238 394 5283 tum
434 5230 619 5283 orbem
658 5238 923 5283 terrarum
959 5228 1239 5298 occupavit
1266 5229 1528 5284 Ecclesia.
1558 5231 1671 5287 Hoc
1700 5247 1856 5302 pror-

274 5333 371 5372 sus
412 5317 890 5389 pronuntiabatur,
935 5331 1058 5371 cum
1101 5315 1373 5371 diceretur
1414 5336 1426 5370 :
1476 5317 1669 5372 Dilatet
1711 5320 1852 5376 Deus
2497 5320 2721 5379 CAPUT
2756 5319 2994 5376 XXXIII.

272 5407 479 5504 “ﬁmi.”
506 5418 552 5463 ⁸³
580 5408 782 5504 ἡαίξίω(
813 5408 868 5462 in
906 5406 1438 5504 ‘abernaculi{_sfn"
1472 5409 1597 5504 δέω
1635 5407 1848 5481 quippé:
1957 5434 2089 5490 Cum
2116 5452 2218 5490 non
2259 5436 2352 5504 ﬁat
2383 5435 2802 5489 commemoratio
2840 5434 2894 5504 in
2932 5429 3118 5504 Genesi
3152 5447 3184 5483 a
3220 5429 3341 5504 Noe
3367 5444 3533 5498 usque

275 5500 346 5556 de
366 5499 521 5569 cujus
541 5500 745 5555 semine
771 5500 1077 5556 incarnatus
1112 5507 1197 5555 est
1224 5499 1494 5566 Christus,
1525 5502 1849 5573 interpreta-
2100 5507 2169 5560 ad
2199 5499 2485 5568 Abraham,
2507 5515 2681 5558 utrum
2700 5503 2891 5573 aliquis
2909 5503 3173 5570 justorum
3207 5500 3386 5571 fuerit.

276 5600 368 5648 tur
397 5595 710 5648 nominator.
743 5592 881 5659 Quid
923 5601 1101 5646 autem
1145 5592 1474 5647 nominatius
1502 5592 1716 5649 Christo
1744 5604 1846 5661 est,
2028 5594 2335 5650 Benedictis
2362 5593 2527 5664 igitur
2570 5592 2777 5649 duobus
2807 5590 2931 5645 ﬁliis
2963 5589 3095 5657 Noe,
3130 5598 3293 5659 atque
3329 5604 3437 5644 uno
3470 5589 3528 5644 in

276 5683 434 5752 cujus
466 5690 657 5738 nomen
687 5683 883 5750 ubique
902 5681 1013 5751 jam
1042 5680 1254 5749 ﬁagrat,
1294 5681 1367 5736 ita
1410 5690 1469 5736 ut
1506 5697 1602 5752 per
1628 5684 1850 5740 Cantica
1956 5686 2134 5741 medio
2181 5700 2368 5741 eorum
2416 5683 2724 5750 maledicto,
2769 5681 3021 5749 deinceps
3064 5679 3327 5765 usque‘ad
3357 5677 3528 5735 Abra-

758 5776 1026 5833 PATROL.
1073 5772 1228 5833 CVI.
3014 5772 3090 5835 30
