3898 6178
384 300 494 357 959

1400 295 1786 354 FRECULPHJ
1822 295 2276 353 LEXOVIENSIS
2310 296 2614 353 EPISCOPI

3529 303 3615 359 940

392 413 513 466 ham
538 411 601 466 dc
622 408 889 481 iustorum
919 406 1237 477 aliquorum,
1270 408 1362 479 qui
1386 410 1475 480 pie
1502 409 1790 465 Dominum
1820 410 1964 465 cole-
1991 412 2041 471 Α
2067 406 2218 460 nibus
2239 408 2349 462 suis
2374 408 2535 462 donec
2548 424 2645 462 eas
2670 424 2821 479 opere
2848 408 3158 480 compleant,
3192 423 3296 465 non
3323 419 3408 466 est
3442 411 3614 469 dictum

392 511 531 567 rem,
563 498 1071 556 commemoratione
1108 499 1379 555 silentium
1425 508 1526 555 est.
1559 501 1962 566 Verumtamen,
1998 572 2003 575 ‘

392 603 569 647 utrum
594 592 783 647 civitas
811 590 1019 660 piorum
1057 606 1163 646 non
1191 589 1375 657 fuerit,
1407 607 1473 646 an
1505 591 1740 658 latuerit,
1772 610 1839 647 an
1870 608 1966 663 po-

391 684 517 747 tius,
546 680 903 751 permanserit
927 681 982 735 in
1016 681 1223 736 duobus
1254 682 1379 738 ﬁliis
1408 681 1518 736 Noe
1547 683 1638 752 qui
1686 679 1951 737 benedicni

388 778 513 823 sunt
537 783 830 838 eorumque
865 771 1114 839 posteris,
1145 771 1307 842 impia
1343 786 1473 826 vero
1499 772 1552 826 in
1585 787 1651 826 eo
1678 773 1769 841 qui
1800 772 1965 826 malc-

386 862 562 919 dictus
590 868 672 913 est
695 868 855 929 atque
882 861 997 929 ejus
1022 863 1300 930 progenie,
1329 863 1419 917 ubi
1444 863 1607 917 etiam
1634 872 1853 919 exortus
1881 872 1965 919 est

384 946 799 1022 gigas'vcnator,
837 960 1028 1005 contra
1064 952 1369 1017 Dominum,
1402 968 1509 1008 non
1535 962 1619 1008 est
1651 952 1963 1022 dijudicatio

384 1040 575 1095 facilis.
608 1040 858 1097 Fortasse
886 1041 1049 1105 enim,
1081 1042 1225 1111 quod
1252 1040 1493 1111 profecto
1512 1051 1604 1097 est
1629 1043 1960 1109 credibilius,

385 1139 439 1184 ct
469 1131 518 1185 in
550 1130 676 1189 ﬁliis
720 1132 946 1186 duorum
986 1130 1199 1187 illorum
1238 1131 1349 1199 jam
1384 1140 1512 1187 tunc
1539 1139 1827 1202 antequam
1860 1131 1964 1189 Ba-

383 1222 595 1292 bylonia
631 1222 885 1291 coepisset
910 1220 1139 1287 institui,
1171 1219 1388 1277 fuerunt
1411 1232 1812 1293 contemptores
1824 1222 1957 1290 'Dci;

382 1322 436 1365 et
470 1311 523 1364 in
560 1310 681 1365 ﬁliis
708 1311 875 1365 Citam
900 1309 1144 1367 cultores
1174 1312 1289 1367 Dei.
1314 1308 1623 1384 Utrumque
1659 1323 1834 1368 tamen
1866 1315 1963 1369 bo-

386 1402 589 1455 minum
632 1416 801 1471 genus
843 1401 1004 1458 terris
1050 1417 1323 1471 nunquam
1358 1402 1593 1458 defuisse
1633 1402 1957 1458 credendum

382 1500 485 1547 est.
516 1491 873 1559 Quamobrem
900 1493 1040 1547 sicut
1059 1492 1238 1564 lingua
1259 1510 1363 1548 una
1391 1508 1512 1548 cum
1535 1502 1677 1549 esset
1695 1493 1955 1570 omnium,

380 1596 484 1635 non
515 1580 635 1636 ideo
666 1580 762 1635 ﬁlii
788 1580 1104 1652 pestilentia:
1130 1581 1442 1649 defuerunt,
1461 1599 1588 1637 nam
1620 1590 1678 1637 et
1711 1592 1836 1638 ante
1878 1584 1961 1639 di-

379 1671 580 1726 luvium
630 1686 735 1727 una
782 1680 901 1728 erat
941 1672 1144 1744 lingua,
1193 1682 1264 1743 et.
1293 1684 1472 1730 tamen
1514 1691 1718 1741 omnes,
1761 1678 1959 1747 prm'ter

2064 495 2457 563 conﬁrmando,
2487 498 2580 553 sed
2609 507 2863 569 tanquam
2898 499 3299 569 interrogando,
3339 502 3479 556 sicut
3504 504 3617 559 solet

2064 601 2096 639 a
2136 588 2588 642 comminantibus
2631 588 2759 643 dici.
2809 586 2902 643 Sic
2949 603 3078 659 ergo
3123 590 3488 659 accipiendum
3527 602 3612 657 est,

2064 686 2319 746 tanquam
2341 678 2578 732 dixerit:
2605 676 2793 733 Nonne
2821 679 3003 733 omnia
3029 678 3282 735 deﬁcient
3303 696 3367 736 ex
3398 682 3498 737 illis
3517 699 3616 751 quae

2061 768 2240 824 conati
2262 778 2392 824 sunt
2417 768 2629 824 facere?
2672 769 2776 823 Sed
2806 771 2848 824 si
2880 771 2954 824 ita
2989 771 3220 837 dicatur,
3246 788 3354 827 non
3381 775 3615 843 exprimi-

2062 867 2150 912 tur
2181 861 2590 925 comminanter,
2627 862 2879 930 quoniam
2918 877 3050 916 voce
3091 865 3486 932 pronuntiantis
3524 881 3614 919 non

2058 965 2345 1021 possumus
2392 951 2649 1006 scribere.
2703 951 2884 1005 Venite
2935 954 3116 1022 igitur,
3163 955 3529 1009 descendemus
3573 966 3615 1009 et

2060 1041 2444 1109 confundamns
2483 1042 2554 1097 ibi
2582 1044 2789 1112 linguas
2812 1060 2991 1096 eorum
3034 1057 3089 1098 ut
3130 1062 3232 1100 non
3262 1048 3445 1101 audiat
3472 1065 3616 1102 unus-

2057 1132 2273 1202 quisque
2286 1148 2463 1185 vocem
2487 1134 2713 1202 proximi
2734 1134 2837 1187 sui.
2860 1135 3027 1204 Atque
3050 1135 3127 1189 ita
3153 1136 3327 1189 divisit
3350 1152 3439 1190 eos
3458 1135 3616 1191 Domi-

2059 1234 2158 1273 nus
2191 1235 2256 1273 ea:
2279 1218 2370 1272 illo
2404 1220 2519 1275 loco
2561 1221 2619 1275 in
2656 1225 2923 1277 universas
2965 1233 3152 1278 terras.
3198 1223 3267 1278 Et
3310 1235 3615 1280 cessaverunt

2059 1309 2324 1379 tediﬁcttre
2346 1312 2627 1379 civitatem,
2647 1321 2696 1368 et
2722 1314 2917 1368 idcirco
2948 1324 3189 1368 vocatum
3214 1324 3293 1370 est
3315 1332 3496 1371 nomen
3516 1316 3615 1373 Ba-

2059 1398 2163 1467 bel,
2195 1402 2322 1473 quia
2352 1400 2425 1455 ibi
2448 1400 2725 1471 confusum
2749 1412 2826 1457 est
2853 1403 3049 1457 labium
3088 1405 3342 1460 universae
3381 1415 3540 1470 terraa,
3570 1417 3616 1462 et

2058 1491 2181 1546 inde
2219 1490 2461 1562 dispersit
2489 1508 2577 1548 eos
2616 1492 2870 1548 Dominus
2909 1509 3065 1561 super
3104 1493 3292 1562 faciem
3330 1506 3615 1551 cunctarum

2058 1583 2347 1653 regionum.
2407 1582 2597 1639 Merito
2646 1594 2826 1640 autem
2876 1586 3053 1641 malus
3102 1587 3324 1657 punitur
3377 1587 3616 1653 aﬁ‘ectus,

2058 1672 2223 1727 etiam
2256 1673 2345 1728 sui
2372 1688 2479 1729 non
2508 1675 2749 1731 succedit
2784 1675 3023 1731 effectus.
3071 1676 3251 1733 Genus
3294 1693 3428 1733 vero
3467 1679 3618 1748 ipsius

378 1776 539 1818 unam
573 1763 685 1820 Noe
711 1762 843 1833 justi
877 1765 1113 1831 domum,
1158 1766 1323 1821 deleri
1373 1766 1572 1822 diluvio
1603 1778 1951 1824 meruerunt:
1983 1771 2032 1831 B
2058 1778 2231 1834 pinna:
2257 1765 2417 1837 quale
2440 1764 2573 1823 fuit?
2609 1767 2873 1836 Quoniam
2912 1769 3206 1825 dominatio
3233 1769 3541 1840 imperantis
3567 1770 3616 1825 in

379 1855 452 1909 ita
498 1863 622 1925 post
667 1856 943 1923 diluvium,
981 1871 1081 1912 nec
1122 1856 1298 1925 iustos
1337 1857 1570 1913 defuisse
1608 1858 1950 1914 crediderim.

378 1947 485 2002 Sed
513 1947 559 2001 si
583 1961 772 2003 omnes
800 1956 1367 2014 commemorarentur,
1416 1948 1577 2003 nimis
1606 1948 1821 2020 longum
1859 1948 1956 2005 ﬁe-

379 2046 479 2101 ret,
522 2045 577 2091 et
620 2047 763 2094 esset
792 2038 907 2093 haec
954 2038 1206 2094 historica
1255 2039 1427 2110 magis
1465 2038 1739 2111 diligentia
1790 2056 1953 2111 quam

377 2129 690 2198 prophetica
712 2129 1067 2199 providentia.
1094 2128 1188 2183 Illa
1214 2129 1395 2199 itaque
1416 2131 1730 2201 exsequitur
1756 2131 1956 2187 littera-

376 2237 495 2275 rum
528 2236 803 2277 sacrarum
834 2220 1099 2290 scriptor:
1131 2220 1215 2276 vel
1254 2236 1352 2291 per
1385 2236 1508 2276 eum
1543 2222 1639 2277 Dei
1683 2222 1907 2293 spiritus
1936 2241 1950 2278 :

375 2312 570 2380 quibus
598 2325 704 2365 non
734 2309 906 2366 solum
939 2317 1225 2365 narrentur
1252 2311 1545 2380 praeterita,
1576 2325 1762 2367 verum
1791 2313 1955 2368 etiam

374 2401 790 2469 pronuntientur
818 2400 1020 2467 futura,
1063 2415 1182 2470 qua:
1214 2411 1392 2457 tamen
1420 2402 1691 2473 pertinent
1729 2403 1796 2458 ad
1823 2404 1955 2459 civi-

378 2499 538 2544 tatem
563 2490 676 2545 Dei.
724 2490 951 2547 Omissis
977 2506 1107 2561 ergo
1149 2492 1360 2546 caneris
1394 2492 1516 2547 ﬁliis
1543 2492 1677 2559 Noe,
1716 2494 1783 2548 ad
1814 2495 1956 2550 hanc

373 2594 489 2635 rem
538 2595 644 2635 non
688 2580 1105 2650 pertinentibus,
1135 2580 1211 2634 illi
1239 2589 1629 2637 connectuntur
1670 2582 1722 2636 in
1765 2584 1955 2640 ordine

374 2670 799 2745 gcncrationum,
829 2683 926 2744 per
957 2683 1094 2742 quos
1129 2669 1297 2743 possit
1341 2669 1407 2728 ad
1452 2670 1727 2729 Abraham
1762 2687 1954 2747 perve-

372 2765 500 2832 niri,
547 2764 688 2820 sicut
736 2763 813 2819 illi
864 2762 1321 2820 connectebantur
1371 2772 1499 2819 ante
1550 2764 1807 2819 diluvium
1856 2782 1953 2837 per

372 2873 507 2928 quos
546 2858 917 2928 perveniretur
946 2856 1020 2912 ad
1060 2856 1173 2913 Noe
1216 2857 1625 2928 generationes,
1676 2874 1796 2930 qua:
1828 2873 1952 2928 pro-

372 2958 576 3021 pagata:
616 2958 746 3006 sunt
791 2964 860 3006 ex
899 2947 992 3004 illo
1037 2948 1210 3004 Adam
1254 2948 1364 3005 ﬁlio
1406 2950 1498 3021 qui
1538 2957 1620 3006 est
1654 2949 1950 3020 appellatus

377 3040 527 3093 Seth.

905 3130 1131 3187 CAPUT
1175 3131 1412 3187 XXXIV.

374 3244 647 3316 Quomodo
664 3244 1065 3316 intelligendum
1101 3246 1169 3299 sit
1202 3246 1524 3301 descendisse
1567 3247 1868 3314 Dominum,
1895 3259 1944 3303 et

440 3329 542 3370 nec
562 3314 822 3387 desistent
845 3314 876 3368 a
898 3317 1314 3387 cogitationibus
1340 3317 1451 3387 suis
1476 3316 1645 3387 do_n_ec
1668 3332 1760 3372 eas
1781 3333 1944 3387 opere

441 3384 763 3457 compleant,
791 3395 838 3457 et
862 3384 1087 3457 qualiter
1107 3385 1354 3440 extribus
1377 3385 1501 3455 ﬁliis
1531 3384 1647 3441 Noe
1665 3404 1758 3457 per
1775 3384 1943 3442 terras

439 3456 768 3525 septuaginta
794 3453 1130 3526 duiv‘lingua:
1150 3470 1260 3510 esse
1282 3453 1561 3526 coeperunt.

439 3587 616 3642 Movet
644 3602 773 3655 ergo
809 3587 1071 3656 quosdam
1099 3587 1201 3644 hoc
1228 3587 1370 3657 quod
1394 3587 1587 3657 legitur
1618 3606 1632 3642 :
1670 3573 1966 3645 Descendit.

368 3677 626 3733 Dominus
649 3686 702 3731 ut
724 3676 913 3732 videret
943 3678 1220 3744 ciuitatem,
1244 3692 1366 3732 cum
1389 3693 1495 3732 non
1521 3676 1640 3733 loco
1665 3686 1945 3733 moveatur

368 3769 528 3832 Deus,
559 3768 650 3838 qui
675 3782 889 3838 semper
914 3777 996 3823 est
1023 3769 1218 3838 ubique
1258 3775 1420 3823 totus.
1453 3767 1604 3835 Quod
1642 3769 1717 3823 ita
1746 3768 1944 3823 intelli-

368 3860 600 3930 gendum
630 3868 716 3915 est
743 3876 756 3912 :
789 3858 1065 3914 Descendit
1108 3859 1358 3913 Dominus
1388 3869 1442 3913 ut
1476 3859 1665 3914 uideret
1686 3860 1941 3913 civitatem

369 3959 415 4002 et
443 3948 632 4002 turrim
657 3965 815 4019 quam
843 3948 1172 4018 wdiﬁcabant
1210 3946 1309 4017 ﬁlii
1337 3948 1528 4012 Adam,
1572 3948 1674 4003 hoc
1700 3958 1800 4010 est,
1836 3964 1939 4003 non

370 4039 466 4094 ﬁlii
492 4037 610 4104 Dei,
633 4038 724 4093 sed
748 4037 842 4092 ﬁlii
863 4038 1163 4104 hominum,
1184 4038 1238 4093 id
1261 4046 1344 4094 est
1364 4038 1452 4093 illa
1477 4039 1728 4106 societas,
1757 4054 1941 4095 secun-

368 4130 497 4185 dum
533 4130 806 4187 hominem
830 4130 1039 4195 vivens,
1072 4144 1233 4199 quam
1264 4138 1530 4186 terrenam
1562 4130 1790 4187 dicimus
1812 4131 1937 4186 civi-

370 4225 553 4272 tatem.
585 4218 727 4273 Deus
754 4225 935 4272 autem
978 4233 1085 4272 non
1125 4216 1366 4273 localiter
1392 4217 1686 4283 descendit,
1721 4233 1843 4274 cum
1871 4218 1941 4274 sit

370 4306 569 4376 ubique
596 4314 741 4363 totus
768 4315 820 4363 et
851 4307 1033 4362 omnia
1062 4306 1297 4379 impleat,
1337 4308 1430 4363 sed
1458 4307 1779 4365 descendere
1812 4310 1941 4366 dici-

373 4405 458 4449 tur
482 4396 534 4450 in
564 4404 788 4463 terram,
815 4398 1049 4467 quando,
1078 4404 1276 4467 prmter
1298 4396 1555 4452 usitatum
1586 4406 1791 4454 natura:
1819 4416 1940 4455 cur-

2055 1853 2235 1924 lingua
2277 1862 2379 1921 est,
2420 1855 2493 1911 ibi
2527 1865 2612 1914 est
2638 1856 2888 1913 damnata
2916 1860 3183 1928 superbia,
3219 1870 3281 1915 ut
3308 1875 3413 1914 non
3444 1859 3618 1915 intelli-

2055 1954 2205 2015 geret
2223 1944 2418 2015 jubens
2438 1945 2666 2012 homini,
2687 1947 2778 2016 qui
2801 1946 2972 2003 noluit
2995 1948 3291 2020 intelligere
3313 1959 3371 2004 ut
3392 1949 3618 2005 obediret

2054 2034 2166 2090 Deo
2199 2034 2427 2106 iubenti,
2476 2035 2663 2106 sicque
2711 2036 2801 2091 illa
2849 2039 3174 2108 conspiratio
3224 2039 3479 2094 dissoluta
3521 2048 3615 2103 est,

2053 2138 2177 2179 cum
2207 2124 2435 2195 quisque
2466 2125 2537 2182 ab
2571 2142 2637 2182 eo
2669 2142 2830 2198 quem
2860 2144 2967 2183 non
3007 2128 3337 2200 intelligebat
3372 2130 3615 2185 abscede-

2053 2221 2161 2280 ret,
2181 2230 2281 2270 ncc
2306 2229 2365 2269 se
2389 2214 2492 2271 nisi
2518 2216 2569 2271 ei
2598 2230 2721 2272 cum
2746 2232 2852 2287 quo
2877 2218 3024 2289 loqui
3052 2227 3263 2289 poterat
3292 2230 3615 2291 aggregaret.

2055 2304 2121 2360 Et
2156 2320 2253 2376 per
2280 2305 2492 2379 linguas
2529 2308 2714 2365 divisa:
2749 2317 2874 2365 sunt
2906 2319 3093 2381 gentes
3129 2312 3489 2382 disperszeque
3530 2329 3621 2383 per

2053 2402 2231 2452 terras
2258 2397 2397 2452 sicut
2423 2397 2532 2454 Deo
2549 2399 2780 2469 placuit,
2812 2401 2903 2471 qui
2944 2403 3047 2456 hoc
3073 2403 3246 2457 modis
3272 2404 3498 2460 occultis
3530 2421 3622 2460 no—

2052 2487 2242 2556 bisque
2275 2487 2909 2559 incomprehensibilibus
2934 2491 3080 2547 fecit.
3114 2492 3190 2547 Ex
3225 2492 3327 2549 illis
3351 2494 3513 2563 igitur
3531 2496 3622 2549 tri-

2052 2576 2154 2632 bus
2180 2578 2488 2635 hominibus
2512 2580 2623 2636 Noe
2649 2581 2774 2636 ﬁliis
2801 2583 3137 2655 septuaginta
3168 2583 3286 2639 dum
3314 2583 3509 2653 lingua:
3531 2601 3623 2654 per

2053 2677 2225 2730 terras
2250 2685 2369 2731 esse
2394 2683 2694 2747 cu‘peiunt,
2723 2690 2842 2750 quae
2870 2677 3160 2736 crescendo
3184 2678 3251 2736 ad
3279 2677 3480 2737 insulas
3506 2693 3622 2751 per-

2052 2778 2334 2822 venerunt.
2356 2768 2563 2824 Auctus
2587 2778 2764 2824 autem
2792 2778 2875 2826 est
2899 2771 3437 2843 numerusgentium,
3458 2771 3624 2828 multo

2050 2858 2279 2929 amplius
2302 2874 2465 2928 quam
2488 2857 2795 2931 linguarum

2598 2988 2826 3046 CAPUT
2863 2989 3077 3045 XXXV.

2051 3077 2370 3151 Denum‘ero
2398 3096 2656 3151 annorum
2702 3098 2734 3133 a
2776 3080 2972 3151 dituvio
3000 3096 3162 3151 usque
3199 3083 3267 3135 ad
3302 3084 3621 3137 natiuitatem

2117 3148 2550 3222 Abrahar,‘qnod_
2582 3150 2733 3222 aliter
2770 3149 3029 3222 Iosephus
3066 3148 3218 3222 atque
3260 3151 3409 3222 ιΧιξ
3448 3152 3622 3206 Inter-

2117 3228 2308 3299 pretes,
2349 3218 2455 3273 sive
2484 3219 2760 3301 .Eusebius
2797 3218 3047 3286 sentiant,
3086 3218 3242 3291 quam
3276 3223 3332 3276 in
3362 3218 3623 3276 Hebraica

2117 3298 2327 3342 veritate
2356 3298 2701 3367 contineatur.

2113 3398 2299 3471 Igitur,
2329 3411 2388 3454 ut
2415 3415 2577 3471 supra
2604 3415 2906 3456 memorare
2939 3401 3220 3470 coepimus,
3260 3402 3433 3457 series
3459 3418 3629 3457 anno-

2045 3504 2164 3544 rum
2198 3504 2227 3544 a
2258 3489 2459 3545 diluvio
2487 3504 2657 3560 usque
2684 3490 2751 3547 ad
2778 3491 3113 3546 nativitatem
3141 3491 3375 3547 Abrahae
3398 3492 3474 3547 ita
3503 3509 3627 3548 eon-

2046 3579 2264 3635 tinetur.
2297 3579 2422 3635 Sem
2458 3568 2557 3635 lOO
2599 3589 2717 3635 erat
2753 3596 3016 3636 annorum
3052 3582 3266 3651 quando
3303 3584 3492 3655 genuit
3529 3585 3627 3639 Ar-

2043 3670 2213 3736 faxat,
2261 3671 2479 3727 biennio
2528 3678 2650 3742 post
2697 3671 2974 3726 diluvium.
3019 3672 3189 3727 Porro
3227 3673 3461 3728 Ariaxat
3502 3690 3630 3729 cum

2043 3770 2182 3816 esset
2212 3762 2280 3817 50
2317 3776 2598 3826 annorum,
2635 3762 2819 3833 genuit
2861 3761 3004 3817 Sale.
3038 3761 3162 3817 Sale
3203 3778 3420 3833 quoque
3465 3765 3633 3835 trige—

2043 3851 2178 3906 simo
2206 3852 2382 3905 aetatis
2409 3866 2521 3905 sua:
2560 3865 2723 3915 anno,
2770 3852 2954 3921 genuit
2998 3850 3191 3907 Heber.
3224 3852 3405 3909 Heber
3442 3864 3633 3909 autem

2042 3954 2162 3997 eum
2182 3942 2252 3996 54
2274 3957 2540 3997 annorum
2561 3952 2722 4007 esset,
2740 3945 2923 4015 genuit
2946 3941 3161 3997 Falech.
3187 3943 3385 3999 Falcch
3408 3960 3635 4015 quoque

2041 4033 2175 4088 vixit
2204 4033 2363 4089 annis
2397 4034 2467 4089 30
2509 4042 2561 4089 et
2589 4034 2772 4106 genuit
2800 4034 2935 4089 Rcu.
2971 4033 3085 4089 Reu
3116 4050 3255 4089 vero
3296 4035 3433 4090 vixit
3468 4037 3638 4089 annis

2041 4124 2110 4179 55
2137 4131 2192 4180 et
2214 4124 2398 4194 genuit
2420 4124 2647 4179 Saruch.
2677 4123 2883 4179 Sarueh
2912 4133 3090 4179 autem
3120 4125 3258 4179 vixit
3285 4126 3446 4181 annis
3475 4126 3550 4181 50
3579 4135 3640 4181 et

2042 4214 2223 4287 genuit
2248 4210 2502 4270 Nachor:
2533 4220 2588 4269 et
2614 4213 2826 4269 Nachor
2868 4216 3005 4270 vixit
3042 4216 3118 4271 ‘28
3152 4216 3333 4281 annis,
3356 4226 3413 4273 et
3442 4219 3642 4289 genuit

2042 4306 2295 4361 Tharam.
2336 4305 2514 4361 Thura
2546 4322 2674 4362 vero
2699 4320 2819 4361 eum
2850 4304 2920 4359 70
2947 4312 3089 4361 esset
3115 4319 3407 4369 annorum,
3439 4307 3640 4379 genuit

2040 4396 2273 4463 Abram,
2327 4406 2382 4453 et
2431 4396 2667 4463 Nachor,
2721 4405 2776 4452 et
2828 4395 2995 4450 Aran.
3053 4395 3196 4467 Ergo
3256 4412 3289 4451 a
3342 4399 3645 4452 nativitate

370 4500 511 4549 sum,
533 4464 851 4539 mirabiliter
873 4464 1143 4555 operatur.
1173 4484 1284 4542 Nec
1310 4486 1470 4542 discit
1491 4486 1717 4544 videndo
1739 4488 1938 4559 aliquid
1965 4464 2019 4522 θ
2042 4487 2291 4552 Abrahae,
2338 4486 2431 4557 qui
2466 4487 2705 4541 decimus
2746 4483 2847 4539 fuit
2874 4501 2904 4540 a
2937 4485 3070 4551 Noe,
3103 4464 3244 4541 sicut
3269 4502 3417 4541 nunc
3440 4487 3642 4541 decla-

371 4573 438 4626 ad
464 4581 695 4642 tempus,
729 4574 820 4643 qui
860 4574 1108 4643 ignorare
1133 4582 1311 4645 potest
1354 4574 1503 4639 nihil,
1541 4585 1721 4633 mente
1756 4577 1937 4647 cujus-

369 4662 513 4730 piam
539 4670 872 4732 conceptum.
904 4662 1113 4717 Dicitur
1142 4662 1287 4717 enim
1329 4664 1398 4719 ad
1437 4673 1645 4734 tempus
1679 4667 1860 4722 videre
1884 4675 1939 4722 et

369 4763 715 4820 cognoscere,
739 4766 804 4806 eo
831 4752 971 4821 quod
992 4750 1158 4807 videri
1180 4752 1321 4822 quod
1341 4754 1591 4823 reprobat
1613 4765 1666 4811 et
1686 4758 1937 4828 cognosci

370 4836 550 4893 faciat.
578 4836 780 4893 Civitas
806 4832 1055 4910 namque
1081 4840 1171 4895 illa
1215 4857 1322 4897 non
1365 4843 1445 4898 sic
1490 4844 1770 4901 videbatur
1806 4863 1939 4917 quo-

370 4933 529 5015 modo
569 4948 689 4987 eam
729 4932 870 4992 Deus
909 4935 1075 4991 videri
1119 4934 1246 4991 fecit
1282 4937 1497 5006 quando
1535 4937 1635 4993 sibi
1679 4949 1939 5008 quantum

370 5024 676 5096 displiceret
700 5027 960 5082 ostendit:
991 5029 1234 5097 quamvis
1255 5029 1422 5099 possit
1462 5028 1683 5101 intelligi
1705 5031 1847 5088 Deus
1870 5034 1941 5091 ad

371 5114 513 5171 illam
548 5117 816 5173 civitatem
857 5118 1215 5186 descendisse,
1248 5120 1373 5189 quia
1412 5120 1803 5176 descenderunt
1845 5140 1943 5178 an-

370 5207 617 5279 gelLejus
644 5207 698 5262 in
724 5207 918 5278 quibus
946 5206 1169 5273 habitat,
1201 5208 1327 5277 quia
1361 5224 1459 5280 per
1481 5209 1697 5281 angelos
1718 5211 1940 5268 descen-

371 5299 533 5355 debat
552 5299 641 5369 qui
668 5299 720 5353 in
749 5298 950 5375 angelis
975 5298 1424 5357 descendentibus
1442 5310 1579 5357 erat.
1611 5299 1677 5357 Et
1699 5318 1801 5357 non
1826 5306 1900 5357 ait
1923 5319 1937 5357 :

373 5389 564 5445 Venite
610 5398 667 5445 et
708 5389 1095 5446 descendentes
1129 5388 1458 5457 confundite,
1500 5393 1617 5457 sed,
1652 5393 1943 5462 confunda-

371 5496 488 5535 mus
511 5481 583 5534 ibi
616 5480 849 5552 linguam
880 5496 1078 5545 eorum,
1111 5480 1401 5536 ostendens
1425 5482 1500 5535 ita
1525 5496 1583 5536 se
1607 5483 1816 5551 operari
1845 5499 1940 5551 per

373 5569 647 5626 ministros
673 5586 817 5635 suos,
862 5578 921 5625 ut
956 5572 1065 5626 sint
1086 5570 1250 5624 etiam
1282 5571 1382 5639 ipsi
1407 5581 1783 5641 cooperatores
1821 5573 1933 5626 Dei.

375 5656 505 5711 illud
531 5675 658 5714 sane
686 5663 828 5728 quod
859 5663 931 5717 dit
948 5671 1059 5714 tum
1086 5671 1191 5727 est,
1221 5677 1312 5714 nec
1335 5661 1579 5715 desistent
1604 5680 1636 5715 a
1663 5664 1936 5733 cogitatio-

2046 4578 2223 4631 ratut'n
2263 4583 2369 4643 est,
2408 4582 2637 4645 supputa
2679 4590 2776 4645 per
2794 4575 3032 4645 singulas
3077 4584 3288 4641 aetates,
3329 4592 3643 4631 numerum

2045 4683 2308 4724 annorum
2353 4668 2421 4722 ab
2458 4675 2579 4721 ortu
2629 4665 3046 4736 uniuscujusque
3094 4668 3284 4737 patris,
3331 4683 3511 4737 usque
3568 4668 3645 4722 ad

2043 4766 2221 4812 ortum
2263 4757 2638 4826 subsequentis
2682 4755 2799 4824 ﬁlii,
2828 4764 2883 4810 et
2925 4756 3170 4811 invenies
3195 4755 3305 4811 292
3345 4772 3552 4823 annos,
3586 4757 3647 4811 id

2044 4855 2147 4912 est,
2187 4863 2219 4901 a
2245 4846 2524 4901 nativitate
2548 4845 2778 4901 Abrahae
2805 4860 2977 4915 usque
3002 4846 3075 4901 ad
3106 4845 3392 4901 diluvium.
3423 4847 3651 4914 Quam-

2043 4936 2127 4991 vis
2163 4938 2354 4992 beatus
2389 4934 2746 5005 Hieronymus
2784 4935 2837 4989 in
2873 4934 3145 4990 Chronico
3167 4935 3415 5002 Eusebii,
3459 4946 3651 5006 atque

2043 5025 2265 5082 Orosius
2291 5026 2346 5079 in
2369 5025 2543 5096 prima
2572 5022 2750 5079 fronte
2789 5038 3007 5079 suorum
3035 5024 3318 5091 librorum,
3356 5041 3391 5080 a
3423 5026 3654 5095 quibus

2043 5119 2206 5172 etiam
2248 5113 2510 5183 Josephus
2556 5127 2666 5193 non
2695 5096 2851 5185 longe
2877 5114 3166 5179 exorbitat,
3200 5114 3360 5170 aliter
3383 5116 3655 5171 sentiant

2044 5207 2098 5261 in
2127 5222 2352 5262 numero
2392 5218 2678 5271 annorum,
2724 5205 2963 5262 dicentes
2998 5221 3029 5261 a
3065 5208 3352 5263 nativitate
3385 5208 3657 5264 Abt-aha

2040 5310 2210 5365 usque
2232 5297 2299 5351 ad
2327 5295 2490 5351 totius
2528 5294 2677 5350 orbis
2709 5295 2966 5351 diluvium
2993 5297 3244 5363 inveniri,
3278 5297 3657 5370 supputando

2040 5386 2360 5451 t'etrorsum.
2396 5403 2566 5444 annos
2595 5388 2720 5443 942.
2749 5388 2919 5461 Igitur
2947 5391 3129 5444 mundi
3166 5395 3402 5447 secunda
3441 5391 3533 5445 ita
3582 5404 3658 5444 se

2043 5479 2230 5535 habuit
2249 5487 2401 5547 aetas,
2430 5490 2490 5533 ut
2515 5488 2869 5550 praenotatum
2907 5489 3011 5545 est,
3038 5491 3299 5549 quantum
3327 5483 3392 5537 ad
3416 5490 3658 5536 nostra

2041 5570 2321 5640 parvitatis
2365 5570 2610 5624 notitiam
2649 5582 2715 5624 ex
2754 5571 3095 5640 antiquorum
3131 5574 3447 5627 auctoritate
3497 5584 3659 5640 per-

2041 5662 2225 5718 venire
2252 5662 2441 5732 potuit,
2472 5677 2633 5730 quam
2655 5669 2866 5717 {etatem
2895 5663 3180 5732 pueritiam
3208 5664 3519 5719 nominant.
