3900 6178
295 360 391 416 9M

833 465 1060 523 CAPUT
1096 467 1335 523 XXXVI.

293 579 567 646 Quomodo
618 577 794 632 Thara
845 595 962 632 cum
1019 580 1283 634 Abraham
1332 590 1380 634 et
1435 580 1565 635 Loth
1611 592 1658 636 et
1706 584 1849 637 Aran

344 650 531 703 exierit
554 649 618 702 de
645 647 916 714 Chaldwa,
944 658 990 703 et
1010 651 1204 704 venerit
1225 650 1280 703 in
1301 660 1494 704 terram
1509 651 1792 706 Chanaan.

361 757 528 826 Igitur
555 756 733 810 Thara
783 755 906 809 tulit
939 755 1139 810 Abram
1203 756 1371 811 ﬁlium
1426 774 1579 812 suum
1599 800 1614 824 ,
1645 769 1700 814 et
1729 760 1866 814 Loth

292 846 462 899 lilium
491 845 636 900 Arau
666 845 758 898 filii
786 845 897 908 sui,
923 855 979 899 et
1005 844 1160 899 Sarai
1188 861 1383 900 nurum
1425 861 1576 900 suam
1602 888 1616 911 ,
1643 863 1867 902 uxorem

288 934 491 987 Abram
521 933 616 988 ﬁlii
647 933 750 997 sui,
781 942 837 988 et
862 935 1048 989 eduxit
1076 949 1169 988 eos
1197 935 1263 988 de
1292 935 1369 990 Ur
1391 934 1783 1001 Chaldzeorum,
1809 945 1868 990 ut

290 1025 394 1078 iret
416 1025 469 1078 in
495 1033 692 1078 terram
715 1024 970 1080 Chanaan
997 1035 1399 1096 :vencruntque
1422 1044 1590 1097 usque
1610 1029 1674 1082 ad
1696 1029 1862 1095 Aran,

287 1126 342 1170 et
393 1115 773 1169 habitaverunt
807 1114 899 1170 ibi.
943 1115 1114 1171 Porro
1155 1114 1454 1186 Iosephus,
1484 1117 1561 1172 Ur
1589 1119 1865 1174 civitatem

287 1203 663 1258 Chaldaeorum
690 1219 812 1258 esse
841 1204 988 1258 dicit.
1020 1203 1098 1257 Ex
1128 1219 1232 1273 qua
1263 1205 1439 1259 Thara
1479 1207 1754 1275 profectus
1782 1215 1866 1263 est

288 1310 413 1348 cum
438 1293 637 1346 familia
667 1293 858 1348 domus
887 1309 1015 1359 sum,
1047 1303 1102 1349 et
1124 1296 1270 1348 venit
1293 1295 1346 1348 in
1373 1295 1520 1350 Aran
1539 1337 1554 1362 ,
1582 1299 1725 1373 quod
1759 1299 1864 1353 alia

287 1384 569 1438 translatio
591 1383 728 1438 solet
754 1384 1034 1438 nominare
1052 1384 1280 1440 Charra.
1305 1385 1663 1459 Hieronymus
1684 1397 1863 1444 autem

288 1477 434 1530 hunc
463 1475 700 1529 historiae
727 1475 904 1530 locum
938 1476 1012 1530 ita
1039 1477 1310 1545 explanat,
1346 1478 1552 1533 scilicet
1593 1479 1662 1534 de
1691 1490 1864 1535 morte

285 1564 454 1628 Aran,
510 1574 634 1618 ante
659 1564 862 1619 obitum
888 1566 1058 1634 patris
1082 1575 1243 1636 atque
1271 1569 1337 1622 de
1366 1567 1443 1623 Ur
1466 1567 1858 1625 Chaldaeorum.

286 1656 530 1709 Mortuus
551 1663 636 1709 est
657 1654 801 1708 Aran
826 1665 950 1710 ante
973 1655 1205 1711 Tharam
1231 1666 1439 1728 patrem
1461 1674 1616 1714 suum
1642 1661 1696 1714 in
1719 1667 1864 1715 terra

289 1744 590 1798 nativitatis
628 1759 778 1809 sum,
824 1744 876 1798 in
924 1743 998 1800 Ur
1033 1744 1433 1801 Chaldaeorum.
1465 1746 1569 1802 Pro
1613 1763 1678 1804 eo
1719 1750 1863 1819 quod

1396 361 1805 420 CHRONICON.
1831 392 1901 402 —
1937 362 2100 420 TOMI
2131 366 2160 420 'I
2199 365 2325 422 LIB.
2351 371 2394 426 I.

1893 475 1942 532 Α
1967 475 2154 538 vestri,
2183 491 2291 530 non
2335 485 2412 530 att
2445 495 2458 530 :
2489 477 2782 548 Postquam
2825 491 3071 540 mortuus
3099 496 3183 542 est
3204 497 3360 558 pater
3387 491 3548 566 ejus,

3444 381 3552 440 942

1970 565 2105 620 exiit
2128 567 2194 621 de
2217 567 2443 632 Charra,
2475 569 2591 634 sed,
2632 571 2758 626 Inde
2800 574 2888 629 hic
2911 590 3034 630 eum
3063 577 3376 649 collocavit,
3401 595 3550 654 post-

1969 670 2131 725 quam
2161 667 2405 712 mortuus
2433 666 2516 712 est
2557 667 2709 730 pater
2730 663 2866 746 ejus.
2894 663 3302 742 Intelligendum
3345 682 3428 728 est
3451 675 3550 748 igi-

1971 757 2059 800 tur
2082 747 2318 802 locutum
2349 747 2634 808 Dominum
2668 751 2833 807 fuisse
2864 755 2929 807 ad
2958 755 3380 828 Abrahamcum
3406 747 3550 820 esset

1969 838 2021 890 in
2047 836 2451 907 Mesopotamia,
2477 841 2792 911 priusquam
2817 845 3088 906 habitaret
3116 849 3170 903 in
3196 849 3421 922 Charra,
3445 857 3548 916 sed

1967 941 2088 981 eum
2119 927 2172 981 in
2199 927 2462 982 Charram
2484 932 2795 998 pervenisse
2818 949 2940 1004 cum
2967 945 3144 1016 patre,
3171 932 3386 1008 retenti?
3404 946 3548 1013 apud

1966 1030 2026 1069 se
2076 1025 2346 1088 praecepto
2394 1018 2641 1086 Domini,
2687 1031 2743 1076 et
2773 1023 2895 1078 inde
2938 1026 3116 1081 exisse
3152 1034 3548 1102 septuagesimo

1965 1105 2156 1173 quinto
2182 1121 2352 1169 anno,
2387 1110 2559 1178 patris
2599 1119 2778 1166 autem
2806 1111 2890 1167 sui
2932 1117 3228 1188 centesimo
3250 1109 3550 1196 quadrage-

1966 1196 2103 1250 simo
2146 1204 2203 1252 et
2233 1199 2442 1268 quinto.
2479 1199 2904 1272 Collocationem
2953 1221 3091 1271 ,νει-ο
3135 1210 3252 1281 ejus
3300 1214 3354 1268 in
3401 1209 3549 1271 terra

1965 1285 2242 1356 Chanaan,
2263 1303 2372 1344 non
2402 1292 2788 1360 profectionem
2815 1294 2880 1348 (le
2909 1295 3139 1364 Charra,
3167 1309 3288 1369 post
3317 1311 3547 1362 mortem

1965 1376 2140 1445 patris
2169 1377 2286 1446 ejus
2308 1377 2504 1434 factam
2529 1395 2650 1435 esse
2677 1382 2807 1437 dicit
2834 1401 2846 1436 :
2874 1385 2998 1453 quia
3021 1385 3134 1454 jam
3160 1399 3406 1453 mortuus
3428 1401 3550 1450 erat

1962 1473 2118 1533 pater
2147 1464 2263 1534 ejus
2306 1470 2521 1539 quando
2560 1472 2693 1525 emit
2732 1480 2931 1528 terram
2985 1476 3137 1544 cujus
3159 1478 3272 1546 jam
3309 1497 3421 1536 suae
3466 1483 3548 1540 rei

1963 1556 2129 1624 cmpit
2163 1571 2285 1612 esse
2313 1573 2612 1626 possessor.
2642 1562 2795 1627 Quod
2824 1571 3005 1618 autem
3023 1563 3136 1632 jam
3166 1568 3218 1621 in
3247 1569 3548 1640 Mesopota-

1965 1646 2071 1699 mia
2103 1647 2417 1713 constituto,
2449 1650 2553 1705 hoc
2581 1659 2684 1714 est,
2718 1652 2828 1721 jam
2858 1669 3078 1723 egresso
3121 1657 3186 1712 de
3215 1666 3357 1712 terra
3384 1660 3545 1716 Chal-

1969 1737 2205 1794 daeorum
2231 1739 2360 1795 dicit
2387 1741 2644 1798 Dominus
2669 1762 2683 1799 :
2718 1744 2976 1814 Egredere
3003 1748 3067 1800 de
3093 1754 3230 1803 terra
3251 1760 3369 1818 tua,
3401 1761 3449 1806 et
3477 1754 3544 1807 de

287 1832 511 1902 legimus
532 1833 587 1886 in
609 1841 747 1886 terra
770 1833 1056 1886 nativitatis
1076 1850 1186 1888 sua:
1215 1836 1269 1888 in
1287 1832 1368 1888 Ur
1389 1811 1776 1903 Chaldazorum,
1807 1839 1863 1893 in
1892 1811 1939 1870 Β
1966 1830 2272 1898 “timum?
2293 1839 2410 1897 ma:
2438 1841 2486 1885 ετ
2511 1832 2575 1886 αθ
2597 1833 2749 1886 domo
2778 1835 2943 1904 Ρατνίε
2973 1836 3085 1901 ιηίὶ
3121 1853 3226 1892 ηοη
3251 1816 3312 1892 In
3345 1823 3543 1911 corpus

285 1922 514 1976 llebrteo
543 1923 847 1977 habeturin
880 1919 957 1976 Ur
989 1924 1187 1986 cestim,
1220 1924 1273 1978 id
1314 1933 1420 1992 est,
1457 1926 1511 1980 in
1545 1926 1653 1997 igni
1699 1926 1863 1996 Chal-

286 2017 548 2070 dazorum.
581 2013 824 2068 Tradunt
864 2022 1046 2069 autem
1089 2014 1306 2072 'Ilebrzei
1334 2032 1400 2071 ex
1442 2017 1544 2072 hac
1577 2019 1864 2074 occasione

283 2102 586 2158 istiusmodi
612 2101 847 2157 fabulam
865 2143 880 2168 ,
911 2104 1055 2173 quod
1079 2102 1356 2159 Abraham
1380 2106 1435 2160 in
1463 2107 1638 2176 ignem
1666 2108 1864 2181 missus

281 2198 374 2263 sit,
400 2200 526 2271 quia
555 2201 732 2272 ignem
763 2201 990 2256 adorare
1016 2201 1276 2268 noluerit,
1304 2210 1359 2258 et
1396 2204 1539 2274 quod
1568 2204 1862 2275 Babylonio

280 2291 514 2346 vallatus
531 2291 796 2357 incendio,
821 2293 915 2349 Dei
930 2293 1129 2361 auxilio
1152 2293 1435 2360 liberatus,
1457 2294 1523 2349 de
1545 2294 1862 2350 idololatria:

282 2381 397 2451 igni
430 2380 750 2453 profugerit.
782 2381 935 2449 Quod
959 2397 1091 2438 vero
1139 2383 1196 2438 in
1224 2385 1576 2454 sequentibus
1605 2385 1863 2454 scribitur

279 2488 560 2543 egressum
605 2489 727 2528 esse
763 2474 997 2529 Tharam
1034 2490 1157 2529 cum
1183 2474 1366 2530 sobole
1405 2490 1502 2531 sua
1546 2476 1614 2531 de
1641 2475 1862 2547 regione

279 2563 676 2629 Chaldzeorum,
703 2579 806 2635 pro
825 2579 890 2619 eo
911 2565 1054 2634 quod
1081 2564 1134 2618 in
1156 2563 1385 2620 Hebraeo
1409 2565 1638 2621 habetur
1663 2563 1728 2621 de
1758 2565 1855 2633 Ur,

282 2654 388 2706 hoc
415 2661 525 2718 est,
559 2653 624 2708 de
653 2653 903 2708 incendio
937 2653 1333 2721 Chaldaeorum,
1363 2665 1432 2710 et
1459 2656 1563 2712 hoc
1598 2663 1681 2712 est
1717 2657 1859 2727 quod

281 2758 428 2797 nunc
470 2743 668 2797 dicitur
715 2762 728 2798 :
778 2743 1022 2798 Mortuus
1060 2752 1142 2799 est
1159 2744 1304 2800 Arati
1341 2755 1468 2801 ante
1510 2755 1860 2816 conspectum

280 2833 476 2888 Thara:
508 2835 678 2904 patris
710 2835 792 2888 sui
837 2835 890 2888 in
932 2844 1077 2890 terra
1127 2836 1428 2890 nativitatis
1456 2851 1600 2902 suae,
1639 2837 1693 2892 in
1739 2837 1860 2908 igne

278 2923 652 2979 Chaldzeorum
688 2944 700 2977 :
729 2925 871 2995 quod
898 2926 1147 2981 videlicet
1177 2927 1355 2998 ignem
1379 2926 1567 2982 nolens
1590 2927 1816 2982 adorare
1840 2967 1856 2993 ,

277 3015 392 3086 igni
429 3024 778 3086 consumptus
805 3017 894 3070 sit.

805 3126 1032 3184 CAPUT
1072 3127 1331 3185 XXXVII.

282 3241 415 3295 Post
456 3250 669 3296 mortem
702 3240 902 3310 .Thara:
921 3243 1114 3362 ὀῙιιιιιηὶε
1161 3241 1454 3304 Abraham,
1501 3242 1640 3310 quod
1667 3240 1856 3312 legitur

351 3311 547 3362 dixisse
578 3311 857 3362 Dominum
887 3328 916 3362 a
997 3310 1262 3362 Abraham
1293 3325 1311 3362 :
1344 3312 1441 3362 Exi
1473 3312 1539 3362 de
1579 3320 1720 3362 terra
1765 3321 1855 3362 tua

351 3311 547 3365 dixisse
578 3311 857 3364 Dominum
887 3310 954 3363 ad
997 3310 1262 3364 Abraham
1293 3325 1311 3362 :
1344 3312 1441 3365 Exi
1473 3312 1539 3365 de
1579 3310 1725 3365 terra
1765 3321 1855 3365 tua

349 3390 408 3436 et
436 3382 502 3435 de
528 3382 849 3449 cognatione
896 3388 1025 3451 tua,
1047 3390 1172 3451 et_c.,
1211 3397 1328 3451 eum
1357 3382 1502 3451 prius
1553 3397 1680 3451 cum
1707 3391 1855 3450 patre

348 3467 586 3521 egressus
609 3451 673 3504 sit
698 3466 866 3515 exeo,
899 3459 948 3521 et
991 3450 1056 3503 de
1087 3449 1304 3504 Nachor
1329 3449 1491 3516 fratre
1519 3449 1776 3518 Abrahte,
1805 3460 1856 3505 et

351 3519 414 3576 ea
440 3537 560 3590 qua:
579 3521 647 3574 ad
677 3521 812 3574 hanc
847 3519 1102 3574 rationem
1124 3521 1399 3589 pertinent.

351 3631 507 3699 Quod
557 3646 687 3687 vero
740 3638 1162 3687 commemorata
1215 3640 1388 3690 morte
1439 3632 1632 3688 Thara:
1681 3635 1858 3704 patris

274 3723 591 3787 Abraham,
642 3721 834 3778 deinde
874 3722 1070 3794 legitur
1115 3740 1129 3776 :
1178 3722 1249 3777 Et
1293 3723 1429 3804 dixit
1476 3723 1732 3780 Dominus
1785 3727 1855 3780 ad

275 3813 546 3869 Abraham
574 3828 592 3866 :
619 3814 725 3868 Exi
750 3815 814 3869 de
861 3815 1000 3869 terfa
1029 3824 1142 3881 tua,
1169 3825 1217 3870 et
1247 3816 1310 3870 de
1331 3818 1636 3886 cognatione
1663 3827 1778 3885 tua,
1809 3828 1856 3873 et

275 3907 344 3959 de
370 3905 527 3960 domo
550 3907 714 3976 patris
758 3903 864 3972 tui,
901 3915 1030 3972 etc.,
1059 3906 1186 3961 hinc
1230 3908 1419 3962 beatus
1448 3907 1756 3978 Stephanus
1801 3911 1856 3965 in

276 3997 504 4052 Actibus
533 3996 896 4066 apostolorum
926 4012 1048 4051 cum
1069 3997 1169 4052 ista
1198 4006 1464 4063 narraret,
1497 4000 1639 4054 inter
1661 4009 1856 4056 caetera

274 4089 358 4142 sic
406 4088 484 4142 ait
525 4087 708 4141 :Deus
749 4087 930 4158 gloriw
959 4089 1205 4158 apparuit
1234 4089 1370 4158 patri
1407 4098 1582 4143 nostro
1630 4089 1857 4144 Abrahte

276 4195 398 4233 cum
427 4187 556 4232 esset
602 4179 662 4233 in
725 4177 1105 4248 Mesopotamia
1149 4180 1457 4250 priusquam
1499 4180 1754 4234 habitaret
1799 4183 1857 4236 in

274 4271 505 4334 Charm,
535 4281 581 4324 et
613 4271 687 4324 ait
709 4269 779 4325 ad
801 4269 950 4324 illum
976 4283 994 4321 :
1025 4269 1289 4340 Egredere
1323 4270 1386 4324 de
1415 4279 1553 4324 terra
1582 4279 1694 4335 tua,
1719 4281 1768 4326 et
1793 4273 1858 4328 de

275 4365 587 4433 cognatione
608 4371 717 4425 tua,
748 4372 797 4415 et
822 4361 886 4414 de
909 4361 1062 4414 domo
1089 4362 1253 4429 patris
1281 4362 1377 4413 tui.
1411 4359 1714 4415 Secundum
1741 4362 1858 4417 hzec

275 4456 446 4509 verba
469 4453 749 4523 Stephani,
778 4468 884 4507 non
910 4461 1032 4522 post
1060 4458 1286 4507 mortem
1310 4452 1483 4521 patris
1504 4452 1619 4522 ejus
1643 4452 1856 4509 locutus

274 4556 363 4601 est
392 4546 536 4601 Deus
555 4515 802 4609 Abrahae,
833 4515 928 4614 qui
953 4545 1138 4613 utique
1171 4545 1225 4598 in
1249 4543 1454 4598 Charra
1478 4555 1723 4601 mortuus
1747 4555 1853 4614 est,
1873 4515 1933 4581 ‘D

277 4638 371 4691 ubi
397 4653 518 4692 cum
550 4637 642 4690 illo
669 4645 723 4690 et
751 4637 862 4706 ipse
893 4637 1034 4691 illius
1070 4637 1352 4691 habitavit.
1406 4635 1511 4693 Sed
1541 4639 1855 4710 priusquam

278 4729 553 4784 habitaret
596 4729 650 4782 in
681 4727 868 4783 eadem
914 4728 1164 4794 civitate,
1215 4728 1270 4782 id
1309 4737 1429 4794 est,
1470 4744 1592 4784 cum
1630 4732 1856 4787 essetin

279 4819 700 4888 Mesopotamia,
729 4819 840 4888 jam
875 4833 1003 4888 ergo
1045 4819 1253 4874 exierat
1287 4833 1316 4872 a
1364 4819 1648 4876 Chaldaeis.
1703 4821 1857 4888 Quod

281 4912 469 4980 itaque
495 4909 736 4982 adjuugit
762 4909 1071 4980 Stephanus
1102 4928 1115 4963 :
1148 4910 1292 4965 Tunc
1327 4910 1591 4965 Abraham
1622 4929 1856 4983 egressus

280 5014 357 5058 est
384 5003 450 5058 de
475 5012 614 5058 terra
641 5001 1010 5059 Chaldaeorum
1039 5012 1086 5056 et
1108 5001 1361 5057 habitavit
1383 5005 1440 5058 in
1467 5003 1670 5059 Charra
1690 5047 1703 5069 ,
1748 5022 1857 5061 non

280 5095 429 5163 quod
455 5094 527 5148 sit
567 5093 766 5148 factum
814 5103 1170 5164 posteaquam
1206 5093 1417 5150 locutus
1462 5104 1545 5150 est
1575 5097 1652 5151 illi
1694 5098 1854 5162 Deus,

280 5201 461 5255 neque
483 5187 627 5241 enim
659 5195 778 5256 post
803 5187 889 5240 illa
919 5186 1013 5240 Dei
1044 5185 1208 5240 verba
1237 5202 1487 5257 egressus
1512 5197 1596 5243 est
1623 5190 1688 5244 de
1716 5199 1858 5244 terra

280 5275 679 5342 Chaldaeorum,
705 5293 826 5332 cum
851 5279 994 5332 dicat
1013 5278 1062 5331 ei
1089 5278 1325 5332 locutum
1357 5277 1638 5333 Dominum
1664 5296 1782 5336 esse
1803 5282 1858 5335 in

282 5368 667 5437 Mesopotamia
694 5411 708 5435 ,
751 5368 844 5424 sed
893 5369 959 5422 ad
1006 5377 1177 5422 totum
1221 5368 1350 5422 illud
1390 5377 1596 5437 tempus
1626 5371 1861 5438 pertinet

280 5461 427 5530 quod
451 5461 528 5512 ait
559 5477 571 5512 :
606 5458 768 5526 Tunc,
799 5461 850 5514 id
873 5468 974 5524 est,
1010 5476 1075 5514 ex
1109 5476 1214 5530 quo
1241 5475 1492 5529 egressus
1520 5469 1601 5514 est
1637 5477 1664 5513 a
1694 5461 1860 5514 Chal-

281 5550 437 5613 daeis,
469 5557 524 5603 et
556 5550 817 5603 habitavit
859 5551 911 5603 in
943 5550 1169 5604 Charra.
1206 5550 1338 5605 Item
1369 5550 1509 5618 quod
1553 5552 1796 5620 sequitur
1844 5570 1857 5606 :

286 5640 355 5693 Et
409 5641 530 5692 inde
556 5649 824 5710 postquam
856 5651 1088 5694 mortuus
1119 5651 1192 5694 est
1221 5651 1370 5712 pater
1398 5643 1543 5710 ejus,
1589 5641 1858 5694 collocarit

281 5730 435 5784 illum
460 5732 513 5784 in
537 5741 672 5784 terra
699 5732 796 5783 hac
828 5732 880 5783 in
919 5748 1021 5800 qua
1058 5748 1193 5784 nunc
1221 5748 1306 5785 vos
1327 5730 1573 5785 habitatis
1600 5740 1651 5784 ct
1679 5739 1859 5800 patres

1969 1917 2094 1974 inde
2125 1919 2368 1990 ejiceret,
2407 1923 2549 1992 quod
2570 1923 2682 1993 jam
2706 1923 2937 1991 fecerat,
2967 1926 3059 2000 sed
3083 1928 3322 1983 animum
3345 1921 3544 1987 avelle-

1964 2016 2069 2072 ret,
2095 2010 2312 2066 dicitur.
2337 2011 2460 2066 Non
2510 2013 2654 2067 enim
2685 2014 2808 2069 inde
2830 2015 3038 2070 exierat
3078 2018 3278 2082 animo,
3327 2020 3418 2088 sed
3449 2035 3544 2090 spe

1964 2100 2222 2156 redeundi
2249 2112 2306 2158 et
2339 2104 2606 2160 desiderio
2632 2106 2936 2161 tenebatur.
2983 2107 3114 2175 Quae
3150 2125 3273 2182 spes
3307 2119 3363 2166 et
3400 2111 3545 2184 desio

1963 2194 2210 2261 derium,
2249 2196 2361 2251 Deo
2395 2195 2619 2264 jubente
2660 2206 2822 2267 atque
2860 2199 3166 2269 adjuvante,
3212 2212 3267 2256 et
3292 2202 3385 2258 illo
3417 2204 3546 2259 obc-

1964 2282 2176 2348 diente,
2222 2283 2436 2340 fuerant
2463 2288 2810 2357 amputanda.
2847 2287 2964 2342 Non
2994 2304 3127 2344 sane
3155 2291 3547 2349 incredibiliter

1962 2375 2326 2440 existimatur,
2355 2391 2476 2430 cum
2493 2385 2684 2446 postea
2703 2387 2918 2436 secutus
2939 2387 3081 2434 esset
3098 2378 3314 2435 Nachor
3333 2390 3548 2450 patrem

1962 2478 2118 2528 suum
2148 2504 2163 2530 ,
2210 2472 2323 2526 tum
2365 2466 2640 2524 Abraham
2690 2477 3019 2537 przeceptum
3050 2468 3262 2528 Domini
3294 2470 3548 2541 implesse

1961 2561 2024 2612 ut
2070 2570 2193 2609 cum
2237 2554 2373 2611 Sara
2415 2555 2642 2627 conjuge
2679 2573 2774 2613 sua
2804 2599 2818 2624 ,
2861 2566 2916 2613 et
2938 2560 3079 2616 Loth
3112 2559 3222 2616 tilio
3247 2560 3436 2618 fratris
3460 2565 3546 2620 sui

1961 2646 2136 2702 exiret
2161 2648 2226 2702 de
2255 2648 2480 2702 Charra.
2523 2647 2792 2704 Narratur
2815 2650 2960 2704 enim
2993 2650 3046 2704 in
3091 2650 3225 2706 locis
3253 2653 3546 2722 superiori-

1959 2739 2062 2793 bus
2089 2739 2544 2808 quemadmodum
2582 2738 2762 2794 Thara
2793 2755 2914 2795 eum
2953 2742 3066 2795 suis
3096 2740 3372 2817 regionem
3411 2744 3542 2798 reli-

1960 2829 2140 2898 querit
2184 2828 2556 2885 Chaldaeorum
2580 2840 2676 2893 ,‘et
2699 2831 2907 2884 venerit
2935 2831 2988 2884 in
3013 2813 3453 2900 Mesopotamiam
3490 2841 3548 2888 et

1961 2918 2288 2973 habitaverit
2303 2917 2504 2972 Maran.
2523 2919 2758 2974 Tacetur
2773 2929 2949 2975 autem
2963 2920 3034 2976 de
3050 2937 3158 2977 uno
3175 2921 3290 2989 ejus
3306 2922 3430 2984 ﬁlio,
3449 2925 3546 2994 qui

1960 3016 2184 3063 vocatur
2212 3006 2428 3062 Nachor
2449 3047 2464 3073 ,
2511 3015 2766 3076 tanquam
2800 3024 2923 3064 eum
2947 3023 3053 3063 non
3081 3010 3296 3065 duxerit
3327 3010 3534 3066 secum.

1961 3097 2067 3153 Sed
2104 3097 2410 3154 invenimus
2437 3106 2647 3168 postea,
2693 3113 2819 3154 cum
2848 3113 3065 3154 servum
3111 3116 3268 3155 suum
3297 3101 3540 3176 mitteret

1863 3165 1927 3228 Ὀ
1957 3191 2230 3249 Abraham
2261 3191 2330 3247 ad
2354 3165 2718 3261 accipiendam
2749 3207 2974 3248 uxorem
3006 3192 3114 3248 filio
3145 3208 3244 3249 suo
3262 3173 3432 3260 Isaac,
3467 3195 3544 3268 ita

1958 3281 2216 3350 scriptum
2255 3295 2376 3338 esse
2401 3281 2512 3337 :Et
2551 3282 2762 3352 accepit
2801 3298 2937 3353 puer
2963 3283 3147 3339 decem
3193 3285 3431 3358 camelos
3477 3288 3546 3347 de

1955 3372 2177 3429 camelis
2213 3374 2415 3429 domini
2446 3373 2559 3439 sui,
2583 3382 2638 3429 et
2679 3374 2745 3428 de
2765 3373 3015 3450 omnibus
3037 3374 3194 3430 bonis
3219 3374 3424 3448 domini
3449 3377 3537 3432 sui

1956 3475 2138 3516 secum
2155 3503 2170 3527 ,
2197 3471 2252 3516 et
2267 3478 2575 3533 exsurgens
2600 3461 2876 3532 profectus
2899 3472 2985 3519 est
3005 3464 3060 3520 in
3079 3463 3539 3540 Mesopotamiam

1959 3552 2011 3606 in
2044 3553 2320 3616 civitatem
2346 3553 2587 3608 Nachor.
2617 3551 2726 3607 Isto
2753 3561 2809 3608 et
2836 3553 2958 3608 aliis
2986 3553 3342 3623 sacrte'hujus
3370 3555 3543 3612 histo~

1957 3643 2053 3696 rite
2095 3642 2425 3697 testimoniis
2468 3641 2775 3698 ostenditur
2801 3643 2966 3698 etiam
3007 3642 3223 3699 Nachor
3251 3643 3428 3700 exisse
3475 3646 3544 3702 de

1957 3731 2178 3803 regione
2209 3730 2614 3796 Chaldaeorum,
2669 3731 2931 3802 sedesque
2973 3733 3320 3790 constituisse
3349 3735 3402 3810 in
3431 3734 3542 3810 ille-

1957 3822 2271 3892 sopotamia,
2305 3821 2394 3877 ubi
2425 3837 2548 3876 cum
2577 3829 2730 3891 patre
2751 3836 2850 3877 suo
2874 3822 3212 3878 habitaverat
3235 3823 3534 3881 Abraham.

1957 3913 2067 3969 Cur
2077 3927 2208 3982 ergo
2217 3927 2344 3970 eum
2359 3911 2639 3982 Scriptura
2655 3927 2760 3967 non
2775 3914 3301 3978 commemoravcrit,
3321 3915 3541 3984 quando

1958 4021 2024 4061 ex
2053 4017 2210 4075 gente
2245 4003 2495 4059 Chaldaea
2524 4018 2651 4058 cum
2670 4002 2783 4058 suis
2811 4001 3088 4073 profectus
3113 4012 3192 4058 est
3223 4004 3403 4058 Thara
3421 4046 3435 4068 ,
3484 4015 3540 4078 et

1958 4093 2224 4152 habitavit
2247 4093 2303 4148 in
2347 4091 2759 4162 Mesopotamia,
2790 4091 2882 4146 ubi
2910 4108 3015 4152 non
3055 4093 3227 4147 solum
3262 4092 3540 4150 Abraham

1959 4185 2102 4239 ﬁlius
2131 4182 2278 4252 ejus,
2324 4197 2516 4238 verum
2560 4183 2726 4237 etiam
2755 4181 2891 4237 Sara
2918 4197 3088 4236 nurus
3123 4191 3180 4236 et
3206 4183 3342 4238 Loth
3374 4199 3542 4253 nepos

1957 4276 2074 4346 ejus
2093 4280 2588 4329 commemorantur
2618 4273 2761 4342 quod
2790 4286 2885 4326 eos
2921 4271 3136 4327 duxerit
3163 4286 3348 4326 secum
3369 4313 3384 4336 ,
3434 4274 3541 4329 nisi

1959 4365 2098 4421 forte
2125 4365 2264 4433 quod
2292 4379 2321 4419 a
2346 4371 2568 4433 paterna
2593 4371 2648 4420 et
2668 4362 2907 4417 fraterna
2935 4363 3137 4433 pietate
3159 4362 3464 4421 desciverat
3487 4374 3547 4422 et

1960 4454 2322 4524 superstitioni
2342 4452 3045 4514 adhaiseratChaldteorum,
3070 4460 3126 4507 et
3165 4463 3350 4525 postea
3391 4457 3538 4522 inde,

1960 4546 2074 4601 sive
2114 4545 2461 4615 pteuitendo,
2509 4545 2625 4599 sive
2665 4545 3095 4615 persecutionem
3136 4561 3328 4616 passus
3375 4547 3542 4618 (quod

1959 4639 2260 4710 suspectius
2289 4637 2560 4707 habetur),
2588 4645 2642 4692 et
2663 4638 2780 4707 ipse
2807 4637 3154 4708 migraverit?
3176 4639 3244 4693 Et
3266 4640 3392 4710 facti
3419 4651 3542 4695 sunt

1961 4746 2133 4784 omnes
2157 4729 2266 4782 dies
2319 4727 2508 4781 Thara:
2537 4728 2880 4780 ducentorum
2908 4729 3136 4798 quinque
3161 4747 3421 4784 annorum
3447 4771 3462 4795 ,
3491 4741 3540 4784 et

1959 4829 2196 4874 mortuus
2225 4827 2299 4873 est
2319 4819 2375 4872 in
2400 4817 2566 4871 Aran.
2606 4817 2720 4871 Non
2746 4817 2825 4871 sic
2860 4818 3230 4886 accipiendum
3271 4828 3354 4874 est
3382 4823 3536 4890 quasi

1960 4925 2149 4964 omnes
2178 4911 2276 4965 hos
2298 4911 2412 4965 dies
2448 4909 2522 4964 ibi
2551 4908 2740 4976 egerit,
2770 4906 2862 4960 sed
2893 4907 3021 4975 quia
3050 4923 3238 4963 omnes
3273 4909 3388 4963 dies
3413 4910 3539 4963 vita)

1961 5017 2094 5067 suae,
2123 5002 2214 5072 qui
2243 4987 2462 5055 fuerunt
2487 4999 2614 5053 anni
2641 4997 2856 5053 ducenti
2887 4999 3153 5068 quinque,
3187 4999 3258 5053 ibi
3296 4998 3536 5068 comple-

1960 5093 2120 5148 verit.
2142 5091 2443 5162 Ignoratur
2469 5097 2649 5144 autem
2675 5097 2806 5158 quot
2847 5089 3004 5142 annis
3032 5088 3228 5143 vixerit
3253 5085 3432 5142 Thara
3483 5089 3538 5142 in

1961 5183 2198 5246 Charra,
2227 5183 2482 5253 quoniam
2518 5196 2623 5235 non
2671 5180 2867 5250 legitur
2901 5190 3066 5250 quoto
3101 5195 3242 5234 anno
3259 5180 3390 5235 vita:
3429 5197 3540 5236 sua:

1963 5273 2015 5326 in
2045 5254 2309 5328 Ch‘arram
2337 5270 2568 5325 venerit.
2606 5270 2672 5324 Et
2707 5270 3000 5325 absurdum
3038 5277 3121 5325 est
3143 5270 3455 5326 existimare
3482 5271 3539 5326 in

1964 5365 2065 5420 ista
2098 5363 2237 5418 serie
2265 5361 2690 5433 generationuut,
2721 5361 2811 5414 ubi
2837 5360 3121 5437 diligenter
3147 5375 3540 5415 commemora-

1965 5465 2052 5509 tur
2073 5463 2203 5523 quot
2225 5453 2380 5507 annis
2403 5451 2631 5520 quisque
2645 5451 2860 5514 vixerit,
2885 5451 3044 5519 hujus
3065 5450 3231 5506 solius
3253 5448 3536 5507 nutitcrutn

1963 5560 2226 5600 annorum
2252 5544 2375 5599 vitae
2406 5558 2511 5598 non
2546 5548 3026 5599 commemoratum
3056 5555 3194 5598 esse.
