  <div class='ocr_page' id='page_1' title='image "/cluster/home/n/w/nwhite01/storage/ocr_20150623/106/hvd.32044054759717/477.png"; bbox 0 0 3898 6178; ppageno 0'>
   <div class='ocr_carea' id='block_1_1' title="bbox 338 366 445 423">
    <p class='ocr_par' dir='ltr' id='par_1_1' title="bbox 338 366 445 423">
     <span class='ocr_line' id='line_1_1' title="bbox 338 366 445 423; baseline 0 -1"><span class='ocrx_word' id='word_1_1' title='bbox 338 366 445 423; x_wconf 67' lang='grc' dir='ltr'>9ιῦ</span> 
     </span>
    </p>
   </div>
   <div class='ocr_carea' id='block_1_2' title="bbox 842 473 1386 533">
    <p class='ocr_par' dir='ltr' id='par_1_2' title="bbox 842 473 1386 533">
     <span class='ocr_line' id='line_1_2' title="bbox 842 473 1386 533; baseline -0.009 0"><span class='ocrx_word' id='word_1_2' title='bbox 842 474 1067 533; x_wconf 79' lang='lat' dir='ltr'><strong>CAPUT</strong></span> <span class='ocrx_word' id='word_1_3' title='bbox 1106 473 1386 529; x_wconf 79' lang='lat' dir='ltr'><strong>XXXVIII.</strong></span> 
     </span>
    </p>
   </div>
   <div class='ocr_carea' id='block_1_3' title="bbox 341 563 1910 639">
    <p class='ocr_par' dir='ltr' id='par_1_3' title="bbox 341 563 1910 639">
     <span class='ocr_line' id='line_1_3' title="bbox 341 563 1910 639; baseline -0.008 -11"><span class='ocrx_word' id='word_1_4' title='bbox 341 573 472 629; x_wconf 84' lang='lat' dir='ltr'><strong>Cum</strong></span> <span class='ocrx_word' id='word_1_5' title='bbox 495 572 791 639; x_wconf 84' lang='lat' dir='ltr'><strong>aliquorum</strong></span> <span class='ocrx_word' id='word_1_6' title='bbox 815 568 930 622; x_wconf 72' lang='lat' dir='ltr'><strong>vita:</strong></span> <span class='ocrx_word' id='word_1_7' title='bbox 951 567 1364 639; x_wconf 64' lang='lat' dir='ltr'><strong>adnumerantur</strong></span> <span class='ocrx_word' id='word_1_8' title='bbox 1382 580 1534 639; x_wconf 72' lang='lat' dir='ltr'><strong>anni,</strong></span> <span class='ocrx_word' id='word_1_9' title='bbox 1570 579 1666 617; x_wconf 88' lang='lat' dir='ltr'><strong>cur</strong></span> <span class='ocrx_word' id='word_1_10' title='bbox 1684 563 1910 618; x_wconf 85' lang='lat' dir='ltr'><strong>aliorum</strong></span> 
     </span>
    </p>
   </div>
   <div class='ocr_carea' id='block_1_4' title="bbox 829 631 1413 690">
    <p class='ocr_par' dir='ltr' id='par_1_4' title="bbox 829 631 1413 690">
     <span class='ocr_line' id='line_1_4' title="bbox 829 631 1413 690; baseline -0.005 -1"><span class='ocrx_word' id='word_1_11' title='bbox 829 646 1100 690; x_wconf 73' lang='lat' dir='ltr'><strong><em>taceantur</em></strong></span> <span class='ocrx_word' id='word_1_12' title='bbox 1127 636 1183 687; x_wconf 87' lang='lat' dir='ltr'><strong>in</strong></span> <span class='ocrx_word' id='word_1_13' title='bbox 1206 631 1413 689; x_wconf 78' lang='lat' dir='ltr'><strong>Genesi.</strong></span> 
     </span>
    </p>
   </div>
   <div class='ocr_carea' id='block_1_5' title="bbox 408 717 1909 794">
    <p class='ocr_par' dir='ltr' id='par_1_5' title="bbox 408 717 1909 794">
     <span class='ocr_line' id='line_1_5' title="bbox 408 717 1909 794; baseline -0.007 -12"><span class='ocrx_word' id='word_1_14' title='bbox 408 726 560 794; x_wconf 83' lang='lat' dir='ltr'><strong>Quod</strong></span> <span class='ocrx_word' id='word_1_15' title='bbox 606 724 752 779; x_wconf 89' lang='lat' dir='ltr'><strong>enim</strong></span> <span class='ocrx_word' id='word_1_16' title='bbox 798 722 1151 793; x_wconf 90' lang='lat' dir='ltr'><strong>quorumdam</strong></span> <span class='ocrx_word' id='word_1_17' title='bbox 1199 736 1335 790; x_wconf 87' lang='lat' dir='ltr'><strong>quos</strong></span> <span class='ocrx_word' id='word_1_18' title='bbox 1387 721 1577 774; x_wconf 86' lang='lat' dir='ltr'><strong>eadem</strong></span> <span class='ocrx_word' id='word_1_19' title='bbox 1628 717 1909 788; x_wconf 78' lang='lat' dir='ltr'><strong>Scriptura</strong></span> 
     </span>
    </p>
   </div>
   <div class='ocr_carea' id='block_1_6' title="bbox 339 809 1911 878">
    <p class='ocr_par' dir='ltr' id='par_1_6' title="bbox 339 809 1911 878">
     <span class='ocr_line' id='line_1_6' title="bbox 339 809 1911 878; baseline -0.007 -7"><span class='ocrx_word' id='word_1_20' title='bbox 339 820 746 878; x_wconf 87' lang='lat' dir='ltr'><strong>commemorat,</strong></span> <span class='ocrx_word' id='word_1_21' title='bbox 776 820 1022 866; x_wconf 85' lang='lat' dir='ltr'><strong>tacentur</strong></span> <span class='ocrx_word' id='word_1_22' title='bbox 1046 809 1205 875; x_wconf 89' lang='lat' dir='ltr'><strong>anni,</strong></span> <span class='ocrx_word' id='word_1_23' title='bbox 1237 825 1360 864; x_wconf 91' lang='lat' dir='ltr'><strong>cum</strong></span> <span class='ocrx_word' id='word_1_24' title='bbox 1397 809 1623 863; x_wconf 88' lang='lat' dir='ltr'><strong>aliorum</strong></span> <span class='ocrx_word' id='word_1_25' title='bbox 1654 810 1911 861; x_wconf 88' lang='lat' dir='ltr'><strong>adnume-</strong></span> 
     </span>
    </p>
   </div>
   <div class='ocr_carea' id='block_1_7' title="bbox 340 898 1911 973">
    <p class='ocr_par' dir='ltr' id='par_1_7' title="bbox 340 898 1911 973">
     <span class='ocr_line' id='line_1_7' title="bbox 340 898 1911 973; baseline -0.007 -13"><span class='ocrx_word' id='word_1_26' title='bbox 340 916 545 969; x_wconf 75' lang='lat' dir='ltr'><strong>rentun,</strong></span> <span class='ocrx_word' id='word_1_27' title='bbox 581 902 745 973; x_wconf 70' lang='lat' dir='ltr'><strong>qumri</strong></span> <span class='ocrx_word' id='word_1_28' title='bbox 777 901 932 957; x_wconf 88' lang='lat' dir='ltr'><strong>solet.</strong></span> <span class='ocrx_word' id='word_1_29' title='bbox 964 900 1168 967; x_wconf 84' lang='lat' dir='ltr'><strong>Quibus</strong></span> <span class='ocrx_word' id='word_1_30' title='bbox 1196 908 1278 955; x_wconf 91' lang='lat' dir='ltr'><strong>est</strong></span> <span class='ocrx_word' id='word_1_31' title='bbox 1300 898 1750 967; x_wconf 88' lang='lat' dir='ltr'><strong>respondendum,</strong></span> <span class='ocrx_word' id='word_1_32' title='bbox 1778 912 1911 966; x_wconf 89' lang='lat' dir='ltr'><strong>quo-</strong></span> 
     </span>
    </p>
   </div>
   <div class='ocr_carea' id='block_1_8' title="bbox 338 989 1911 1059">
    <p class='ocr_par' dir='ltr' id='par_1_8' title="bbox 338 989 1911 1059">
     <span class='ocr_line' id='line_1_8' title="bbox 338 989 1911 1059; baseline -0.004 -11"><span class='ocrx_word' id='word_1_33' title='bbox 338 995 485 1048; x_wconf 91' lang='lat' dir='ltr'><strong>niam</strong></span> <span class='ocrx_word' id='word_1_34' title='bbox 527 1010 632 1048; x_wconf 91' lang='lat' dir='ltr'><strong>non</strong></span> <span class='ocrx_word' id='word_1_35' title='bbox 662 1000 790 1048; x_wconf 91' lang='lat' dir='ltr'><strong>sunt</strong></span> <span class='ocrx_word' id='word_1_36' title='bbox 818 991 872 1045; x_wconf 90' lang='lat' dir='ltr'><strong>in</strong></span> <span class='ocrx_word' id='word_1_37' title='bbox 901 1005 966 1046; x_wconf 91' lang='lat' dir='ltr'><strong>eo</strong></span> <span class='ocrx_word' id='word_1_38' title='bbox 994 991 1180 1045; x_wconf 85' lang='lat' dir='ltr'><strong>ordine</strong></span> <span class='ocrx_word' id='word_1_39' title='bbox 1209 991 1263 1044; x_wconf 91' lang='lat' dir='ltr'><strong>in</strong></span> <span class='ocrx_word' id='word_1_40' title='bbox 1292 1006 1399 1059; x_wconf 92' lang='lat' dir='ltr'><strong>quo</strong></span> <span class='ocrx_word' id='word_1_41' title='bbox 1424 998 1723 1059; x_wconf 56' lang='lat' dir='ltr'><strong>temporum</strong></span> <span class='ocrx_word' id='word_1_42' title='bbox 1751 989 1911 1042; x_wconf 84' lang='lat' dir='ltr'><strong>dinu-</strong></span> 
     </span>
    </p>
   </div>
   <div class='ocr_carea' id='block_1_9' title="bbox 338 1079 1915 1151">
    <p class='ocr_par' dir='ltr' id='par_1_9' title="bbox 338 1079 1915 1151">
     <span class='ocr_line' id='line_1_9' title="bbox 338 1079 1915 1151; baseline -0.002 -15"><span class='ocrx_word' id='word_1_43' title='bbox 338 1082 569 1136; x_wconf 85' lang='lat' dir='ltr'><strong>meratio</strong></span> <span class='ocrx_word' id='word_1_44' title='bbox 596 1080 910 1136; x_wconf 83' lang='lat' dir='ltr'><strong>decessione</strong></span> <span class='ocrx_word' id='word_1_45' title='bbox 936 1080 1268 1151; x_wconf 73' lang='lat' dir='ltr'><strong>gignentium</strong></span> <span class='ocrx_word' id='word_1_46' title='bbox 1296 1088 1352 1133; x_wconf 90' lang='lat' dir='ltr'><strong>et</strong></span> <span class='ocrx_word' id='word_1_47' title='bbox 1375 1079 1677 1150; x_wconf 89' lang='lat' dir='ltr'><strong>genitorum</strong></span> <span class='ocrx_word' id='word_1_48' title='bbox 1700 1093 1915 1134; x_wconf 87' lang='lat' dir='ltr'><strong>succes-</strong></span> 
     </span>
    </p>
   </div>
   <div class='ocr_carea' id='block_1_10' title="bbox 342 1168 1911 1236">
    <p class='ocr_par' dir='ltr' id='par_1_10' title="bbox 342 1168 1911 1236">
     <span class='ocr_line' id='line_1_10' title="bbox 342 1168 1911 1236; baseline -0.001 -11"><span class='ocrx_word' id='word_1_49' title='bbox 342 1173 494 1225; x_wconf 86' lang='lat' dir='ltr'><strong>sione</strong></span> <span class='ocrx_word' id='word_1_50' title='bbox 539 1170 865 1236; x_wconf 72' lang='lat' dir='ltr'><strong>contexitur,</strong></span> <span class='ocrx_word' id='word_1_51' title='bbox 898 1171 968 1225; x_wconf 92' lang='lat' dir='ltr'><strong>ob</strong></span> <span class='ocrx_word' id='word_1_52' title='bbox 1002 1170 1140 1224; x_wconf 90' lang='lat' dir='ltr'><strong>hanc</strong></span> <span class='ocrx_word' id='word_1_53' title='bbox 1170 1184 1386 1223; x_wconf 83' lang='lat' dir='ltr'><strong>causam</strong></span> <span class='ocrx_word' id='word_1_54' title='bbox 1416 1182 1602 1222; x_wconf 89' lang='lat' dir='ltr'><strong>eorum</strong></span> <span class='ocrx_word' id='word_1_55' title='bbox 1638 1168 1763 1223; x_wconf 74' lang='lat' dir='ltr'><strong>vitae</strong></span> <span class='ocrx_word' id='word_1_56' title='bbox 1802 1184 1911 1224; x_wconf 90' lang='lat' dir='ltr'><strong>non</strong></span> 
     </span>
    </p>
   </div>
   <div class='ocr_carea' id='block_1_11' title="bbox 343 1257 1911 1328">
    <p class='ocr_par' dir='ltr' id='par_1_11' title="bbox 343 1257 1911 1328">
     <span class='ocr_line' id='line_1_11' title="bbox 343 1257 1911 1328; baseline -0.001 -14"><span class='ocrx_word' id='word_1_57' title='bbox 343 1260 689 1316; x_wconf 78' lang='lat' dir='ltr'><strong>adnumerari</strong></span> <span class='ocrx_word' id='word_1_58' title='bbox 714 1274 904 1314; x_wconf 91' lang='lat' dir='ltr'><strong>annos.</strong></span> <span class='ocrx_word' id='word_1_59' title='bbox 932 1259 1037 1314; x_wconf 88' lang='lat' dir='ltr'><strong>Iste</strong></span> <span class='ocrx_word' id='word_1_60' title='bbox 1066 1267 1245 1312; x_wconf 87' lang='lat' dir='ltr'><strong>autem</strong></span> <span class='ocrx_word' id='word_1_61' title='bbox 1275 1257 1407 1312; x_wconf 90' lang='lat' dir='ltr'><strong>ordo</strong></span> <span class='ocrx_word' id='word_1_62' title='bbox 1430 1257 1522 1327; x_wconf 87' lang='lat' dir='ltr'><strong>qui</strong></span> <span class='ocrx_word' id='word_1_63' title='bbox 1567 1257 1820 1328; x_wconf 72' lang='lat' dir='ltr'><strong>dirigitur</strong></span> <span class='ocrx_word' id='word_1_64' title='bbox 1842 1258 1911 1313; x_wconf 84' lang='lat' dir='ltr'><strong>ab</strong></span> 
     </span>
    </p>
   </div>
   <div class='ocr_carea' id='block_1_12' title="bbox 341 1345 1914 1419">
    <p class='ocr_par' dir='ltr' id='par_1_12' title="bbox 341 1345 1914 1419">
     <span class='ocr_line' id='line_1_12' title="bbox 341 1345 1914 1419; baseline -0.001 -16"><span class='ocrx_word' id='word_1_65' title='bbox 341 1349 512 1403; x_wconf 87' lang='lat' dir='ltr'><strong>Adam</strong></span> <span class='ocrx_word' id='word_1_66' title='bbox 539 1363 706 1419; x_wconf 88' lang='lat' dir='ltr'><strong>usque</strong></span> <span class='ocrx_word' id='word_1_67' title='bbox 729 1348 799 1403; x_wconf 91' lang='lat' dir='ltr'><strong>ad</strong></span> <span class='ocrx_word' id='word_1_68' title='bbox 818 1346 951 1415; x_wconf 88' lang='lat' dir='ltr'><strong>Noe,</strong></span> <span class='ocrx_word' id='word_1_69' title='bbox 974 1355 1030 1403; x_wconf 89' lang='lat' dir='ltr'><strong>et</strong></span> <span class='ocrx_word' id='word_1_70' title='bbox 1049 1346 1173 1401; x_wconf 90' lang='lat' dir='ltr'><strong>inde</strong></span> <span class='ocrx_word' id='word_1_71' title='bbox 1200 1361 1371 1417; x_wconf 91' lang='lat' dir='ltr'><strong>usque</strong></span> <span class='ocrx_word' id='word_1_72' title='bbox 1390 1346 1459 1401; x_wconf 91' lang='lat' dir='ltr'><strong>ad</strong></span> <span class='ocrx_word' id='word_1_73' title='bbox 1476 1345 1768 1414; x_wconf 78' lang='lat' dir='ltr'><strong>Abraham,</strong></span> <span class='ocrx_word' id='word_1_74' title='bbox 1795 1346 1914 1403; x_wconf 88' lang='lat' dir='ltr'><strong>sine</strong></span> 
     </span>
    </p>
   </div>
   <div class='ocr_carea' id='block_1_13' title="bbox 343 1436 1450 1494">
    <p class='ocr_par' dir='ltr' id='par_1_13' title="bbox 343 1436 1450 1494">
     <span class='ocr_line' id='line_1_13' title="bbox 343 1436 1450 1494; baseline -0.003 -1"><span class='ocrx_word' id='word_1_75' title='bbox 343 1453 568 1494; x_wconf 88' lang='lat' dir='ltr'><strong>numero</strong></span> <span class='ocrx_word' id='word_1_76' title='bbox 597 1452 860 1492; x_wconf 88' lang='lat' dir='ltr'><strong>annorum</strong></span> <span class='ocrx_word' id='word_1_77' title='bbox 889 1436 1161 1492; x_wconf 88' lang='lat' dir='ltr'><strong>neminem</strong></span> <span class='ocrx_word' id='word_1_78' title='bbox 1189 1436 1450 1492; x_wconf 90' lang='lat' dir='ltr'><strong>continet.</strong></span> 
     </span>
    </p>
   </div>
   <div class='ocr_carea' id='block_1_14' title="bbox 875 1546 1356 1604">
    <p class='ocr_par' dir='ltr' id='par_1_14' title="bbox 875 1546 1356 1604">
     <span class='ocr_line' id='line_1_14' title="bbox 875 1546 1356 1604; baseline -0.004 0"><span class='ocrx_word' id='word_1_79' title='bbox 875 1546 1102 1604; x_wconf 85' lang='lat' dir='ltr'><strong>CAPUT</strong></span> <span class='ocrx_word' id='word_1_80' title='bbox 1135 1546 1356 1602; x_wconf 76' lang='lat' dir='ltr'><strong>XXXIX</strong></span> 
     </span>
    </p>
   </div>
   <div class='ocr_carea' id='block_1_15' title="bbox 349 1637 1912 1711">
    <p class='ocr_par' dir='ltr' id='par_1_15' title="bbox 349 1637 1912 1711">
     <span class='ocr_line' id='line_1_15' title="bbox 349 1637 1912 1711; baseline 0.002 -19"><span class='ocrx_word' id='word_1_81' title='bbox 349 1638 506 1693; x_wconf 83' lang='lat' dir='ltr'><strong>Pater</strong></span> <span class='ocrx_word' id='word_1_82' title='bbox 524 1637 741 1693; x_wconf 71' lang='lat' dir='ltr'><strong>Melchaa</strong></span> <span class='ocrx_word' id='word_1_83' title='bbox 761 1638 869 1708; x_wconf 77' lang='lat' dir='ltr'><strong>ipse</strong></span> <span class='ocrx_word' id='word_1_84' title='bbox 894 1647 967 1692; x_wconf 80' lang='lat' dir='ltr'><strong>est</strong></span> <span class='ocrx_word' id='word_1_85' title='bbox 996 1645 1145 1707; x_wconf 87' lang='lat' dir='ltr'><strong>pater</strong></span> <span class='ocrx_word' id='word_1_86' title='bbox 1165 1638 1347 1705; x_wconf 70' lang='lat' dir='ltr'><strong>lescw,</strong></span> <span class='ocrx_word' id='word_1_87' title='bbox 1376 1639 1457 1693; x_wconf 80' lang='lat' dir='ltr'><strong>vel</strong></span> <span class='ocrx_word' id='word_1_88' title='bbox 1482 1655 1599 1711; x_wconf 69' lang='lat' dir='ltr'><strong>qua:</strong></span> <span class='ocrx_word' id='word_1_89' title='bbox 1618 1639 1718 1711; x_wconf 79' lang='lat' dir='ltr'><strong>fuit</strong></span> <span class='ocrx_word' id='word_1_90' title='bbox 1741 1638 1912 1695; x_wconf 78' lang='lat' dir='ltr'><strong>Iesca.</strong></span> 
     </span>
    </p>
   </div>
   <div class='ocr_carea' id='block_1_16' title="bbox 392 1728 1918 1805">
    <p class='ocr_par' dir='ltr' id='par_1_16' title="bbox 392 1728 1918 1805">
     <span class='ocr_line' id='line_1_16' title="bbox 392 1728 1918 1805; baseline 0.004 -21"><span class='ocrx_word' id='word_1_91' title='bbox 392 1731 579 1803; x_wconf 83' lang='lat' dir='ltr'><strong>.lgitur</strong></span> <span class='ocrx_word' id='word_1_92' title='bbox 614 1731 755 1803; x_wconf 88' lang='lat' dir='ltr'><strong>quod</strong></span> <span class='ocrx_word' id='word_1_93' title='bbox 798 1730 854 1786; x_wconf 91' lang='lat' dir='ltr'><strong>iu</strong></span> <span class='ocrx_word' id='word_1_94' title='bbox 883 1728 1078 1787; x_wconf 80' lang='lat' dir='ltr'><strong>Genesi</strong></span> <span class='ocrx_word' id='word_1_95' title='bbox 1111 1730 1329 1800; x_wconf 76' lang='lat' dir='ltr'><strong>legitur,</strong></span> <span class='ocrx_word' id='word_1_96' title='bbox 1359 1741 1516 1802; x_wconf 88' lang='lat' dir='ltr'><strong>pater</strong></span> <span class='ocrx_word' id='word_1_97' title='bbox 1549 1733 1768 1790; x_wconf 72' lang='lat' dir='ltr'><strong>Melchaa</strong></span> <span class='ocrx_word' id='word_1_98' title='bbox 1802 1735 1918 1805; x_wconf 90' lang='lat' dir='ltr'><strong>ipse</strong></span> 
     </span>
    </p>
   </div>
   <div class='ocr_carea' id='block_1_17' title="bbox 1329 351 2545 412">
    <p class='ocr_par' dir='ltr' id='par_1_17' title="bbox 1329 351 2545 412">
     <span class='ocr_line' id='line_1_17' title="bbox 1329 351 2545 412; baseline -0.002 -1"><span class='ocrx_word' id='word_1_99' title='bbox 1329 354 1714 412; x_wconf 78' lang='lat' dir='ltr'><strong>FRECULPHI</strong></span> <span class='ocrx_word' id='word_1_100' title='bbox 1752 353 2203 411; x_wconf 76' lang='lat' dir='ltr'><strong>LEXOVIENSIS</strong></span> <span class='ocrx_word' id='word_1_101' title='bbox 2241 351 2545 411; x_wconf 80' lang='lat' dir='ltr'><strong>EPISCOPI</strong></span> 
     </span>
    </p>
   </div>
   <div class='ocr_carea' id='block_1_18' title="bbox 3474 357 3578 414">
    <p class='ocr_par' dir='ltr' id='par_1_18' title="bbox 3474 357 3578 414">
     <span class='ocr_line' id='line_1_18' title="bbox 3474 357 3578 414; baseline -0.019 -1"><span class='ocrx_word' id='word_1_102' title='bbox 3474 357 3578 414; x_wconf 64' lang='grc'><strong>941</strong></span> 
     </span>
    </p>
   </div>
   <div class='ocr_carea' id='block_1_19' title="bbox 1928 464 3584 536">
    <p class='ocr_par' dir='ltr' id='par_1_19' title="bbox 1928 464 3584 536">
     <span class='ocr_line' id='line_1_19' title="bbox 1928 464 3584 536; baseline 0 -13"><span class='ocrx_word' id='word_1_103' title='bbox 1928 475 1979 531; x_wconf 86' lang='grc' dir='ltr'>Α</span> <span class='ocrx_word' id='word_1_104' title='bbox 2005 467 2257 523; x_wconf 86' lang='lat' dir='ltr'><strong>habuisse</strong></span> <span class='ocrx_word' id='word_1_105' title='bbox 2277 465 2453 520; x_wconf 61' lang='lat' dir='ltr'><strong>aetatis</strong></span> <span class='ocrx_word' id='word_1_106' title='bbox 2479 476 2650 519; x_wconf 79' lang='lat' dir='ltr'><strong>annos</strong></span> <span class='ocrx_word' id='word_1_107' title='bbox 2676 464 2783 521; x_wconf 81' lang='lat'><strong>590</strong></span> <span class='ocrx_word' id='word_1_108' title='bbox 2811 465 2899 532; x_wconf 86' lang='lat' dir='ltr'><strong>qui</strong></span> <span class='ocrx_word' id='word_1_109' title='bbox 2930 464 3003 519; x_wconf 90' lang='lat' dir='ltr'><strong>ita</strong></span> <span class='ocrx_word' id='word_1_110' title='bbox 3031 473 3412 536; x_wconf 83' lang='lat' dir='ltr'><strong>supputantur.</strong></span> <span class='ocrx_word' id='word_1_111' title='bbox 3452 467 3584 525; x_wconf 82' lang='lat' dir='ltr'><strong>Post</strong></span> 
     </span>
    </p>
   </div>
   <div class='ocr_carea' id='block_1_20' title="bbox 2013 556 3587 626">
    <p class='ocr_par' dir='ltr' id='par_1_20' title="bbox 2013 556 3587 626">
     <span class='ocr_line' id='line_1_20' title="bbox 2013 556 3587 626; baseline 0 -13"><span class='ocrx_word' id='word_1_112' title='bbox 2013 558 2271 613; x_wconf 73' lang='lat' dir='ltr'><strong>diluvnum</strong></span> <span class='ocrx_word' id='word_1_113' title='bbox 2295 570 2437 611; x_wconf 89' lang='lat' dir='ltr'><strong>anno</strong></span> <span class='ocrx_word' id='word_1_114' title='bbox 2459 557 2696 612; x_wconf 89' lang='lat' dir='ltr'><strong>secundo</strong></span> <span class='ocrx_word' id='word_1_115' title='bbox 2713 571 2835 611; x_wconf 90' lang='lat' dir='ltr'><strong>cum</strong></span> <span class='ocrx_word' id='word_1_116' title='bbox 2860 556 2960 609; x_wconf 77' lang='grc'>100</span> <span class='ocrx_word' id='word_1_117' title='bbox 2980 564 3125 611; x_wconf 83' lang='lat' dir='ltr'><strong>esset</strong></span> <span class='ocrx_word' id='word_1_118' title='bbox 3151 572 3416 612; x_wconf 88' lang='lat' dir='ltr'><strong>annorum</strong></span> <span class='ocrx_word' id='word_1_119' title='bbox 3434 558 3587 626; x_wconf 85' lang='lat' dir='ltr'><strong>Sem,</strong></span> 
     </span>
    </p>
   </div>
   <div class='ocr_carea' id='block_1_21' title="bbox 2008 644 3589 719">
    <p class='ocr_par' dir='ltr' id='par_1_21' title="bbox 2008 644 3589 719">
     <span class='ocr_line' id='line_1_21' title="bbox 2008 644 3589 719; baseline 0 -16"><span class='ocrx_word' id='word_1_120' title='bbox 2008 649 2194 719; x_wconf 79' lang='lat' dir='ltr'><strong>genuit</strong></span> <span class='ocrx_word' id='word_1_121' title='bbox 2227 645 2511 702; x_wconf 82' lang='lat' dir='ltr'><strong>Arfaxath.</strong></span> <span class='ocrx_word' id='word_1_122' title='bbox 2543 644 2673 700; x_wconf 87' lang='lat' dir='ltr'><strong>Post</strong></span> <span class='ocrx_word' id='word_1_123' title='bbox 2705 645 2861 714; x_wconf 89' lang='lat' dir='ltr'><strong>cujus</strong></span> <span class='ocrx_word' id='word_1_124' title='bbox 2885 653 3065 698; x_wconf 90' lang='lat' dir='ltr'><strong>ortum</strong></span> <span class='ocrx_word' id='word_1_125' title='bbox 3095 644 3232 699; x_wconf 88' lang='lat' dir='ltr'><strong>vixit</strong></span> <span class='ocrx_word' id='word_1_126' title='bbox 3259 646 3421 701; x_wconf 90' lang='lat' dir='ltr'><strong>annis</strong></span> <span class='ocrx_word' id='word_1_127' title='bbox 3459 647 3589 715; x_wconf 84' lang='lat'><strong>500,</strong></span> 
     </span>
    </p>
   </div>
   <div class='ocr_carea' id='block_1_22' title="bbox 2009 737 3592 811">
    <p class='ocr_par' dir='ltr' id='par_1_22' title="bbox 2009 737 3592 811">
     <span class='ocr_line' id='line_1_22' title="bbox 2009 737 3592 811; baseline 0.001 -17"><span class='ocrx_word' id='word_1_128' title='bbox 2009 740 2112 794; x_wconf 89' lang='lat' dir='ltr'><strong>hoc</strong></span> <span class='ocrx_word' id='word_1_129' title='bbox 2134 749 2238 803; x_wconf 86' lang='lat' dir='ltr'><strong>est,</strong></span> <span class='ocrx_word' id='word_1_130' title='bbox 2271 738 2431 792; x_wconf 91' lang='lat' dir='ltr'><strong>simul</strong></span> <span class='ocrx_word' id='word_1_131' title='bbox 2461 738 2586 792; x_wconf 85' lang='lat'><strong>600.</strong></span> <span class='ocrx_word' id='word_1_132' title='bbox 2622 737 2885 791; x_wconf 87' lang='lat' dir='ltr'><strong>Arfaxath</strong></span> <span class='ocrx_word' id='word_1_133' title='bbox 2920 753 3091 792; x_wconf 85' lang='lat' dir='ltr'><strong>annos</strong></span> <span class='ocrx_word' id='word_1_134' title='bbox 3122 747 3282 792; x_wconf 89' lang='lat' dir='ltr'><strong>natus</strong></span> <span class='ocrx_word' id='word_1_135' title='bbox 3308 740 3377 793; x_wconf 78' lang='lat'><strong>55</strong></span> <span class='ocrx_word' id='word_1_136' title='bbox 3402 743 3592 811; x_wconf 79' lang='lat' dir='ltr'><strong>genuit</strong></span> 
     </span>
    </p>
   </div>
   <div class='ocr_carea' id='block_1_23' title="bbox 2011 809 3587 899">
    <p class='ocr_par' dir='ltr' id='par_1_23' title="bbox 2011 809 3587 899">
     <span class='ocr_line' id='line_1_23' title="bbox 2011 809 3587 899; baseline 0.002 -18"><span class='ocrx_word' id='word_1_137' title='bbox 2011 826 2157 882; x_wconf 83' lang='lat' dir='ltr'><strong>Sale.</strong></span> <span class='ocrx_word' id='word_1_138' title='bbox 2188 825 2291 893; x_wconf 86' lang='lat' dir='ltr'><strong>Qui</strong></span> <span class='ocrx_word' id='word_1_139' title='bbox 2344 836 2399 881; x_wconf 89' lang='lat' dir='ltr'><strong>et</strong></span> <span class='ocrx_word' id='word_1_140' title='bbox 2448 827 2560 895; x_wconf 89' lang='lat' dir='ltr'><strong>ipse</strong></span> <span class='ocrx_word' id='word_1_141' title='bbox 2591 826 2940 888; x_wconf 87' lang='lat' dir='ltr'><strong>tricenarius,</strong></span> <span class='ocrx_word' id='word_1_142' title='bbox 2997 826 3305 899; x_wconf 82' lang='lat' dir='ltr'><strong>procreavit</strong></span> <span class='ocrx_word' id='word_1_143' title='bbox 3351 809 3529 883; x_wconf 80' lang='lat' dir='ltr'><strong>[leber</strong></span> <span class='ocrx_word' id='word_1_144' title='bbox 3573 849 3587 883; x_wconf 88' lang='lat'><strong>:</strong></span> 
     </span>
    </p>
   </div>
   <div class='ocr_carea' id='block_1_24' title="bbox 2010 916 3590 988">
    <p class='ocr_par' dir='ltr' id='par_1_24' title="bbox 2010 916 3590 988">
     <span class='ocr_line' id='line_1_24' title="bbox 2010 916 3590 988; baseline 0.001 -17"><span class='ocrx_word' id='word_1_145' title='bbox 2010 934 2168 988; x_wconf 86' lang='lat' dir='ltr'><strong>quem</strong></span> <span class='ocrx_word' id='word_1_146' title='bbox 2196 918 2263 971; x_wconf 72' lang='lat' dir='ltr'><strong>M</strong></span> <span class='ocrx_word' id='word_1_147' title='bbox 2294 933 2556 971; x_wconf 89' lang='lat' dir='ltr'><strong>annorum</strong></span> <span class='ocrx_word' id='word_1_148' title='bbox 2587 918 2813 987; x_wconf 86' lang='lat' dir='ltr'><strong>legimus</strong></span> <span class='ocrx_word' id='word_1_149' title='bbox 2850 916 3098 986; x_wconf 85' lang='lat' dir='ltr'><strong>genuisse</strong></span> <span class='ocrx_word' id='word_1_150' title='bbox 3147 917 3404 973; x_wconf 85' lang='lat' dir='ltr'><strong>Phalech.</strong></span> <span class='ocrx_word' id='word_1_151' title='bbox 3444 920 3590 972; x_wconf 86' lang='lat' dir='ltr'><strong>Rur-</strong></span> 
     </span>
    </p>
   </div>
   <div class='ocr_carea' id='block_1_25' title="bbox 2011 1007 3596 1079">
    <p class='ocr_par' dir='ltr' id='par_1_25' title="bbox 2011 1007 3596 1079">
     <span class='ocr_line' id='line_1_25' title="bbox 2011 1007 3596 1079; baseline 0.001 -16"><span class='ocrx_word' id='word_1_152' title='bbox 2011 1024 2133 1063; x_wconf 89' lang='lat' dir='ltr'><strong>sum</strong></span> <span class='ocrx_word' id='word_1_153' title='bbox 2160 1007 2387 1077; x_wconf 83' lang='lat' dir='ltr'><strong>expletis</strong></span> <span class='ocrx_word' id='word_1_154' title='bbox 2416 1008 2573 1061; x_wconf 88' lang='lat' dir='ltr'><strong>annis</strong></span> <span class='ocrx_word' id='word_1_155' title='bbox 2606 1008 2675 1061; x_wconf 78' lang='grc'>50</span> <span class='ocrx_word' id='word_1_156' title='bbox 2706 1008 2888 1077; x_wconf 88' lang='lat' dir='ltr'><strong>genuit</strong></span> <span class='ocrx_word' id='word_1_157' title='bbox 2914 1007 3048 1063; x_wconf 76' lang='lat' dir='ltr'><strong>Ben.</strong></span> <span class='ocrx_word' id='word_1_158' title='bbox 3094 1007 3195 1074; x_wconf 85' lang='lat' dir='ltr'><strong>Qui</strong></span> <span class='ocrx_word' id='word_1_159' title='bbox 3225 1016 3281 1062; x_wconf 91' lang='lat' dir='ltr'><strong>et</strong></span> <span class='ocrx_word' id='word_1_160' title='bbox 3325 1009 3440 1079; x_wconf 88' lang='lat' dir='ltr'><strong>ipse</strong></span> <span class='ocrx_word' id='word_1_161' title='bbox 3470 1020 3596 1078; x_wconf 89' lang='lat' dir='ltr'><strong>post</strong></span> 
     </span>
    </p>
   </div>
   <div class='ocr_carea' id='block_1_26' title="bbox 2010 1099 3597 1171">
    <p class='ocr_par' dir='ltr' id='par_1_26' title="bbox 2010 1099 3597 1171">
     <span class='ocr_line' id='line_1_26' title="bbox 2010 1099 3597 1171; baseline 0.001 -16"><span class='ocrx_word' id='word_1_162' title='bbox 2010 1100 2347 1171; x_wconf 84' lang='lat' dir='ltr'><strong>trigesimum</strong></span> <span class='ocrx_word' id='word_1_163' title='bbox 2368 1106 2422 1153; x_wconf 90' lang='lat' dir='ltr'><strong>et</strong></span> <span class='ocrx_word' id='word_1_164' title='bbox 2442 1099 2691 1168; x_wconf 89' lang='lat' dir='ltr'><strong>quintum</strong></span> <span class='ocrx_word' id='word_1_165' title='bbox 2720 1099 3019 1153; x_wconf 87' lang='lat' dir='ltr'><strong>nativitatis</strong></span> <span class='ocrx_word' id='word_1_166' title='bbox 3042 1115 3152 1153; x_wconf 69' lang='lat' dir='ltr'><strong>sua:</strong></span> <span class='ocrx_word' id='word_1_167' title='bbox 3173 1115 3394 1164; x_wconf 87' lang='lat' dir='ltr'><strong>annum,</strong></span> <span class='ocrx_word' id='word_1_168' title='bbox 3420 1102 3597 1157; x_wconf 86' lang='lat' dir='ltr'><strong>edidit</strong></span> 
     </span>
    </p>
   </div>
   <div class='ocr_carea' id='block_1_27' title="bbox 2011 1190 3590 1261">
    <p class='ocr_par' dir='ltr' id='par_1_27' title="bbox 2011 1190 3590 1261">
     <span class='ocr_line' id='line_1_27' title="bbox 2011 1190 3590 1261; baseline -0.001 -11"><span class='ocrx_word' id='word_1_169' title='bbox 2011 1192 2274 1250; x_wconf 87' lang='lat' dir='ltr'><strong>Seruech.</strong></span> <span class='ocrx_word' id='word_1_170' title='bbox 2334 1192 2412 1247; x_wconf 91' lang='lat' dir='ltr'><strong>De</strong></span> <span class='ocrx_word' id='word_1_171' title='bbox 2460 1206 2568 1260; x_wconf 90' lang='lat' dir='ltr'><strong>quo</strong></span> <span class='ocrx_word' id='word_1_172' title='bbox 2613 1206 2739 1246; x_wconf 89' lang='lat' dir='ltr'><strong>cum</strong></span> <span class='ocrx_word' id='word_1_173' title='bbox 2782 1191 2849 1245; x_wconf 88' lang='lat' dir='ltr'><strong>ad</strong></span> <span class='ocrx_word' id='word_1_174' title='bbox 2882 1190 2952 1245; x_wconf 79' lang='grc'>50</span> <span class='ocrx_word' id='word_1_175' title='bbox 2999 1192 3335 1261; x_wconf 80' lang='lat' dir='ltr'><strong>pervenisset</strong></span> <span class='ocrx_word' id='word_1_176' title='bbox 3382 1208 3590 1257; x_wconf 90' lang='lat' dir='ltr'><strong>annos,</strong></span> 
     </span>
    </p>
   </div>
   <div class='ocr_carea' id='block_1_28' title="bbox 2012 1280 3590 1352">
    <p class='ocr_par' dir='ltr' id='par_1_28' title="bbox 2012 1280 3590 1352">
     <span class='ocr_line' id='line_1_28' title="bbox 2012 1280 3590 1352; baseline -0.002 -12"><span class='ocrx_word' id='word_1_177' title='bbox 2012 1291 2163 1345; x_wconf 70' lang='lat' dir='ltr'><strong>ortus</strong></span> <span class='ocrx_word' id='word_1_178' title='bbox 2196 1290 2281 1339; x_wconf 90' lang='lat' dir='ltr'><strong>est</strong></span> <span class='ocrx_word' id='word_1_179' title='bbox 2309 1281 2546 1337; x_wconf 88' lang='lat' dir='ltr'><strong>Nachor.</strong></span> <span class='ocrx_word' id='word_1_180' title='bbox 2571 1280 2674 1349; x_wconf 88' lang='lat' dir='ltr'><strong>Qui</strong></span> <span class='ocrx_word' id='word_1_181' title='bbox 2702 1281 2770 1336; x_wconf 74' lang='lat'><strong>29</strong></span> <span class='ocrx_word' id='word_1_182' title='bbox 2798 1296 3060 1335; x_wconf 87' lang='lat' dir='ltr'><strong>annorum</strong></span> <span class='ocrx_word' id='word_1_183' title='bbox 3089 1281 3275 1352; x_wconf 87' lang='lat' dir='ltr'><strong>genuit</strong></span> <span class='ocrx_word' id='word_1_184' title='bbox 3309 1282 3548 1337; x_wconf 86' lang='lat' dir='ltr'><strong>Tharam</strong></span> <span class='ocrx_word' id='word_1_185' title='bbox 3572 1323 3590 1349; x_wconf 91' lang='lat'><strong>,</strong></span> 
     </span>
    </p>
   </div>
   <div class='ocr_carea' id='block_1_29' title="bbox 2010 1370 3595 1443">
    <p class='ocr_par' dir='ltr' id='par_1_29' title="bbox 2010 1370 3595 1443">
     <span class='ocr_line' id='line_1_29' title="bbox 2010 1370 3595 1443; baseline 0 -17"><span class='ocrx_word' id='word_1_186' title='bbox 2010 1387 2173 1443; x_wconf 88' lang='lat' dir='ltr'><strong>quem</strong></span> <span class='ocrx_word' id='word_1_187' title='bbox 2216 1371 2440 1443; x_wconf 86' lang='lat' dir='ltr'><strong>legimus</strong></span> <span class='ocrx_word' id='word_1_188' title='bbox 2482 1370 2625 1441; x_wconf 88' lang='lat' dir='ltr'><strong>quod</strong></span> <span class='ocrx_word' id='word_1_189' title='bbox 2669 1370 3109 1440; x_wconf 86' lang='lat' dir='ltr'><strong>septuagenarius</strong></span> <span class='ocrx_word' id='word_1_190' title='bbox 3145 1371 3393 1441; x_wconf 85' lang='lat' dir='ltr'><strong>genuerit</strong></span> <span class='ocrx_word' id='word_1_191' title='bbox 3419 1372 3595 1426; x_wconf 84' lang='lat' dir='ltr'><strong>Abra-</strong></span> 
     </span>
    </p>
   </div>
   <div class='ocr_carea' id='block_1_30' title="bbox 2011 1459 3594 1533">
    <p class='ocr_par' dir='ltr' id='par_1_30' title="bbox 2011 1459 3594 1533">
     <span class='ocr_line' id='line_1_30' title="bbox 2011 1459 3594 1533; baseline 0.001 -16"><span class='ocrx_word' id='word_1_192' title='bbox 2011 1462 2180 1529; x_wconf 90' lang='lat' dir='ltr'><strong>ham,</strong></span> <span class='ocrx_word' id='word_1_193' title='bbox 2223 1469 2281 1517; x_wconf 90' lang='lat' dir='ltr'><strong>et</strong></span> <span class='ocrx_word' id='word_1_194' title='bbox 2320 1460 2556 1525; x_wconf 88' lang='lat' dir='ltr'><strong>Nachor,</strong></span> <span class='ocrx_word' id='word_1_195' title='bbox 2605 1469 2660 1516; x_wconf 89' lang='lat' dir='ltr'><strong>et</strong></span> <span class='ocrx_word' id='word_1_196' title='bbox 2703 1459 2867 1515; x_wconf 87' lang='lat' dir='ltr'><strong>Aran.</strong></span> <span class='ocrx_word' id='word_1_197' title='bbox 2936 1459 3177 1531; x_wconf 85' lang='lat' dir='ltr'><strong>Snpputa</strong></span> <span class='ocrx_word' id='word_1_198' title='bbox 3218 1477 3315 1532; x_wconf 88' lang='lat' dir='ltr'><strong>per</strong></span> <span class='ocrx_word' id='word_1_199' title='bbox 3349 1463 3594 1533; x_wconf 83' lang='lat' dir='ltr'><strong>singulas</strong></span> 
     </span>
    </p>
   </div>
   <div class='ocr_carea' id='block_1_31' title="bbox 2014 1549 3597 1614">
    <p class='ocr_par' dir='ltr' id='par_1_31' title="bbox 2014 1549 3597 1614">
     <span class='ocr_line' id='line_1_31' title="bbox 2014 1549 3597 1614; baseline 0 -8"><span class='ocrx_word' id='word_1_200' title='bbox 2014 1560 2206 1608; x_wconf 72' lang='lat' dir='ltr'><strong>aetates</strong></span> <span class='ocrx_word' id='word_1_201' title='bbox 2230 1566 2495 1607; x_wconf 88' lang='lat' dir='ltr'><strong>annorum</strong></span> <span class='ocrx_word' id='word_1_202' title='bbox 2517 1564 2821 1614; x_wconf 86' lang='lat' dir='ltr'><strong>numerum,</strong></span> <span class='ocrx_word' id='word_1_203' title='bbox 2869 1557 2926 1604; x_wconf 92' lang='lat' dir='ltr'><strong>et</strong></span> <span class='ocrx_word' id='word_1_204' title='bbox 2952 1549 3195 1604; x_wconf 81' lang='lat' dir='ltr'><strong>invenies</strong></span> <span class='ocrx_word' id='word_1_205' title='bbox 3223 1550 3290 1604; x_wconf 90' lang='lat' dir='ltr'><strong>ab</strong></span> <span class='ocrx_word' id='word_1_206' title='bbox 3316 1561 3441 1606; x_wconf 91' lang='lat' dir='ltr'><strong>ortu</strong></span> <span class='ocrx_word' id='word_1_207' title='bbox 3466 1551 3597 1606; x_wconf 81' lang='lat' dir='ltr'><strong>Sem</strong></span> 
     </span>
    </p>
   </div>
   <div class='ocr_carea' id='block_1_32' title="bbox 2015 1638 3598 1711">
    <p class='ocr_par' dir='ltr' id='par_1_32' title="bbox 2015 1638 3598 1711">
     <span class='ocr_line' id='line_1_32' title="bbox 2015 1638 3598 1711; baseline -0.001 -14"><span class='ocrx_word' id='word_1_208' title='bbox 2015 1656 2189 1711; x_wconf 88' lang='lat' dir='ltr'><strong>usque</strong></span> <span class='ocrx_word' id='word_1_209' title='bbox 2217 1641 2285 1696; x_wconf 86' lang='lat' dir='ltr'><strong>ad</strong></span> <span class='ocrx_word' id='word_1_210' title='bbox 2313 1639 2713 1710; x_wconf 82' lang='lat' dir='ltr'><strong>generationem</strong></span> <span class='ocrx_word' id='word_1_211' title='bbox 2744 1638 3017 1693; x_wconf 86' lang='lat' dir='ltr'><strong>Abraham</strong></span> <span class='ocrx_word' id='word_1_212' title='bbox 3035 1678 3051 1705; x_wconf 91' lang='lat'><strong>,</strong></span> <span class='ocrx_word' id='word_1_213' title='bbox 3084 1639 3189 1695; x_wconf 81' lang='grc'>500</span> <span class='ocrx_word' id='word_1_214' title='bbox 3220 1655 3414 1696; x_wconf 88' lang='lat' dir='ltr'><strong>annos.</strong></span> <span class='ocrx_word' id='word_1_215' title='bbox 3448 1640 3598 1696; x_wconf 86' lang='lat' dir='ltr'><strong>Mor-</strong></span> 
     </span>
    </p>
   </div>
   <div class='ocr_carea' id='block_1_33' title="bbox 2019 1729 3601 1804">
    <p class='ocr_par' dir='ltr' id='par_1_33' title="bbox 2019 1729 3601 1804">
     <span class='ocr_line' id='line_1_33' title="bbox 2019 1729 3601 1804; baseline 0.001 -18"><span class='ocrx_word' id='word_1_216' title='bbox 2019 1739 2143 1787; x_wconf 88' lang='lat' dir='ltr'><strong>tuus</strong></span> <span class='ocrx_word' id='word_1_217' title='bbox 2171 1739 2255 1787; x_wconf 89' lang='lat' dir='ltr'><strong>est</strong></span> <span class='ocrx_word' id='word_1_218' title='bbox 2276 1739 2456 1786; x_wconf 89' lang='lat' dir='ltr'><strong>autem</strong></span> <span class='ocrx_word' id='word_1_219' title='bbox 2489 1729 2763 1786; x_wconf 85' lang='lat' dir='ltr'><strong>Abraham</strong></span> <span class='ocrx_word' id='word_1_220' title='bbox 2792 1731 3088 1787; x_wconf 90' lang='lat' dir='ltr'><strong>centesimo</strong></span> <span class='ocrx_word' id='word_1_221' title='bbox 3117 1738 3170 1785; x_wconf 91' lang='lat' dir='ltr'><strong>et</strong></span> <span class='ocrx_word' id='word_1_222' title='bbox 3198 1734 3601 1804; x_wconf 85' lang='lat' dir='ltr'><strong>septuagesimo</strong></span> 
     </span>
    </p>
   </div>
   <div class='ocr_carea' id='block_1_34' title="bbox 342 1819 3601 1900">
    <p class='ocr_par' dir='ltr' id='par_1_34' title="bbox 342 1819 3601 1900">
     <span class='ocr_line' id='line_1_34' title="bbox 342 1819 3601 1900; baseline 0.001 -27"><span class='ocrx_word' id='word_1_223' title='bbox 342 1832 439 1878; x_wconf 81' lang='lat' dir='ltr'><strong>est,</strong></span> <span class='ocrx_word' id='word_1_224' title='bbox 454 1831 608 1900; x_wconf 82' lang='lat' dir='ltr'><strong>pater</strong></span> <span class='ocrx_word' id='word_1_225' title='bbox 635 1823 816 1889; x_wconf 64' lang='lat' dir='ltr'><strong>lescaa,</strong></span> <span class='ocrx_word' id='word_1_226' title='bbox 844 1823 930 1878; x_wconf 87' lang='lat' dir='ltr'><strong>vel</strong></span> <span class='ocrx_word' id='word_1_227' title='bbox 949 1838 1068 1893; x_wconf 59' lang='lat' dir='ltr'><strong>quae</strong></span> <span class='ocrx_word' id='word_1_228' title='bbox 1087 1824 1190 1879; x_wconf 83' lang='lat' dir='ltr'><strong>fuit</strong></span> <span class='ocrx_word' id='word_1_229' title='bbox 1216 1823 1386 1890; x_wconf 75' lang='lat' dir='ltr'><strong>lesca,</strong></span> <span class='ocrx_word' id='word_1_230' title='bbox 1414 1825 1490 1879; x_wconf 77' lang='lat' dir='ltr'><strong>ita</strong></span> <span class='ocrx_word' id='word_1_231' title='bbox 1516 1826 1919 1898; x_wconf 66' lang='lat' dir='ltr'><strong>intelligendum</strong></span> <span class='ocrx_word' id='word_1_232' title='bbox 1945 1824 1994 1884; x_wconf 87' lang='grc' dir='ltr'><strong>Β</strong></span> <span class='ocrx_word' id='word_1_233' title='bbox 2021 1820 2211 1890; x_wconf 89' lang='lat' dir='ltr'><strong>quinto</strong></span> <span class='ocrx_word' id='word_1_234' title='bbox 2233 1819 2410 1875; x_wconf 71' lang='lat' dir='ltr'><strong>aetatis</strong></span> <span class='ocrx_word' id='word_1_235' title='bbox 2448 1836 2560 1875; x_wconf 71' lang='lat' dir='ltr'><strong>sua:</strong></span> <span class='ocrx_word' id='word_1_236' title='bbox 2587 1834 2749 1875; x_wconf 91' lang='lat' dir='ltr'><strong>anno.</strong></span> <span class='ocrx_word' id='word_1_237' title='bbox 2781 1819 3011 1875; x_wconf 85' lang='lat' dir='ltr'><strong>Ratione</strong></span> <span class='ocrx_word' id='word_1_238' title='bbox 3040 1819 3290 1885; x_wconf 90' lang='lat' dir='ltr'><strong>deducta,</strong></span> <span class='ocrx_word' id='word_1_239' title='bbox 3322 1822 3601 1877; x_wconf 82' lang='lat' dir='ltr'><strong>invenitur</strong></span> 
     </span>
    </p>
   </div>
   <div class='ocr_carea' id='block_1_35' title="bbox 346 1912 1914 1982">
    <p class='ocr_par' dir='ltr' id='par_1_35' title="bbox 346 1912 1914 1982">
     <span class='ocr_line' id='line_1_35' title="bbox 346 1912 1914 1982; baseline 0.004 -15"><span class='ocrx_word' id='word_1_240' title='bbox 346 1921 470 1967; x_wconf 87' lang='lat' dir='ltr'><strong>est:</strong></span> <span class='ocrx_word' id='word_1_241' title='bbox 510 1912 688 1967; x_wconf 90' lang='lat' dir='ltr'><strong>Thara</strong></span> <span class='ocrx_word' id='word_1_242' title='bbox 733 1912 918 1982; x_wconf 88' lang='lat' dir='ltr'><strong>genuit</strong></span> <span class='ocrx_word' id='word_1_243' title='bbox 955 1912 1258 1979; x_wconf 84' lang='lat' dir='ltr'><strong>Abraham,</strong></span> <span class='ocrx_word' id='word_1_244' title='bbox 1289 1924 1345 1969; x_wconf 88' lang='lat' dir='ltr'><strong>et</strong></span> <span class='ocrx_word' id='word_1_245' title='bbox 1382 1913 1616 1979; x_wconf 87' lang='lat' dir='ltr'><strong>Nachor,</strong></span> <span class='ocrx_word' id='word_1_246' title='bbox 1662 1923 1719 1971; x_wconf 90' lang='lat' dir='ltr'><strong>et</strong></span> <span class='ocrx_word' id='word_1_247' title='bbox 1748 1915 1914 1973; x_wconf 91' lang='lat' dir='ltr'><strong>Aran.</strong></span> 
     </span>
    </p>
   </div>
   <div class='ocr_carea' id='block_1_36' title="bbox 344 2003 1922 2080">
    <p class='ocr_par' dir='ltr' id='par_1_36' title="bbox 344 2003 1922 2080">
     <span class='ocr_line' id='line_1_36' title="bbox 344 2003 1922 2080; baseline 0.006 -23"><span class='ocrx_word' id='word_1_248' title='bbox 344 2003 492 2058; x_wconf 78' lang='lat' dir='ltr'><strong>Acan</strong></span> <span class='ocrx_word' id='word_1_249' title='bbox 518 2017 647 2057; x_wconf 88' lang='lat' dir='ltr'><strong>vero</strong></span> <span class='ocrx_word' id='word_1_250' title='bbox 680 2004 865 2074; x_wconf 86' lang='lat' dir='ltr'><strong>genuit</strong></span> <span class='ocrx_word' id='word_1_251' title='bbox 893 2004 1033 2059; x_wconf 86' lang='lat' dir='ltr'><strong>Loth</strong></span> <span class='ocrx_word' id='word_1_252' title='bbox 1061 2013 1117 2060; x_wconf 91' lang='lat' dir='ltr'><strong>et</strong></span> <span class='ocrx_word' id='word_1_253' title='bbox 1140 2004 1421 2071; x_wconf 90' lang='lat' dir='ltr'><strong>Melcham,</strong></span> <span class='ocrx_word' id='word_1_254' title='bbox 1452 2015 1509 2063; x_wconf 89' lang='lat' dir='ltr'><strong>et</strong></span> <span class='ocrx_word' id='word_1_255' title='bbox 1538 2006 1695 2062; x_wconf 86' lang='lat' dir='ltr'><strong>Sarai</strong></span> <span class='ocrx_word' id='word_1_256' title='bbox 1721 2024 1922 2080; x_wconf 89' lang='lat' dir='ltr'><strong>cogno-</strong></span> 
     </span>
    </p>
   </div>
   <div class='ocr_carea' id='block_1_37' title="bbox 344 2094 1915 2168">
    <p class='ocr_par' dir='ltr' id='par_1_37' title="bbox 344 2094 1915 2168">
     <span class='ocr_line' id='line_1_37' title="bbox 344 2094 1915 2168; baseline 0.006 -19"><span class='ocrx_word' id='word_1_257' title='bbox 344 2103 528 2150; x_wconf 89' lang='lat' dir='ltr'><strong>mento</strong></span> <span class='ocrx_word' id='word_1_258' title='bbox 546 2094 771 2161; x_wconf 89' lang='lat' dir='ltr'><strong>leseam,</strong></span> <span class='ocrx_word' id='word_1_259' title='bbox 791 2105 846 2151; x_wconf 88' lang='lat' dir='ltr'><strong>et</strong></span> <span class='ocrx_word' id='word_1_260' title='bbox 866 2107 1192 2167; x_wconf 89' lang='lat' dir='ltr'><strong>acceperunt</strong></span> <span class='ocrx_word' id='word_1_261' title='bbox 1209 2114 1427 2164; x_wconf 85' lang='lat' dir='ltr'><strong>uxores.</strong></span> <span class='ocrx_word' id='word_1_262' title='bbox 1448 2099 1724 2157; x_wconf 86' lang='lat' dir='ltr'><strong>Abraham</strong></span> <span class='ocrx_word' id='word_1_263' title='bbox 1741 2100 1915 2168; x_wconf 79' lang='lat' dir='ltr'><strong>Sarni,</strong></span> 
     </span>
    </p>
   </div>
   <div class='ocr_carea' id='block_1_38' title="bbox 342 2186 1921 2263">
    <p class='ocr_par' dir='ltr' id='par_1_38' title="bbox 342 2186 1921 2263">
     <span class='ocr_line' id='line_1_38' title="bbox 342 2186 1921 2263; baseline 0.005 -21"><span class='ocrx_word' id='word_1_264' title='bbox 342 2197 398 2243; x_wconf 92' lang='lat' dir='ltr'><strong>et</strong></span> <span class='ocrx_word' id='word_1_265' title='bbox 421 2187 634 2243; x_wconf 86' lang='lat' dir='ltr'><strong>Nachor</strong></span> <span class='ocrx_word' id='word_1_266' title='bbox 670 2186 955 2244; x_wconf 88' lang='lat' dir='ltr'><strong>Melcham.</strong></span> <span class='ocrx_word' id='word_1_267' title='bbox 996 2189 1235 2246; x_wconf 87' lang='lat' dir='ltr'><strong>Necdum</strong></span> <span class='ocrx_word' id='word_1_268' title='bbox 1264 2207 1395 2248; x_wconf 90' lang='lat' dir='ltr'><strong>vero</strong></span> <span class='ocrx_word' id='word_1_269' title='bbox 1423 2192 1567 2248; x_wconf 91' lang='lat' dir='ltr'><strong>inter</strong></span> <span class='ocrx_word' id='word_1_270' title='bbox 1604 2202 1825 2263; x_wconf 86' lang='lat' dir='ltr'><strong>patruos</strong></span> <span class='ocrx_word' id='word_1_271' title='bbox 1864 2203 1921 2251; x_wconf 88' lang='lat' dir='ltr'><strong>et</strong></span> 
     </span>
    </p>
   </div>
   <div class='ocr_carea' id='block_1_39' title="bbox 346 2277 1599 2353">
    <p class='ocr_par' dir='ltr' id='par_1_39' title="bbox 346 2277 1599 2353">
     <span class='ocr_line' id='line_1_39' title="bbox 346 2277 1599 2353; baseline 0.006 -22"><span class='ocrx_word' id='word_1_272' title='bbox 346 2278 575 2334; x_wconf 80' lang='lat' dir='ltr'><strong>fratrum</strong></span> <span class='ocrx_word' id='word_1_273' title='bbox 598 2277 738 2335; x_wconf 82' lang='lat' dir='ltr'><strong>ﬁlios</strong></span> <span class='ocrx_word' id='word_1_274' title='bbox 764 2280 963 2351; x_wconf 70' lang='lat' dir='ltr'><strong>nuptim</strong></span> <span class='ocrx_word' id='word_1_275' title='bbox 992 2279 1108 2353; x_wconf 89' lang='lat' dir='ltr'><strong>lege</strong></span> <span class='ocrx_word' id='word_1_276' title='bbox 1140 2282 1427 2352; x_wconf 61' lang='lat' dir='ltr'><strong>prohibita:</strong></span> <span class='ocrx_word' id='word_1_277' title='bbox 1453 2291 1599 2339; x_wconf 91' lang='lat' dir='ltr'><strong>sunt.</strong></span> 
     </span>
    </p>
   </div>
   <div class='ocr_carea' id='block_1_40' title="bbox 938 2391 1317 2450">
    <p class='ocr_par' dir='ltr' id='par_1_40' title="bbox 938 2391 1317 2450">
     <span class='ocr_line' id='line_1_40' title="bbox 938 2391 1317 2450; baseline 0.003 -3"><span class='ocrx_word' id='word_1_278' title='bbox 938 2391 1165 2450; x_wconf 81' lang='lat' dir='ltr'><strong>CAPUT</strong></span> <span class='ocrx_word' id='word_1_279' title='bbox 1203 2392 1317 2450; x_wconf 81' lang='lat' dir='ltr'><strong>XL.</strong></span> 
     </span>
    </p>
   </div>
   <div class='ocr_carea' id='block_1_41' title="bbox 348 2480 1920 2555">
    <p class='ocr_par' dir='ltr' id='par_1_41' title="bbox 348 2480 1920 2555">
     <span class='ocr_line' id='line_1_41' title="bbox 348 2480 1920 2555; baseline 0.006 -21"><span class='ocrx_word' id='word_1_280' title='bbox 348 2480 618 2546; x_wconf 79' lang='lat' dir='ltr'><strong>Quomodo</strong></span> <span class='ocrx_word' id='word_1_281' title='bbox 645 2480 806 2555; x_wconf 84' lang='lat' dir='ltr'><strong>Sara,</strong></span> <span class='ocrx_word' id='word_1_282' title='bbox 823 2497 954 2555; x_wconf 86' lang='lat' dir='ltr'><strong>_eum</strong></span> <span class='ocrx_word' id='word_1_283' title='bbox 980 2500 1014 2536; x_wconf 93' lang='lat' dir='ltr'><strong>a</strong></span> <span class='ocrx_word' id='word_1_284' title='bbox 1053 2480 1333 2538; x_wconf 78' lang='lat' dir='ltr'><strong>Pharaone</strong></span> <span class='ocrx_word' id='word_1_285' title='bbox 1354 2495 1503 2555; x_wconf 77' lang='lat' dir='ltr'><strong>rapta</strong></span> <span class='ocrx_word' id='word_1_286' title='bbox 1526 2486 1685 2555; x_wconf 78' lang='lat' dir='ltr'><strong>fuerit</strong></span> <span class='ocrx_word' id='word_1_287' title='bbox 1707 2526 1723 2553; x_wconf 91' lang='lat'><strong>,</strong></span> <span class='ocrx_word' id='word_1_288' title='bbox 1752 2486 1820 2542; x_wconf 81' lang='lat' dir='ltr'><strong>ab</strong></span> <span class='ocrx_word' id='word_1_289' title='bbox 1857 2502 1920 2542; x_wconf 83' lang='lat' dir='ltr'><strong>eo</strong></span> 
     </span>
    </p>
   </div>
   <div class='ocr_carea' id='block_1_42' title="bbox 732 2550 1528 2609">
    <p class='ocr_par' dir='ltr' id='par_1_42' title="bbox 732 2550 1528 2609">
     <span class='ocr_line' id='line_1_42' title="bbox 732 2550 1528 2609; baseline 0.005 -5"><span class='ocrx_word' id='word_1_290' title='bbox 732 2550 924 2604; x_wconf 77' lang='lat' dir='ltr'><strong>violata</strong></span> <span class='ocrx_word' id='word_1_291' title='bbox 968 2567 1079 2605; x_wconf 74' lang='lat' dir='ltr'><strong>esse</strong></span> <span class='ocrx_word' id='word_1_292' title='bbox 1122 2567 1225 2606; x_wconf 85' lang='lat' dir='ltr'><strong>non</strong></span> <span class='ocrx_word' id='word_1_293' title='bbox 1262 2550 1528 2609; x_wconf 79' lang='lat' dir='ltr'><strong>credatur.</strong></span> 
     </span>
    </p>
   </div>
   <div class='ocr_carea' id='block_1_43' title="bbox 415 2638 1921 2717">
    <p class='ocr_par' dir='ltr' id='par_1_43' title="bbox 415 2638 1921 2717">
     <span class='ocr_line' id='line_1_43' title="bbox 415 2638 1921 2717; baseline 0.005 -24"><span class='ocrx_word' id='word_1_294' title='bbox 415 2638 688 2707; x_wconf 57' lang='lat' dir='ltr'><strong>Quaeritur</strong></span> <span class='ocrx_word' id='word_1_295' title='bbox 711 2641 995 2711; x_wconf 89' lang='lat' dir='ltr'><strong>quomodo</strong></span> <span class='ocrx_word' id='word_1_296' title='bbox 1025 2640 1179 2708; x_wconf 87' lang='lat' dir='ltr'><strong>Sara,</strong></span> <span class='ocrx_word' id='word_1_297' title='bbox 1217 2657 1340 2697; x_wconf 90' lang='lat' dir='ltr'><strong>cum</strong></span> <span class='ocrx_word' id='word_1_298' title='bbox 1373 2658 1407 2699; x_wconf 89' lang='lat' dir='ltr'><strong>a</strong></span> <span class='ocrx_word' id='word_1_299' title='bbox 1448 2642 1730 2702; x_wconf 87' lang='lat' dir='ltr'><strong>Pharaone</strong></span> <span class='ocrx_word' id='word_1_300' title='bbox 1767 2657 1921 2717; x_wconf 88' lang='lat' dir='ltr'><strong>rapta</strong></span> 
     </span>
    </p>
   </div>
   <div class='ocr_carea' id='block_1_44' title="bbox 348 2730 1922 2809">
    <p class='ocr_par' dir='ltr' id='par_1_44' title="bbox 348 2730 1922 2809">
     <span class='ocr_line' id='line_1_44' title="bbox 348 2730 1922 2809; baseline 0.006 -25"><span class='ocrx_word' id='word_1_301' title='bbox 348 2730 540 2799; x_wconf 87' lang='lat' dir='ltr'><strong>fuerit,</strong></span> <span class='ocrx_word' id='word_1_302' title='bbox 585 2732 653 2787; x_wconf 92' lang='lat' dir='ltr'><strong>ab</strong></span> <span class='ocrx_word' id='word_1_303' title='bbox 696 2746 761 2787; x_wconf 92' lang='lat' dir='ltr'><strong>eo</strong></span> <span class='ocrx_word' id='word_1_304' title='bbox 800 2730 994 2788; x_wconf 91' lang='lat' dir='ltr'><strong>violata</strong></span> <span class='ocrx_word' id='word_1_305' title='bbox 1028 2747 1148 2788; x_wconf 88' lang='lat' dir='ltr'><strong>esse</strong></span> <span class='ocrx_word' id='word_1_306' title='bbox 1188 2748 1298 2789; x_wconf 87' lang='lat' dir='ltr'><strong>non</strong></span> <span class='ocrx_word' id='word_1_307' title='bbox 1333 2734 1614 2802; x_wconf 87' lang='lat' dir='ltr'><strong>credatur,</strong></span> <span class='ocrx_word' id='word_1_308' title='bbox 1647 2737 1751 2793; x_wconf 91' lang='lat' dir='ltr'><strong>nisi</strong></span> <span class='ocrx_word' id='word_1_309' title='bbox 1793 2739 1922 2809; x_wconf 89' lang='lat' dir='ltr'><strong>quia</strong></span> 
     </span>
    </p>
   </div>
   <div class='ocr_carea' id='block_1_45' title="bbox 342 2822 1923 2897">
    <p class='ocr_par' dir='ltr' id='par_1_45' title="bbox 342 2822 1923 2897">
     <span class='ocr_line' id='line_1_45' title="bbox 342 2822 1923 2897; baseline 0.003 -19"><span class='ocrx_word' id='word_1_310' title='bbox 342 2822 495 2893; x_wconf 87' lang='lat' dir='ltr'><strong>juxta</strong></span> <span class='ocrx_word' id='word_1_311' title='bbox 527 2822 724 2879; x_wconf 86' lang='lat' dir='ltr'><strong>librum</strong></span> <span class='ocrx_word' id='word_1_312' title='bbox 746 2822 942 2879; x_wconf 85' lang='lat' dir='ltr'><strong>Hester</strong></span> <span class='ocrx_word' id='word_1_313' title='bbox 961 2838 1295 2896; x_wconf 68' lang='lat' dir='ltr'><strong>quaecunque</strong></span> <span class='ocrx_word' id='word_1_314' title='bbox 1317 2824 1603 2880; x_wconf 88' lang='lat' dir='ltr'><strong>mulierum</strong></span> <span class='ocrx_word' id='word_1_315' title='bbox 1629 2826 1923 2897; x_wconf 89' lang='lat' dir='ltr'><strong>placuisset</strong></span> 
     </span>
    </p>
   </div>
   <div class='ocr_carea' id='block_1_46' title="bbox 347 2914 1923 2990">
    <p class='ocr_par' dir='ltr' id='par_1_46' title="bbox 347 2914 1923 2990">
     <span class='ocr_line' id='line_1_46' title="bbox 347 2914 1923 2990; baseline 0.004 -21"><span class='ocrx_word' id='word_1_316' title='bbox 347 2914 461 2986; x_wconf 90' lang='lat' dir='ltr'><strong>regi</strong></span> <span class='ocrx_word' id='word_1_317' title='bbox 508 2916 649 2986; x_wconf 90' lang='lat' dir='ltr'><strong>apud</strong></span> <span class='ocrx_word' id='word_1_318' title='bbox 694 2923 906 2972; x_wconf 82' lang='lat' dir='ltr'><strong>veteres</strong></span> <span class='ocrx_word' id='word_1_319' title='bbox 928 2957 944 2981; x_wconf 91' lang='lat'><strong>,</strong></span> <span class='ocrx_word' id='word_1_320' title='bbox 994 2931 1092 2972; x_wconf 91' lang='lat' dir='ltr'><strong>sex</strong></span> <span class='ocrx_word' id='word_1_321' title='bbox 1141 2917 1415 2973; x_wconf 87' lang='lat' dir='ltr'><strong>mensibus</strong></span> <span class='ocrx_word' id='word_1_322' title='bbox 1464 2917 1765 2990; x_wconf 77' lang='lat' dir='ltr'><strong>uagabatur</strong></span> <span class='ocrx_word' id='word_1_323' title='bbox 1801 2918 1923 2983; x_wconf 84' lang='lat' dir='ltr'><strong>oleo</strong></span> 
     </span>
    </p>
   </div>
   <div class='ocr_carea' id='block_1_47' title="bbox 348 3007 1924 3079">
    <p class='ocr_par' dir='ltr' id='par_1_47' title="bbox 348 3007 1924 3079">
     <span class='ocr_line' id='line_1_47' title="bbox 348 3007 1924 3079; baseline 0.006 -22"><span class='ocrx_word' id='word_1_324' title='bbox 348 3011 587 3073; x_wconf 85' lang='lat' dir='ltr'><strong>myrteo,</strong></span> <span class='ocrx_word' id='word_1_325' title='bbox 614 3011 667 3059; x_wconf 89' lang='lat' dir='ltr'><strong>et</strong></span> <span class='ocrx_word' id='word_1_326' title='bbox 698 3020 792 3061; x_wconf 86' lang='lat' dir='ltr'><strong>sex</strong></span> <span class='ocrx_word' id='word_1_327' title='bbox 816 3007 1095 3062; x_wconf 87' lang='lat' dir='ltr'><strong>mensibus</strong></span> <span class='ocrx_word' id='word_1_328' title='bbox 1120 3008 1174 3062; x_wconf 89' lang='lat' dir='ltr'><strong>in</strong></span> <span class='ocrx_word' id='word_1_329' title='bbox 1212 3009 1501 3079; x_wconf 88' lang='lat' dir='ltr'><strong>pigmentis</strong></span> <span class='ocrx_word' id='word_1_330' title='bbox 1531 3010 1698 3065; x_wconf 91' lang='lat' dir='ltr'><strong>variis</strong></span> <span class='ocrx_word' id='word_1_331' title='bbox 1720 3018 1839 3066; x_wconf 91' lang='lat' dir='ltr'><strong>erat</strong></span> <span class='ocrx_word' id='word_1_332' title='bbox 1867 3018 1924 3066; x_wconf 89' lang='lat' dir='ltr'><strong>et</strong></span> 
     </span>
    </p>
   </div>
   <div class='ocr_carea' id='block_1_48' title="bbox 350 3092 1924 3173">
    <p class='ocr_par' dir='ltr' id='par_1_48' title="bbox 350 3092 1924 3173">
     <span class='ocr_line' id='line_1_48' title="bbox 350 3092 1924 3173; baseline 0.01 -29"><span class='ocrx_word' id='word_1_333' title='bbox 350 3092 719 3148; x_wconf 85' lang='lat' dir='ltr'><strong>curationibus</strong></span> <span class='ocrx_word' id='word_1_334' title='bbox 747 3095 1090 3161; x_wconf 84' lang='lat' dir='ltr'><strong>feminarum,</strong></span> <span class='ocrx_word' id='word_1_335' title='bbox 1118 3105 1173 3151; x_wconf 90' lang='lat' dir='ltr'><strong>et</strong></span> <span class='ocrx_word' id='word_1_336' title='bbox 1196 3107 1322 3153; x_wconf 90' lang='lat' dir='ltr'><strong>tunc</strong></span> <span class='ocrx_word' id='word_1_337' title='bbox 1343 3099 1560 3154; x_wconf 90' lang='lat' dir='ltr'><strong>demum</strong></span> <span class='ocrx_word' id='word_1_338' title='bbox 1584 3101 1924 3173; x_wconf 85' lang='lat' dir='ltr'><strong>ingredieba-</strong></span> 
     </span>
    </p>
   </div>
   <div class='ocr_carea' id='block_1_49' title="bbox 2019 1908 3601 1979">
    <p class='ocr_par' dir='ltr' id='par_1_49' title="bbox 2019 1908 3601 1979">
     <span class='ocr_line' id='line_1_49' title="bbox 2019 1908 3601 1979; baseline 0 -15"><span class='ocrx_word' id='word_1_339' title='bbox 2019 1910 2165 1973; x_wconf 90' lang='lat' dir='ltr'><strong>Sem,</strong></span> <span class='ocrx_word' id='word_1_340' title='bbox 2190 1909 2510 1977; x_wconf 87' lang='lat' dir='ltr'><strong>abnepotem</strong></span> <span class='ocrx_word' id='word_1_341' title='bbox 2535 1923 2713 1973; x_wconf 84' lang='lat' dir='ltr'><strong>suum,</strong></span> <span class='ocrx_word' id='word_1_342' title='bbox 2734 1908 3006 1963; x_wconf 82' lang='lat' dir='ltr'><strong>Abraham</strong></span> <span class='ocrx_word' id='word_1_343' title='bbox 3035 1908 3399 1979; x_wconf 87' lang='lat' dir='ltr'><strong>supervixisse</strong></span> <span class='ocrx_word' id='word_1_344' title='bbox 3428 1924 3601 1965; x_wconf 91' lang='lat' dir='ltr'><strong>annos</strong></span> 
     </span>
    </p>
   </div>
   <div class='ocr_carea' id='block_1_50' title="bbox 2018 1996 3598 2068">
    <p class='ocr_par' dir='ltr' id='par_1_50' title="bbox 2018 1996 3598 2068">
     <span class='ocr_line' id='line_1_50' title="bbox 2018 1996 3598 2068; baseline -0.001 -14"><span class='ocrx_word' id='word_1_345' title='bbox 2018 1997 2110 2066; x_wconf 75' lang='lat'><strong>55,</strong></span> <span class='ocrx_word' id='word_1_346' title='bbox 2152 1998 2417 2067; x_wconf 90' lang='lat' dir='ltr'><strong>simulque</strong></span> <span class='ocrx_word' id='word_1_347' title='bbox 2460 1997 2527 2053; x_wconf 92' lang='lat' dir='ltr'><strong>de</strong></span> <span class='ocrx_word' id='word_1_348' title='bbox 2554 1996 2655 2052; x_wconf 90' lang='lat' dir='ltr'><strong>hoc</strong></span> <span class='ocrx_word' id='word_1_349' title='bbox 2693 1997 2912 2052; x_wconf 89' lang='lat' dir='ltr'><strong>tradunt</strong></span> <span class='ocrx_word' id='word_1_350' title='bbox 2938 2010 3106 2068; x_wconf 88' lang='lat' dir='ltr'><strong>usque</strong></span> <span class='ocrx_word' id='word_1_351' title='bbox 3140 1998 3205 2052; x_wconf 90' lang='lat' dir='ltr'><strong>ad</strong></span> <span class='ocrx_word' id='word_1_352' title='bbox 3235 1998 3598 2053; x_wconf 83' lang='lat' dir='ltr'><strong>sacerdotium</strong></span> 
     </span>
    </p>
   </div>
   <div class='ocr_carea' id='block_1_51' title="bbox 2017 2087 3601 2161">
    <p class='ocr_par' dir='ltr' id='par_1_51' title="bbox 2017 2087 3601 2161">
     <span class='ocr_line' id='line_1_51' title="bbox 2017 2087 3601 2161; baseline 0 -16"><span class='ocrx_word' id='word_1_353' title='bbox 2017 2090 2223 2156; x_wconf 86' lang='lat' dir='ltr'><strong>Aaron,</strong></span> <span class='ocrx_word' id='word_1_354' title='bbox 2251 2104 2441 2145; x_wconf 89' lang='lat' dir='ltr'><strong>omnes</strong></span> <span class='ocrx_word' id='word_1_355' title='bbox 2462 2089 2850 2161; x_wconf 90' lang='lat' dir='ltr'><strong>primogenitos</strong></span> <span class='ocrx_word' id='word_1_356' title='bbox 2868 2087 3036 2143; x_wconf 90' lang='lat' dir='ltr'><strong>fuisse</strong></span> <span class='ocrx_word' id='word_1_357' title='bbox 3057 2088 3389 2161; x_wconf 66' lang='lat' dir='ltr'><strong>sacerdotes,</strong></span> <span class='ocrx_word' id='word_1_358' title='bbox 3411 2096 3467 2143; x_wconf 91' lang='lat' dir='ltr'><strong>et</strong></span> <span class='ocrx_word' id='word_1_359' title='bbox 3490 2090 3601 2145; x_wconf 89' lang='lat' dir='ltr'><strong>Deo</strong></span> 
     </span>
    </p>
   </div>
   <div class='ocr_carea' id='block_1_52' title="bbox 2017 2179 3601 2250">
    <p class='ocr_par' dir='ltr' id='par_1_52' title="bbox 2017 2179 3601 2250">
     <span class='ocr_line' id='line_1_52' title="bbox 2017 2179 3601 2250; baseline -0.002 -13"><span class='ocrx_word' id='word_1_360' title='bbox 2017 2182 2267 2239; x_wconf 88' lang='lat' dir='ltr'><strong>victimas</strong></span> <span class='ocrx_word' id='word_1_361' title='bbox 2296 2181 2603 2236; x_wconf 88' lang='lat' dir='ltr'><strong>immolasse</strong></span> <span class='ocrx_word' id='word_1_362' title='bbox 2625 2220 2640 2246; x_wconf 92' lang='lat'><strong>,</strong></span> <span class='ocrx_word' id='word_1_363' title='bbox 2687 2188 2744 2236; x_wconf 93' lang='lat' dir='ltr'><strong>et</strong></span> <span class='ocrx_word' id='word_1_364' title='bbox 2789 2179 2907 2235; x_wconf 76' lang='lat' dir='ltr'><strong>haec</strong></span> <span class='ocrx_word' id='word_1_365' title='bbox 2931 2194 3050 2235; x_wconf 91' lang='lat' dir='ltr'><strong>esse</strong></span> <span class='ocrx_word' id='word_1_366' title='bbox 3078 2179 3441 2250; x_wconf 89' lang='lat' dir='ltr'><strong>primogenita</strong></span> <span class='ocrx_word' id='word_1_367' title='bbox 3481 2194 3601 2248; x_wconf 73' lang='lat' dir='ltr'><strong>qua:</strong></span> 
     </span>
    </p>
   </div>
   <div class='ocr_carea' id='block_1_53' title="bbox 2018 2267 3601 2329">
    <p class='ocr_par' dir='ltr' id='par_1_53' title="bbox 2018 2267 3601 2329">
     <span class='ocr_line' id='line_1_53' title="bbox 2018 2267 3601 2329; baseline -0.005 0"><span class='ocrx_word' id='word_1_368' title='bbox 2018 2273 2160 2329; x_wconf 85' lang='lat' dir='ltr'><strong>Esau</strong></span> <span class='ocrx_word' id='word_1_369' title='bbox 2188 2272 2343 2326; x_wconf 84' lang='lat' dir='ltr'><strong>fratri</strong></span> <span class='ocrx_word' id='word_1_370' title='bbox 2372 2286 2470 2327; x_wconf 91' lang='lat' dir='ltr'><strong>suo</strong></span> <span class='ocrx_word' id='word_1_371' title='bbox 2491 2269 2792 2326; x_wconf 87' lang='lat' dir='ltr'><strong>vendiderit</strong></span> <span class='ocrx_word' id='word_1_372' title='bbox 2822 2267 3007 2324; x_wconf 83' lang='lat' dir='ltr'><strong>Jacob.</strong></span> <span class='ocrx_word' id='word_1_373' title='bbox 3038 2267 3149 2323; x_wconf 82' lang='lat' dir='ltr'><strong>Nec</strong></span> <span class='ocrx_word' id='word_1_374' title='bbox 3177 2280 3299 2322; x_wconf 88' lang='lat' dir='ltr'><strong>esse</strong></span> <span class='ocrx_word' id='word_1_375' title='bbox 3332 2268 3531 2321; x_wconf 91' lang='lat' dir='ltr'><strong>mirum</strong></span> <span class='ocrx_word' id='word_1_376' title='bbox 3556 2269 3601 2322; x_wconf 88' lang='lat' dir='ltr'><strong>si</strong></span> 
     </span>
    </p>
   </div>
   <div class='ocr_carea' id='block_1_54' title="bbox 2022 2359 3603 2429">
    <p class='ocr_par' dir='ltr' id='par_1_54' title="bbox 2022 2359 3603 2429">
     <span class='ocr_line' id='line_1_54' title="bbox 2022 2359 3603 2429; baseline -0.004 -11"><span class='ocrx_word' id='word_1_377' title='bbox 2022 2363 2416 2419; x_wconf 82' lang='lat' dir='ltr'><strong>Melchisedech</strong></span> <span class='ocrx_word' id='word_1_378' title='bbox 2458 2361 2652 2417; x_wconf 84' lang='lat' dir='ltr'><strong>victori</strong></span> <span class='ocrx_word' id='word_1_379' title='bbox 2681 2360 2951 2415; x_wconf 89' lang='lat' dir='ltr'><strong>Abraham</strong></span> <span class='ocrx_word' id='word_1_380' title='bbox 2991 2359 3204 2414; x_wconf 90' lang='lat' dir='ltr'><strong>obviam</strong></span> <span class='ocrx_word' id='word_1_381' title='bbox 3251 2363 3603 2429; x_wconf 84' lang='lat' dir='ltr'><strong>processerit,</strong></span> 
     </span>
    </p>
   </div>
   <div class='ocr_carea' id='block_1_55' title="bbox 2018 2448 3600 2521">
    <p class='ocr_par' dir='ltr' id='par_1_55' title="bbox 2018 2448 3600 2521">
     <span class='ocr_line' id='line_1_55' title="bbox 2018 2448 3600 2521; baseline -0.004 -11"><span class='ocrx_word' id='word_1_382' title='bbox 2018 2462 2073 2521; x_wconf 87' lang='lat' dir='ltr'><strong>et</strong></span> <span class='ocrx_word' id='word_1_383' title='bbox 2100 2454 2156 2508; x_wconf 92' lang='lat' dir='ltr'><strong>in</strong></span> <span class='ocrx_word' id='word_1_384' title='bbox 2184 2450 2529 2508; x_wconf 84' lang='lat' dir='ltr'><strong>refectionem</strong></span> <span class='ocrx_word' id='word_1_385' title='bbox 2560 2460 2670 2507; x_wconf 91' lang='lat' dir='ltr'><strong>tam</strong></span> <span class='ocrx_word' id='word_1_386' title='bbox 2700 2451 2870 2521; x_wconf 90' lang='lat' dir='ltr'><strong>ipsius</strong></span> <span class='ocrx_word' id='word_1_387' title='bbox 2897 2465 3056 2521; x_wconf 89' lang='lat' dir='ltr'><strong>quam</strong></span> <span class='ocrx_word' id='word_1_388' title='bbox 3086 2457 3451 2521; x_wconf 88' lang='lat' dir='ltr'><strong>pugnatorum</strong></span> <span class='ocrx_word' id='word_1_389' title='bbox 3480 2448 3600 2518; x_wconf 83' lang='lat' dir='ltr'><strong>ejus</strong></span> 
     </span>
    </p>
   </div>
   <div class='ocr_carea' id='block_1_56' title="bbox 2018 2538 3598 2617">
    <p class='ocr_par' dir='ltr' id='par_1_56' title="bbox 2018 2538 3598 2617">
     <span class='ocr_line' id='line_1_56' title="bbox 2018 2538 3598 2617; baseline -0.004 -20"><span class='ocrx_word' id='word_1_390' title='bbox 2018 2558 2215 2617; x_wconf 75' lang='lat' dir='ltr'><strong>panem</strong></span> <span class='ocrx_word' id='word_1_391' title='bbox 2252 2542 2543 2612; x_wconf 90' lang='lat' dir='ltr'><strong>vinumque</strong></span> <span class='ocrx_word' id='word_1_392' title='bbox 2568 2540 2954 2612; x_wconf 79' lang='lat' dir='ltr'><strong>protulerit,et</strong></span> <span class='ocrx_word' id='word_1_393' title='bbox 2980 2538 3319 2594; x_wconf 84' lang='lat' dir='ltr'><strong>benedixerit</strong></span> <span class='ocrx_word' id='word_1_394' title='bbox 3362 2538 3412 2592; x_wconf 88' lang='lat' dir='ltr'><strong>ei</strong></span> <span class='ocrx_word' id='word_1_395' title='bbox 3434 2578 3450 2603; x_wconf 95' lang='lat'><strong>,</strong></span> <span class='ocrx_word' id='word_1_396' title='bbox 3476 2553 3598 2593; x_wconf 90' lang='lat' dir='ltr'><strong>cum</strong></span> 
     </span>
    </p>
   </div>
   <div class='ocr_carea' id='block_1_57' title="bbox 2020 2633 3601 2712">
    <p class='ocr_par' dir='ltr' id='par_1_57' title="bbox 2020 2633 3601 2712">
     <span class='ocr_line' id='line_1_57' title="bbox 2020 2633 3601 2712; baseline -0.007 -16"><span class='ocrx_word' id='word_1_397' title='bbox 2020 2641 2273 2712; x_wconf 88' lang='lat' dir='ltr'><strong>abnepoti</strong></span> <span class='ocrx_word' id='word_1_398' title='bbox 2327 2656 2426 2696; x_wconf 86' lang='lat' dir='ltr'><strong>suo</strong></span> <span class='ocrx_word' id='word_1_399' title='bbox 2450 2640 2555 2703; x_wconf 84' lang='lat' dir='ltr'><strong>hoc</strong></span> <span class='ocrx_word' id='word_1_400' title='bbox 2591 2637 2714 2708; x_wconf 90' lang='lat' dir='ltr'><strong>jure</strong></span> <span class='ocrx_word' id='word_1_401' title='bbox 2742 2637 2989 2700; x_wconf 86' lang='lat' dir='ltr'><strong>deberet,</strong></span> <span class='ocrx_word' id='word_1_402' title='bbox 3035 2642 3092 2690; x_wconf 91' lang='lat' dir='ltr'><strong>et</strong></span> <span class='ocrx_word' id='word_1_403' title='bbox 3118 2634 3360 2689; x_wconf 89' lang='lat' dir='ltr'><strong>decimas</strong></span> <span class='ocrx_word' id='word_1_404' title='bbox 3403 2633 3601 2703; x_wconf 57' lang='lat' dir='ltr'><strong>praeda:</strong></span> 
     </span>
    </p>
   </div>
   <div class='ocr_carea' id='block_1_58' title="bbox 2022 2725 3601 2804">
    <p class='ocr_par' dir='ltr' id='par_1_58' title="bbox 2022 2725 3601 2804">
     <span class='ocr_line' id='line_1_58' title="bbox 2022 2725 3601 2804; baseline -0.008 -16"><span class='ocrx_word' id='word_1_405' title='bbox 2022 2743 2187 2804; x_wconf 87' lang='lat' dir='ltr'><strong>atque</strong></span> <span class='ocrx_word' id='word_1_406' title='bbox 2230 2731 2468 2787; x_wconf 70' lang='lat' dir='ltr'><strong>victoriae</strong></span> <span class='ocrx_word' id='word_1_407' title='bbox 2498 2730 2769 2801; x_wconf 87' lang='lat' dir='ltr'><strong>acceperit</strong></span> <span class='ocrx_word' id='word_1_408' title='bbox 2789 2729 2856 2783; x_wconf 91' lang='lat' dir='ltr'><strong>ab</strong></span> <span class='ocrx_word' id='word_1_409' title='bbox 2884 2742 2970 2791; x_wconf 89' lang='lat' dir='ltr'><strong>eo,</strong></span> <span class='ocrx_word' id='word_1_410' title='bbox 3001 2727 3147 2792; x_wconf 86' lang='lat' dir='ltr'><strong>sive,</strong></span> <span class='ocrx_word' id='word_1_411' title='bbox 3176 2726 3321 2795; x_wconf 88' lang='lat' dir='ltr'><strong>quod</strong></span> <span class='ocrx_word' id='word_1_412' title='bbox 3370 2725 3601 2779; x_wconf 84' lang='lat' dir='ltr'><strong>habetur</strong></span> 
     </span>
    </p>
   </div>
   <div class='ocr_carea' id='block_1_59' title="bbox 2021 2813 3601 2893">
    <p class='ocr_par' dir='ltr' id='par_1_59' title="bbox 2021 2813 3601 2893">
     <span class='ocr_line' id='line_1_59' title="bbox 2021 2813 3601 2893; baseline -0.007 -16"><span class='ocrx_word' id='word_1_413' title='bbox 2021 2822 2331 2893; x_wconf 88' lang='lat' dir='ltr'><strong>ambiguum</strong></span> <span class='ocrx_word' id='word_1_414' title='bbox 2356 2860 2372 2887; x_wconf 93' lang='lat'><strong>,</strong></span> <span class='ocrx_word' id='word_1_415' title='bbox 2412 2836 2482 2875; x_wconf 91' lang='lat' dir='ltr'><strong>an</strong></span> <span class='ocrx_word' id='word_1_416' title='bbox 2513 2819 2630 2891; x_wconf 88' lang='lat' dir='ltr'><strong>ipse</strong></span> <span class='ocrx_word' id='word_1_417' title='bbox 2663 2818 2868 2874; x_wconf 89' lang='lat' dir='ltr'><strong>dederit</strong></span> <span class='ocrx_word' id='word_1_418' title='bbox 2908 2816 2958 2871; x_wconf 90' lang='lat' dir='ltr'><strong>ei</strong></span> <span class='ocrx_word' id='word_1_419' title='bbox 3000 2816 3240 2871; x_wconf 86' lang='lat' dir='ltr'><strong>decimas</strong></span> <span class='ocrx_word' id='word_1_420' title='bbox 3279 2813 3601 2869; x_wconf 73' lang='lat' dir='ltr'><strong>substantia:</strong></span> 
     </span>
    </p>
   </div>
   <div class='ocr_carea' id='block_1_60' title="bbox 2021 2907 3596 2982">
    <p class='ocr_par' dir='ltr' id='par_1_60' title="bbox 2021 2907 3596 2982">
     <span class='ocr_line' id='line_1_60' title="bbox 2021 2907 3596 2982; baseline -0.007 -13"><span class='ocrx_word' id='word_1_421' title='bbox 2021 2929 2152 2979; x_wconf 71' lang='lat' dir='ltr'><strong>sine,</strong></span> <span class='ocrx_word' id='word_1_422' title='bbox 2177 2922 2233 2968; x_wconf 91' lang='lat' dir='ltr'><strong>et</strong></span> <span class='ocrx_word' id='word_1_423' title='bbox 2272 2911 2513 2969; x_wconf 89' lang='lat' dir='ltr'><strong>habitam</strong></span> <span class='ocrx_word' id='word_1_424' title='bbox 2550 2911 2853 2982; x_wconf 88' lang='lat' dir='ltr'><strong>largitatem</strong></span> <span class='ocrx_word' id='word_1_425' title='bbox 2904 2908 3192 2964; x_wconf 89' lang='lat' dir='ltr'><strong>ostenderit</strong></span> <span class='ocrx_word' id='word_1_426' title='bbox 3234 2907 3289 2961; x_wconf 93' lang='lat' dir='ltr'><strong>in</strong></span> <span class='ocrx_word' id='word_1_427' title='bbox 3322 2914 3596 2977; x_wconf 80' lang='lat' dir='ltr'><strong>nepotem.</strong></span> 
     </span>
    </p>
   </div>
   <div class='ocr_carea' id='block_1_61' title="bbox 2025 2996 3599 3074">
    <p class='ocr_par' dir='ltr' id='par_1_61' title="bbox 2025 2996 3599 3074">
     <span class='ocr_line' id='line_1_61' title="bbox 2025 2996 3599 3074; baseline -0.007 -15"><span class='ocrx_word' id='word_1_428' title='bbox 2025 3003 2327 3074; x_wconf 86' lang='lat' dir='ltr'><strong>Utrumque</strong></span> <span class='ocrx_word' id='word_1_429' title='bbox 2348 3002 2493 3062; x_wconf 82' lang='lat' dir='ltr'><strong>enim</strong></span> <span class='ocrx_word' id='word_1_430' title='bbox 2522 3000 2742 3072; x_wconf 90' lang='lat' dir='ltr'><strong>intelligi</strong></span> <span class='ocrx_word' id='word_1_431' title='bbox 2770 3006 2961 3070; x_wconf 91' lang='lat' dir='ltr'><strong>potest,</strong></span> <span class='ocrx_word' id='word_1_432' title='bbox 2992 3007 3047 3053; x_wconf 89' lang='lat' dir='ltr'><strong>et</strong></span> <span class='ocrx_word' id='word_1_433' title='bbox 3061 2996 3217 3067; x_wconf 88' lang='lat' dir='ltr'><strong>juxta</strong></span> <span class='ocrx_word' id='word_1_434' title='bbox 3238 2996 3599 3059; x_wconf 83' lang='lat' dir='ltr'><strong>Hebraicum,</strong></span> 
     </span>
    </p>
   </div>
   <div class='ocr_carea' id='block_1_62' title="bbox 2022 3085 3601 3164">
    <p class='ocr_par' dir='ltr' id='par_1_62' title="bbox 2022 3085 3601 3164">
     <span class='ocr_line' id='line_1_62' title="bbox 2022 3085 3601 3164; baseline -0.006 -16"><span class='ocrx_word' id='word_1_435' title='bbox 2022 3102 2078 3149; x_wconf 91' lang='lat' dir='ltr'><strong>et</strong></span> <span class='ocrx_word' id='word_1_436' title='bbox 2099 3094 2256 3164; x_wconf 82' lang='lat' dir='ltr'><strong>juxta</strong></span> <span class='ocrx_word' id='word_1_437' title='bbox 2281 3091 2425 3147; x_wconf 80' lang='lat' dir='ltr'><strong>LXX</strong></span> <span class='ocrx_word' id='word_1_438' title='bbox 2447 3092 2787 3162; x_wconf 88' lang='lat' dir='ltr'><strong>lnterpretes,</strong></span> <span class='ocrx_word' id='word_1_439' title='bbox 2817 3088 2958 3159; x_wconf 91' lang='lat' dir='ltr'><strong>quod</strong></span> <span class='ocrx_word' id='word_1_440' title='bbox 2983 3097 3038 3143; x_wconf 89' lang='lat' dir='ltr'><strong>et</strong></span> <span class='ocrx_word' id='word_1_441' title='bbox 3065 3088 3177 3158; x_wconf 86' lang='lat' dir='ltr'><strong>ipse</strong></span> <span class='ocrx_word' id='word_1_442' title='bbox 3205 3085 3476 3155; x_wconf 87' lang='lat' dir='ltr'><strong>acceperit</strong></span> <span class='ocrx_word' id='word_1_443' title='bbox 3501 3086 3601 3139; x_wconf 53' lang='lat' dir='ltr'><strong>de.</strong></span> 
     </span>
    </p>
   </div>
   <div class='ocr_carea' id='block_1_63' title="bbox 350 3176 3600 3261">
    <p class='ocr_par' dir='ltr' id='par_1_63' title="bbox 350 3176 3600 3261">
     <span class='ocr_line' id='line_1_63' title="bbox 350 3176 3600 3261; baseline -0.001 -27"><span class='ocrx_word' id='word_1_444' title='bbox 350 3189 437 3235; x_wconf 89' lang='lat' dir='ltr'><strong>tur</strong></span> <span class='ocrx_word' id='word_1_445' title='bbox 457 3181 524 3235; x_wconf 92' lang='lat' dir='ltr'><strong>ad</strong></span> <span class='ocrx_word' id='word_1_446' title='bbox 545 3196 744 3253; x_wconf 79' lang='lat' dir='ltr'><strong>regem.</strong></span> <span class='ocrx_word' id='word_1_447' title='bbox 767 3183 943 3254; x_wconf 86' lang='lat' dir='ltr'><strong>Atque</strong></span> <span class='ocrx_word' id='word_1_448' title='bbox 970 3185 1043 3239; x_wconf 90' lang='lat' dir='ltr'><strong>ita</strong></span> <span class='ocrx_word' id='word_1_449' title='bbox 1064 3195 1241 3255; x_wconf 90' lang='lat' dir='ltr'><strong>potest</strong></span> <span class='ocrx_word' id='word_1_450' title='bbox 1264 3187 1382 3243; x_wconf 85' lang='lat' dir='ltr'><strong>ﬁeri</strong></span> <span class='ocrx_word' id='word_1_451' title='bbox 1409 3197 1469 3243; x_wconf 91' lang='lat' dir='ltr'><strong>ut</strong></span> <span class='ocrx_word' id='word_1_452' title='bbox 1489 3189 1624 3245; x_wconf 89' lang='lat' dir='ltr'><strong>Sara</strong></span> <span class='ocrx_word' id='word_1_453' title='bbox 1637 3199 1921 3261; x_wconf 85' lang='lat' dir='ltr'><strong>postquam</strong></span> <span class='ocrx_word' id='word_1_454' title='bbox 1950 3188 1995 3251; x_wconf 75' lang='grc' dir='ltr'>ο</span> <span class='ocrx_word' id='word_1_455' title='bbox 2026 3183 2197 3238; x_wconf 89' lang='lat' dir='ltr'><strong>cimas</strong></span> <span class='ocrx_word' id='word_1_456' title='bbox 2246 3181 2560 3252; x_wconf 88' lang='lat' dir='ltr'><strong>spoliorum,</strong></span> <span class='ocrx_word' id='word_1_457' title='bbox 2600 3188 2655 3234; x_wconf 90' lang='lat' dir='ltr'><strong>et</strong></span> <span class='ocrx_word' id='word_1_458' title='bbox 2691 3177 2922 3233; x_wconf 70' lang='lat' dir='ltr'><strong>Abraha:</strong></span> <span class='ocrx_word' id='word_1_459' title='bbox 2956 3178 3163 3232; x_wconf 90' lang='lat' dir='ltr'><strong>dederit</strong></span> <span class='ocrx_word' id='word_1_460' title='bbox 3207 3176 3449 3231; x_wconf 89' lang='lat' dir='ltr'><strong>decimas</strong></span> <span class='ocrx_word' id='word_1_461' title='bbox 3475 3178 3600 3231; x_wconf 77' lang='lat' dir='ltr'><strong>sub-</strong></span> 
     </span>
    </p>
   </div>
   <div class='ocr_carea' id='block_1_64' title="bbox 351 3269 1919 3349">
    <p class='ocr_par' dir='ltr' id='par_1_64' title="bbox 351 3269 1919 3349">
     <span class='ocr_line' id='line_1_64' title="bbox 351 3269 1919 3349; baseline 0.009 -27"><span class='ocrx_word' id='word_1_462' title='bbox 351 3269 630 3338; x_wconf 84' lang='lat' dir='ltr'><strong>placuerat</strong></span> <span class='ocrx_word' id='word_1_463' title='bbox 657 3269 799 3340; x_wconf 88' lang='lat' dir='ltr'><strong>regi,</strong></span> <span class='ocrx_word' id='word_1_464' title='bbox 847 3279 903 3327; x_wconf 91' lang='lat' dir='ltr'><strong>et</strong></span> <span class='ocrx_word' id='word_1_465' title='bbox 927 3273 1053 3327; x_wconf 90' lang='lat' dir='ltr'><strong>dum</strong></span> <span class='ocrx_word' id='word_1_466' title='bbox 1081 3290 1178 3345; x_wconf 87' lang='lat' dir='ltr'><strong>per</strong></span> <span class='ocrx_word' id='word_1_467' title='bbox 1203 3290 1403 3331; x_wconf 88' lang='lat' dir='ltr'><strong>annum</strong></span> <span class='ocrx_word' id='word_1_468' title='bbox 1430 3278 1547 3349; x_wconf 89' lang='lat' dir='ltr'><strong>ejus</strong></span> <span class='ocrx_word' id='word_1_469' title='bbox 1578 3281 1919 3349; x_wconf 55' lang='lat' dir='ltr'><strong>praeparaba-</strong></span> 
     </span>
    </p>
   </div>
   <div class='ocr_carea' id='block_1_65' title="bbox 353 3356 1921 3431">
    <p class='ocr_par' dir='ltr' id='par_1_65' title="bbox 353 3356 1921 3431">
     <span class='ocr_line' id='line_1_65' title="bbox 353 3356 1921 3431; baseline 0.01 -21"><span class='ocrx_word' id='word_1_470' title='bbox 353 3366 440 3411; x_wconf 89' lang='lat' dir='ltr'><strong>tur</strong></span> <span class='ocrx_word' id='word_1_471' title='bbox 462 3356 713 3414; x_wconf 86' lang='lat' dir='ltr'><strong>introitus</strong></span> <span class='ocrx_word' id='word_1_472' title='bbox 738 3359 804 3414; x_wconf 92' lang='lat' dir='ltr'><strong>ad</strong></span> <span class='ocrx_word' id='word_1_473' title='bbox 831 3375 1034 3431; x_wconf 83' lang='lat' dir='ltr'><strong>regem,</strong></span> <span class='ocrx_word' id='word_1_474' title='bbox 1052 3363 1194 3431; x_wconf 90' lang='lat' dir='ltr'><strong>quod</strong></span> <span class='ocrx_word' id='word_1_475' title='bbox 1215 3364 1436 3420; x_wconf 86' lang='lat' dir='ltr'><strong>interim</strong></span> <span class='ocrx_word' id='word_1_476' title='bbox 1461 3365 1692 3423; x_wconf 56' lang='lat' dir='ltr'><strong>Abrahae</strong></span> <span class='ocrx_word' id='word_1_477' title='bbox 1710 3367 1921 3426; x_wconf 89' lang='lat' dir='ltr'><strong>Pharao</strong></span> 
     </span>
    </p>
   </div>
   <div class='ocr_carea' id='block_1_66' title="bbox 351 3449 1923 3533">
    <p class='ocr_par' dir='ltr' id='par_1_66' title="bbox 351 3449 1923 3533">
     <span class='ocr_line' id='line_1_66' title="bbox 351 3449 1923 3533; baseline 0.01 -28"><span class='ocrx_word' id='word_1_478' title='bbox 351 3449 520 3505; x_wconf 90' lang='lat' dir='ltr'><strong>multa</strong></span> <span class='ocrx_word' id='word_1_479' title='bbox 572 3451 888 3520; x_wconf 88' lang='lat' dir='ltr'><strong>donaverit,</strong></span> <span class='ocrx_word' id='word_1_480' title='bbox 934 3462 988 3512; x_wconf 90' lang='lat' dir='ltr'><strong>et</strong></span> <span class='ocrx_word' id='word_1_481' title='bbox 1013 3455 1223 3513; x_wconf 87' lang='lat' dir='ltr'><strong>Pharao</strong></span> <span class='ocrx_word' id='word_1_482' title='bbox 1264 3468 1449 3528; x_wconf 87' lang='lat' dir='ltr'><strong>postea</strong></span> <span class='ocrx_word' id='word_1_483' title='bbox 1474 3477 1762 3533; x_wconf 88' lang='lat' dir='ltr'><strong>percussus</strong></span> <span class='ocrx_word' id='word_1_484' title='bbox 1790 3466 1923 3521; x_wconf 87' lang='lat' dir='ltr'><strong>sita</strong></span> 
     </span>
    </p>
   </div>
   <div class='ocr_carea' id='block_1_67' title="bbox 355 3538 1922 3628">
    <p class='ocr_par' dir='ltr' id='par_1_67' title="bbox 355 3538 1922 3628">
     <span class='ocr_line' id='line_1_67' title="bbox 355 3538 1922 3628; baseline 0.012 -35"><span class='ocrx_word' id='word_1_485' title='bbox 355 3538 613 3607; x_wconf 89' lang='lat' dir='ltr'><strong>Domino,</strong></span> <span class='ocrx_word' id='word_1_486' title='bbox 652 3541 742 3598; x_wconf 87' lang='lat' dir='ltr'><strong>illa</strong></span> <span class='ocrx_word' id='word_1_487' title='bbox 779 3543 957 3601; x_wconf 91' lang='lat' dir='ltr'><strong>adhuc</strong></span> <span class='ocrx_word' id='word_1_488' title='bbox 991 3545 1192 3604; x_wconf 88' lang='lat' dir='ltr'><strong>intacta</strong></span> <span class='ocrx_word' id='word_1_489' title='bbox 1220 3549 1289 3605; x_wconf 89' lang='lat' dir='ltr'><strong>ab</strong></span> <span class='ocrx_word' id='word_1_490' title='bbox 1327 3549 1444 3619; x_wconf 86' lang='lat' dir='ltr'><strong>ejus</strong></span> <span class='ocrx_word' id='word_1_491' title='bbox 1476 3554 1765 3610; x_wconf 87' lang='lat' dir='ltr'><strong>concubitu</strong></span> <span class='ocrx_word' id='word_1_492' title='bbox 1799 3570 1922 3628; x_wconf 89' lang='lat' dir='ltr'><strong>per-</strong></span> 
     </span>
    </p>
   </div>
   <div class='ocr_carea' id='block_1_68' title="bbox 353 3642 1944 3691">
    <p class='ocr_par' dir='ltr' id='par_1_68' title="bbox 353 3642 1944 3691">
     <span class='ocr_line' id='line_1_68' title="bbox 353 3642 1944 3691; baseline 0.004 -2"><span class='ocrx_word' id='word_1_493' title='bbox 353 3642 630 3691; x_wconf 83' lang='lat' dir='ltr'><strong>manente.</strong></span> <span class='ocrx_word' id='word_1_494' title='bbox 1884 3647 1944 3660; x_wconf 46' lang='lat'><strong>‘</strong></span> 
     </span>
    </p>
   </div>
   <div class='ocr_carea' id='block_1_69' title="bbox 939 3727 1336 3789">
    <p class='ocr_par' dir='ltr' id='par_1_69' title="bbox 939 3727 1336 3789">
     <span class='ocr_line' id='line_1_69' title="bbox 939 3727 1336 3789; baseline 0 -2"><span class='ocrx_word' id='word_1_495' title='bbox 939 3727 1165 3789; x_wconf 85' lang='lat' dir='ltr'><strong>CAPUT</strong></span> <span class='ocrx_word' id='word_1_496' title='bbox 1202 3729 1336 3787; x_wconf 83' lang='lat' dir='ltr'><strong>XLI.</strong></span> 
     </span>
    </p>
   </div>
   <div class='ocr_carea' id='block_1_70' title="bbox 354 3811 1918 3898">
    <p class='ocr_par' dir='ltr' id='par_1_70' title="bbox 354 3811 1918 3898">
     <span class='ocr_line' id='line_1_70' title="bbox 354 3811 1918 3898; baseline 0.01 -31"><span class='ocrx_word' id='word_1_497' title='bbox 354 3811 459 3880; x_wconf 82' lang='lat' dir='ltr'><strong>Qui</strong></span> <span class='ocrx_word' id='word_1_498' title='bbox 486 3814 590 3870; x_wconf 78' lang='lat' dir='ltr'><strong>sint</strong></span> <span class='ocrx_word' id='word_1_499' title='bbox 633 3816 889 3888; x_wconf 70' lang='lat' dir='ltr'><strong>expediti,</strong></span> <span class='ocrx_word' id='word_1_500' title='bbox 935 3837 1064 3894; x_wconf 77' lang='lat' dir='ltr'><strong>quos</strong></span> <span class='ocrx_word' id='word_1_501' title='bbox 1092 3822 1358 3878; x_wconf 80' lang='lat' dir='ltr'><strong>Abraham</strong></span> <span class='ocrx_word' id='word_1_502' title='bbox 1383 3815 1692 3881; x_wconf 29' lang='lat' dir='ltr'><strong>numerasse.</strong></span> <span class='ocrx_word' id='word_1_503' title='bbox 1708 3824 1918 3898; x_wconf 82' lang='lat' dir='ltr'><strong>legitur.</strong></span> 
     </span>
    </p>
   </div>
   <div class='ocr_carea' id='block_1_71' title="bbox 423 3903 1921 3986">
    <p class='ocr_par' dir='ltr' id='par_1_71' title="bbox 423 3903 1921 3986">
     <span class='ocr_line' id='line_1_71' title="bbox 423 3903 1921 3986; baseline 0.01 -27"><span class='ocrx_word' id='word_1_504' title='bbox 423 3903 695 3970; x_wconf 59' lang='lat' dir='ltr'><strong>Quaeritur</strong></span> <span class='ocrx_word' id='word_1_505' title='bbox 739 3907 902 3963; x_wconf 89' lang='lat' dir='ltr'><strong>etiam</strong></span> <span class='ocrx_word' id='word_1_506' title='bbox 948 3912 1039 3981; x_wconf 92' lang='lat' dir='ltr'><strong>qui</strong></span> <span class='ocrx_word' id='word_1_507' title='bbox 1080 3912 1192 3968; x_wconf 91' lang='lat' dir='ltr'><strong>sint</strong></span> <span class='ocrx_word' id='word_1_508' title='bbox 1232 3914 1501 3985; x_wconf 79' lang='lat' dir='ltr'><strong>expediti,</strong></span> <span class='ocrx_word' id='word_1_509' title='bbox 1550 3915 1619 3971; x_wconf 91' lang='lat' dir='ltr'><strong>de</strong></span> <span class='ocrx_word' id='word_1_510' title='bbox 1642 3918 1837 3986; x_wconf 89' lang='lat' dir='ltr'><strong>quibus</strong></span> <span class='ocrx_word' id='word_1_511' title='bbox 1864 3918 1921 3974; x_wconf 88' lang='lat' dir='ltr'><strong>in</strong></span> 
     </span>
    </p>
   </div>
   <div class='ocr_carea' id='block_1_72' title="bbox 351 3992 1920 4071">
    <p class='ocr_par' dir='ltr' id='par_1_72' title="bbox 351 3992 1920 4071">
     <span class='ocr_line' id='line_1_72' title="bbox 351 3992 1920 4071; baseline 0.008 -24"><span class='ocrx_word' id='word_1_512' title='bbox 351 3992 548 4049; x_wconf 84' lang='lat' dir='ltr'><strong>Genesi</strong></span> <span class='ocrx_word' id='word_1_513' title='bbox 575 3995 771 4050; x_wconf 90' lang='lat' dir='ltr'><strong>dicitur</strong></span> <span class='ocrx_word' id='word_1_514' title='bbox 798 4015 810 4050; x_wconf 92' lang='lat'>:</span> <span class='ocrx_word' id='word_1_515' title='bbox 842 3996 1149 4055; x_wconf 56' lang='lat' dir='ltr'><strong>Numeratrit</strong></span> <span class='ocrx_word' id='word_1_516' title='bbox 1172 4002 1435 4071; x_wconf 70' lang='lat' dir='ltr'><strong>expeditos</strong></span> <span class='ocrx_word' id='word_1_517' title='bbox 1457 4005 1757 4059; x_wconf 78' lang='lat' dir='ltr'><strong>vernaculos</strong></span> <span class='ocrx_word' id='word_1_518' title='bbox 1775 4021 1920 4061; x_wconf 78' lang='lat' dir='ltr'><strong>suos.</strong></span> 
     </span>
    </p>
   </div>
   <div class='ocr_carea' id='block_1_73' title="bbox 353 4085 1921 4166">
    <p class='ocr_par' dir='ltr' id='par_1_73' title="bbox 353 4085 1921 4166">
     <span class='ocr_line' id='line_1_73' title="bbox 353 4085 1921 4166; baseline 0.008 -28"><span class='ocrx_word' id='word_1_519' title='bbox 353 4085 646 4154; x_wconf 85' lang='lat' dir='ltr'><strong>Expeditos</strong></span> <span class='ocrx_word' id='word_1_520' title='bbox 672 4088 805 4143; x_wconf 83' lang='lat' dir='ltr'><strong>dixit</strong></span> <span class='ocrx_word' id='word_1_521' title='bbox 824 4086 1048 4156; x_wconf 88' lang='lat' dir='ltr'><strong>juvenes</strong></span> <span class='ocrx_word' id='word_1_522' title='bbox 1081 4091 1147 4145; x_wconf 91' lang='lat' dir='ltr'><strong>ad</strong></span> <span class='ocrx_word' id='word_1_523' title='bbox 1187 4091 1382 4146; x_wconf 89' lang='lat' dir='ltr'><strong>bellum</strong></span> <span class='ocrx_word' id='word_1_524' title='bbox 1411 4106 1717 4164; x_wconf 84' lang='lat' dir='ltr'><strong>promptos,</strong></span> <span class='ocrx_word' id='word_1_525' title='bbox 1748 4103 1804 4152; x_wconf 90' lang='lat' dir='ltr'><strong>et</strong></span> <span class='ocrx_word' id='word_1_526' title='bbox 1827 4096 1921 4166; x_wconf 89' lang='lat' dir='ltr'><strong>qui</strong></span> 
     </span>
    </p>
   </div>
   <div class='ocr_carea' id='block_1_74' title="bbox 349 4174 1918 4260">
    <p class='ocr_par' dir='ltr' id='par_1_74' title="bbox 349 4174 1918 4260">
     <span class='ocr_line' id='line_1_74' title="bbox 349 4174 1918 4260; baseline 0.006 -31"><span class='ocrx_word' id='word_1_527' title='bbox 349 4190 457 4230; x_wconf 88' lang='lat' dir='ltr'><strong>non</strong></span> <span class='ocrx_word' id='word_1_528' title='bbox 488 4174 705 4232; x_wconf 89' lang='lat' dir='ltr'><strong>fuerunt</strong></span> <span class='ocrx_word' id='word_1_529' title='bbox 727 4178 955 4233; x_wconf 87' lang='lat' dir='ltr'><strong>uxorati.</strong></span> <span class='ocrx_word' id='word_1_530' title='bbox 976 4179 1051 4236; x_wconf 88' lang='lat' dir='ltr'><strong>De</strong></span> <span class='ocrx_word' id='word_1_531' title='bbox 1066 4180 1262 4250; x_wconf 88' lang='lat' dir='ltr'><strong>quibus</strong></span> <span class='ocrx_word' id='word_1_532' title='bbox 1286 4181 1340 4237; x_wconf 90' lang='lat' dir='ltr'><strong>in</strong></span> <span class='ocrx_word' id='word_1_533' title='bbox 1357 4183 1721 4260; x_wconf 71' lang='lat' dir='ltr'><strong>sequentibus</strong></span> <span class='ocrx_word' id='word_1_534' title='bbox 1742 4185 1880 4241; x_wconf 87' lang='lat' dir='ltr'><strong>dixit</strong></span> <span class='ocrx_word' id='word_1_535' title='bbox 1902 4199 1918 4239; x_wconf 89' lang='lat'><strong>:</strong></span> 
     </span>
    </p>
   </div>
   <div class='ocr_carea' id='block_1_75' title="bbox 350 4263 1922 4344">
    <p class='ocr_par' dir='ltr' id='par_1_75' title="bbox 350 4263 1922 4344">
     <span class='ocr_line' id='line_1_75' title="bbox 350 4263 1922 4344; baseline 0.008 -28"><span class='ocrx_word' id='word_1_536' title='bbox 350 4263 593 4335; x_wconf 74' lang='lat' dir='ltr'><strong>Exceptis</strong></span> <span class='ocrx_word' id='word_1_537' title='bbox 633 4266 713 4320; x_wconf 81' lang='lat' dir='ltr'><strong>his</strong></span> <span class='ocrx_word' id='word_1_538' title='bbox 740 4283 857 4336; x_wconf 78' lang='lat' dir='ltr'><strong>qua:</strong></span> <span class='ocrx_word' id='word_1_539' title='bbox 882 4267 1212 4323; x_wconf 81' lang='lat' dir='ltr'><strong>comederunt</strong></span> <span class='ocrx_word' id='word_1_540' title='bbox 1244 4272 1480 4340; x_wconf 77' lang='lat' dir='ltr'><strong>juvenes.</strong></span> <span class='ocrx_word' id='word_1_541' title='bbox 1515 4271 1585 4327; x_wconf 86' lang='lat' dir='ltr'><strong>Et</strong></span> <span class='ocrx_word' id='word_1_542' title='bbox 1623 4282 1922 4344; x_wconf 82' lang='lat' dir='ltr'><strong>persecutus</strong></span> 
     </span>
    </p>
   </div>
   <div class='ocr_carea' id='block_1_76' title="bbox 353 4356 1919 4432">
    <p class='ocr_par' dir='ltr' id='par_1_76' title="bbox 353 4356 1919 4432">
     <span class='ocr_line' id='line_1_76' title="bbox 353 4356 1919 4432; baseline 0.008 -25"><span class='ocrx_word' id='word_1_543' title='bbox 353 4364 427 4408; x_wconf 77' lang='lat' dir='ltr'><strong>est</strong></span> <span class='ocrx_word' id='word_1_544' title='bbox 454 4370 540 4409; x_wconf 80' lang='lat' dir='ltr'><strong>eos</strong></span> <span class='ocrx_word' id='word_1_545' title='bbox 584 4372 746 4427; x_wconf 75' lang='lat' dir='ltr'><strong>usque</strong></span> <span class='ocrx_word' id='word_1_546' title='bbox 774 4356 843 4411; x_wconf 88' lang='lat' dir='ltr'><strong>ad</strong></span> <span class='ocrx_word' id='word_1_547' title='bbox 890 4356 1027 4411; x_wconf 89' lang='lat' dir='ltr'><strong>Dan.</strong></span> <span class='ocrx_word' id='word_1_548' title='bbox 1059 4358 1172 4414; x_wconf 90' lang='lat' dir='ltr'><strong>Dan</strong></span> <span class='ocrx_word' id='word_1_549' title='bbox 1201 4358 1475 4417; x_wconf 55' lang='lat' dir='ltr'><strong>Phoenicis</strong></span> <span class='ocrx_word' id='word_1_550' title='bbox 1521 4363 1774 4432; x_wconf 87' lang='lat' dir='ltr'><strong>oppidum</strong></span> <span class='ocrx_word' id='word_1_551' title='bbox 1804 4371 1919 4431; x_wconf 72' lang='lat' dir='ltr'><strong>est&#39;,</strong></span> 
     </span>
    </p>
   </div>
   <div class='ocr_carea' id='block_1_77' title="bbox 352 4448 1921 4517">
    <p class='ocr_par' dir='ltr' id='par_1_77' title="bbox 352 4448 1921 4517">
     <span class='ocr_line' id='line_1_77' title="bbox 352 4448 1921 4517; baseline 0.006 -16"><span class='ocrx_word' id='word_1_552' title='bbox 352 4448 496 4517; x_wconf 91' lang='lat' dir='ltr'><strong>quod</strong></span> <span class='ocrx_word' id='word_1_553' title='bbox 536 4463 680 4503; x_wconf 92' lang='lat' dir='ltr'><strong>nunc</strong></span> <span class='ocrx_word' id='word_1_554' title='bbox 730 4448 940 4503; x_wconf 86' lang='lat' dir='ltr'><strong>Paneas</strong></span> <span class='ocrx_word' id='word_1_555' title='bbox 1003 4451 1225 4515; x_wconf 89' lang='lat' dir='ltr'><strong>dicitur,</strong></span> <span class='ocrx_word' id='word_1_556' title='bbox 1268 4452 1361 4507; x_wconf 88' lang='lat' dir='ltr'><strong>ubi</strong></span> <span class='ocrx_word' id='word_1_557' title='bbox 1416 4469 1555 4509; x_wconf 90' lang='lat' dir='ltr'><strong>unus</strong></span> <span class='ocrx_word' id='word_1_558' title='bbox 1588 4454 1654 4510; x_wconf 91' lang='lat' dir='ltr'><strong>de</strong></span> <span class='ocrx_word' id='word_1_559' title='bbox 1683 4454 1921 4511; x_wconf 86' lang='lat' dir='ltr'><strong>fontibus</strong></span> 
     </span>
    </p>
   </div>
   <div class='ocr_carea' id='block_1_78' title="bbox 2026 3265 3599 3341">
    <p class='ocr_par' dir='ltr' id='par_1_78' title="bbox 2026 3265 3599 3341">
     <span class='ocr_line' id='line_1_78' title="bbox 2026 3265 3599 3341; baseline -0.002 -15"><span class='ocrx_word' id='word_1_560' title='bbox 2026 3270 2237 3326; x_wconf 70' lang='lat' dir='ltr'><strong>stantia:</strong></span> <span class='ocrx_word' id='word_1_561' title='bbox 2276 3285 2387 3325; x_wconf 65' lang='lat' dir='ltr'><strong>sua:</strong></span> <span class='ocrx_word' id='word_1_562' title='bbox 2422 3288 2435 3323; x_wconf 89' lang='lat'><strong>:</strong></span> <span class='ocrx_word' id='word_1_563' title='bbox 2465 3285 2770 3341; x_wconf 88' lang='lat' dir='ltr'><strong>quanquam</strong></span> <span class='ocrx_word' id='word_1_564' title='bbox 2812 3268 3099 3339; x_wconf 88' lang='lat' dir='ltr'><strong>Apostolus</strong></span> <span class='ocrx_word' id='word_1_565' title='bbox 3148 3269 3200 3322; x_wconf 92' lang='lat' dir='ltr'><strong>in</strong></span> <span class='ocrx_word' id='word_1_566' title='bbox 3236 3265 3480 3338; x_wconf 83' lang='lat' dir='ltr'><strong>Epistola</strong></span> <span class='ocrx_word' id='word_1_567' title='bbox 3531 3269 3599 3323; x_wconf 89' lang='lat' dir='ltr'><strong>ad</strong></span> 
     </span>
    </p>
   </div>
   <div class='ocr_carea' id='block_1_79' title="bbox 2023 3357 3604 3430">
    <p class='ocr_par' dir='ltr' id='par_1_79' title="bbox 2023 3357 3604 3430">
     <span class='ocr_line' id='line_1_79' title="bbox 2023 3357 3604 3430; baseline -0.001 -15"><span class='ocrx_word' id='word_1_568' title='bbox 2023 3359 2276 3415; x_wconf 64' lang='lat' dir='ltr'><strong>Hebraeos</strong></span> <span class='ocrx_word' id='word_1_569' title='bbox 2317 3360 2658 3430; x_wconf 89' lang='lat' dir='ltr'><strong>apertissime</strong></span> <span class='ocrx_word' id='word_1_570' title='bbox 2701 3357 2928 3415; x_wconf 79' lang='lat' dir='ltr'><strong>diﬂiniat</strong></span> <span class='ocrx_word' id='word_1_571' title='bbox 2966 3374 3071 3413; x_wconf 90' lang='lat' dir='ltr'><strong>non</strong></span> <span class='ocrx_word' id='word_1_572' title='bbox 3102 3359 3377 3413; x_wconf 85' lang='lat' dir='ltr'><strong>Abraham</strong></span> <span class='ocrx_word' id='word_1_573' title='bbox 3415 3375 3604 3415; x_wconf 84' lang='lat' dir='ltr'><strong>susce-</strong></span> 
     </span>
    </p>
   </div>
   <div class='ocr_carea' id='block_1_80' title="bbox 2018 3447 3598 3520">
    <p class='ocr_par' dir='ltr' id='par_1_80' title="bbox 2018 3447 3598 3520">
     <span class='ocr_line' id='line_1_80' title="bbox 2018 3447 3598 3520; baseline 0.001 -16"><span class='ocrx_word' id='word_1_574' title='bbox 2018 3450 2165 3520; x_wconf 89' lang='lat' dir='ltr'><strong>pisse</strong></span> <span class='ocrx_word' id='word_1_575' title='bbox 2191 3466 2220 3503; x_wconf 91' lang='lat' dir='ltr'><strong>a</strong></span> <span class='ocrx_word' id='word_1_576' title='bbox 2248 3448 2637 3506; x_wconf 87' lang='lat' dir='ltr'><strong>Melchisedech</strong></span> <span class='ocrx_word' id='word_1_577' title='bbox 2682 3449 2918 3505; x_wconf 84' lang='lat' dir='ltr'><strong>decimas</strong></span> <span class='ocrx_word' id='word_1_578' title='bbox 2964 3448 3275 3504; x_wconf 90' lang='lat' dir='ltr'><strong>divitiarum</strong></span> <span class='ocrx_word' id='word_1_579' title='bbox 3300 3447 3450 3516; x_wconf 87' lang='lat' dir='ltr'><strong>ejus,</strong></span> <span class='ocrx_word' id='word_1_580' title='bbox 3500 3449 3598 3506; x_wconf 81' lang='lat' dir='ltr'><strong>sed</strong></span> 
     </span>
    </p>
   </div>
   <div class='ocr_carea' id='block_1_81' title="bbox 2019 3544 3593 3616">
    <p class='ocr_par' dir='ltr' id='par_1_81' title="bbox 2019 3544 3593 3616">
     <span class='ocr_line' id='line_1_81' title="bbox 2019 3544 3593 3616; baseline 0 -16"><span class='ocrx_word' id='word_1_581' title='bbox 2019 3545 2204 3616; x_wconf 88' lang='lat' dir='ltr'><strong>spoliis</strong></span> <span class='ocrx_word' id='word_1_582' title='bbox 2243 3545 2475 3600; x_wconf 89' lang='lat' dir='ltr'><strong>hostium</strong></span> <span class='ocrx_word' id='word_1_583' title='bbox 2505 3552 2714 3614; x_wconf 82' lang='lat' dir='ltr'><strong>partem</strong></span> <span class='ocrx_word' id='word_1_584' title='bbox 2744 3544 3017 3614; x_wconf 86' lang='lat' dir='ltr'><strong>accepisse</strong></span> <span class='ocrx_word' id='word_1_585' title='bbox 3044 3544 3382 3614; x_wconf 79' lang='lat' dir='ltr'><strong>pontificem;</strong></span> <span class='ocrx_word' id='word_1_586' title='bbox 3411 3545 3593 3600; x_wconf 86' lang='lat' dir='ltr'><strong>Salcm</strong></span> 
     </span>
    </p>
   </div>
   <div class='ocr_carea' id='block_1_82' title="bbox 2019 3631 3603 3704">
    <p class='ocr_par' dir='ltr' id='par_1_82' title="bbox 2019 3631 3603 3704">
     <span class='ocr_line' id='line_1_82' title="bbox 2019 3631 3603 3704; baseline -0.001 -15"><span class='ocrx_word' id='word_1_587' title='bbox 2019 3642 2223 3700; x_wconf 86' lang='lat' dir='ltr'><strong>autem,</strong></span> <span class='ocrx_word' id='word_1_588' title='bbox 2251 3649 2359 3689; x_wconf 91' lang='lat' dir='ltr'><strong>non</strong></span> <span class='ocrx_word' id='word_1_589' title='bbox 2393 3641 2454 3689; x_wconf 88' lang='lat' dir='ltr'><strong>ut</strong></span> <span class='ocrx_word' id='word_1_590' title='bbox 2474 3631 2762 3704; x_wconf 83' lang='lat' dir='ltr'><strong>Josephns,</strong></span> <span class='ocrx_word' id='word_1_591' title='bbox 2789 3643 2845 3689; x_wconf 90' lang='lat' dir='ltr'><strong>et</strong></span> <span class='ocrx_word' id='word_1_592' title='bbox 2886 3641 3194 3688; x_wconf 89' lang='lat' dir='ltr'><strong>nostrorum</strong></span> <span class='ocrx_word' id='word_1_593' title='bbox 3223 3648 3416 3689; x_wconf 90' lang='lat' dir='ltr'><strong>omnes</strong></span> <span class='ocrx_word' id='word_1_594' title='bbox 3455 3634 3603 3688; x_wconf 87' lang='lat' dir='ltr'><strong>arbi-</strong></span> 
     </span>
    </p>
   </div>
   <div class='ocr_carea' id='block_1_83' title="bbox 2023 3723 3605 3791">
    <p class='ocr_par' dir='ltr' id='par_1_83' title="bbox 2023 3723 3605 3791">
     <span class='ocr_line' id='line_1_83' title="bbox 2023 3723 3605 3791; baseline 0 -11"><span class='ocrx_word' id='word_1_595' title='bbox 2023 3724 2327 3791; x_wconf 86' lang='lat' dir='ltr'><strong>trabantur,</strong></span> <span class='ocrx_word' id='word_1_596' title='bbox 2350 3738 2472 3781; x_wconf 87' lang='lat' dir='ltr'><strong>esse</strong></span> <span class='ocrx_word' id='word_1_597' title='bbox 2492 3724 2826 3785; x_wconf 85' lang='lat' dir='ltr'><strong>Hierusalem</strong></span> <span class='ocrx_word' id='word_1_598' title='bbox 2844 3738 3038 3779; x_wconf 89' lang='lat' dir='ltr'><strong>nomen</strong></span> <span class='ocrx_word' id='word_1_599' title='bbox 3053 3738 3121 3780; x_wconf 87' lang='lat' dir='ltr'><strong>ex</strong></span> <span class='ocrx_word' id='word_1_600' title='bbox 3134 3723 3327 3779; x_wconf 66' lang='lat' dir='ltr'><strong>Graeco</strong></span> <span class='ocrx_word' id='word_1_601' title='bbox 3343 3723 3605 3780; x_wconf 67' lang='lat' dir='ltr'><strong>Hebraeo-</strong></span> 
     </span>
    </p>
   </div>
   <div class='ocr_carea' id='block_1_84' title="bbox 2019 3812 3606 3885">
    <p class='ocr_par' dir='ltr' id='par_1_84' title="bbox 2019 3812 3606 3885">
     <span class='ocr_line' id='line_1_84' title="bbox 2019 3812 3606 3885; baseline 0.001 -16"><span class='ocrx_word' id='word_1_602' title='bbox 2019 3829 2125 3885; x_wconf 90' lang='lat' dir='ltr'><strong>que</strong></span> <span class='ocrx_word' id='word_1_603' title='bbox 2174 3815 2532 3885; x_wconf 85' lang='lat' dir='ltr'><strong>compositum</strong></span> <span class='ocrx_word' id='word_1_604' title='bbox 2563 3853 2578 3879; x_wconf 93' lang='lat'><strong>,</strong></span> <span class='ocrx_word' id='word_1_605' title='bbox 2624 3814 2766 3883; x_wconf 89' lang='lat' dir='ltr'><strong>quod</strong></span> <span class='ocrx_word' id='word_1_606' title='bbox 2809 3812 3100 3869; x_wconf 86' lang='lat' dir='ltr'><strong>absurdum</strong></span> <span class='ocrx_word' id='word_1_607' title='bbox 3140 3827 3263 3868; x_wconf 89' lang='lat' dir='ltr'><strong>esse</strong></span> <span class='ocrx_word' id='word_1_608' title='bbox 3299 3816 3606 3884; x_wconf 78' lang='lat' dir='ltr'><strong>peregrina:</strong></span> 
     </span>
    </p>
   </div>
   <div class='ocr_carea' id='block_1_85' title="bbox 2019 3902 3605 3973">
    <p class='ocr_par' dir='ltr' id='par_1_85' title="bbox 2019 3902 3605 3973">
     <span class='ocr_line' id='line_1_85' title="bbox 2019 3902 3605 3973; baseline 0.001 -15"><span class='ocrx_word' id='word_1_609' title='bbox 2019 3904 2217 3972; x_wconf 66' lang='lat' dir='ltr'><strong>linguae</strong></span> <span class='ocrx_word' id='word_1_610' title='bbox 2262 3902 2497 3957; x_wconf 88' lang='lat' dir='ltr'><strong>mixtura</strong></span> <span class='ocrx_word' id='word_1_611' title='bbox 2549 3902 2887 3957; x_wconf 89' lang='lat' dir='ltr'><strong>demonstrat</strong></span> <span class='ocrx_word' id='word_1_612' title='bbox 2940 3919 2955 3956; x_wconf 91' lang='lat'><strong>:</strong></span> <span class='ocrx_word' id='word_1_613' title='bbox 3007 3902 3102 3958; x_wconf 91' lang='lat' dir='ltr'><strong>sed</strong></span> <span class='ocrx_word' id='word_1_614' title='bbox 3145 3903 3405 3973; x_wconf 87' lang='lat' dir='ltr'><strong>oppidum</strong></span> <span class='ocrx_word' id='word_1_615' title='bbox 3443 3903 3605 3973; x_wconf 84' lang='lat' dir='ltr'><strong>juxta</strong></span> 
     </span>
    </p>
   </div>
   <div class='ocr_carea' id='block_1_86' title="bbox 2020 3994 3604 4067">
    <p class='ocr_par' dir='ltr' id='par_1_86' title="bbox 2020 3994 3604 4067">
     <span class='ocr_line' id='line_1_86' title="bbox 2020 3994 3604 4067; baseline 0.001 -17"><span class='ocrx_word' id='word_1_616' title='bbox 2020 3994 2423 4066; x_wconf 89' lang='lat' dir='ltr'><strong>Scythopolim,</strong></span> <span class='ocrx_word' id='word_1_617' title='bbox 2465 3996 2610 4067; x_wconf 92' lang='lat' dir='ltr'><strong>quod</strong></span> <span class='ocrx_word' id='word_1_618' title='bbox 2639 4010 2812 4065; x_wconf 91' lang='lat' dir='ltr'><strong>usque</strong></span> <span class='ocrx_word' id='word_1_619' title='bbox 2852 3994 3013 4051; x_wconf 89' lang='lat' dir='ltr'><strong>hodie</strong></span> <span class='ocrx_word' id='word_1_620' title='bbox 3057 3995 3358 4065; x_wconf 89' lang='lat' dir='ltr'><strong>appellatur</strong></span> <span class='ocrx_word' id='word_1_621' title='bbox 3390 3994 3604 4051; x_wconf 85' lang='lat' dir='ltr'><strong>Salem.</strong></span> 
     </span>
    </p>
   </div>
   <div class='ocr_carea' id='block_1_87' title="bbox 2022 4084 3607 4157">
    <p class='ocr_par' dir='ltr' id='par_1_87' title="bbox 2022 4084 3607 4157">
     <span class='ocr_line' id='line_1_87' title="bbox 2022 4084 3607 4157; baseline -0.002 -15"><span class='ocrx_word' id='word_1_622' title='bbox 2022 4084 2338 4143; x_wconf 86' lang='lat' dir='ltr'><strong>Ostenditur</strong></span> <span class='ocrx_word' id='word_1_623' title='bbox 2362 4086 2437 4141; x_wconf 92' lang='lat' dir='ltr'><strong>ibi</strong></span> <span class='ocrx_word' id='word_1_624' title='bbox 2465 4085 2726 4157; x_wconf 86' lang='lat' dir='ltr'><strong>palatium</strong></span> <span class='ocrx_word' id='word_1_625' title='bbox 2752 4084 3163 4150; x_wconf 83' lang='lat' dir='ltr'><strong>Melchisedech,</strong></span> <span class='ocrx_word' id='word_1_626' title='bbox 3189 4092 3244 4140; x_wconf 91' lang='lat' dir='ltr'><strong>et</strong></span> <span class='ocrx_word' id='word_1_627' title='bbox 3275 4100 3343 4139; x_wconf 89' lang='lat' dir='ltr'><strong>ex</strong></span> <span class='ocrx_word' id='word_1_628' title='bbox 3386 4085 3607 4155; x_wconf 84' lang='lat' dir='ltr'><strong>magni-</strong></span> 
     </span>
    </p>
   </div>
   <div class='ocr_carea' id='block_1_88' title="bbox 2019 4175 3604 4247">
    <p class='ocr_par' dir='ltr' id='par_1_88' title="bbox 2019 4175 3604 4247">
     <span class='ocr_line' id='line_1_88' title="bbox 2019 4175 3604 4247; baseline -0.001 -15"><span class='ocrx_word' id='word_1_629' title='bbox 2019 4177 2203 4233; x_wconf 89' lang='lat' dir='ltr'><strong>tudine</strong></span> <span class='ocrx_word' id='word_1_630' title='bbox 2243 4177 2522 4232; x_wconf 87' lang='lat' dir='ltr'><strong>ruinarum</strong></span> <span class='ocrx_word' id='word_1_631' title='bbox 2561 4177 2762 4232; x_wconf 88' lang='lat' dir='ltr'><strong>veteris</strong></span> <span class='ocrx_word' id='word_1_632' title='bbox 2800 4176 2979 4247; x_wconf 90' lang='lat' dir='ltr'><strong>operis</strong></span> <span class='ocrx_word' id='word_1_633' title='bbox 3020 4175 3313 4232; x_wconf 87' lang='lat' dir='ltr'><strong>ostendens</strong></span> <span class='ocrx_word' id='word_1_634' title='bbox 3344 4176 3604 4246; x_wconf 83' lang='lat' dir='ltr'><strong>magniﬁ-</strong></span> 
     </span>
    </p>
   </div>
   <div class='ocr_carea' id='block_1_89' title="bbox 2020 4266 3611 4337">
    <p class='ocr_par' dir='ltr' id='par_1_89' title="bbox 2020 4266 3611 4337">
     <span class='ocr_line' id='line_1_89' title="bbox 2020 4266 3611 4337; baseline 0 -14"><span class='ocrx_word' id='word_1_635' title='bbox 2020 4268 2275 4323; x_wconf 84' lang='lat' dir='ltr'><strong>centiam.</strong></span> <span class='ocrx_word' id='word_1_636' title='bbox 2297 4267 2377 4324; x_wconf 89' lang='lat' dir='ltr'><strong>De</strong></span> <span class='ocrx_word' id='word_1_637' title='bbox 2397 4283 2504 4337; x_wconf 90' lang='lat' dir='ltr'><strong>quo</strong></span> <span class='ocrx_word' id='word_1_638' title='bbox 2526 4266 2582 4323; x_wconf 89' lang='lat' dir='ltr'><strong>in</strong></span> <span class='ocrx_word' id='word_1_639' title='bbox 2610 4268 2882 4324; x_wconf 85' lang='lat' dir='ltr'><strong>exteriore</strong></span> <span class='ocrx_word' id='word_1_640' title='bbox 2908 4276 3305 4337; x_wconf 70' lang='lat' dir='ltr'><strong>quoque.parte</strong></span> <span class='ocrx_word' id='word_1_641' title='bbox 3325 4266 3611 4323; x_wconf 82' lang='lat' dir='ltr'><strong>Gcneseos</strong></span> 
     </span>
    </p>
   </div>
   <div class='ocr_carea' id='block_1_90' title="bbox 2020 4356 3616 4429">
    <p class='ocr_par' dir='ltr' id='par_1_90' title="bbox 2020 4356 3616 4429">
     <span class='ocr_line' id='line_1_90' title="bbox 2020 4356 3616 4429; baseline -0.001 -15"><span class='ocrx_word' id='word_1_642' title='bbox 2020 4360 2284 4429; x_wconf 87' lang='lat' dir='ltr'><strong>scriptum</strong></span> <span class='ocrx_word' id='word_1_643' title='bbox 2310 4367 2397 4415; x_wconf 88' lang='lat' dir='ltr'><strong>est</strong></span> <span class='ocrx_word' id='word_1_644' title='bbox 2418 4376 2432 4413; x_wconf 90' lang='lat'><strong>:</strong></span> <span class='ocrx_word' id='word_1_645' title='bbox 2455 4356 2616 4413; x_wconf 76' lang='lat' dir='ltr'><strong>Venit</strong></span> <span class='ocrx_word' id='word_1_646' title='bbox 2634 4356 2799 4413; x_wconf 75' lang='lat' dir='ltr'><strong>Iacob</strong></span> <span class='ocrx_word' id='word_1_647' title='bbox 2820 4358 2873 4412; x_wconf 93' lang='lat' dir='ltr'><strong>in</strong></span> <span class='ocrx_word' id='word_1_648' title='bbox 2896 4357 3120 4422; x_wconf 83' lang='lat' dir='ltr'><strong>Soehot,</strong></span> <span class='ocrx_word' id='word_1_649' title='bbox 3145 4358 3198 4412; x_wconf 91' lang='lat' dir='ltr'><strong>id</strong></span> <span class='ocrx_word' id='word_1_650' title='bbox 3220 4366 3307 4413; x_wconf 89' lang='lat' dir='ltr'><strong>est</strong></span> <span class='ocrx_word' id='word_1_651' title='bbox 3334 4375 3386 4413; x_wconf 73' lang='lat' dir='ltr'><strong>in</strong></span> <span class='ocrx_word' id='word_1_652' title='bbox 3418 4357 3616 4412; x_wconf 80' lang='lat' dir='ltr'><strong>taber-</strong></span> 
     </span>
    </p>
   </div>
   <div class='ocr_carea' id='block_1_91' title="bbox 2019 4448 3616 4519">
    <p class='ocr_par' dir='ltr' id='par_1_91' title="bbox 2019 4448 3616 4519">
     <span class='ocr_line' id='line_1_91' title="bbox 2019 4448 3616 4519; baseline 0.001 -16"><span class='ocrx_word' id='word_1_653' title='bbox 2019 4449 2232 4514; x_wconf 89' lang='lat' dir='ltr'><strong>nacula,</strong></span> <span class='ocrx_word' id='word_1_654' title='bbox 2249 4456 2305 4505; x_wconf 93' lang='lat' dir='ltr'><strong>et</strong></span> <span class='ocrx_word' id='word_1_655' title='bbox 2319 4448 2445 4505; x_wconf 86' lang='lat' dir='ltr'><strong>fecit</strong></span> <span class='ocrx_word' id='word_1_656' title='bbox 2460 4449 2562 4504; x_wconf 91' lang='lat' dir='ltr'><strong>sibi</strong></span> <span class='ocrx_word' id='word_1_657' title='bbox 2584 4449 2656 4504; x_wconf 91' lang='lat' dir='ltr'><strong>ibi</strong></span> <span class='ocrx_word' id='word_1_658' title='bbox 2682 4450 2868 4505; x_wconf 92' lang='lat' dir='ltr'><strong>domos</strong></span> <span class='ocrx_word' id='word_1_659' title='bbox 2890 4458 3053 4519; x_wconf 90' lang='lat' dir='ltr'><strong>atque</strong></span> <span class='ocrx_word' id='word_1_660' title='bbox 3070 4451 3325 4515; x_wconf 88' lang='lat' dir='ltr'><strong>tentoria,</strong></span> <span class='ocrx_word' id='word_1_661' title='bbox 3346 4460 3405 4505; x_wconf 88' lang='lat' dir='ltr'><strong>et</strong></span> <span class='ocrx_word' id='word_1_662' title='bbox 3418 4458 3616 4505; x_wconf 86' lang='lat' dir='ltr'><strong>trans-</strong></span> 
     </span>
    </p>
   </div>
   <div class='ocr_carea' id='block_1_92' title="bbox 349 4530 3625 4612">
    <p class='ocr_par' dir='ltr' id='par_1_92' title="bbox 349 4530 3625 4612">
     <span class='ocr_line' id='line_1_92' title="bbox 349 4530 3625 4612; baseline 0.003 -23"><span class='ocrx_word' id='word_1_663' title='bbox 349 4535 602 4591; x_wconf 79' lang='lat' dir='ltr'><strong>Jordanis</strong></span> <span class='ocrx_word' id='word_1_664' title='bbox 628 4538 829 4602; x_wconf 89' lang='lat' dir='ltr'><strong>oritur,</strong></span> <span class='ocrx_word' id='word_1_665' title='bbox 855 4538 947 4607; x_wconf 89' lang='lat' dir='ltr'><strong>qui</strong></span> <span class='ocrx_word' id='word_1_666' title='bbox 977 4539 1174 4593; x_wconf 89' lang='lat' dir='ltr'><strong>dicitur</strong></span> <span class='ocrx_word' id='word_1_667' title='bbox 1199 4540 1335 4606; x_wconf 88' lang='lat' dir='ltr'><strong>Dan,</strong></span> <span class='ocrx_word' id='word_1_668' title='bbox 1379 4541 1519 4598; x_wconf 86' lang='lat' dir='ltr'><strong>alter</strong></span> <span class='ocrx_word' id='word_1_669' title='bbox 1542 4558 1671 4600; x_wconf 87' lang='lat' dir='ltr'><strong>vero</strong></span> <span class='ocrx_word' id='word_1_670' title='bbox 1694 4542 1790 4599; x_wconf 72' lang='lat' dir='ltr'><strong>lor</strong></span> <span class='ocrx_word' id='word_1_671' title='bbox 1817 4558 1832 4598; x_wconf 91' lang='lat'><strong>:</strong></span> <span class='ocrx_word' id='word_1_672' title='bbox 1862 4551 1919 4599; x_wconf 89' lang='lat' dir='ltr'><strong>et</strong></span> <span class='ocrx_word' id='word_1_673' title='bbox 1947 4530 1994 4588; x_wconf 77' lang='grc' dir='ltr'><strong>Ι)</strong></span> <span class='ocrx_word' id='word_1_674' title='bbox 2019 4540 2117 4595; x_wconf 92' lang='lat' dir='ltr'><strong>ivit</strong></span> <span class='ocrx_word' id='word_1_675' title='bbox 2142 4541 2194 4594; x_wconf 94' lang='lat' dir='ltr'><strong>in</strong></span> <span class='ocrx_word' id='word_1_676' title='bbox 2238 4538 2418 4596; x_wconf 88' lang='lat' dir='ltr'><strong>Salem</strong></span> <span class='ocrx_word' id='word_1_677' title='bbox 2448 4580 2463 4606; x_wconf 93' lang='lat'><strong>,</strong></span> <span class='ocrx_word' id='word_1_678' title='bbox 2497 4541 2770 4596; x_wconf 90' lang='lat' dir='ltr'><strong>civitatem</strong></span> <span class='ocrx_word' id='word_1_679' title='bbox 2797 4541 3032 4612; x_wconf 86' lang='lat' dir='ltr'><strong>regionis</strong></span> <span class='ocrx_word' id='word_1_680' title='bbox 3072 4541 3322 4607; x_wconf 88' lang='lat' dir='ltr'><strong>Sichem,</strong></span> <span class='ocrx_word' id='word_1_681' title='bbox 3352 4558 3473 4612; x_wconf 60' lang='lat' dir='ltr'><strong>qua:</strong></span> <span class='ocrx_word' id='word_1_682' title='bbox 3517 4555 3625 4600; x_wconf 78' lang='lat' dir='ltr'><strong>est</strong></span> 
     </span>
    </p>
   </div>
   <div class='ocr_carea' id='block_1_93' title="bbox 351 4625 1920 4700">
    <p class='ocr_par' dir='ltr' id='par_1_93' title="bbox 351 4625 1920 4700">
     <span class='ocr_line' id='line_1_93' title="bbox 351 4625 1920 4700; baseline 0.006 -20"><span class='ocrx_word' id='word_1_683' title='bbox 351 4625 439 4680; x_wconf 90' lang='lat' dir='ltr'><strong>his</strong></span> <span class='ocrx_word' id='word_1_684' title='bbox 460 4626 665 4681; x_wconf 87' lang='lat' dir='ltr'><strong>duobus</strong></span> <span class='ocrx_word' id='word_1_685' title='bbox 689 4626 949 4693; x_wconf 87' lang='lat' dir='ltr'><strong>fontibus,</strong></span> <span class='ocrx_word' id='word_1_686' title='bbox 976 4630 1065 4698; x_wconf 90' lang='lat' dir='ltr'><strong>qui</strong></span> <span class='ocrx_word' id='word_1_687' title='bbox 1090 4642 1198 4685; x_wconf 91' lang='lat' dir='ltr'><strong>non</strong></span> <span class='ocrx_word' id='word_1_688' title='bbox 1224 4632 1412 4700; x_wconf 89' lang='lat' dir='ltr'><strong>procul</strong></span> <span class='ocrx_word' id='word_1_689' title='bbox 1442 4648 1474 4687; x_wconf 90' lang='lat' dir='ltr'><strong>a</strong></span> <span class='ocrx_word' id='word_1_690' title='bbox 1500 4647 1559 4688; x_wconf 90' lang='lat' dir='ltr'><strong>se</strong></span> <span class='ocrx_word' id='word_1_691' title='bbox 1587 4633 1814 4699; x_wconf 83' lang='lat' dir='ltr'><strong>distant,</strong></span> <span class='ocrx_word' id='word_1_692' title='bbox 1863 4635 1920 4690; x_wconf 90' lang='lat' dir='ltr'><strong>in</strong></span> 
     </span>
    </p>
   </div>
   <div class='ocr_carea' id='block_1_94' title="bbox 353 4715 1923 4795">
    <p class='ocr_par' dir='ltr' id='par_1_94' title="bbox 353 4715 1923 4795">
     <span class='ocr_line' id='line_1_94' title="bbox 353 4715 1923 4795; baseline 0.007 -27"><span class='ocrx_word' id='word_1_693' title='bbox 353 4730 519 4769; x_wconf 89' lang='lat' dir='ltr'><strong>unum</strong></span> <span class='ocrx_word' id='word_1_694' title='bbox 551 4716 778 4772; x_wconf 87' lang='lat' dir='ltr'><strong>rivulum</strong></span> <span class='ocrx_word' id='word_1_695' title='bbox 806 4716 1083 4773; x_wconf 74' lang='lat' dir='ltr'><strong>fmderatis</strong></span> <span class='ocrx_word' id='word_1_696' title='bbox 1102 4758 1117 4785; x_wconf 96' lang='lat'><strong>,</strong></span> <span class='ocrx_word' id='word_1_697' title='bbox 1146 4715 1399 4776; x_wconf 72' lang='lat' dir='ltr'><strong>Iordanis</strong></span> <span class='ocrx_word' id='word_1_698' title='bbox 1428 4721 1747 4792; x_wconf 88' lang='lat' dir='ltr'><strong>appellatur.</strong></span> <span class='ocrx_word' id='word_1_699' title='bbox 1780 4724 1923 4795; x_wconf 84' lang='lat' dir='ltr'><strong>Ergo</strong></span> 
     </span>
    </p>
   </div>
   <div class='ocr_carea' id='block_1_95' title="bbox 355 4807 1922 4879">
    <p class='ocr_par' dir='ltr' id='par_1_95' title="bbox 355 4807 1922 4879">
     <span class='ocr_line' id='line_1_95' title="bbox 355 4807 1922 4879; baseline 0.006 -17"><span class='ocrx_word' id='word_1_700' title='bbox 355 4807 494 4862; x_wconf 90' lang='lat' dir='ltr'><strong>sicut</strong></span> <span class='ocrx_word' id='word_1_701' title='bbox 519 4821 582 4861; x_wconf 87' lang='lat' dir='ltr'><strong>ex</strong></span> <span class='ocrx_word' id='word_1_702' title='bbox 608 4808 818 4864; x_wconf 88' lang='lat' dir='ltr'><strong>duobus</strong></span> <span class='ocrx_word' id='word_1_703' title='bbox 845 4810 1084 4865; x_wconf 80' lang='lat' dir='ltr'><strong>fontibus</strong></span> <span class='ocrx_word' id='word_1_704' title='bbox 1115 4826 1257 4866; x_wconf 91' lang='lat' dir='ltr'><strong>unus</strong></span> <span class='ocrx_word' id='word_1_705' title='bbox 1282 4809 1475 4868; x_wconf 83' lang='lat' dir='ltr'><strong>ﬂuvius</strong></span> <span class='ocrx_word' id='word_1_706' title='bbox 1492 4850 1509 4879; x_wconf 85' lang='lat'><strong>,</strong></span> <span class='ocrx_word' id='word_1_707' title='bbox 1534 4811 1610 4867; x_wconf 90' lang='lat' dir='ltr'><strong>ita</strong></span> <span class='ocrx_word' id='word_1_708' title='bbox 1637 4828 1707 4871; x_wconf 78' lang='lat' dir='ltr'><strong>ex</strong></span> <span class='ocrx_word' id='word_1_709' title='bbox 1745 4816 1922 4873; x_wconf 86' lang='lat' dir='ltr'><strong>nomi-</strong></span> 
     </span>
    </p>
   </div>
   <div class='ocr_carea' id='block_1_96' title="bbox 354 4897 1548 4972">
    <p class='ocr_par' dir='ltr' id='par_1_96' title="bbox 354 4897 1548 4972">
     <span class='ocr_line' id='line_1_96' title="bbox 354 4897 1548 4972; baseline 0.005 -21"><span class='ocrx_word' id='word_1_710' title='bbox 354 4897 512 4952; x_wconf 89' lang='lat' dir='ltr'><strong>nibus</strong></span> <span class='ocrx_word' id='word_1_711' title='bbox 541 4897 745 4953; x_wconf 89' lang='lat' dir='ltr'><strong>duobus</strong></span> <span class='ocrx_word' id='word_1_712' title='bbox 768 4915 871 4954; x_wconf 89' lang='lat' dir='ltr'><strong>una</strong></span> <span class='ocrx_word' id='word_1_713' title='bbox 897 4901 1184 4970; x_wconf 86' lang='lat' dir='ltr'><strong>appellatio</strong></span> <span class='ocrx_word' id='word_1_714' title='bbox 1214 4909 1548 4972; x_wconf 88' lang='lat' dir='ltr'><strong>procreatur.</strong></span> 
     </span>
    </p>
   </div>
   <div class='ocr_carea' id='block_1_97' title="bbox 932 5010 1348 5067">
    <p class='ocr_par' dir='ltr' id='par_1_97' title="bbox 932 5010 1348 5067">
     <span class='ocr_line' id='line_1_97' title="bbox 932 5010 1348 5067; baseline -0.002 0"><span class='ocrx_word' id='word_1_715' title='bbox 932 5010 1157 5067; x_wconf 86' lang='lat' dir='ltr'><strong>CAPUT</strong></span> <span class='ocrx_word' id='word_1_716' title='bbox 1194 5011 1348 5067; x_wconf 83' lang='lat' dir='ltr'><strong>XLII.</strong></span> 
     </span>
    </p>
   </div>
   <div class='ocr_carea' id='block_1_98' title="bbox 356 5097 1920 5172">
    <p class='ocr_par' dir='ltr' id='par_1_98' title="bbox 356 5097 1920 5172">
     <span class='ocr_line' id='line_1_98' title="bbox 356 5097 1920 5172; baseline 0.005 -21"><span class='ocrx_word' id='word_1_717' title='bbox 356 5098 487 5163; x_wconf 77' lang='lat' dir='ltr'><strong>Quis</strong></span> <span class='ocrx_word' id='word_1_718' title='bbox 535 5097 907 5154; x_wconf 75' lang='lat' dir='ltr'><strong>Melchisedech</strong></span> <span class='ocrx_word' id='word_1_719' title='bbox 938 5100 1022 5172; x_wconf 64' lang='lat' dir='ltr'><strong>sit</strong></span> <span class='ocrx_word' id='word_1_720' title='bbox 1064 5117 1156 5154; x_wconf 70' lang='lat' dir='ltr'><strong>rex</strong></span> <span class='ocrx_word' id='word_1_721' title='bbox 1202 5099 1379 5156; x_wconf 81' lang='lat' dir='ltr'><strong>Solem</strong></span> <span class='ocrx_word' id='word_1_722' title='bbox 1422 5102 1511 5172; x_wconf 87' lang='lat' dir='ltr'><strong>qui</strong></span> <span class='ocrx_word' id='word_1_723' title='bbox 1555 5102 1621 5157; x_wconf 84' lang='lat' dir='ltr'><strong>ab</strong></span> <span class='ocrx_word' id='word_1_724' title='bbox 1654 5104 1920 5161; x_wconf 76' lang='lat' dir='ltr'><strong>Abraham</strong></span> 
     </span>
    </p>
   </div>
   <div class='ocr_carea' id='block_1_99' title="bbox 911 5169 1373 5247">
    <p class='ocr_par' dir='ltr' id='par_1_99' title="bbox 911 5169 1373 5247">
     <span class='ocr_line' id='line_1_99' title="bbox 911 5169 1373 5247; baseline 0.004 -26"><span class='ocrx_word' id='word_1_725' title='bbox 911 5169 1138 5223; x_wconf 79' lang='lat' dir='ltr'><strong>decimas</strong></span> <span class='ocrx_word' id='word_1_726' title='bbox 1158 5172 1373 5247; x_wconf 84' lang='lat' dir='ltr'><strong>accepit.</strong></span> 
     </span>
    </p>
   </div>
   <div class='ocr_carea' id='block_1_100' title="bbox 428 5256 1917 5329">
    <p class='ocr_par' dir='ltr' id='par_1_100' title="bbox 428 5256 1917 5329">
     <span class='ocr_line' id='line_1_100' title="bbox 428 5256 1917 5329; baseline 0.005 -19"><span class='ocrx_word' id='word_1_727' title='bbox 428 5256 818 5313; x_wconf 80' lang='lat' dir='ltr'><strong>Melchisedech</strong></span> <span class='ocrx_word' id='word_1_728' title='bbox 856 5272 952 5311; x_wconf 89' lang='lat' dir='ltr'><strong>rex</strong></span> <span class='ocrx_word' id='word_1_729' title='bbox 984 5256 1161 5312; x_wconf 89' lang='lat' dir='ltr'><strong>Salem</strong></span> <span class='ocrx_word' id='word_1_730' title='bbox 1196 5259 1421 5329; x_wconf 88' lang='lat' dir='ltr'><strong>protulit</strong></span> <span class='ocrx_word' id='word_1_731' title='bbox 1453 5275 1620 5329; x_wconf 90' lang='lat' dir='ltr'><strong>panes</strong></span> <span class='ocrx_word' id='word_1_732' title='bbox 1646 5268 1702 5316; x_wconf 91' lang='lat' dir='ltr'><strong>et</strong></span> <span class='ocrx_word' id='word_1_733' title='bbox 1733 5260 1917 5317; x_wconf 86' lang='lat' dir='ltr'><strong>vinum</strong></span> 
     </span>
    </p>
   </div>
   <div class='ocr_carea' id='block_1_101' title="bbox 354 5347 1914 5417">
    <p class='ocr_par' dir='ltr' id='par_1_101' title="bbox 354 5347 1914 5417">
     <span class='ocr_line' id='line_1_101' title="bbox 354 5347 1914 5417; baseline 0.004 -16"><span class='ocrx_word' id='word_1_734' title='bbox 354 5347 604 5403; x_wconf 82' lang='lat' dir='ltr'><strong>Abrahae.</strong></span> <span class='ocrx_word' id='word_1_735' title='bbox 647 5349 777 5403; x_wconf 87' lang='lat' dir='ltr'><strong>Erat</strong></span> <span class='ocrx_word' id='word_1_736' title='bbox 801 5357 980 5403; x_wconf 90' lang='lat' dir='ltr'><strong>autem</strong></span> <span class='ocrx_word' id='word_1_737' title='bbox 1010 5348 1262 5404; x_wconf 89' lang='lat' dir='ltr'><strong>sacerdos</strong></span> <span class='ocrx_word' id='word_1_738' title='bbox 1296 5350 1389 5404; x_wconf 90' lang='lat' dir='ltr'><strong>Dei</strong></span> <span class='ocrx_word' id='word_1_739' title='bbox 1426 5350 1709 5417; x_wconf 88' lang='lat' dir='ltr'><strong>altissimi,</strong></span> <span class='ocrx_word' id='word_1_740' title='bbox 1749 5350 1914 5407; x_wconf 88' lang='lat' dir='ltr'><strong>bene-</strong></span> 
     </span>
    </p>
   </div>
   <div class='ocr_carea' id='block_1_102' title="bbox 356 5438 1914 5512">
    <p class='ocr_par' dir='ltr' id='par_1_102' title="bbox 356 5438 1914 5512">
     <span class='ocr_line' id='line_1_102' title="bbox 356 5438 1914 5512; baseline 0.003 -22"><span class='ocrx_word' id='word_1_741' title='bbox 356 5438 598 5506; x_wconf 79' lang='lat' dir='ltr'><strong>dixitque</strong></span> <span class='ocrx_word' id='word_1_742' title='bbox 631 5438 726 5491; x_wconf 92' lang='lat' dir='ltr'><strong>illi.</strong></span> <span class='ocrx_word' id='word_1_743' title='bbox 774 5438 1014 5493; x_wconf 88' lang='lat' dir='ltr'><strong>Tradunt</strong></span> <span class='ocrx_word' id='word_1_744' title='bbox 1039 5452 1251 5506; x_wconf 90' lang='lat' dir='ltr'><strong>quoque</strong></span> <span class='ocrx_word' id='word_1_745' title='bbox 1282 5438 1424 5494; x_wconf 91' lang='lat' dir='ltr'><strong>hunc</strong></span> <span class='ocrx_word' id='word_1_746' title='bbox 1467 5453 1587 5495; x_wconf 90' lang='lat' dir='ltr'><strong>esse</strong></span> <span class='ocrx_word' id='word_1_747' title='bbox 1612 5439 1761 5506; x_wconf 90' lang='lat' dir='ltr'><strong>Sem,</strong></span> <span class='ocrx_word' id='word_1_748' title='bbox 1800 5442 1914 5512; x_wconf 89' lang='lat' dir='ltr'><strong>pri-</strong></span> 
     </span>
    </p>
   </div>
   <div class='ocr_carea' id='block_1_103' title="bbox 356 5524 1921 5601">
    <p class='ocr_par' dir='ltr' id='par_1_103' title="bbox 356 5524 1921 5601">
     <span class='ocr_line' id='line_1_103' title="bbox 356 5524 1921 5601; baseline 0.006 -25"><span class='ocrx_word' id='word_1_749' title='bbox 356 5540 503 5578; x_wconf 84' lang='lat' dir='ltr'><strong>mum</strong></span> <span class='ocrx_word' id='word_1_750' title='bbox 531 5524 698 5579; x_wconf 78' lang='lat' dir='ltr'><strong>tilium</strong></span> <span class='ocrx_word' id='word_1_751' title='bbox 726 5525 855 5589; x_wconf 88' lang='lat' dir='ltr'><strong>Noe,</strong></span> <span class='ocrx_word' id='word_1_752' title='bbox 881 5527 993 5595; x_wconf 87' lang='lat' dir='ltr'><strong>qui,</strong></span> <span class='ocrx_word' id='word_1_753' title='bbox 1015 5534 1223 5581; x_wconf 90' lang='lat' dir='ltr'><strong>mutato</strong></span> <span class='ocrx_word' id='word_1_754' title='bbox 1246 5527 1479 5594; x_wconf 89' lang='lat' dir='ltr'><strong>nomine,</strong></span> <span class='ocrx_word' id='word_1_755' title='bbox 1494 5542 1827 5601; x_wconf 90' lang='lat' dir='ltr'><strong>nuncupatus</strong></span> <span class='ocrx_word' id='word_1_756' title='bbox 1850 5533 1921 5586; x_wconf 85' lang='lat' dir='ltr'><strong>sit</strong></span> 
     </span>
    </p>
   </div>
   <div class='ocr_carea' id='block_1_104' title="bbox 360 5611 1919 5689">
    <p class='ocr_par' dir='ltr' id='par_1_104' title="bbox 360 5611 1919 5689">
     <span class='ocr_line' id='line_1_104' title="bbox 360 5611 1919 5689; baseline 0.009 -27"><span class='ocrx_word' id='word_1_757' title='bbox 360 5611 771 5680; x_wconf 84' lang='lat' dir='ltr'><strong>Melchisedech,</strong></span> <span class='ocrx_word' id='word_1_758' title='bbox 808 5616 953 5685; x_wconf 90' lang='lat' dir='ltr'><strong>quod</strong></span> <span class='ocrx_word' id='word_1_759' title='bbox 998 5617 1051 5670; x_wconf 90' lang='lat' dir='ltr'><strong>in</strong></span> <span class='ocrx_word' id='word_1_760' title='bbox 1086 5624 1271 5671; x_wconf 90' lang='lat' dir='ltr'><strong>nostra</strong></span> <span class='ocrx_word' id='word_1_761' title='bbox 1308 5617 1485 5687; x_wconf 88' lang='lat' dir='ltr'><strong>lingua</strong></span> <span class='ocrx_word' id='word_1_762' title='bbox 1534 5620 1919 5689; x_wconf 87' lang='lat' dir='ltr'><strong>interpretatur</strong></span> 
     </span>
    </p>
   </div>
   <div class='ocr_carea' id='block_1_105' title="bbox 360 5703 1915 5776">
    <p class='ocr_par' dir='ltr' id='par_1_105' title="bbox 360 5703 1915 5776">
     <span class='ocr_line' id='line_1_105' title="bbox 360 5703 1915 5776; baseline 0.01 -27"><span class='ocrx_word' id='word_1_763' title='bbox 360 5716 452 5754; x_wconf 72' lang='lat' dir='ltr'><strong>rex</strong></span> <span class='ocrx_word' id='word_1_764' title='bbox 469 5703 690 5768; x_wconf 70' lang='lat' dir='ltr'><strong>futtilia:</strong></span> <span class='ocrx_word' id='word_1_765' title='bbox 719 5718 737 5755; x_wconf 87' lang='lat'><strong><em>:</em></strong></span> <span class='ocrx_word' id='word_1_766' title='bbox 762 5715 815 5757; x_wconf 85' lang='lat' dir='ltr'><strong>et</strong></span> <span class='ocrx_word' id='word_1_767' title='bbox 848 5722 913 5759; x_wconf 91' lang='lat' dir='ltr'><strong>eo</strong></span> <span class='ocrx_word' id='word_1_768' title='bbox 940 5715 1178 5776; x_wconf 87' lang='lat' dir='ltr'><strong>tempore</strong></span> <span class='ocrx_word' id='word_1_769' title='bbox 1206 5722 1312 5775; x_wconf 86' lang='lat' dir='ltr'><strong>quo</strong></span> <span class='ocrx_word' id='word_1_770' title='bbox 1340 5717 1492 5762; x_wconf 88' lang='lat' dir='ltr'><strong>ortus</strong></span> <span class='ocrx_word' id='word_1_771' title='bbox 1523 5716 1604 5763; x_wconf 92' lang='lat' dir='ltr'><strong>est</strong></span> <span class='ocrx_word' id='word_1_772' title='bbox 1645 5709 1915 5765; x_wconf 85' lang='lat' dir='ltr'><strong>Abraham</strong></span> 
     </span>
    </p>
   </div>
   <div class='ocr_carea' id='block_1_106' title="bbox 2023 4628 3621 4702">
    <p class='ocr_par' dir='ltr' id='par_1_106' title="bbox 2023 4628 3621 4702">
     <span class='ocr_line' id='line_1_106' title="bbox 2023 4628 3621 4702; baseline 0.003 -18"><span class='ocrx_word' id='word_1_773' title='bbox 2023 4628 2078 4684; x_wconf 89' lang='lat' dir='ltr'><strong>in</strong></span> <span class='ocrx_word' id='word_1_774' title='bbox 2111 4637 2253 4684; x_wconf 89' lang='lat' dir='ltr'><strong>terra</strong></span> <span class='ocrx_word' id='word_1_775' title='bbox 2285 4628 2561 4685; x_wconf 89' lang='lat' dir='ltr'><strong>Chanaan.</strong></span> <span class='ocrx_word' id='word_1_776' title='bbox 2594 4629 3050 4686; x_wconf 85' lang='lat' dir='ltr'><strong>Considerandum</strong></span> <span class='ocrx_word' id='word_1_777' title='bbox 3095 4646 3311 4701; x_wconf 89' lang='lat' dir='ltr'><strong>quoque</strong></span> <span class='ocrx_word' id='word_1_778' title='bbox 3332 4640 3417 4687; x_wconf 89' lang='lat' dir='ltr'><strong>est</strong></span> <span class='ocrx_word' id='word_1_779' title='bbox 3451 4635 3621 4702; x_wconf 87' lang='lat' dir='ltr'><strong>quod</strong></span> 
     </span>
    </p>
   </div>
   <div class='ocr_carea' id='block_1_107' title="bbox 2024 4718 3626 4795">
    <p class='ocr_par' dir='ltr' id='par_1_107' title="bbox 2024 4718 3626 4795">
     <span class='ocr_line' id='line_1_107' title="bbox 2024 4718 3626 4795; baseline 0.006 -23"><span class='ocrx_word' id='word_1_780' title='bbox 2024 4718 2256 4775; x_wconf 71' lang='lat' dir='ltr'><strong>Abraha:</strong></span> <span class='ocrx_word' id='word_1_781' title='bbox 2284 4735 2315 4776; x_wconf 91' lang='lat' dir='ltr'><strong>a</strong></span> <span class='ocrx_word' id='word_1_782' title='bbox 2342 4722 2487 4777; x_wconf 81' lang='lat' dir='ltr'><strong>caede</strong></span> <span class='ocrx_word' id='word_1_783' title='bbox 2516 4721 2750 4776; x_wconf 89' lang='lat' dir='ltr'><strong>hostium</strong></span> <span class='ocrx_word' id='word_1_784' title='bbox 2772 4722 3060 4779; x_wconf 89' lang='lat' dir='ltr'><strong>revertenti</strong></span> <span class='ocrx_word' id='word_1_785' title='bbox 3091 4723 3250 4795; x_wconf 89' lang='lat' dir='ltr'><strong>(quos</strong></span> <span class='ocrx_word' id='word_1_786' title='bbox 3280 4735 3626 4792; x_wconf 84' lang='lat' dir='ltr'><strong>persecutus</strong></span> 
     </span>
    </p>
   </div>
   <div class='ocr_carea' id='block_1_108' title="bbox 2021 4811 3630 4886">
    <p class='ocr_par' dir='ltr' id='par_1_108' title="bbox 2021 4811 3630 4886">
     <span class='ocr_line' id='line_1_108' title="bbox 2021 4811 3630 4886; baseline 0.008 -23"><span class='ocrx_word' id='word_1_787' title='bbox 2021 4817 2107 4864; x_wconf 88' lang='lat' dir='ltr'><strong>est</strong></span> <span class='ocrx_word' id='word_1_788' title='bbox 2138 4825 2307 4880; x_wconf 87' lang='lat' dir='ltr'><strong>usque</strong></span> <span class='ocrx_word' id='word_1_789' title='bbox 2332 4811 2464 4876; x_wconf 87' lang='lat' dir='ltr'><strong>Dan,</strong></span> <span class='ocrx_word' id='word_1_790' title='bbox 2495 4815 2613 4881; x_wconf 65' lang='lat' dir='ltr'><strong>quae</strong></span> <span class='ocrx_word' id='word_1_791' title='bbox 2635 4812 2795 4868; x_wconf 91' lang='lat' dir='ltr'><strong>hodie</strong></span> <span class='ocrx_word' id='word_1_792' title='bbox 2814 4812 3023 4869; x_wconf 85' lang='lat' dir='ltr'><strong>Paucas</strong></span> <span class='ocrx_word' id='word_1_793' title='bbox 3050 4814 3373 4886; x_wconf 86' lang='lat' dir='ltr'><strong>appellatur)</strong></span> <span class='ocrx_word' id='word_1_794' title='bbox 3399 4832 3511 4871; x_wconf 89' lang='lat' dir='ltr'><strong>non</strong></span> <span class='ocrx_word' id='word_1_795' title='bbox 3539 4820 3630 4876; x_wconf 85' lang='lat' dir='ltr'><strong>de</strong></span> 
     </span>
    </p>
   </div>
   <div class='ocr_carea' id='block_1_109' title="bbox 2022 4899 3626 4976">
    <p class='ocr_par' dir='ltr' id='par_1_109' title="bbox 2022 4899 3626 4976">
     <span class='ocr_line' id='line_1_109' title="bbox 2022 4899 3626 4976; baseline 0.008 -23"><span class='ocrx_word' id='word_1_796' title='bbox 2022 4899 2110 4953; x_wconf 91' lang='lat' dir='ltr'><strong>via</strong></span> <span class='ocrx_word' id='word_1_797' title='bbox 2140 4900 2470 4957; x_wconf 82' lang='lat' dir='ltr'><strong>Hierusalem</strong></span> <span class='ocrx_word' id='word_1_798' title='bbox 2495 4940 2513 4967; x_wconf 90' lang='lat'><strong>,</strong></span> <span class='ocrx_word' id='word_1_799' title='bbox 2555 4902 2652 4958; x_wconf 85' lang='lat' dir='ltr'><strong>sed</strong></span> <span class='ocrx_word' id='word_1_800' title='bbox 2680 4902 2745 4958; x_wconf 89' lang='lat' dir='ltr'><strong>de</strong></span> <span class='ocrx_word' id='word_1_801' title='bbox 2787 4903 2981 4973; x_wconf 86' lang='lat' dir='ltr'><strong>oppido</strong></span> <span class='ocrx_word' id='word_1_802' title='bbox 3019 4906 3334 4976; x_wconf 90' lang='lat' dir='ltr'><strong>metropolis</strong></span> <span class='ocrx_word' id='word_1_803' title='bbox 3375 4906 3626 4966; x_wconf 82' lang='lat' dir='ltr'><strong>Sichem</strong></span> 
     </span>
    </p>
   </div>
   <div class='ocr_carea' id='block_1_110' title="bbox 2023 4991 3627 5070">
    <p class='ocr_par' dir='ltr' id='par_1_110' title="bbox 2023 4991 3627 5070">
     <span class='ocr_line' id='line_1_110' title="bbox 2023 4991 3627 5070; baseline 0.01 -24"><span class='ocrx_word' id='word_1_804' title='bbox 2023 4991 2129 5047; x_wconf 85' lang='lat' dir='ltr'><strong>iter</strong></span> <span class='ocrx_word' id='word_1_805' title='bbox 2163 4991 2344 5048; x_wconf 89' lang='lat' dir='ltr'><strong>fuerit.</strong></span> <span class='ocrx_word' id='word_1_806' title='bbox 2388 4993 2465 5048; x_wconf 90' lang='lat' dir='ltr'><strong>De</strong></span> <span class='ocrx_word' id='word_1_807' title='bbox 2507 5008 2613 5065; x_wconf 90' lang='lat' dir='ltr'><strong>quo</strong></span> <span class='ocrx_word' id='word_1_808' title='bbox 2637 4994 2694 5050; x_wconf 89' lang='lat' dir='ltr'><strong>in</strong></span> <span class='ocrx_word' id='word_1_809' title='bbox 2737 4996 3026 5069; x_wconf 85' lang='lat' dir='ltr'><strong>Evangelio</strong></span> <span class='ocrx_word' id='word_1_810' title='bbox 3063 5014 3280 5070; x_wconf 89' lang='lat' dir='ltr'><strong>quoque</strong></span> <span class='ocrx_word' id='word_1_811' title='bbox 3318 5000 3567 5070; x_wconf 86' lang='lat' dir='ltr'><strong>legimus</strong></span> <span class='ocrx_word' id='word_1_812' title='bbox 3607 5026 3627 5062; x_wconf 87' lang='lat'><strong>:</strong></span> 
     </span>
    </p>
   </div>
   <div class='ocr_carea' id='block_1_111' title="bbox 2021 5081 3635 5160">
    <p class='ocr_par' dir='ltr' id='par_1_111' title="bbox 2021 5081 3635 5160">
     <span class='ocr_line' id='line_1_111' title="bbox 2021 5081 3635 5160; baseline 0.007 -24"><span class='ocrx_word' id='word_1_813' title='bbox 2021 5081 2154 5137; x_wconf 86' lang='lat' dir='ltr'><strong>Erat</strong></span> <span class='ocrx_word' id='word_1_814' title='bbox 2184 5093 2357 5138; x_wconf 87' lang='lat' dir='ltr'><strong>autem</strong></span> <span class='ocrx_word' id='word_1_815' title='bbox 2378 5084 2609 5141; x_wconf 71' lang='lat' dir='ltr'><strong>Joannes</strong></span> <span class='ocrx_word' id='word_1_816' title='bbox 2632 5085 2903 5157; x_wconf 69' lang='lat' dir='ltr'><strong>baptizata</strong></span> <span class='ocrx_word' id='word_1_817' title='bbox 2931 5088 2989 5142; x_wconf 81' lang='lat' dir='ltr'><strong>in</strong></span> <span class='ocrx_word' id='word_1_818' title='bbox 3018 5087 3172 5143; x_wconf 85' lang='lat' dir='ltr'><strong>Enon</strong></span> <span class='ocrx_word' id='word_1_819' title='bbox 3187 5090 3349 5160; x_wconf 77' lang='lat' dir='ltr'><strong>juxta</strong></span> <span class='ocrx_word' id='word_1_820' title='bbox 3382 5090 3579 5147; x_wconf 74' lang='lat' dir='ltr'><strong>Salr&#39;m</strong></span> <span class='ocrx_word' id='word_1_821' title='bbox 3612 5138 3635 5159; x_wconf 79' lang='lat'><strong>,</strong></span> 
     </span>
    </p>
   </div>
   <div class='ocr_carea' id='block_1_112' title="bbox 2018 5172 3639 5243">
    <p class='ocr_par' dir='ltr' id='par_1_112' title="bbox 2018 5172 3639 5243">
     <span class='ocr_line' id='line_1_112' title="bbox 2018 5172 3639 5243; baseline 0.007 -18"><span class='ocrx_word' id='word_1_822' title='bbox 2018 5172 2142 5241; x_wconf 84' lang='lat' dir='ltr'><strong>quia</strong></span> <span class='ocrx_word' id='word_1_823' title='bbox 2170 5188 2318 5242; x_wconf 73' lang='lat' dir='ltr'><strong>aqua:</strong></span> <span class='ocrx_word' id='word_1_824' title='bbox 2344 5173 2523 5230; x_wconf 75' lang='lat' dir='ltr'><strong>multa:</strong></span> <span class='ocrx_word' id='word_1_825' title='bbox 2546 5185 2696 5230; x_wconf 87' lang='lat' dir='ltr'><strong>erant</strong></span> <span class='ocrx_word' id='word_1_826' title='bbox 2722 5175 2815 5231; x_wconf 80' lang='lat' dir='ltr'><strong>ibi.</strong></span> <span class='ocrx_word' id='word_1_827' title='bbox 2844 5175 2955 5233; x_wconf 86' lang='lat' dir='ltr'><strong>Nec</strong></span> <span class='ocrx_word' id='word_1_828' title='bbox 2997 5177 3164 5233; x_wconf 86' lang='lat' dir='ltr'><strong>refert</strong></span> <span class='ocrx_word' id='word_1_829' title='bbox 3194 5188 3376 5234; x_wconf 88' lang='lat' dir='ltr'><strong>utrum</strong></span> <span class='ocrx_word' id='word_1_830' title='bbox 3412 5178 3639 5243; x_wconf 77' lang='lat' dir='ltr'><strong>Salem</strong></span> 
     </span>
    </p>
   </div>
   <div class='ocr_carea' id='block_1_113' title="bbox 2022 5262 3641 5332">
    <p class='ocr_par' dir='ltr' id='par_1_113' title="bbox 2022 5262 3641 5332">
     <span class='ocr_line' id='line_1_113' title="bbox 2022 5262 3641 5332; baseline 0.01 -16"><span class='ocrx_word' id='word_1_831' title='bbox 2022 5276 2091 5317; x_wconf 90' lang='lat' dir='ltr'><strong>an</strong></span> <span class='ocrx_word' id='word_1_832' title='bbox 2118 5262 2285 5319; x_wconf 88' lang='lat' dir='ltr'><strong>Salim</strong></span> <span class='ocrx_word' id='word_1_833' title='bbox 2310 5265 2637 5332; x_wconf 85' lang='lat' dir='ltr'><strong>nominetur,</strong></span> <span class='ocrx_word' id='word_1_834' title='bbox 2663 5281 2786 5322; x_wconf 89' lang='lat' dir='ltr'><strong>cum</strong></span> <span class='ocrx_word' id='word_1_835' title='bbox 2806 5266 3011 5323; x_wconf 88' lang='lat' dir='ltr'><strong>eisdem</strong></span> <span class='ocrx_word' id='word_1_836' title='bbox 3040 5268 3313 5324; x_wconf 83' lang='lat' dir='ltr'><strong>vocalibus</strong></span> <span class='ocrx_word' id='word_1_837' title='bbox 3333 5268 3388 5324; x_wconf 90' lang='lat' dir='ltr'><strong>in</strong></span> <span class='ocrx_word' id='word_1_838' title='bbox 3412 5274 3641 5332; x_wconf 74' lang='lat' dir='ltr'><strong>medio</strong></span> 
     </span>
    </p>
   </div>
   <div class='ocr_carea' id='block_1_114' title="bbox 2018 5352 3643 5427">
    <p class='ocr_par' dir='ltr' id='par_1_114' title="bbox 2018 5352 3643 5427">
     <span class='ocr_line' id='line_1_114' title="bbox 2018 5352 3643 5427; baseline 0.007 -19"><span class='ocrx_word' id='word_1_839' title='bbox 2018 5352 2218 5410; x_wconf 87' lang='lat' dir='ltr'><strong>litteris</strong></span> <span class='ocrx_word' id='word_1_840' title='bbox 2235 5369 2456 5424; x_wconf 88' lang='lat' dir='ltr'><strong>perraro</strong></span> <span class='ocrx_word' id='word_1_841' title='bbox 2479 5363 2702 5411; x_wconf 89' lang='lat' dir='ltr'><strong>utantur</strong></span> <span class='ocrx_word' id='word_1_842' title='bbox 2723 5355 2952 5421; x_wconf 66' lang='lat' dir='ltr'><strong>Hebraei,</strong></span> <span class='ocrx_word' id='word_1_843' title='bbox 2999 5367 3055 5414; x_wconf 90' lang='lat' dir='ltr'><strong>et</strong></span> <span class='ocrx_word' id='word_1_844' title='bbox 3078 5373 3179 5427; x_wconf 84' lang='lat' dir='ltr'><strong>pro</strong></span> <span class='ocrx_word' id='word_1_845' title='bbox 3202 5358 3487 5415; x_wconf 83' lang='lat' dir='ltr'><strong>voluntate</strong></span> <span class='ocrx_word' id='word_1_846' title='bbox 3544 5364 3643 5419; x_wconf 83' lang='lat' dir='ltr'><strong>le-</strong></span> 
     </span>
    </p>
   </div>
   <div class='ocr_carea' id='block_1_115' title="bbox 2022 5445 3646 5517">
    <p class='ocr_par' dir='ltr' id='par_1_115' title="bbox 2022 5445 3646 5517">
     <span class='ocr_line' id='line_1_115' title="bbox 2022 5445 3646 5517; baseline 0.004 -19"><span class='ocrx_word' id='word_1_847' title='bbox 2022 5451 2232 5499; x_wconf 91' lang='lat' dir='ltr'><strong>ctorum</strong></span> <span class='ocrx_word' id='word_1_848' title='bbox 2260 5459 2325 5499; x_wconf 91' lang='lat' dir='ltr'><strong>ae</strong></span> <span class='ocrx_word' id='word_1_849' title='bbox 2345 5445 2606 5500; x_wconf 90' lang='lat' dir='ltr'><strong>varietate</strong></span> <span class='ocrx_word' id='word_1_850' title='bbox 2632 5446 2931 5517; x_wconf 88' lang='lat' dir='ltr'><strong>regionum,</strong></span> <span class='ocrx_word' id='word_1_851' title='bbox 2958 5448 3147 5502; x_wconf 84' lang='lat' dir='ltr'><strong>eadem</strong></span> <span class='ocrx_word' id='word_1_852' title='bbox 3177 5449 3338 5503; x_wconf 88' lang='lat' dir='ltr'><strong>verba</strong></span> <span class='ocrx_word' id='word_1_853' title='bbox 3365 5447 3646 5512; x_wconf 75' lang='lat' dir='ltr'><strong>diversis</strong></span> 
     </span>
    </p>
   </div>
   <div class='ocr_carea' id='block_1_116' title="bbox 2023 5533 3647 5614">
    <p class='ocr_par' dir='ltr' id='par_1_116' title="bbox 2023 5533 3647 5614">
     <span class='ocr_line' id='line_1_116' title="bbox 2023 5533 3647 5614; baseline 0.004 -28"><span class='ocrx_word' id='word_1_854' title='bbox 2023 5533 2169 5588; x_wconf 88' lang='lat' dir='ltr'><strong>sonis</strong></span> <span class='ocrx_word' id='word_1_855' title='bbox 2182 5541 2344 5601; x_wconf 90' lang='lat' dir='ltr'><strong>atque</strong></span> <span class='ocrx_word' id='word_1_856' title='bbox 2360 5549 2521 5589; x_wconf 90' lang='lat' dir='ltr'><strong>acccn</strong></span> <span class='ocrx_word' id='word_1_857' title='bbox 2530 5535 2670 5590; x_wconf 89' lang='lat' dir='ltr'><strong>tibus</strong></span> <span class='ocrx_word' id='word_1_858' title='bbox 2690 5535 3050 5604; x_wconf 87' lang='lat' dir='ltr'><strong>proferantur.</strong></span> <span class='ocrx_word' id='word_1_859' title='bbox 3075 5538 3361 5607; x_wconf 88' lang='lat' dir='ltr'><strong>Apostolus</strong></span> <span class='ocrx_word' id='word_1_860' title='bbox 3378 5554 3647 5614; x_wconf 73' lang='lat' dir='ltr'><strong>quoque</strong></span> 
     </span>
    </p>
   </div>
   <div class='ocr_carea' id='block_1_117' title="bbox 2023 5621 3644 5705">
    <p class='ocr_par' dir='ltr' id='par_1_117' title="bbox 2023 5621 3644 5705">
     <span class='ocr_line' id='line_1_117' title="bbox 2023 5621 3644 5705; baseline 0.006 -28"><span class='ocrx_word' id='word_1_861' title='bbox 2023 5621 2167 5678; x_wconf 88' lang='lat' dir='ltr'><strong>hunc</strong></span> <span class='ocrx_word' id='word_1_862' title='bbox 2196 5623 2583 5680; x_wconf 85' lang='lat' dir='ltr'><strong>Melchisedech</strong></span> <span class='ocrx_word' id='word_1_863' title='bbox 2610 5626 2738 5680; x_wconf 92' lang='lat' dir='ltr'><strong>dicit</strong></span> <span class='ocrx_word' id='word_1_864' title='bbox 2763 5642 2883 5681; x_wconf 89' lang='lat' dir='ltr'><strong>esse</strong></span> <span class='ocrx_word' id='word_1_865' title='bbox 2905 5627 3021 5682; x_wconf 90' lang='lat' dir='ltr'><strong>sine</strong></span> <span class='ocrx_word' id='word_1_866' title='bbox 3042 5637 3225 5696; x_wconf 85' lang='lat' dir='ltr'><strong>patre,</strong></span> <span class='ocrx_word' id='word_1_867' title='bbox 3252 5629 3367 5682; x_wconf 83' lang='lat' dir='ltr'><strong>sine</strong></span> <span class='ocrx_word' id='word_1_868' title='bbox 3393 5642 3644 5705; x_wconf 69' lang='lat' dir='ltr'><strong>matre,</strong></span> 
     </span>
    </p>
   </div>
   <div class='ocr_carea' id='block_1_118' title="bbox 2023 5714 3643 5791">
    <p class='ocr_par' dir='ltr' id='par_1_118' title="bbox 2023 5714 3643 5791">
     <span class='ocr_line' id='line_1_118' title="bbox 2023 5714 3643 5791; baseline 0.002 -24"><span class='ocrx_word' id='word_1_869' title='bbox 2023 5714 2141 5768; x_wconf 88' lang='lat' dir='ltr'><strong>sine</strong></span> <span class='ocrx_word' id='word_1_870' title='bbox 2188 5715 2515 5786; x_wconf 75' lang='lat' dir='ltr'><strong>genealogis.</strong></span> <span class='ocrx_word' id='word_1_871' title='bbox 2549 5717 2699 5783; x_wconf 87' lang='lat' dir='ltr'><strong>Quod</strong></span> <span class='ocrx_word' id='word_1_872' title='bbox 2729 5718 2848 5774; x_wconf 84' lang='lat' dir='ltr'><strong>ideo</strong></span> <span class='ocrx_word' id='word_1_873' title='bbox 2875 5718 3042 5781; x_wconf 82' lang='lat' dir='ltr'><strong>dixit,</strong></span> <span class='ocrx_word' id='word_1_874' title='bbox 3068 5721 3193 5786; x_wconf 74' lang='lat' dir='ltr'><strong>quia</strong></span> <span class='ocrx_word' id='word_1_875' title='bbox 3228 5717 3643 5791; x_wconf 64' lang='lat' dir='ltr'><strong>geneaIOgiam</strong></span> 
     </span>
    </p>
   </div>
  </div>
