3898 6178
304 262 412 323 985

304 473 536 545 legalem
586 471 929 528 traditionem
984 486 1096 528 non
1145 471 1407 529 oll‘erebat
1457 474 1665 530 hostias
1694 515 1710 541 ,
1761 489 1897 545 quas

301 563 566 620 Dominus
616 562 987 618 sacerdotibus
1052 562 1278 619 Levitici
1335 564 1553 635 ge’neris
1613 564 1897 621 immolare

300 664 636 727 praeceperat
652 697 667 722 ,
700 655 814 710 sive
839 655 964 725 quia
984 671 1052 711 ex
1081 656 1229 712 tribu
1254 656 1407 722 Levi,
1430 672 1531 713 nec
1558 664 1768 729 patrem
1791 658 1892 713 ha-

301 749 420 804 buit
447 763 550 804 nec
574 755 824 814 matrem,
868 748 1009 803 sicut
1040 749 1381 819 prtemissum
1407 758 1510 806 est.
1590 790 1604 804 .
1684 789 1699 804 .
1777 790 1792 804 .
1872 790 1886 804 .

1415 262 1829 321 CHRONICON.
1851 293 1925 306 -—
1949 262 2116 321 TOMI
2152 263 2175 320 Ι
2211 264 2338 321 LIB.
2374 265 2438 323 II.

303 380 424 452 ejus
450 384 641 435 sancta
667 376 949 449 Scriptura
974 392 1083 435 non
1109 386 1320 446 narrat,
1340 380 1427 437 vel
1447 382 1570 453 quia
1596 382 1891 438 secundum
1917 386 1974 453 Α

3473 281 3584 340 916

2463 384 2836 457 Typographus
2870 387 3097 452 Lectori.

2065 474 2146 561 Ne
2194 475 2301 561 tibi
2323 474 2505 561 fucum
2535 475 2715 561 facere
2732 474 3041 561 videamur,
3084 486 3314 545 candide
3358 489 3578 561 Lector,

1995 546 2228 623 ingenue
2274 544 2508 623 fatemur
2528 586 2562 623 ρ-
2600 549 2690 604 hic
2712 551 2872 623 inter
2919 544 3153 623 primum
3196 567 3252 612 et
3279 544 3579 620 secundum

1993 616 2193 690 librum
2216 616 2472 690 utrinque
2494 616 2673 690 aliqua
2694 616 2992 677 desiderari
3025 644 3038 679 :
3067 628 3211 683 nulla
3232 644 3364 686 sane
3388 616 3577 690 nostra

1998 687 2083 741 vel
2111 686 2321 769 incuria
2348 686 2430 742 vel
2460 686 2668 769 studio;
2695 694 2788 746 sed
2817 694 3259 769 exemplaris,ex
3290 715 3397 769 quo

1998 773 2121 840 cum
2151 756 2295 840 aliud
2331 758 2629 840 correctins
2654 774 2760 813 non
2789 756 3119 832 suppeteret,
3147 756 3573 840 descripsimus,

1993 827 2146 911 yitio.
2198 825 2274 881 De
2320 828 2518 911 quibus
2569 836 2755 911 tamen
2792 825 2907 911 non:
2929 842 3040 911 est“
3058 825 3201 906 quod
3249 825 3578 911 magnopere

1992 897 2226 969 labores,
2251 911 2373 969 cum
2397 896 2702 969 hujusmodi
2728 898 2840 955 fere
2860 902 2971 957 sint
2987 896 3099 969 illa,
3122 917 3186 960 ut
3203 924 3269 964 ex
3293 896 3578 967 sacrorum

1994 967 2284 1022 bibliorum
2305 966 2538 1023 lectione
2561 968 2773 1025 abunde
2801 981 3052 1029 constare
3082 966 3177 1031 tibi
3209 988 3429 1047 queant.

1480 1282 1782 1363 LIBER
1838 1281 2399 1364 SECUNDUS.

803 1525 1032 1584 CAPUT
1070 1525 1361 1582 PRIMUM.

288 1636 374 1693 De
404 1637 601 1709 Ioseph
624 1635 959 1704 exultatione,
990 1647 1038 1709 et
1066 1653 1224 1709 quam
1253 1637 1316 1690 ob
1344 1651 1562 1709 causam
1588 1633 1881 1709 ﬁliiglsrael

363 1710 487 1763 inde
534 1704 899 1772 discesserint,
959 1704 1284 1761 ethnicorum
1334 1704 1880 1775 historiographorum

362 1780 556 1849 partim
582 1777 904 1848 imperfecta,
926 1777 1121 1847 partim
1153 1775 1293 1845 falsa
1326 1775 1582 1829 narratio.

361 1909 443 1964 De
475 1911 580 1964 hoc
615 1916 797 1964 autem
832 1918 1020 1964 nostro
1049 1907 1246 1978 Ioseph
1286 1908 1488 1963 ethnici
1517 1909 1683 1964 etiam
1714 1908 1882 1964 histo-

284 2001 567 2071 riograplii
604 2000 785 2069 aliqua
816 2000 1172 2070 scripserunt.
1212 1999 1500 2069 Pompeius
1527 1999 1673 2054 enim
1711 2000 1883 2057 histo-

283 2089 440 2145 ricus
465 2129 481 2154 ,
526 2086 749 2158 ejusque
791 2088 1064 2144 breviatur
1084 2089 1356 2153 Justinus,
1406 2088 1550 2143 inter
1576 2096 1770 2144 cmtera
1803 2090 1882 2146 sic

281 2178 366 2234 ait
399 2197 413 2231 :
443 2177 698 2232 Minimus
725 2188 887 2234 aetate
920 2179 1064 2235 inter
1102 2178 1303 2235 fratres
1328 2177 1531 2250 Ioseph
1560 2179 1681 2234 fuit.
1715 2180 1880 2250 Cujus

282 2269 568 2325 excellens
598 2269 872 2340 ingenium
912 2269 1110 2326 fratres
1137 2272 1319 2338 veriti,
1347 2271 1704 2343 interceptum
1727 2288 1881 2343 pere-

281 2356 461 2431 grinis
487 2357 884 2415 mercatoribus
903 2361 1280 2416 vendiderunt.
1318 2360 1364 2415 A
1393 2361 1590 2432 quibus
1631 2363 1880 2432 deporta—

284 2459 375 2505 tus
398 2450 455 2503 in
492 2447 811 2521 Egyptum,
847 2466 972 2506 cum
998 2452 1235 2524 magicas
1265 2451 1400 2527 [Al.,
1431 2453 1771 2526 magniﬁcas]
1806 2453 1880 2509 ibi

282 2550 438 2596 artes
480 2540 668 2597 solerti
708 2542 927 2614 ingenio
952 2545 1308 2615 percepisset,
1355 2544 1411 2599 in
1443 2544 1594 2602 brevi
1627 2545 1730 2616 ipsi
1763 2545 1877 2617 regi

280 2632 587 2703 percharus
623 2631 746 2687 fuit.
791 2631 928 2688 Nam
973 2642 1028 2690 et
1073 2635 1445 2707 prodigiorum
1494 2637 1879 2709 sagacissimus

281 2728 405 2775 erat
433 2731 489 2777 et
535 2722 868 2778 somniorum
894 2723 1104 2795 primus
1150 2726 1559 2798 intelligentiam
1603 2729 1876 2795 condidit,

280 2814 531 2884 nihilque
563 2815 730 2870 divini
752 2816 892 2885 juris
926 2817 1257 2888 humanique
1283 2819 1334 2874 ei
1363 2819 1698 2891 incognitum
1725 2821 1877 2876 vide-

275 2905 451 2959 batur
479 2922 492 2959 :
540 2905 675 2962 adeo
700 2907 947 2962 utetiam
974 2923 1230 2978 agrorum
1258 2908 1600 2963 sterilitatem
1635 2907 1874 2964 futuram

279 3007 417 3054 ante
440 2998 639 3055 multos
665 3015 836 3055 annos
860 3000 1221 3071 prospiciens,
1254 2999 1440 3072 fruges
1470 3008 1871 3073 congregasset,

280 3096 550 3160 tantaque
595 3091 968 3160 experimenta
1019 3089 1137 3161 ejus
1166 3089 1397 3159 fuerint,
1450 3100 1512 3147 ut
1544 3108 1652 3148 non
1678 3093 1747 3148 ab
1776 3093 1876 3150 bo-

276 3182 456 3247 mine,
498 3183 594 3237 sed
618 3199 649 3238 a
680 3182 791 3239 Deo
818 3199 1079 3254 responsa
1108 3184 1439 3240 viderentur.
1475 3184 1644 3241 Filius
1670 3184 1869 3257 Ioseph

278 3273 466 3331 Muses
493 3274 617 3343 fuit,
646 3292 804 3347 quem
831 3286 1030 3348 praeter
1053 3287 1294 3350 paternae
1321 3279 1563 3335 scientiae
1587 3279 1873 3337 hmredita~

268 3377 415 3434 tem,
468 3367 635 3424 etiam
683 3367 872 3425 formae
904 3369 1253 3440 pulchritudo
1278 3371 1709 3426 commendabat.
1765 3372 1874 3429 Sed

274 3455 530 3529 Egyptii
561 3473 682 3515 cum
718 3460 956 3516 scabiem
983 3470 1039 3516 et
1064 3461 1382 3532 vitiliginem
1409 3469 1745 3531 paterentur,
1782 3480 1872 3520 re-

276 3563 488 3619 sponso
529 3551 755 3616 moniti,
786 3567 911 3606 cum
940 3567 1061 3607 cum
1091 3551 1271 3623 azgris,
1299 3566 1367 3606 ne
1396 3552 1563 3621 pestis
1592 3552 1661 3606 ad
1691 3554 1874 3622 plures

276 3654 552 3714 serperet,
574 3645 824 3700 terminis
846 3644 1066 3717 Egypti
1084 3646 1309 3717 pellunt.
1335 3645 1461 3702 Haec
1482 3644 1746 3701 Iustinus.
1765 3645 1873 3702 Sed

276 3734 543 3802 quoniam
565 3732 684 3789 haec
703 3733 845 3789 idem
865 3733 1060 3801 Moses,
1083 3748 1245 3804 quem
1267 3735 1358 3789 isti
1378 3734 1678 3805 sapientem
1698 3734 1873 3790 scien-

279 3831 506 3894 temque
528 3821 694 3879 fuisse
718 3832 1072 3889 attestantur,
1101 3823 1315 3895 plenius
1338 3825 1624 3894 veriusque
1646 3831 1754 3878 tam
1776 3837 1875 3894 per

276 3930 338 3970 se
357 3932 529 3987 quam
561 3932 662 3987 per
686 3931 836 3984 suos,
865 3932 985 3988 qua:
1010 3924 1159 3989 gesta
1191 3924 1317 3971 sunt
1352 3915 1711 3986 conscripsit,
1755 3915 1869 3985 pri-

275 4021 431 4060 mum
472 4006 579 4061 ﬁde
620 4006 736 4075 ejus
775 4015 936 4079 atque
979 4007 1334 4073 auctoritate,
1373 4023 1535 4079 quam
1578 4008 1742 4062 etiam
1783 4007 1870 4063 isti

276 4096 549 4165 probant,
594 4097 788 4153 horum
834 4099 1139 4171 ignorantia
1188 4106 1273 4155 est
1300 4098 1615 4169 supplenda.
1665 4097 1873 4153 Dehinc

277 4188 633 4243 sacerdotum
674 4187 1055 4260 Egyptiorum
1100 4187 1265 4244 fallax
1308 4188 1499 4243 militia
1542 4186 1870 4244 confutanda

1906 1530 2081 1589 B,suo
2104 1539 2275 1594 usque
2300 1522 2444 1582 nunc
2468 1526 2669 1597 quintte
2697 1527 2867 1596 partis
2895 1527 3214 1584 incessabile
3237 1533 3462 1603 vectigal
3481 1550 3578 1590 ex-

1903 2871 1948 2934 C

1983 1613 2163 1671 solvit.
2192 1615 2317 1670 Fuit
2339 1616 2522 1685 itaque
2546 1617 2660 1671 haec
2686 1615 2856 1670 fames
2886 1610 3080 1687 magna
3109 1618 3208 1672 sub
3245 1635 3374 1690 rege
3412 1621 3581 1697 AIqu

1982 1705 2218 1775 ptiorum
2241 1705 2530 1777 Diopolita,
2553 1705 2639 1761 cui
2668 1720 2867 1760 nomen
2896 1714 3014 1760 erat
3032 1706 3278 1762 Amoses.
3296 1708 3414 1775 Quo
3436 1718 3573 1765 tem-

1981 1810 2113 1868 pore
2140 1795 2334 1851 Baleus
2353 1795 2629 1867 Assyrios,
2649 1795 2880 1866 Argivos
2902 1796 3036 1866 Apis
3065 1798 3305 1867 regebat.
3331 1799 3575 1856 Fuerunt

1982 1898 2165 1944 autem
2177 1895 2303 1943 ante
2314 1902 2486 1943 annos
2501 1895 2708 1958 septem
2719 1887 3084 1957 praecedentes
3097 1887 3187 1942 alii
3199 1896 3404 1957 septem
3418 1891 3575 1946 uber-

1985 1979 2111 2033 tatis
2157 1979 2318 2045 anni,
2363 1993 2594 2049 quorum
2636 1976 2964 2034 amuentiam
3011 1986 3163 2034 tanto
3205 1980 3570 2052 negligentins

1980 2067 2301 2138 perituram,
2328 2075 2532 2138 quanto
2562 2068 2785 2124 uberius
2815 2076 2999 2123 natam
3040 2066 3242 2139 Ioseph
3266 2079 3451 2126 noster
3479 2088 3569 2128 so-

1982 2159 2139 2215 lertia
2181 2174 2281 2216 sua
2309 2160 2528 2233 collegit
2565 2168 2623 2215 et
2648 2162 2914 2227 condidit,
2949 2170 3229 2233 totamque
3272 2163 3571 2236 :Egyptum

1982 2250 2326 2315 conservavit
2369 2251 2703 2321 :acquisivit
2744 2252 3055 2308 universam
3094 2251 3368 2309 Pharaoni
3405 2268 3572 2323 pecu-

1979 2341 2149 2407 niam,
2174 2349 2230 2396 et
2267 2343 2378 2396 Deo
2404 2341 2631 2411 gloriam
2657 2342 2907 2408 reddens,
2947 2343 3353 2413 dispensatione
3377 2345 3570 2415 justis-

1981 2435 2118 2490 sima
2145 2436 2232 2491 cui
2257 2436 2508 2507 vectigal,
2536 2436 2785 2506 vectigal,
2814 2437 2902 2490 cui
2941 2436 3229 2500 honorem,
3262 2437 3525 2492 honorem
3551 2453 3566 2492 :

1979 2527 2329 2597 omniumque
2364 2542 2594 2597 pecora,
2640 2535 2814 2581 terras
2859 2542 3162 2597 censusque
3202 2527 3438 2599 collegit.
3472 2528 3571 2584 Se-

1980 2617 2128 2672 mina
2160 2618 2324 2673 etiam
2348 2618 2450 2673 sub
2470 2617 2755 2673 taxatione
2778 2624 2981 2672 statuta
3010 2617 3094 2673 eis
3119 2617 3340 2683 tribuit,
3377 2625 3438 2673 ut
3463 2626 3572 2673 ter-

1981 2723 2100 2763 ram
2127 2704 2347 2781 Egypti
2369 2724 2531 2779 quam
2557 2718 2827 2776 emerant,
2857 2709 3219 2776 exsolverent,
3246 2718 3303 2766 et
3323 2711 3569 2782 quintam

1979 2808 2193 2870 partem
2220 2801 2287 2856 de
2308 2799 2578 2856 fructibus
2601 2801 2717 2869 regi
2745 2801 2956 2856 darent.

2596 2896 2826 2968 CAPUT
2882 2912 2946 2967 ιι.

1976 2999 2309 3059 Patriarchaa
2322 3002 2487 3059 Iacob
2516 3002 2840 3059 luculentum
2870 3004 2934 3060 de
2958 3005 3153 3061 Christi
3188 3006 3414 3061 adventu
3439 3008 3570 3063 vati-

2047 3073 2263 3156 cinium.
2312 3072 2381 3128 Et
2418 3089 2520 3146 quo
2559 3082 2788 3143 tempore
2831 3074 3037 3131 Gracia
3078 3076 3317 3148 frugibus
3360 3079 3439 3132 uti
3468 3094 3570 3134 θω-

2020 3194 2031 3211 ,
2045 3152 2200 3217 perit.

2045 3255 2392 3329 Assyriorum
2418 3254 2467 3310 Χ
2489 3255 2713 3314 Altadas
2741 3266 2933 3330 regnat
2955 3258 3112 3316 annis
3146 3258 3236 3314 '52.
3289 3260 3339 3315 Α
3368 3261 3569 3316 nativi-

1974 3354 2088 3420 tate
2106 3347 2340 3403 Abraha:
2365 3349 2777 3404 trecentesimus
2800 3350 3021 3420 quintus
3043 3351 3288 3407 decimus
3314 3360 3436 3407 erat
3472 3367 3570 3406 an-

1974 3453 2107 3504 nus,
2130 3446 2186 3492 et
2208 3439 2645 3509 repromissionis
2673 3440 3075 3497 ducentesimus
3098 3442 3567 3514 quadragesimus.

1974 3527 2351 3598 Sycioniorum
2377 3527 2429 3582 Χ
2453 3528 2670 3582 Eratus.
2715 3528 2951 3596 Quartus
2971 3530 3131 3600 Argis
3149 3533 3327 3602 Argus
3353 3542 3563 3602 regnat.

1973 3614 2245 3686 Egyptiis
2293 3615 2500 3671 decima
2557 3624 2750 3672 octava
2814 3618 3082 3690 dynastia.
3156 3618 3385 3676 Amoses
3438 3631 3569 3678 tunc

1973 3705 2182 3775 primus
2215 3703 2678 3775 Diapolitanorum
2720 3707 2999 3777 regnabat.
3048 3708 3215 3765 Iacob
3235 3718 3416 3764 autem
3440 3726 3563 3766 cum

1973 3795 2329 3851 centesimum
2370 3795 2843 3868 quadragesimum
2891 3797 3179 3867 septimum
3224 3799 3411 3855 aetatis
3452 3815 3567 3857 sua:

1975 3880 2449 3954 annum'duceret,
2480 3887 2817 3958 prophetans
2840 3888 2908 3944 de
2939 3887 3177 3956 Christo,
3222 3894 3279 3945 et
3326 3891 3394 3947 de
3433 3905 3566 3962 gen-

1977 3978 2110 4033 tium
2140 3970 2450 4045 vocatione;
2483 3980 2668 4036 dicens
2716 3979 2774 4035 in
2815 3979 3195 4038 benedictione
3231 3980 3383 4039 Iudae
3404 4001 3417 4037 :
3440 3981 3566 4038 Non

1972 4071 2178 4141 deﬁciet
2220 4072 2457 4143 princeps
2484 4088 2550 4128 ea:
2581 4072 2751 4140 Iuda,
2782 4082 2830 4128 et
2858 4073 2969 4129 dua:
3000 4074 3069 4128 de
3102 4074 3399 4145 femoribus.
3425 4076 3561 4147 ejus,

1971 4162 2136 4218 donec
2182 4163 2392 4219 veniant
2433 4179 2552 4236 qum
2592 4165 2817 4235 reposita
2850 4174 2970 4220 sunt
3013 4165 3081 4232 ei,
3126 4176 3175 4222 et
3216 4167 3323 4237 ipse
3348 4168 3448 4222 erit
3476 4184 3566 4223 ea:-

276 4288 385 4343 est,
423 4279 520 4348 qui
554 4279 638 4334 vel
682 4252 997 4353 astu-(quod
1045 4281 1387 4336 manifestius
1427 4278 1530 4353 est)
1564 4280 1868 4336 evidentem
1971 4252 2498 4356 speila‘ioﬂfmmf’
2525 4255 3028 4356 fnotiiﬁﬁtfﬁgﬁ'ioj
3064 4272 3191 4349 sfms
3235 4265 3300 4356 εξ
3339 4266 3565 4356 ξ’θΡοίθδ

274 4341 1007 4442 iram-misericordiamque
1048 4373 1165 4428 veri
1203 4373 1298 4428 Dei
1342 4341 1618 4429 memoriae
1659 4374 1874 4429 subtra-
1942 4354 2039 4442 ’ίῖχ
2066 4341 2264 4442 Ῑθδῗβδ
2290 4344 2584 4442 δῗηθὼκίίν
2616 4354 2672 4401 θί
2696 4346 2832 4442 θδξίί
2870 4346 2923 4401 in
2961 4341 3216 4418 [Egipw'
3261 4347 3425 4442 (Mus
3467 4363 3562 4403 ea”

275 4460 416 4514 here
450 4460 634 4515 conati
664 4471 792 4517 sunt
836 4463 1205 4534 particulatim
1235 4464 1575 4535 expositione
1605 4462 1828 4520 confusa
1852 4503 1867 4530 ,

274 4567 347 4607 ne
374 4552 431 4606 in
456 4555 841 4611 contumeliam
868 4556 1134 4612 idolorum
1162 4572 1405 4624 suorum,
1430 4571 1555 4613 eum
1586 4557 1870 4614 colendum

274 4644 483 4699 merito
512 4646 860 4702 ostenderent
881 4689 896 4713 ,
951 4646 1105 4717 cujus
1144 4649 1371 4705 consilio
1413 4649 1728 4704 adnuntiata
1755 4650 1871 4704 hare

277 4738 428 4792 mala
474 4746 531 4793 et
564 4740 767 4797 auxilio
818 4742 1018 4797 evitata
1075 4743 1416 4809 docuissent;
1465 4740 1551 4796 vel
1599 4741 1780 4808 forte,
1810 4748 1870 4796 ut

278 4830 656 4901 indulgentius
698 4833 1070 4903 accipiamus,
1122 4836 1273 4892 obliti
1324 4844 1470 4891 sunt.
1524 4835 1669 4891 illius
1724 4835 1870 4891 enim

278 4920 459 4974 nostri
480 4918 703 4992 Ioseph,
727 4925 818 4994 qui
842 4922 944 4980 fuit
967 4926 1081 4981 veri
1105 4926 1198 4982 Dei
1218 4942 1408 4982 servus
1426 4935 1481 4982 et
1501 4942 1601 4997 pro
1620 4934 1870 4983 creatura

278 5010 505 5065 Domini
534 5013 617 5068 sui
646 5014 733 5083 pie
761 5016 1077 5088 intentoque
1105 5017 1372 5074 sollicitus
1407 5018 1736 5088 provisione,
1771 5017 1872 5086 ipsi

279 5101 567 5158 abundant
592 5103 837 5177 frugibus
874 5110 1028 5178 quasi
1074 5108 1404 5164 sacerdotes.
1440 5107 1546 5163 Sed
1576 5110 1701 5178 quia
1751 5108 1873 5163 falsi

278 5193 606 5249 sacerdotes
635 5206 812 5264 erant,
849 5215 971 5254 cum
1007 5199 1219 5254 caeteris
1251 5198 1617 5254 esurientibus
1641 5214 1749 5253 non
1779 5199 1873 5254 do-

280 5279 497 5338 lebant.
528 5284 685 5339 Enim
704 5302 832 5344 vero
861 5289 949 5343 cui
976 5288 1175 5357 placet,
1198 5286 1565 5352 obliviscitur;
1596 5287 1681 5341 cui
1711 5286 1870 5352 dolet,

282 5373 541 5429 meminit
572 5392 586 5427 :
618 5392 924 5447 quanquam
967 5377 1126 5447 hujus
1155 5377 1414 5448 temporis
1462 5385 1837 5450 argumentum
1858 5419 1873 5445 ,

283 5461 539 5517 historiis
562 5461 824 5535 fastisque
846 5467 1218 5532 reticentibus,
1235 5466 1349 5538 ipsa
1363 5465 1465 5521 sibi
1483 5477 1626 5520 terra
1654 5465 1875 5539 [Egypti

284 5554 445 5609 testis
465 5557 801 5623 pronuntiat,
823 5574 944 5628 qua:
965 5568 1092 5615 tunc
1113 5558 1328 5614 redacta
1353 5558 1409 5613 in
1438 5566 1759 5629 potestatem
1790 5573 1875 5613 rc-

283 5647 456 5716 giam,
488 5648 847 5722 restitutaque
873 5652 1173 5709 cultoribus
1223 5651 1336 5709 suis
1362 5693 1376 5720 ,
1406 5665 1472 5708 ex
1516 5650 1663 5707 omni
1694 5650 1872 5707 fructu

1973 4434 2138 4489 daver
2160 4432 2360 4504 Ioseph
2388 4450 2511 4490 cum
2541 4451 2736 4508 magno
2767 4438 2970 4492 honore
3009 4446 3229 4492 revocat
3269 4438 3322 4492 in
3366 4447 3564 4494 terram

1973 4525 2270 4582 Chanaam.
2301 4528 2462 4598 Ergo,
2492 4538 2752 4600 regnante
2775 4528 2941 4601 Argo,
2981 4532 3146 4602 ccepit
3186 4532 3266 4587 uti
3317 4529 3563 4602 frugibus

1973 4616 2180 4674 Graecia
2205 4658 2223 4685 ,
2264 4626 2321 4673 et
2365 4618 2565 4674 habere
2605 4626 2818 4690 segetes
2864 4621 2921 4675 in
2960 4622 3319 4692 agricultura,
3372 4623 3564 4681 delatis

1981 4709 2197 4765 aliunde
2244 4709 2560 4765 seminibus.
2612 4708 2788 4780 Argus
2848 4727 3064 4783 quoque
3106 4728 3261 4767 suum
3301 4721 3425 4782 post
3468 4714 3564 4768 ob-

1980 4797 2149 4868 itum;
2169 4801 2303 4857 deus
2323 4801 2539 4856 habitus
2566 4810 2673 4866 est,
2702 4801 2905 4870 templo
2943 4811 2999 4857 et
3017 4803 3296 4858 sacriﬁciis
3324 4804 3559 4859 honora—

1977 4902 2084 4959 tus,
2113 4895 2204 4964 qui
2226 4895 2400 4951 honor
2422 4908 2487 4949 eo
2510 4900 2771 4963 regnante
2798 4901 2924 4947 ante
2955 4894 3104 4948 illum
3126 4894 3336 4949 delatus
3358 4902 3443 4948 est
3466 4893 3564 4947 ho-

1976 4986 2109 5040 mini
2129 4986 2359 5056 privato,
2382 4993 2437 5039 et
2455 4984 2739 5039 fulminata
2756 4984 2970 5040 cuidam
2997 4982 3163 5054 Gyro,
3193 4998 3260 5038 eo
3287 4983 3428 5052 quod
3455 4982 3563 5051 pri-

1976 5090 2097 5130 mus
2125 5074 2193 5129 ad
2214 5082 2456 5129 aratrum
2485 5072 2653 5127 boves
2674 5071 2937 5141 junxerit.
2987 5072 3075 5127 Eo,
3103 5072 3284 5141 itaque
3322 5078 3564 5139 tempore

1978 5166 2172 5236 Sparta
2202 5164 2494 5230 condita,a
2525 5162 2789 5233 Spartaco
2824 5163 2934 5219 lilio
2961 5161 3247 5218 Phoronei.

2581 5280 2810 5339 CAPUT
2867 5281 2952 5337 Ill.

1975 5374 2054 5429 De
2079 5375 2221 5429 obitu
2241 5373 2457 5445 Ioseph,
2483 5382 2533 5428 ct
2551 5374 2826 5496 subsefata
2847 5388 2970 5428 mox
2987 5371 3219 5442 ﬁliorum
3240 5370 3410 5426 Israel
3433 5371 3564 5442 ami-

2675 5460 2703 5496 c
2726 5460 2865 5496 iane.

2675 5460 2865 5498 atoue.

2046 5556 2390 5628 Assyriorum
2443 5555 2515 5611 X1
2573 5555 2807 5613 Manitus
2853 5556 3008 5612 annis
3054 5553 3143 5612 50.
3187 5552 3239 5614 Δ
3280 5552 3562 5609 nativitate

1974 5650 2207 5707 Abrahae
2239 5650 2648 5709 trecentesimus
2673 5649 3118 5723 quadragesimus
3151 5648 3414 5722 septimus
3440 5654 3573 5704 erat.
