3900 6178
356 291 462 346 947

1377 284 1765 341 FRECULPHl
1806 280 2260 338 LEXOVIENSIS
2298 281 2606 338 EPISCOPI
2675 231 2694 250 ⁸

3521 283 3619 339 948

359 418 552 471 annus,
575 400 1010 474 repromissionis
1039 407 1218 454 autem
1250 399 1650 454 ducentesimus
1671 405 1944 467 septuage-
1971 395 2021 455 Λ
2048 403 2103 448 et
2137 394 2340 466 Argum
2377 403 2570 450 cuncta
2600 399 2935 474 cernentem,
2962 400 3012 447 et
3038 390 3095 446 lo
3123 390 3287 446 ﬁliam
3316 393 3620 449 Promethei

361 495 532 550 simus
567 493 859 557 secundus,
885 489 1261 562 Sycioniorum
1305 487 1378 544 Χῐ
1419 488 1726 555 Plemneus,
1772 486 1937 558 Egy-

362 579 594 656 ptiorum
628 575 1042 650 Ammenophis,
1087 581 1180 635 cui
1218 579 1422 650 Necges
1467 578 1725 634 succedit.
1773 563 1940 646 Igitur

361 675 450 729 bis
483 671 833 741 regnantibus
861 711 874 737 ,
914 668 1113 740 Joseph
1160 670 1407 724 moritur.
1447 666 1578 721 Post
1609 665 1761 735 cujus
1789 677 1937 719 mor-

361 765 475 818 tem
525 757 751 832 populus
805 754 901 817 Dei
957 760 1274 816 mirabiliter
1314 772 1604 824 crescens,
1655 748 1940 828 tranQuille

359 847 510 920 prius
536 851 752 928 mansit,
787 849 958 906 donec
981 847 1340 916 morerentur,
1381 850 1578 920 quibus
1612 847 1809 918 Ioseph
1846 847 1942 903 no-

359 927 592 997 tasfui-t.
643 942 851 997 Deinde
885 943 1009 1012 quia
1050 942 1391 997 invidebatur
1429 939 1544 1008 ejus
1571 941 1939 1003 incrementis,

359 1028 627 1102 erantque
653 1041 924 1102 suspecta,
964 1031 1206 1103 Egyprii
1248 1031 1504 1086 Hebraeos
1551 1028 1813 1085 servitute
1851 1029 1943 1083 de-

356 1121 617 1192 primunt,
640 1136 803 1192 quam
819 1122 1132 1177 servitutem
1151 1121 1498 1176 durissimam
1520 1119 1676 1175 annis
1701 1119 1800 1174 144
1820 1135 1939 1175 sus-

361 1210 565 1276 tinent,
595 1225 874 1280 quousque
913 1211 1169 1266 divinitus
1207 1210 1586 1266 liberarentur.
1640 1210 1804 1264 Fiunt
1848 1226 1942 1264 au-

359 1311 466 1356 tem
497 1318 686 1358 omnes
731 1304 856 1358 anni
902 1318 1037 1373 quos
1083 1303 1292 1359 Hebraei
1337 1303 1392 1357 in
1428 1302 1664 1374 Egypto
1700 1302 1944 1358 fecerunt

357 1390 484 1456 2l5,
515 1392 606 1460 qui
633 1392 702 1446 ab
730 1407 796 1447 eo
831 1401 1072 1464 tempore
1098 1401 1479 1463 computantur
1515 1410 1584 1449 ex
1631 1394 1739 1464 quo
1777 1392 1943 1450 Iacob

358 1495 482 1535 cum
507 1481 632 1536 ﬁliis
662 1482 775 1536 suis
791 1483 1082 1538 descendit
1106 1484 1160 1537 in
1189 1483 1500 1554 .E'gyptum.
1560 1485 1721 1555 Ergo,
1754 1491 1944 1540 seCun-

359 1572 486 1626 dum
527 1572 834 1643 opinionem
891 1572 1266 1644 quorumdam,
1310 1572 1395 1629 his
1438 1576 1770 1645 temporibus
1806 1575 1940 1630 Pro-

361 1661 612 1716 metheus
653 1661 784 1727 fuit,
832 1677 862 1716 a
915 1675 1023 1734 quo
1068 1663 1314 1719 homines
1359 1664 1425 1718 de
1458 1663 1571 1719 luto
1616 1656 1788 1721 fa‘ctOS
1823 1679 1945 1722 esse

2040 484 2125 539 bis
2155 483 2320 539 fuisse
2351 471 2714 552 temporibus,
2735 481 2825 536 alii
2855 496 2983 536 vero
3005 489 3165 536 (etate
3191 481 3472 553 Cecropis,
3496 500 3622 539 nunc

2039 575 2171 632 nulli
2198 575 2323 632 ante
2344 575 2657 646 Cecropem,
2685 575 2842 630 annis
2872 573 3149 644 sexaginta
3192 582 3288 628 aut
3319 576 3621 646 nongentis.

2628 685 2856 742 CAPUT
2915 685 3028 741 VII.

2043 778 2244 844 Quibus
2267 780 2581 848 temporibus
2608 777 2996 848 Atheniensium
3027 793 3242 848 regnum
3278 781 3504 846 coeperit.
3561 778 3623 832 Et

2111 850 2175 929 de
2204 846 2534 929 Athenarum
2551 847 2895 918 appellatione
2923 846 3139 900 deorum
3162 846 3398 915 Neptuni
3435 857 3482 901 et
3525 847 3626 901 Mi-

2113 928 2280 972 nerea:
2307 928 2587 972 contentio.
3127 931 3132 936 ⁴

2110 1030 2454 1102 Assyriorum
2486 1031 2709 1099 quintus
2735 1029 2975 1085 decimus
3006 1029 3288 1101 Sparetus,
3315 1032 3474 1085 annis
3497 1049 3625 1103 qua-

2042 1123 2308 1194 draginta.
2361 1121 2408 1176 A
2455 1121 2740 1176 nativitate
2785 1120 3016 1177 Abrahae
3061 1121 3626 1192 quadringentesimus

2041 1214 2518 1284 quinquagesimus
2546 1213 2826 1282 septimus,
2854 1212 3291 1281 repromissionis
3340 1227 3472 1267 vero
3516 1223 3624 1268 tre-

2042 1306 2367 1361 centesimus
2391 1305 2756 1376 octogesimus
2798 1305 3068 1359 secundus
3109 1312 3229 1358 erat
3275 1320 3473 1361 annus.
3529 1305 3627 1377 Sy-

2043 1397 2343 1454 cionioruni
2364 1397 2554 1452 tertius
2579 1397 2822 1451 decimus
2845 1396 3162 1460 Marathius,
3185 1397 3344 1468 Argis
3369 1401 3628 1468 septimus

2044 1488 2270 1558 Troipas
2297 1490 2505 1558 regnat.
2552 1487 2925 1556 Egyptiorum
2951 1486 3237 1542 Aceneres.
3290 1487 3382 1542 His
3421 1497 3627 1558 tempo-

2044 1578 2195 1632 ribus
2250 1577 2596 1632 Atheniensis
2648 1575 2797 1646 regni
2852 1576 3178 1645 principinm
3228 1576 3346 1632 fuit.
3415 1577 3628 1635 Primus

2044 1665 2464 1736 enimCecrops,
2495 1667 2585 1735 qui
2610 1674 2663 1720 et
2687 1665 2849 1719 Diﬁes
2884 1665 2936 1720 in
2978 1665 3134 1731 Acta,
3185 1681 3305 1736 qua:
3348 1684 3494 1723 nunc
3530 1668 3625 1722 At-

358 1761 802 1807 commemora'nt.
837 1749 904 1809 Et
940 1767 1128 1810 revera
1160 1770 1286 1810 cum
1321 1755 1536 1826 sapiens
1565 1760 1729 1822 esSet,
1761 1758 1944 1813 ferit’a-
1973 1752 2018 1812 B
2049 1759 2150 1812 tica
2193 1757 2441 1823 vocatur,
2491 1757 2736 1827 regnavit
2775 1771 2944 1812 annos
2990 1757 3397 1828 quinquaginta.
3443 1757 3488 1812 A
3527 1761 3627 1815 Ce-

359 1848 469 1896 tem
509 1853 698 1896 eorum
732 1851 788 1897 et
821 1843 1043 1897 nimiam
1083 1842 1408 1914 imperitiam
1443 1844 1509 1898 ad
1558 1845 1943 1902 humanitatem

356 1941 414 1988 et
437 1933 722 1990 Scienti‘am
748 1935 1184 2006 transﬁgurahat,
1214 1950 1314 1991 nec
1341 1945 1522 1992 tamen
1546 1937 1639 2007 qui
1668 1938 1783 2008 ejus
1810 1944 1945 1994 tem:-

356 2036 499 2092 pore
526 2022 728 2080 fuerint
752 2025 1022 2095 sapientes
1053 2025 1376 2081 ostenditur.

961 2134 1188 2194 CAPUT
1244 2135 1332 2191 IV.

359 2222 639 2282 Calliihias
688 2226 913 2298 primus
953 2226 1108 2298 Argis
1171 2227 1465 2298 sacerdotio
1527 2225 1759 2298 functus.
1827 2219 1943 2290 Quo

509 2296 738 2368 tempore
779 2306 828 2352 et
878 2296 1045 2352 Attas'
1072 2297 1364 2368 astrologus
1404 2296 1624 2368 insignis
1677 2297 1796 2366 fuit.

429 2385 774 2457 Assyriorum
797 2385 889 2442 ΧΠ
912 2387 1221 2444 Machaleus
1247 2389 1402 2444 annis
1439 2389 1528 2445 30.
1578 2388 1624 2442 A
1662 2385 1946 2443 nativitate

357 2473 590 2529 Abrahae
620 2477 1026 2532 treeentesimus
1063 2479 1487 2549 septuagesimus
1533 2477 1816 2548 septimus,
1860 2490 1946 2529 re-

358 2566 735 2637 promissionis
777 2578 958 2622 autem
998 2583 1171 2623 annus
1222 2569 1630 2622 trecentesimus
1677 2565 1944 2620 secundus

358 2664 497 2710 erat.
526 2656 686 2725 Argis
719 2657 757 2712 V
778 2656 998 2712 Criasns
1024 2666 1231 2728 regnat.
1262 2657 1475 2712 Primus
1511 2657 1706 2726 quippe
1742 2655 1844 2710 sub
1879 2669 1945 2710 co

357 2744 518 2814 Argis
543 2745 846 2800 sacerdotio
865 2744 1083 2802 functus
1104 2755 1189 2802 est
1214 2746 1495 2802 Callithias
1518 2745 1754 2801 Pirantis
1782 2743 1940 2798 ﬁlius.

361 2834 739 2907 Sycioniorum
776 2837 867 2891 Xll
901 2853 994 2894 rex
1037 2837 1380 2908 Orthopolis;
1411 2838 1786 2910 IEgyptiorum
1816 2836 1947 2892 Nus-

357 2927 678 2998 pharmitos,
710 2929 795 2983 cui
825 2931 1066 2986 succedit
1098 2931 1368 2988 Tumosis.
1421 2931 1517 2986 His
1553 2931 1700 2986 enim
1737 2938 1944 3000 tempo-

356 3017 512 3073 ribus
535 3015 704 3082 Atlas,
739 3016 908 3073 frater
942 3017 1266 3084 Promethei,
1308 3020 1611 3090 prtecipuus
1641 3018 1944 3088 astrologus

359 3091 482 3160 fuit.
532 3095 634 3172 Qui
674 3108 744 3162 ob
793 3108 1153 3164 eruditionem
1201 3109 1495 3179 disciplina:
1541 3109 1735 3164 coelum
1777 3109 1942 3163 etiam
1971 3093 2016 3157 C

361 3200 631 3256 sustinere
662 3201 840 3256 dictus
869 3210 970 3256 est.
1018 3203 1300 3272 Euripides
1337 3211 1516 3258 autem
1555 3203 1794 3257 montem
1828 3208 1946 3258 esse

361 3305 486 3350 eutn
511 3295 839 3352 altissimum
855 3295 1106 3364 afﬁrmat,-
1131 3298 1225 3369 qui
1245 3297 1396 3352 Atlas
1419 3299 1662 3352 vocatur.

982 3405 1212 3467 CAPUT
1264 3411 1328 3466 γ.

625 3532 633 3540 ,
755 3479 915 3552 Syria
949 3481 1090 3535 unde
1123 3485 1308 3535 nomen
1345 3481 1551 3535 sortita.

429 3571 772 3643 Assyriorum
794 3571 1034 3642 lphr'aeus
1061 3573 1217 3628 annis
1238 3573 1326 3628 '50.
1356 3573 1402 3628 A
1422 3573 1700 3629 nativitate
1718 3573 1946 3629 Abrahce

361 3663 926 3734 quadringentesimo
965 3663 1246 3732 septimus,
1292 3663 1724 3734 repromissionis
1765 3665 1945 3726 autem

320 3800 322 3802 τ
361 3756 777 3811 trecentesimus
789 3755 1082 3827 vigesimus
1095 3755 1384 3812 secundus.
1407 3756 1720 3828 Egyptiarn
1729 3768 1778 3809 in
1793 3757 1830 3809 A
1839 3768 1948 3811 me"-

360 3848 537 3918 nopis.
571 3846 671 3902 Hic
691 3847 1090 3917 est’Amenopis
1117 3859 1277 3918 quem
1305 3846 1519 3916 quidam
1547 3846 1825 3901 Menonem
1846 3861 1945 3916 pu-

363 3947 499 4005 tant,
549 3938 782 4010 lapidem
829 3940 1156 4010 loquentem.
1209 3939 1420 4006 Quibus
1459 3939 1806 4010 regnantibus
1847 3938 1946 4009 Sy-

361 4045 459 4086 rus
499 4027 666 4087 fuisse
716 4028 1031 4103 perhibetur
1069 4029 1341 4104 indigena,
1377 4046 1443 4087 ex
1490 4031 1645 4101 Cujus
1685 4029 1947 4088 vocabulo

365 4121 523 4194 Syria
547 4131 853 4194 nuncupata
890 4134 992 4180 est.
1025 4123 1306 4194 )Ethiopes
1355 4125 1520 4180 etiam
1553 4133 1701 4190 tunc,
1728 4121 1792 4178 ab
1819 4119 1948 4180 inde

362 4213 585 4272 ﬂumine
611 4224 1020 4287 consurgentes,
1045 4217 1200 4288 juxta
1238 4216 1528 4289 Egyptian"
1563 4215 1943 4272 consederunt.

969 4319 1196 4382 CAPUT
1246 4326 1332 4383 Vl.

366 4413 483 4480 Quo
517 4424 742 4486 tempore
770 4424 816 4470 et
848 4416 1033 4513 quibus
1069 4416 1344 4513 fowta'rlteis
1373 4409 1546 4513 Mo’ses
1575 4415 1946 4489 ZEgyptioram
1972 4452 2025 4513 D

825 4485 1205 4555 philosophiam
1225 4485 1484 4540 didicerit.

434 4573 780 4645 Assyriorum
813 4581 1040 4643 quartus
1072 4574 1312 4630 decimus
1347 4573 1614 4644 Mamilus,
1646 4579 1804 4634 annis
1846 4577 1946 4634 iii-

367 4663 536 4733 ginta’.
585 4665 632 4718 A
654 4665 935 4718 nativitate
959 4663 1191 4719 Abrahae
1215 4666 1777 4738 quadringentesimns
1801 4672 1947 4727 vice-

367 4755 536 4810 simus
569 4755 848 4825 septimus,
880 4756 1312 4825 repromissionis
1363 4771 1492 4813 vero
1538 4762 1947 4818 trecentesimus

365 4844 844 4916 quinquagesimus
879 4845 1185 4902 secundus:
1215 4847 1374 4918 Argis
1416 4856 1598 4903 sextus
1639 4862 1734 4904 rex
1761 4841 1944 4908 'Phor—

364 4935 483 5002 bas,
509 4935 880 5007 Egyptio‘rum
906 4941 1085 4992 autem
1105 4935 1267 4994 Orus.
1314 4939 1409 4995 His
1437 4941 1578 4994 enim
1602 4940 1949 5012 regnantibus

367 5027 543 5084 Moses
591 5028 904 5086 adolescens
931 5071 946 5098 ,
995 5045 1210 5087 omnem
1243 5032 1634 5104 philosophiam
1671 5033 1950 5108 Egyptia-

366 5133 486 5173 rum
507 5118 715 5176 didicit.
747 5119 1011 5189 Epidorus
1040 5121 1220 5192 itaque
1241 5123 1430 5178 civitas
1456 5125 1672 5180 condita
1695 5135 1794 5180 est.
1829 5127 1948 5182 Pri-

367 5225 490 5265 mus
533 5212 732 5283 quippe
776 5213 948 5268 Emon
997 5215 1238 5284 regnavit
1281 5215 1336 5270 in
1371 5215 1668 5271 Thessalia.
1709 5218 1951 5274 Phorbas

369 5300 619 5357 Rhodum
644 5302 893 5371 obtinuit,
917 5303 1191 5370 Hercules,
1219 5315 1277 5360 ut
1297 5305 1484 5372 fertur,
1499 5309 1769 5363 Antheum
1794 5311 1948 5366 luetze

370 5392 498 5447 vicit
521 5394 838 5449 certamine.
889 5393 1171 5450 Trochilus
1206 5396 1413 5464 primus
1448 5397 1692 5467 junxissc
1732 5401 1952 5469 quadri-

370 5497 513 5554 gam,
547 5483 760 5540 Xantus
788 5486 1192 5555 Triopalcsbum
1225 5489 1483 5555 condidit,
1507 5489 1675 5544 Cidon
1713 5492 1956 5562 regnavit

2046 1863 2210 1920 crope
2251 1857 2430 1903 autem
2467 1860 2643 1918 usque
2685 1849 2756 1902 a'd
2795 1849 3024 1918 prunam
3057 1846 3418 1917 Olympiadem
3444 1866 3628 1905 nume-

2047 1949 2238 1995 rantur
2283 1954 2440 2010 reges
2476 1939 2903 2008 quattuordecim.
2957 1937 3236 2006 Principes
3277 1953 3408 1993 vero
3430 1979 3446 2004 ,
3497 1955 3626 2009 quos

2047 2046 2196 2088 mors
2229 2039 2435 2086 tantum
2472 2029 2710 2110 ﬁniebat,
2757 2027 3038 2083 duodecim
3071 2044 3084 2082 :
3115 2028 3214 2082 sub
3255 2028 3455 2098 quibus
3492 2030 3627 2099 apud

2046 2124 2264 2180 Graecos
2293 2122 2460 2177 multa
2482 2122 2728 2177 miranda
2755 2131 2982 2176 narrant
3008 2122 3289 2192 accidisse.
3340 2122 3629 2178 Dicebatur

2047 2225 2224 2271 autem
2256 2213 2490 2283 Cecr0ps
2516 2211 2700 2278 Dlﬁes,
2733 2213 2846 2267 sive
2865 2212 2934 2267 ob
2955 2211 3343 2283 longitudinem
3367 2215 3624 2282 corporis,

2047 2305 2161 2360 sive
2184 2305 2253 2360 ob
2279 2305 2334 2359 id
2364 2304 2528 2375 quod,
2562 2318 2686 2358 cum
2714 2301 2999 2372 Egyptius
3023 2310 3188 2366 esset,
3218 2311 3508 2371 utramque
3536 2303 3629 2358 lin-

2046 2412 2204 2468 gnam
2235 2396 2459 2450 sciebat.
2490 2393 2615 2468 Hic
2653 2401 2830 2448 autem
2862 2393 3098 2463 Cecrops
3138 2394 3190 2447 in
3226 2393 3432 2448 Eubcea
3471 2394 3629 2449 Athe-

2044 2467 2167 2550 nas,
2198 2499 2362 2554 quam
2392 2493 2447 2539 et
2473 2467 2671 2538 Diadar
2697 2491 2921 2549 vocant,
2950 2482 3226 2537 condidit:
3251 2497 3413 2551 quam
3447 2484 3627 2537 urbem

2046 2578 2270 2633 Euboici
2298 2577 2670 2632 Corcomenon
2715 2574 3141 2646 appellaverunt.
3193 2572 3433 2628 Deorum
3476 2590 3624 2628 nam-

2045 2682 2150 2736 que
2170 2665 2451 2734 judicium,
2485 2663 2715 2734 Neptuni
2755 2672 2811 2718 et
2856 2663 3133 2726 Minervaa,
3183 2661 3250 2717 de
3289 2663 3628 2718 contentione

2046 2757 2281 2830 regionis
2327 2756 2467 2826 apud
2521 2755 2816 2826 CecrOpem
2865 2763 3043 2809 actum
3095 2752 3262 2808 fuisse
3307 2753 3628 2824 conﬁngitur

2014 2908 2017 2910 ,
2045 2849 2190 2905 hunc
2222 2848 2275 2903 in
2297 2847 2536 2902 modum.
2595 2845 2728 2900 Nam
2754 2854 2815 2900 nt
2846 2844 3074 2899 Athena:
3095 2853 3424 2899 vocarentur
3470 2844 3625 2913 (quod

2045 2950 2193 2998 certe
2212 2955 2408 2997 nomen
2422 2955 2452 2994 a
2468 2939 2704 2994 Minerva
2725 2947 2828 3003 est,
2845 2952 2964 3007 quae
2977 2936 3166 2992 Graece
3178 2936 3389 2990 Athena
3409 2933 3622 3007 [Ἀθήνη]

2046 3031 2287 3102 dicitur),
2311 3032 2452 3086 hanc
2476 3045 2697 3086 causam
2719 3029 2894 3085 Varro
2922 3026 3124 3082 indicat
3146 3044 3159 3080 :
3183 3025 3319 3080 Cum
3349 3027 3623 3096 apparuis-

2048 3131 2133 3178 set
2155 3121 2264 3177 illic
2284 3129 2505 3191 repente
2523 3119 2678 3175 olivae
2696 3119 2879 3183 arbor,
2911 3125 2966 3171 et
2990 3109 3096 3172 alio
3118 3116 3236 3171 loco
3263 3131 3401 3185 aqua
3426 3117 3627 3185 erupis-

2047 3221 2148 3279 set,
2178 3226 2358 3284 regem
2397 3210 2641 3281 prodigia
2670 3210 2770 3264 ista
2796 3216 3100 3273 moverunt,
3127 3215 3183 3262 et
3206 3206 3354 3260 misit
3376 3197 3448 3260 ad
3473 3205 3625 3276 Apol-

2048 3305 2208 3358 linem
2253 3301 2568 3372 Delphicum
2613 3298 3000 3355 sciscitandum
3047 3297 3173 3368 quid
3227 3297 3625 3366 intelligendum

2046 3405 2211 3463 esset,
2233 3395 2430 3466 quidve
2468 3393 2794 3450 faciendum.
2848 3391 2939 3446 ille
2980 3388 3260 3460 respondit
3291 3389 3439 3458 quod
3479 3388 3625 3442 deam

2048 3487 2338 3541 Minervam
2383 3484 2713 3554 signiﬁcaret
2747 3490 2802 3536 et
2834 3481 3159 3552 Neptunum,
3209 3487 3266 3534 et
3309 3479 3458 3549 quod
3492 3485 3628 3533 esset

2047 3577 2102 3632 in
2128 3576 2324 3630 civium
2353 3582 2620 3645 potestate
2654 3589 2717 3628 ex
2755 3570 2908 3640 cujus
2931 3571 3152 3627 nomine
3188 3570 3369 3640 potius
3406 3572 3626 3624 duorum

2047 3668 2297 3732 deorum,
2317 3681 2546 3737 quorum
2573 3667 2726 3735 signa
2755 3662 2842 3718 illa
2871 3670 3073 3728 essent,
3107 3661 3299 3716 civitas
3322 3672 3624 3715 vocaretur.

2045 3762 2150 3817 Iste
2171 3762 2425 3831 Cecrops,
2448 3759 2669 3815 oraculo
2691 3765 2933 3827 accepto,
2959 3757 3108 3810 cives
3131 3768 3318 3817 omnes
3354 3754 3630 3822 utriusque

2048 3867 2207 3907 sexus
2230 3849 2538 3916 consulens,
2574 3864 2693 3904 mos
2720 3845 2864 3902 enim
2893 3854 3021 3900 tunc
3048 3846 3100 3899 in
3137 3843 3340 3899 eisdem
3366 3843 3501 3899 locis
3519 3851 3629 3898 erat

2047 3941 2300 3996 utetiam
2343 3937 2555 3995 feminae
2600 3937 2828 4010 publicis
2877 3935 3365 3992 consultationibus
3410 3935 3628 3988 interes-

2049 4039 2190 4098 sent,
2243 4031 2311 4086 ad
2362 4029 2641 4085 ferendum
2699 4027 3009 4098 suffragium
3061 4040 3252 4080 omnes
3292 4025 3626 4079 convocavit.

2049 4125 2302 4182 Consulta
2332 4123 2494 4196 igitur
2522 4121 2884 4187 multitudine,
2917 4135 3095 4174 mares
3124 4134 3220 4190 pro
3256 4117 3525 4188 Neptuno,
3560 4116 3630 4172 fe-

2048 4218 2210 4273 mina:
2248 4232 2348 4288 pro
2393 4215 2650 4279 Minerva,
2693 4213 2864 4268 tulere
2903 4211 3218 4266 sententias.
3251 4209 3320 4262 Et
3358 4210 3487 4279 quia
3529 4222 3628 4262 una

2049 4309 2169 4380 plus
2214 4310 2429 4364 inventa
2473 4316 2558 4362 est
2596 4304 2922 4360 feminarum
2949 4342 2964 4368 ,
3004 4301 3240 4356 Minerva
3275 4300 3427 4354 vicit.
3482 4299 3631 4353 Tunc

2050 4399 2351 4470 Neptunus,
2395 4397 2586 4462 iratus,
2631 4393 2858 4450 marinis
2904 4390 3157 4447 ﬂuctibus
3205 4391 3632 4446 exmstuantibns

2053 4499 2225 4545 terras
2262 4487 2671 4543 Atheniensium
2710 4483 3000 4555 populatus
3039 4489 3142 4546 est,
3189 4481 3444 4550 quoniam
3477 4496 3631 4550 spar-

2049 4593 2177 4650 gere
2194 4579 2356 4633 latius
2387 4575 2657 4646 quaslibet
2693 4588 2860 4643 aquas
2901 4571 3115 4627 difﬁcile
3154 4569 3488 4625 daemonibus
3529 4586 3631 4624 non

2047 4681 2149 4729 est.
2201 4670 2366 4742 Cujus
2401 4677 2462 4724 ut
2501 4651 2779 4722 iracundia
2830 4664 3158 4734 placaretur,
3199 4661 3395 4732 triplici
3433 4663 3635 4733 suppli-

2049 4765 2133 4818 cio
2162 4762 2291 4818 dicit
2322 4760 2461 4816 idem
2493 4766 2682 4812 auctor
2716 4756 2784 4809 ab
2812 4753 3233 4808 Atheniensibus
3267 4752 3487 4807 affectas

2050 4853 2324 4916 mulieres,
2356 4860 2414 4904 ut
2441 4849 2586 4903 nulla
2611 4847 2838 4901 ulterius
2867 4843 3073 4899 ferrent
3104 4833 3382 4913 suffragia,
3421 4853 3481 4896 ut
3518 4843 3635 4896 nul-

2050 4944 2133 4998 lus
2171 4942 2504 4998 nasccntium
2548 4947 2849 4993 maternum
2891 4951 3088 4991 nomen
3130 4935 3418 5003 acciperet,
3466 4945 3521 4987 ut
3569 4951 3636 4988 ne

2050 5035 2170 5104 quis
2199 5048 2292 5088 eas
2321 5031 2560 5085 Athenas
2587 5036 2826 5082 vocaret.
2870 5025 2946 5079 lta
2983 5026 3072 5079 illa
3098 5025 3309 5086 civitas,
3342 5033 3515 5078 mater
3542 5035 3635 5076 aut

2051 5111 2580 5179 nutrix'liberalium
2622 5116 2987 5172 doctrinarum
3035 5125 3087 5169 et
3127 5124 3207 5170 tot
3251 5123 3635 5183 tantorumque

2051 5214 2518 5288 philosoiihorum,
2546 5227 2651 5280 qua
2676 5209 2810 5264 nihil
2836 5208 3023 5263 habuit
3067 5207 3272 5263 Griecia
3310 5207 3511 5262 clarius
3558 5217 3636 5259 at-

2053 5324 2158 5380 que
2193 5307 2444 5371 nobilius,
2488 5296 2889 5359 ludiﬁcantibus
2919 5301 3250 5357 daemonibus
3278 5301 3347 5354 de
3375 5301 3470 5355 lite
3505 5301 3637 5354 deo-

2055 5415 2184 5472 rum_
2210 5412 2450 5460 suorum,
2489 5396 2658 5450 maris
2703 5404 2758 5448 et
2801 5393 3032 5457 feminae,
3075 5400 3130 5446 et
3166 5392 3233 5446 de
3280 5392 3507 5444 victoria
3545 5406 3641 5458 per

2055 5488 2304 5551 feminas,
2351 5486 2564 5540 femina:
2612 5481 2853 5539 Athenas
2900 5498 3091 5537 nomen
3129 5480 3355 5550 accepit.
3398 5480 3639 5548 AreOpa-

370 5573 428 5649 i'n
478 5573 659 5631 Creta.
709 5575 938 5644 Quidam
998 5595 1127 5635 vero
1175 5580 1419 5635 scribunt
1478 5579 1856 5636 Prometheum
1901 5593 1958 5638 et
2058 5595 2156 5650 gus
2179 5575 2518 5632 verodicitur
2542 5575 2594 5628 in
2619 5573 2804 5628 eadem
2827 5573 3067 5636 civitate,
3093 5571 3184 5625 ubi
3211 5585 3333 5624 cum
3352 5568 3624 5623 Athenien

377 5661 781 5720 Phiemetheum
837 5677 999 5737 atque
1045 5668 1316 5724 Atlantem
1377 5669 1596 5726 fratrem
1656 5671 1959 5728 Promethei
2061 5674 2208 5727 sibus
2232 5668 2718 5739 Paulusapostolus
2741 5666 3049 5736 disputavit,
3076 5681 3105 5718 a
3136 5663 3322 5727 Marte,
3349 5660 3640 5733 quiti-nece
