3900 6178
312 362 418 419 940
510 409 517 417 .

1410 358 1907 415 ΕΙΙΒΟΝΙΟΟΝ.-
1946 356 2115 413 'l‘OMl
2149 360 2166 412 ι
2205 358 2334 413 LIB.
2374 361 2434 415 ll.

3473 366 3576 421 950

310 478 449 532 Arus
476 472 1132 545 tumcupatur:quoni-.1m
1174 486 1295 526 cum
1339 471 1615 527 homicidii
1659 471 1887 527 crimine
1913 471 1965 532 Α
1990 467 2185 525 ﬂumen
2229 472 2519 540 exposuit:
2553 472 2701 527 illum
2748 473 2975 531 Domino
3029 476 3433 544 commendans,
3486 481 3577 549 qui

312 583 438 623 reus
480 563 657 630 ﬁeret,
698 562 1063 634 judicantibus
1098 562 1377 618 duodecim
1422 561 1526 616 diis
1550 561 1604 615 in
1646 575 1712 615 co
1755 575 1894 631 pago

308 674 408 715 sex
453 656 736 713 sententiis
778 653 1056 709 absolutus
1100 662 1200 710 est.
1252 652 1353 709 Ubi
1383 653 1531 708 enim
1575 666 1894 722 pernume-

308 765 406 805 rus
444 748 833 805 sententiarum
863 744 1075 809 fuisset,
1118 745 1188 799 ibi
1235 743 1503 799 absolutio
1533 742 1894 798 damnationis

308 850 448 895 erat.
497 837 669 893 Varro
695 846 874 892 autem
906 836 1100 892 astruit
1121 835 1543 905 Neareonpagon
1578 833 1696 905 (sic)
1727 832 1893 891 Athe-

308 931 581 987 niensium
602 942 653 995 ι,
684 929 752 983 de
784 928 999 983 nomine
1027 927 1217 981 Martis
1240 937 1294 981 et
1325 926 1470 997 pagi,
1508 924 1663 994 quasi
1705 922 1893 978 Martis

304 1038 508 1095 pagum
535 1021 846 1076 nominasse
885 1019 1077 1085 credit,
1105 1017 1440 1089 Areopagitas
1464 1029 1695 1085 namque
1720 1013 1894 1070 curia-

303 1114 385 1169 les
409 1110 651 1181 ejusdem
674 1110 827 1166 urbis
854 1117 1001 1165 sunt.

894 1216 1121 1274 CAPUT
1176 1214 1306 1271 Vlll.

309 1311 385 1365 De
415 1311 621 1368 Moseos
647 1311 934 1372 nativitatc,
967 1307 1303 1372 expositione,
1337 1305 1663 1367 educatione,
1701 1303 1805 1357 vita
1841 1312 1890 1357 et

375 1397 552 1435 rerum
575 1381 641 1435 ab
663 1396 724 1434 eo
745 1396 863 1433 cum
901 1378 957 1433 in
983 1373 1280 1448 A't'tltiopia,
1319 1387 1430 1430 tum
1459 1375 1514 1429 in
1545 1373 1776 1444 {Egypto
1803 1390 1891 1443 ge-

375 1460 579 1505 starum
616 1450 859 1504 historia.
1408 1468 1413 1473 ·

377 1560 723 1634 Assyriorum
742 1558 861 1615 XVI
882 1558 1214 1625 Aschatades
1238 1557 1396 1611 annis
1420 1554 1509 1610 40.
1554 1554 1721 1625 Hujus
1740 1551 1888 1623 regni

303 1666 453 1707 anno
490 1661 685 1705 octavo
714 1648 910 1715 Moses,
938 1648 1225 1703 virtutibus
1265 1655 1428 1718 atque
1461 1645 1720 1715 prodigiis
1760 1645 1890 1699 insi-

300 1742 498 1814 gnibus
526 1742 581 1798 in
607 1741 842 1813 Egypto
882 1739 1241 1811 perpetratis,
1283 1738 1354 1799 ad
1392 1738 1666 1794 desertum
1713 1733 1886 1797 Sinai,

1992 573 2116 615 enin
2141 560 2468 629 prtedixerat
2516 564 2849 620 nasciturum
2893 567 3028 622 fore.
3074 566 3219 624 Deus
3262 569 3407 625 enim
3445 571 3577 628 Ter-

1992 651 2163 716 muth,
2195 652 2362 706 tiliam
2390 654 2553 724 regis,
2580 653 2795 710 ludendi
2815 657 2991 726 gratia
3018 658 3086 713 ad
3126 658 3298 729 ripam
3340 658 3578 719 lluminis

1990 746 2181 801 adesse
2204 744 2350 801 fecit.
2397 746 2528 813 Quae
2553 748 2680 802 dum
2707 764 2804 803 vas
2827 759 3073 806 cerneret
3100 752 3154 807 in
3183 754 3458 824 crepidine
3484 756 3579 810 llu—

1991 834 2171 899 ntinis,
2222 836 2291 890 ad
2331 851 2391 891 se
2444 836 2659 919 deferri.
2700 837 2885 909 jubet;
2940 850 3339 917 conspectoque
3385 859 3574 913 puero,

1991 925 2123 979 dum
2165 926 2220 979 in
2266 941 2332 981 eo
2384 927 2684 997 elegantem
2733 938 2985 1009 cerneret
3022 930 3274 997 formam,
3314 936 3468 990 valde
3496 946 3580 992 est

1988 1013 2195 1083 gavisa,
2226 1014 2419 1069 nutriri
2443 1014 2782 1084 illumjubet,
2806 1026 2862 1073 et
2882 1019 3007 1074 dum
3039 1023 3309 1091 propriam
3341 1040 3445 1079 non
3476 1026 3575 1079 ha-

1990 1104 2145 1160 beret
2183 1104 2443 1171 sobolem,
2493 1106 2637 1161 hunc
2677 1107 2777 1163 sibi
2816 1109 3091 1179 adoptavit
3136 1111 3191 1166 in
3227 1112 3414 1169 lilium.
3473 1116 3574 1181 Qui

1989 1196 2171 1266 specie
2202 1198 2452 1263 decorus,
2477 1198 2690 1269 ingenio
2709 1198 2941 1268 fervens,
2971 1202 3045 1256 ita
3065 1203 3327 1260 duntaxat
3361 1216 3418 1261 ut
3454 1206 3574 1277 plu-

1989 1288 2113 1349 rimi
2139 1289 2489 1355 admirantes,
2518 1291 2733 1346 videndi
2765 1293 2936 1361 gratia
2961 1294 3028 1350 ad
3055 1308 3178 1350 eum
3198 1308 3571 1366 properarent,

1988 1393 2085 1432 sua
2106 1378 2467 1449 relinquentes
2489 1382 2722 1450 negotia,
2745 1383 2991 1438 delectati
3014 1386 3130 1455 ejus
3149 1387 3328 1456 potius
3347 1388 3574 1443 visione.

1989 1471 2119 1526 Erat
2164 1472 2308 1525 enim
2358 1472 2619 1529 infantilis
2664 1475 2717 1528 in
2756 1490 2822 1531 eo
2866 1477 3034 1533 multa
3073 1479 3266 1548 gratia.
3316 1480 3575 1535 'l‘ermnth

1988 1570 2190 1625 autem,
2223 1577 2343 1631 qua:
2369 1563 2470 1617 sibi
2493 1579 2616 1618 eum
2645 1567 2992 1634 adoptaverat
3014 1568 3067 1621 in
3100 1569 3288 1636 tilium,
3324 1571 3449 1626 dum
3472 1589 3575 1627 sae-

1987 1653 2108 1722 pius
2143 1653 2213 1707 ad
2243 1663 2451 1723 patrem
2491 1654 2669 1725 ipsum
2694 1657 2950 1722 deferret,
2978 1659 3205 1730 contigit
3234 1662 3468 1730 quadam
3490 1663 3577 1718 die

1988 1749 2049 1796 ut
2072 1756 2166 1798 rex
2192 1742 2443 1799 eumdem
2473 1759 2696 1800 sumens
2720 1755 2777 1800 et
2801 1747 2869 1802 ad
2901 1755 3089 1818 pectus
3137 1748 3434 1819 applicans,
3477 1768 3575 1821 pro

295 1836 518 1906 iubente
573 1833 843 1897 Domino.
888 1828 1144 1901 Populum
1194 1829 1543 1897 W30”!!!
1596 1826 1778 1882 εάυοίι
1822 1840 1890 1880 εἰ
1917 1816 1966 1876 Β
1994 1832 2116 1888 ﬁliae
2167 1834 2341 1905 gratia
2384 1834 2631 1891 diadema
2679 1838 2839 1908 capiti
2883 1816 2999 1907 ejus
3042 1816 3362 1909 imponeret.
3419 1816 3573 1909 Quod

298 1927 550 1999 Egypto.
576 1941 698 1981 cum
718 1931 864 1980 esset
892 1936 1158 1979 annorum
1181 1922 1599 1991 quingentorum
1625 1917 1883 1987 quinque,

298 2033 328 2072 a
362 2017 649 2071 nativitate
672 2015 925 2080 Abrahae,
962 2010 1399 2083 repromissimtis
1420 2017 1600 2063 autem
1634 2006 1891 2076 quadrin-

298 2108 634 2179 gentesimns
671 2106 1001 2171 tricesimus,
1037 2105 1224 2175 eisque
1273 2103 1329 2157 in
1375 2116 1559 2157 eremo
1589 2115 1686 2170 per
1717 2113 1888 2153 annos

296 2196 655 2269 quadraginta
679 2196 859 2267 legem
893 2195 1131 2265 exponit.
1190 2193 1359 2264 lgitnr
1381 2191 1450 2247 ab
1493 2191 1641 2246 exitu
1670 2189 1886 2244 Israeli-

298 2286 391 2342 tici
418 2284 598 2356 populi
626 2284 695 2340 de
727 2284 958 2356 Egypto
987 2297 1155 2353 usque
1190 2282 1255 2337 ad
1287 2281 1629 2343 Salomonem
1665 2287 1719 2333 et
1753 2277 1886 2333 aedi—

300 2378 610 2434 ﬁcationem
640 2377 843 2447 templi,
873 2383 1227 2433 numerantur
1252 2374 1380 2429 anni
1407 2373 1532 2429 479.
1577 2370 1885 2427 Secundum

298 2474 565 2530 minorem
596 2481 776 2528 tamen
799 2487 1105 2537 numerum,
1140 2486 1303 2542 quem
1345 2470 1535 2526 tertius
1575 2468 1883 2541 Regnorum

299 2564 439 2619 liber
463 2563 703 2619 continet
735 2578 899 2619 :nam
919 2561 1074 2633 juxta
1107 2561 1358 2617 volumen
1397 2561 1647 2617 Iudicum
1691 2575 1885 2630 suppu-

297 2665 486 2711 tantur
522 2656 649 2710 anni
689 2654 815 2710 600.
858 2653 1235 2726 Syeioniorum
1282 2662 1463 2709 autem
1491 2653 1610 2709 XIV
1646 2652 1882 2708 Maratns

297 2760 393 2800 rex
447 2751 569 2798 erat
608 2761 622 2797 :
674 2743 761 2798 cui
810 2735 1072 2798 succedit
1101 2742 1382 2799 Echireus.
1443 2742 1604 2813 Argis
1649 2755 1884 2811 namque

295 2837 601 2907 Erotophus
626 2843 850 2892 octavus
879 2845 1000 2892 erat
1033 2852 1154 2902 rex,
1197 2836 1289 2908 qui
1332 2834 1643 2891 Sthenelum
1692 2833 1886 2889 habuit

294 2940 688 2982 successorem.
768 2926 976 2994 Quibus
1036 2925 1369 2995 temporibus
1426 2923 1494 2979 de
1547 2922 1883 2994 principibus

292 3017 640 3087 Argivorum,
668 3016 919 3073 Castores
941 3016 1197 3071 existunt.
1243 3015 1314 3069 At
1342 3030 1467 3070 cum
1502 3014 1682 3068 Danus
1724 3011 1883 3069 Sthe-

295 3107 481 3161 nelum
518 3107 849 3176 expulisset,
902 3107 1077 3178 Argos
1130 3104 1343 3161 tenuit:
1373 3105 1719 3174 minoresque
1764 3103 1882 3174 ejus

293 3207 779 3268 perseveraverant
797 3213 968 3268 usque
997 3198 1065 3253 ad
1093 3194 1397 3252 Curisteum
1433 3196 1601 3252 tilium
1634 3196 1877 3252 Stheneli

294 3297 547 3359 nepotem
576 3289 778 3351 Persei.
806 3287 938 3343 Post
959 3303 1120 3358 quem
1147 3287 1425 3358 Pelopides
1444 3286 1727 3357 imperium
1758 3302 1880 3349 sus-

293 3387 578 3449 ceperunt,
621 3379 797 3449 primo
825 3393 893 3433 ex
923 3378 1054 3448 ipsis
1083 3384 1341 3449 regnante
1368 3377 1551 3432 Atreo.
1605 3375 1722 3443 Quo
1747 3385 1883 3431 tem-

293 3484 428 3540 pore
483 3470 690 3539 primus
742 3468 984 3538 pontifex
1042 3468 1182 3538 apud
1232 3466 1484 3523 Hebraeos
1536 3466 1882 3521 constituitur

294 3561 502 3625 Aaron,
547 3560 774 3631 jubente
816 3559 947 3625 Deo,
996 3558 1168 3613 fratre
1208 3557 1359 3613 Mosi.
1414 3557 1557 3627 Ergo
1596 3558 1721 3627 quis
1779 3557 1882 3615 iste

296 3649 471 3705 loses
490 3658 635 3705 esset
653 3650 839 3720 paucis
870 3650 1110 3711 indicare
1130 3649 1350 3704 curabo.
1381 3647 1432 3703 ls
1450 3648 1595 3703 enim
1621 3648 1883 3718 septimus

295 3749 415 3796 erat
442 3740 740 3808 Abraham,
763 3741 904 3798 ﬁlius
925 3740 1135 3806 Ambri,
1164 3740 1256 3810 qui
1293 3738 1394 3794 fuit
1415 3740 1482 3795 de
1505 3747 1658 3809 patre
1685 3738 1877 3804 Caatb,

293 3831 389 3901 qui
418 3840 579 3887 natus
599 3841 684 3887 est
716 3832 782 3887 de
807 3832 965 3899 Levi;
994 3832 1121 3888 Levi
1162 3846 1292 3887 vero
1329 3832 1396 3887 de
1431 3829 1621 3897 Jacob,
1653 3831 1745 3902 qui
1782 3828 1884 3885 fuit

293 3938 361 3976 ex
411 3922 561 3977 lsaac
610 3923 720 3980 lilio
761 3922 1057 3978 Abraham.
1120 3921 1332 3977 Mortuo
1375 3936 1611 3992 namque
1657 3919 1876 3991 Ioseph,

294 4014 423 4068 dum
464 4013 701 4085 Egyptii
738 4012 1027 4069 durissimo
1069 4013 1434 4082 opprimerent
1484 4012 1707 4068 servitio
1740 4011 1880 4067 alios

294 4104 479 4168 Israel,
504 4106 724 4174 quidam
745 4120 931 4161 eorum
962 4119 1116 4161 sacer
1153 4103 1329 4160 scriba
1371 4103 1711 4158 vaticinando
1742 4117 1880 4173 pra:—

292 4195 431 4248 dixit
467 4211 691 4265 puerum
730 4196 1062 4251 nasciturum
1093 4212 1158 4251 ex
1191 4195 1452 4260 Hebraeis,
1486 4195 1581 4265 qui
1624 4201 1679 4249 et
1716 4192 1881 4264 Egy-

293 4287 438 4354 ptios
473 4285 624 4342 valde
664 4285 944 4357 aﬂligendo
980 4286 1307 4351 humiliaret,
1355 4293 1411 4341 et
1446 4284 1754 4356 progeniem
1795 4282 1881 4340 Jo-

294 4374 427 4443 seph
452 4392 484 4429 a
500 4374 633 4447 jugo
650 4376 925 4431 servitutis
942 4390 1130 4431 eorum
1153 4376 1406 4445 eriperet.
1456 4374 1628 4442 Quam
1662 4374 1734 4429 ob
1762 4389 1877 4428 rem

294 4480 477 4534 regem
516 4480 641 4520 cum
685 4464 948 4536 Egyptiis
975 4466 1091 4522 suis
1119 4467 1352 4521 armavit
1386 4465 1645 4531 consiliis,
1673 4474 1732 4519 ut
1760 4479 1876 4521 om-

293 4572 394 4610 nes
423 4554 768 4611 Hebraeorum
794 4572 971 4612 mares
988 4598 1003 4622 ,
1038 4564 1302 4627 quotquot
1326 4564 1703 4620 nascerentur,
1732 4554 1872 4609 inte-

292 4648 594 4701 rimerent:
615 4647 758 4715 quod
803 4647 879 4701 ita
915 4654 970 4702 et
1001 4647 1181 4703 facere
1218 4647 1323 4703 nisi
1366 4654 1509 4702 sunt.
1544 4645 1749 4714 Quibus
1774 4643 1875 4703 He-

286 4737 424 4792 braei
459 4736 639 4793 amicti
669 4739 846 4803 malis,
871 4740 1058 4795 Ambri
1094 4741 1366 4797 anxietate
1395 4756 1501 4797 non
1530 4740 1735 4797 modica
1782 4756 1874 4797 ve-

292 4827 543 4883 xabatur.
583 4828 681 4885 Cui
711 4830 851 4885 Deus
873 4831 927 4885 in
953 4831 1067 4886 visu
1095 4834 1270 4888 noctis
1298 4832 1489 4900 astitit,
1518 4832 1675 4903 eique
1704 4831 1871 4887 tilium

292 4919 544 4988 priedixit
567 4922 918 4986 nasciturum,
958 4922 1050 4991 qui
1090 4932 1147 4977 et
1184 4938 1311 4978 suos
1355 4940 1386 4979 a
1426 4932 1574 4979 tanta
1618 4923 1875 4979 liberaret

294 5008 515 5063 miseria
540 5018 593 5062 et
615 5009 895 5081 [Egyptios
917 5011 1142 5066 alllictos
1163 5013 1546 5083 spoliatosque,
1571 5029 1634 5069 ac
1659 5016 1873 5071 demum

290 5100 345 5154 in
375 5100 511 5154 mari
542 5101 818 5158 demersos
844 5113 1144 5173 superaret,
1189 5113 1242 5159 et
1290 5108 1605 5161 memoriam
1650 5107 1732 5162 sui
1777 5122 1876 5162 no-

290 5192 454 5247 minis
495 5193 901 5250 celeberrimam
938 5211 1036 5265 per
1073 5197 1252 5251 omnia
1294 5197 1619 5267 relinqueret
1652 5199 1869 5278 sgmula,

286 5297 451 5351 quam
479 5292 706 5339 eventus
729 5287 808 5341 rei
836 5287 1095 5341 visionem
1137 5302 1319 5341 veram
1364 5284 1676 5345 declaravit.
1728 5291 1872 5363 Ergo

290 5381 352 5427 ut
391 5372 566 5430 Moses
595 5385 771 5440 natus,
811 5385 997 5447 partus
1042 5378 1210 5447 ipsius
1250 5379 1632 5435 obstetricibus
1667 5380 1872 5437 celatus

287 5471 375 5518 est
411 5473 678 5519 armuente
709 5465 960 5532 Domino,
999 5482 1063 5522 ac
1098 5467 1176 5522 sic
1218 5468 1389 5522 tribus
1421 5468 1695 5524 mensibus
1729 5469 1873 5524 dumi

288 5554 592 5618 enutritus,
617 5554 744 5608 dum
767 5553 882 5623 ejus
910 5557 1123 5626 genitor
1149 5557 1378 5627 amplius
1411 5558 1589 5613 celare
1614 5559 1877 5617 diﬂlderet

294 5649 351 5702 in
389 5642 610 5697 vasculo
644 5643 709 5697 dc
751 5660 956 5715 papyro
992 5644 1153 5713 facto,
1189 5662 1253 5702 ac
1296 5648 1558 5705 bitumine
1599 5649 1773 5716 linito,
1823 5652 1875 5707 in

365 5766 388 5793 ο
444 5752 541 5810 llic
568 5753 781 5809 videtur
806 5754 1007 5825 aliquid
1036 5757 1242 5814 deesse.

1994 1925 2171 1981 Moses
2191 1925 2345 1996 quasi
2375 1926 2695 1983 infantiliter
2722 1928 2930 1995 ludens,
2963 1939 3240 2002 arreptum
3274 1932 3330 1987 in
3372 1940 3573 1990 terram

1989 2017 2215 2088 projecit
2262 2018 2595 2089 pedibusque
2626 2019 2981 2076 conculcavit.
3041 2022 3154 2077 Hoc
3198 2030 3380 2079 autem
3422 2040 3577 2081 sacer

1987 2106 2077 2160 ille
2096 2106 2272 2162 scriba
2299 2122 2549 2174 cernens,
2582 2092 2902 2165 exclamavit
2935 2112 3079 2167 hunc
3112 2128 3235 2169 esse
3278 2130 3439 2184 quem
3482 2131 3574 2169 na-

1986 2200 2254 2255 sciturum
2298 2206 2430 2254 nutu
2489 2200 2583 2255 Dei
2633 2202 3010 2272 praedixerat,
3069 2204 3160 2274 qui
3212 2205 3573 2276 principatum

1983 2288 2220 2361 dejicere
2261 2287 2638 2361 Egyptiorum
2675 2291 3024 2359 acceleraret,
3070 2293 3173 2349 nisi
3207 2296 3357 2365 prius
3401 2306 3577 2351 morte

1982 2386 2294 2449 prteventus
2332 2376 2530 2434 fuerit:
2556 2379 2815 2451 impetum
2856 2382 2911 2437 in
2950 2398 3073 2438 eum
3113 2382 3337 2451 faciens,
3370 2385 3578 2441 interﬂ-

1983 2467 2233 2523 ciendum
2279 2468 2623 2525 decernebat.
2658 2470 2741 2525 Ad
2787 2472 2941 2542 cujus
2985 2488 3176 2530 necem
3217 2474 3574 2546 segnius-rex

1981 2558 2340 2624 excitabatur,
2366 2573 2434 2614 ne
2461 2559 2623 2615 tiliam
2643 2560 2939 2618 offenderet
2962 2563 3201 2617 eharam.
3243 2563 3414 2633 Quem
3437 2564 3572 2620 Ter-

1982 2648 2137 2703 muth
2165 2649 2253 2703 vix
2277 2665 2310 2705 e
2335 2651 2586 2711 manibus
2624 2665 2811 2707 eorum
2853 2652 3078 2723 eripuit,
3112 2660 3170 2710 et
3201 2668 3233 2708 a
3266 2661 3441 2710 morte
3466 2654 3573 2709 sal-

1944 2738 2148 2793 -vavit.
2180 2738 2311 2794 Post
2362 2740 2580 2809 aliquod
2628 2756 2759 2797 vero
2814 2745 3072 2815 temporis
3119 2745 3378 2815 spatium,
3430 2746 3573 2803 inter

1982 2828 2266 2900 Egyptios
2290 2837 2359 2887 et.
2381 2829 2667 2899 Ethiopes
2700 2847 2901 2887 saevum
2928 2842 3179 2888 exortum
3220 2842 3305 2890 est
3347 2834 3569 2891 bellum.

1983 2918 2085 2986 Qui
2116 2921 2246 2974 dum
2280 2928 2581 2975 noscuntur
2619 2937 2738 2977 esse
2785 2923 2968 2990 vicini,
3014 2926 3396 2997 negotiatores,
3447 2927 3576 2983 hinc

1984 3011 2111 3066 inde
2132 3011 2484 3067 mereimouia
2510 3011 2767 3080 ferentes,
2796 3015 2864 3069 ad
2883 3015 3004 3071 lites
3024 3025 3077 3071 et
3100 3016 3280 3089 jurgia
3311 3035 3575 3090 provoca--

1985 3110 2180 3155 verunt
2202 3101 2503 3172 Egyptios.
2560 3103 2732 3170 Quam
2762 3105 2833 3161 ob
2859 3121 2976 3163 rem
2999 3107 3302 3180 ASthiopes,
3347 3112 3462 3167 hazc
3488 3112 3572 3168 in-

1908 3159 1952 3222 c
1984 3189 2253 3260 dignando
2273 3159 2624 3265 viferenteswjv
2660 3159 2821 3248 arma

1980 3280 2175 3337 stando
2217 3296 2283 3337 ac
2335 3282 2627 3349 smviendo,
2682 3284 3038 3357 civitatesque
3065 3302 3254 3346 eorum
3286 3291 3569 3363 capiendo,

1980 3371 2268 3427 resistente
2315 3373 2485 3440 nullo,
2540 3375 2907 3443 bacchantes,
2956 3379 3145 3449 usque'
3170 3381 3239 3435 ad
3285 3381 3575 3452 Memphim

1980 3464 2254 3519 civitatem
2307 3462 2695 3537 Egyptiorum'
2751 3469 2987 3523 nobilem
3058 3473 3399 3541 perveniunt.
3463 3475 3575 3531 Hac

1980 3553 2244 3624 compulsi
2290 3556 2615 3617 necessitate
2668 3556 2905 3627 Egyptil
2968 3558 3038 3613 ad
3100 3559 3459 3618 divinationes
3518 3572 3575 3618 et

1981 3659 2239 3712 responsa
2284 3642 2638 3715 confugiunt,
2687 3653 3018 3717 acceptoque
3078 3649 3299 3704 oraculo
3353 3658 3414 3705 ut
3464 3651 3575 3707 lle-

1980 3734 2160 3789 hrreus
2205 3734 2314 3788 dux
2366 3734 2642 3789 exercitus
2701 3735 3159 3802 constitueretur,
3216 3737 3369 3808 cujus
3412 3742 3568 3795 auxi-

1981 3824 2054 3881 lio
2103 3839 2210 3880 non
2251 3824 2424 3880 solum
2471 3840 2504 3879 a
2552 3823 2749 3885 finibus
2799 3825 2912 3880 suis
2962 3825 3292 3897 pellerentur
3353 3827 3569 3885 Ethio-

1979 3931 2114 3985 pes,
2171 3915 2267 3970 sed
2316 3912 2431 3983 jam
2479 3914 2670 3970 ditioni
2723 3915 3119 3986 subjicerentur
3164 3916 3565 3989 Egyptiorum.

1980 4005 2210 4076 Eligitur
2242 4012 2423 4059 autem
2458 4003 2653 4069 Moses,
2676 4019 2840 4073 quem
2859 4014 2914 4060 et
2932 4005 3217 4075 prudentia
3248 4007 3565 4077 elegantior,

1981 4105 2037 4151 et
2062 4096 2237 4152 forma
2274 4096 2690 4152 commendabat
2729 4096 3101 4163 excellentior,
3142 4098 3250 4153 dux
3275 4099 3566 4155 exercitus.

1980 4189 2082 4256 Qui
2112 4190 2240 4245 dum
2267 4190 2322 4245 in
2347 4190 2534 4245 hostes
2557 4189 2769 4245 irruere
2797 4190 2872 4244 ita
2916 4190 3200 4259 disposuit,
3235 4200 3296 4246 ut
3336 4190 3455 4260 ejus
3476 4192 3572 4247 ad-

1978 4288 2204 4334 ventum
2230 4280 2454 4335 minime
2473 4279 2818 4347 prmvidendo
2839 4289 3250 4350 cognoscerent,
3271 4284 3573 4337 exercitum

1978 4388 2076 4442 per
2098 4372 2214 4429 loca
2236 4373 2381 4428 invia
2406 4373 2608 4428 deserti
2642 4374 2881 4429 deduxit.
2924 4374 3300 4432 Diﬂlcultatem
3329 4390 3458 4431 vero
3486 4377 3543 4430 iti
3560 4407 3572 4418 -

1980 4462 2151 4527 neris,
2176 4464 2407 4533 impetus
2451 4464 2688 4517 maxime
2723 4465 3079 4533 serpentium,
3126 4480 3236 4521 non
3276 4465 3449 4521 solum
3480 4483 3568 4529 re-

1984 4556 2245 4625 pentium,
2273 4556 2369 4612 sed
2396 4556 2563 4612 etiam
2608 4556 2924 4623 volantium,
2971 4573 3072 4628 per
3115 4560 3389 4614 desertum
3426 4558 3569 4613 invia

1980 4644 2096 4699 loca
2121 4644 2383 4715 prmbent.
2410 4644 2502 4700 llle
2531 4654 2732 4712 autem,
2762 4647 3019 4703 divinitus
3061 4657 3284 4720 accepto
3318 4649 3570 4714 consilio,

1982 4735 2099 4792 ibes
2125 4736 2181 4790 in
2208 4736 2392 4791 caveis
2427 4735 2694 4803 reclusas,
2720 4752 2858 4808 quas
2902 4748 3183 4810 serpentes
3215 4742 3453 4798 maxime
3477 4757 3569 4796 vc-

1979 4835 2186 4893 rentur,
2217 4842 2399 4883 secum
2425 4814 2565 4882 tulit.
2602 4828 2700 4883 Est
2728 4837 2910 4885 autem
2949 4830 3052 4885 hoc
3078 4830 3278 4886 animal
3296 4833 3566 4903 serpenti-

1978 4910 2078 4972 bus
2133 4917 2430 4975 inimicum.
2479 4917 2715 4987 Fugiunt
2751 4918 2892 4972 enim
2932 4919 3012 4973 eis
3057 4921 3482 4985 advenientibus,
3513 4933 3569 4976 et

1982 5023 2104 5063 cum
2134 5023 2191 5063 se
2219 5009 2396 5064 celare
2422 5008 2708 5074 voluerint,
2740 5009 2888 5064 velut
2936 5008 3062 5064 ﬂatu
3094 5026 3380 5066 cervorum
3410 5014 3567 5066 abre-

1977 5110 2083 5171 pta:
2105 5094 2451 5157 devorantu‘r.
2500 5100 2739 5167 Quarum
2786 5101 2978 5157 solatio
3016 5104 3312 5157 exercitum
3340 5119 3372 5157 a
3414 5115 3565 5173 peste

1980 5191 2293 5246 animalium
2329 5198 2719 5244 venenatorum
2768 5191 3037 5246 liberavit.
3068 5191 3123 5245 lu
3173 5190 3461 5263 :‘EthiOpes
3498 5210 3565 5248 ex

1978 5280 2205 5334 adverso
2232 5280 2465 5343 irruens,
2481 5295 2617 5348 quos
2640 5281 2693 5334 in
2717 5282 2891 5352 primo
2911 5282 3207 5336 certamine
3230 5282 3562 5352 proﬂigendo

1977 5372 2196 5437 devicit,
2228 5370 2438 5441 fugatos
2464 5372 2675 5426 cecidit.
2706 5372 2773 5426 Et
2796 5371 2923 5427 dum
2947 5373 2997 5427 ei
3040 5372 3095 5427 in
3136 5373 3283 5428 nullo
3309 5375 3565 5429 resistere

1974 5462 2219 5517 valerent
2254 5461 2390 5523 loco,
2427 5476 2485 5517 se
2526 5463 2593 5518 ad
2622 5463 3010 5520 nobilissimam
3053 5478 3240 5519 eorum
3286 5463 3561 5519 civitatem

1978 5554 2322 5610 contulerunt
2347 5552 2508 5608 Saba.
2532 5554 2590 5609 In
2615 5569 2721 5624 qua
2742 5553 2866 5609 dum
2888 5554 3284 5621 obsiderentur,
3308 5562 3363 5610 ct
3388 5554 3562 5610 Moses

1979 5648 2233 5706 nobiliter
2258 5664 2322 5704 ac
2346 5649 2641 5717 prudenter
2661 5648 2859 5719 saepius
2884 5648 3142 5705 certando
3164 5649 3413 5706 obsessos
3433 5647 3561 5704 allii-
