3900 6178
383 348 482 406 95’!

1376 338 1763 394 FRECULPHI
1803 336 2257 398 LEXOVIENSIS
2297 337 2603 393 EPISCOI’I

3552 338 3681 396 93?.

381 470 555 534 geret,
608 473 638 512 a
685 456 791 511 ﬁlia
844 454 989 525 regis
1025 451 1342 524 Ethiopum
1380 453 1663 508 adamatus
1706 460 1809 506 est.
1842 450 1973 519 Qua:
1998 454 2050 513 Α
2076 449 2333 506 festinare
2364 461 2696 521 coegerunt:
2744 432 2865 522 post
2893 467 3063 522 aquas
3101 453 3154 509 in
3196 456 3515 527 sanguinem
3541 476 3681 514 ver-

328 607 335 614 ,
384 552 512 605 dum
533 546 644 602 vim
668 543 870 601 amoris
896 542 1039 599 ferre
1066 542 1333 613 nequiret,
1367 556 1462 611 per
1487 540 1670 596 ﬁdeles
1696 540 1972 595 ministros

381 642 598 714 nuptias
623 637 739 712 ejus
758 637 1033 709 expetivit.
1058 636 1212 704 Quod
1234 635 1408 690 Moses
1433 634 1656 688 minime
1677 634 1967 703 denegans,

382 735 484 791 sub
507 747 569 786 ea
604 731 808 788 scilicet
837 730 1142 785 conditione
1166 738 1226 783 ut
1253 725 1496 782 fmderati
1538 726 1685 779 cives
1706 740 1765 779 se
1794 724 1970 778 mani-

379 824 483 880 bus
521 820 638 890 ejus
682 820 976 875 traderent.
1034 818 1187 887 Quod
1215 833 1313 888 per
1359 816 1650 872 consilium
1697 814 1970 884 praedicta:

379 912 570 984 puellae
595 911 754 966 citius
780 909 1051 980 expletum
1076 921 1180 973 est,
1227 922 1456 977 eamque
1485 905 1659 960 Moses
1681 904 1969 959 celebratis

378 1002 586 1071 nuptiis
634 1016 732 1056 suo
765 998 1036 1068 copulavit
1079 996 1465 1052 matrimonio:
1517 1011 1581 1050 ac
1626 995 1706 1049 sic
1753 994 1968 1049 demum

386 1092 654 1148 debellata
692 1090 966 1159 Ethiopia
994 1129 1008 1156 ,
1054 1088 1348 1144 revertitur
1392 1087 1444 1141 in
1501 1086 1794 1157 Egyptum
1844 1100 1967 1139 cum

387 1183 680 1253 triumpho.
712 1182 840 1248 Quze
863 1179 1193 1251 prosperitas
1215 1179 1392 1233 etsuis
1416 1178 1665 1232 ﬁduciam
1679 1177 1963 1242 libertatis,

379 1279 436 1326 et
461 1270 728 1342 Egyptiis
757 1279 956 1327 metum
990 1270 1166 1324 intulit
1197 1268 1455 1338 majorem
1490 1286 1503 1322 :
1527 1269 1669 1323 unde
1696 1274 1753 1321 et
1778 1272 1967 1338 oppor-

381 1361 665 1415 tunitatem
705 1368 1007 1430 quaerentes
1034 1369 1092 1414 ut
1121 1376 1242 1415 eum
1272 1360 1433 1414 morti
1463 1359 1757 1414 traderent.
1810 1358 1963 1425 Quod

381 1453 557 1508 Moses
585 1452 911 1520 intelligens,
941 1452 1307 1507 meditabatur
1327 1452 1561 1535 qualiter
1585 1466 1774 1507 eorum
1797 1450 1962 1505 decli-

358 1552 537 1600 naret
567 1542 806 1599 insidias.
835 1541 1124 1598 Interfecto
1164 1542 1441 1614 Egyptio,
1475 1542 1603 1596 dum
1631 1548 1967 1610 quaereretur

378 1635 447 1689 ad
488 1641 737 1699 mortem,
767 1633 858 1688 vix
883 1633 1096 1704 elapsus
1124 1647 1221 1701 per
1251 1633 1366 1686 loca
1409 1630 1723 1686 difﬁcillima
1767 1630 1967 1685 deserti

376 1723 511 1794 fugit
534 1724 587 1778 in
609 1723 818 1778 Madian
845 1742 858 1777 :
886 1731 939 1779 et
967 1723 1037 1777 ibi
1066 1738 1191 1779 cttm
1219 1721 1415 1778 Jethro
1440 1721 1722 1777 sacerdote
1743 1723 1961 1792 degens,

2076 557 2185 608 sas,
2219 543 2532 597 ardentibus
2557 542 2646 597 siti
2691 543 2940 613 graviora
2981 544 3240 601 all‘crente
3266 562 3552 616 poenarum
3585 566 3684 624 re-

2039 633 2249 687 nuedia
2291 649 2452 705 quam
2498 648 2730 704 pmnas;
2770 643 2893 704 post
2917 636 3167 693 horridos
3199 653 3452 694 ranarum
3497 657 3680 710 squa-

2069 724 2232 789 lores,
2284 741 2383 795 per
2423 726 2604 781 omnia
2657 728 2854 781 munda
2905 728 3289 801 immundaque
3337 742 3676 803 reptantes;

2066 824 2188 884 post
2218 815 2415 886 ignitas
2435 818 2714 889 cyuiphes,
2744 826 2797 871 et
2817 833 3085 889 nusquam
3116 828 3230 877 toto
3259 838 3384 879 aere
3408 825 3680 882 vibrante

2067 905 2347 971 vitabiles;
2379 917 2503 976 post
2536 923 2753 962 muscas
2790 909 3036 974 caninas,
3079 911 3241 964 etiam
3270 927 3366 981 per
3394 914 3679 971 interiora

2067 995 2437 1049 membrorum
2462 996 2698 1051 horridis
2720 997 2990 1052 morsibus
3007 999 3334 1063 cursitantes
3356 1004 3680 1075 acerbeque

2067 1083 2367 1142 inferentes
2409 1095 2518 1140 tam
2551 1087 2739 1156 gravia
2787 1097 3055 1142 tormenta
3099 1105 3261 1159 quam
3290 1093 3507 1162 turpia;
3537 1105 3682 1164 post

2065 1178 2307 1235 omnium
2333 1193 2589 1249 pecorum
2611 1187 2666 1233 et
2687 1179 3058 1249 jumentorum
3080 1183 3415 1251 repentinam
3442 1186 3675 1241 ruinam

2066 1278 2408 1339 stragemque
2439 1270 2786 1341 generalem;
2835 1283 2958 1342 post
2981 1273 3191 1328 vesicas
3239 1273 3673 1334 effervescentes

2065 1359 2354 1430 ulceraque
2399 1361 2695 1427 manantia,
2727 1370 2801 1427 et,
2827 1370 2888 1416 ut
2932 1361 3035 1432 ipsi
3082 1362 3266 1420 dicere
3316 1367 3663 1433 maluerunt,

2068 1451 2307 1505 scabiem
2328 1466 2393 1506 ac
2412 1451 2734 1520 vitiliginem
2765 1453 2892 1508 totis
2912 1456 3227 1524 corporibus
3248 1469 3667 1526 erumpentem;

2066 1548 2189 1611 post
2217 1540 2534 1612 grandinem
2579 1557 2702 1597 cum
2754 1543 2877 1613 igne
2929 1545 3272 1614 permixtam,
3300 1549 3504 1616 passim
3557 1550 3671 1605 bo-

2070 1635 2267 1700 mines,
2327 1642 2572 1714 armenta
2623 1641 2787 1704 atque
2830 1636 3485 1706 arboresproterentem;
3534 1650 3670 1709 post

2070 1723 2401 1780 locustarum
2426 1724 2617 1791 nubes,
2646 1726 2924 1782 exhaustis
2951 1728 3223 1795 omnibus,
3250 1729 3398 1799 ipsas
3437 1745 3668 1801 quoque

378 1813 533 1884 cujus
561 1813 725 1869 ﬁliam
767 1813 919 1869 duxit
945 1828 1192 1879 uxorem,
1238 1813 1473 1881 dumque
1528 1812 1672 1867 illius
1712 1820 1963 1882 pasceret
1993 1794 2037 1855 Β
2067 1814 2275 1870 radices
2306 1815 2572 1869 seminum
2610 1825 3036 1886 persequentes;
3070 1825 3192 1889 post
3218 1794 3493 1886 tenebras,
3522 1794 3666 1876 ima-

378 1899 595 1975 gregem
622 1903 676 1958 in
703 1912 884 1958 monte
909 1902 1037 1958 Sina
1062 1902 1328 1972 colloquio
1364 1901 1548 1956 fruens
1572 1901 1692 1967 Dei,
1719 1901 1787 1955 ab
1809 1916 1875 1956 eo
1906 1901 1962 1955 in

377 1994 674 2065 Algyptum
725 1994 926 2048 missus
954 1992 1023 2049 ob
1064 1992 1440 2049 liberationem
1497 1991 1728 2046 ﬁliorum
1776 1990 1960 2046 Israel.

375 2081 506 2139 Haec
540 2098 768 2152 namque
810 2099 877 2138 cx
915 2082 1133 2153 Iosephi
1180 2081 1553 2152 decerpsimus
1582 2081 1839 2136 Historia.
1890 2081 1966 2134 De

377 2174 565 2230 eodem
593 2175 753 2229 etiam
797 2173 941 2229 Mose
984 2174 1401 2245 historiographi
1438 2174 1678 2244 gentium
1720 2174 1965 2244 qumdam

378 2263 732 2333 scripserunt,
761 2279 824 2319 ex
853 2278 1084 2333 quorum
1131 2264 1523 2319 assertionibus
1555 2264 1735 2333 aliqua
1780 2265 1969 2318 decer-

377 2370 507 2426 pere
530 2355 705 2410 libuit.
731 2355 821 2410 Ait
858 2355 1144 2425 Pompeius
1181 2356 1247 2411 de
1272 2355 1382 2421 illo,
1418 2355 1534 2410 sive
1570 2354 1833 2422 Justinus,
1864 2355 1968 2410 hoc

376 2444 577 2499 modo:
606 2442 846 2516 Egyptii
886 2460 1009 2500 eum
1062 2445 1300 2501 scabiem
1343 2461 1408 2501 ac
1447 2444 1765 2516 vitiliginem
1816 2456 1968 2516 pate-

379 2540 593 2598 rentur,
622 2546 881 2604 responso
904 2534 1115 2600 moniti,
1146 2533 1325 2589 Mosen
1347 2550 1470 2589 cum
1500 2535 1680 2604 aegris,
1708 2549 1778 2590 ne
1800 2536 1968 2605 pestis

382 2624 452 2679 ad
486 2623 667 2693 plures
715 2633 978 2695 serperet,
1013 2626 1263 2681 terminis
1310 2625 1529 2697 Egypti
1573 2625 1797 2695 pellunt.
1850 2628 1969 2682 Dux

385 2714 553 2786 igitur
577 2714 822 2770 exsulum
850 2714 1043 2781 factus,
1074 2714 1640 2786 sacra.£gyptiorum
1666 2715 1813 2771 furto
1849 2718 1988 2773 abs--

381 2803 523 2858 tulit.
556 2803 686 2871 Qua:
713 2806 880 2859 armis
924 2812 1230 2874 repetentes
1259 2803 1516 2875 Egyptii,
1538 2804 1754 2859 domum
1792 2806 1970 2861 redire

386 2896 793 2967 tempestatibus
817 2895 1079 2966 compulsi
1126 2903 1269 2951 sunt.
1320 2895 1390 2949 At
1418 2911 1548 2951 vero
1587 2895 1871 2953 Cornelius
1904 2897 1971 2953 de

380 2986 569 3043 eadem
590 2999 649 3041 re
668 2985 748 3043 sic
781 2987 895 3042 ait:
919 2985 1144 3041 Plurimi
1175 2994 1426 3042 auctores
1453 2985 1819 3052 consentiunt,
1848 2997 1969 3044 orta

380 3094 482 3149 per
518 3077 810 3150 [Egyptum
862 3078 987 3134 tabe
1039 3092 1159 3148 qua:
1206 3092 1435 3148 corpora
1480 3076 1731 3144 foedaret,
1788 3093 1970 3149 regem

385 3168 723 3224 Baccharum
749 3208 765 3235 ,
819 3168 966 3225 adito
1014 3166 1331 3224 Hammonis
1384 3167 1624 3233 oraculo,
1671 3169 1969 3224 remedium

383 3268 682 3330 petentem,
704 3274 941 3331 purgare
967 3273 1214 3329 regnum,
1245 3266 1299 3313 et
1327 3258 1432 3313 hoc
1469 3273 1640 3329 genus
1666 3257 1968 3325 hominum,

385 3359 448 3406 ut
476 3352 709 3406 invisum
752 3351 879 3417 diis,
918 3351 1052 3407 alias
1090 3351 1146 3405 in
1196 3358 1371 3406 terras
1409 3350 1559 3405 abire
1603 3349 1835 3421 jussum.
1878 3350 1971 3405 Sic

385 3440 750 3511 conquisitum
794 3440 1187 3510 collectumque
1233 3439 1445 3510 vulgus,
1477 3448 1764 3510 postquam
1803 3441 1971 3495 vastis

385 3534 518 3591 locis
543 3533 786 3589 relictum
830 3533 920 3601 sit,
948 3532 1160 3590 caeteris
1183 3547 1281 3604 per
1307 3532 1576 3603 lacrymas
1605 3532 1965 3603 torpentibus,

383 3627 568 3683 Mosen
590 3642 756 3682 unum
803 3625 1049 3682 exsulum
1097 3626 1372 3681 monuisse
1419 3640 1488 3680 ne
1532 3640 1694 3695 quam
1743 3626 1967 3679 deorum

383 3718 735 3775 hominumve
762 3733 922 3787 opem
962 3723 1359 3788 exspectarent,
1406 3716 1500 3771 sed
1553 3714 1769 3771 sibimet
1807 3713 1973 3771 duces

362 3810 593 3867 ctelesti
636 3809 922 3867 crederent
966 3809 1142 3879 primo
1191 3805 1346 3876 cujus
1414 3807 1620 3862 auxilio
1675 3816 1972 3877 praesentes

381 3902 635 3957 miserias
676 3901 1027 3972 pepulissent.
1081 3901 1271 3970 Itaque
1316 3901 1601 3957 Cornelius
1647 3900 1781 3956 dicit
1805 3901 1967 3971 quod,

384 3992 519 4062 ipsis
546 3989 814 4062 {Egyptiis
845 3991 1181 4062 cogentibus,
1207 3989 1376 4045 Judaei
1399 3991 1453 4044 in
1491 3991 1701 4046 deserta
1728 3992 1971 4062 propulsi

387 4084 531 4150 sint;
559 4092 615 4140 et
633 4093 817 4155 postea
850 4084 1127 4156 subjungit
1151 4086 1366 4140 incaute
1386 4084 1513 4155 quia
1536 4099 1638 4154 ope
1668 4082 1799 4138 Mosi
1821 4082 1972 4138 ducis

336 4178 353 4185 ‘
386 4174 444 4229 in
473 4172 709 4245 Egypto
746 4173 994 4229 miserias
1045 4173 1427 4244 propulissent.
1462 4172 1639 4241 Quare
1670 4170 1974 4227 ostenditur

389 4265 634 4336 quaedam
678 4280 797 4335 qua:
842 4279 940 4336 per
970 4264 1153 4321 Mosen
1205 4274 1423 4319 strenue
1448 4272 1568 4319 acta
1616 4270 1763 4328 sunt,
1803 4261 1973 4317 fuisse

390 4355 587 4412 celata.
610 4356 744 4412 Item
771 4354 1015 4411 Justinus
1042 4356 1239 4412 asserit
1282 4354 1492 4425 pulsum
1532 4369 1686 4423 aeque
1723 4368 1845 4408 eum
1872 4367 1970 4423 po-

388 4444 518 4514 pulo
544 4444 725 4500 Mosen
748 4459 904 4499 sacra
922 4442 1308 4515 .A'Sgyptiorum
1338 4442 1503 4498 fuisse
1544 4442 1800 4497 furatum.
1842 4440 1973 4508 Quae

395 4536 685 4606 Egyptios
714 4536 882 4592 armis
908 4537 1150 4606 recipere
1186 4536 1489 4602 molientes,
1520 4544 1735 4592 coactos
1762 4542 1968 4603 tempe-

400 4626 632 4681 statibus
659 4641 721 4681 ac
749 4625 1015 4695 repulsos,
1039 4624 1258 4679 domum
1287 4625 1509 4679 redisse.
1540 4625 1608 4678 Et
1638 4624 1727 4678 hic
1769 4622 1972 4692 aliquid

394 4714 644 4785 amplius,
671 4722 726 4770 et
755 4716 801 4771 si
827 4731 935 4771 non
974 4720 1164 4779 totum,
1204 4714 1438 4784 prodidit
1466 4714 1607 4783 quod
1645 4713 1734 4768 ille
1758 4713 1968 4769 celavit.

394 4804 732 4875 Quapropter
757 4806 805 4861 si
830 4805 963 4861 Mosi
988 4819 1183 4875 magno
1215 4803 1291 4859 illi
1316 4804 1438 4859 duci
1468 4802 1830 4858 testimonium
1858 4820 1973 4859 am-

392 4895 466 4952 bo
493 4895 763 4962 dixerunt,
790 4896 859 4950 ab
879 4895 996 4965 ipso
1034 4894 1175 4951 sicut
1200 4909 1300 4963 per
1321 4908 1444 4948 eum
1479 4901 1534 4948 et
1563 4900 1712 4962 gesta
1751 4900 1808 4947 et
1829 4893 1971 4949 dicta

396 4989 541 5049 sunt,
568 4983 761 5039 melius
789 4982 1153 5056 proferuntur.
1187 4982 1325 5037 Hinc
1361 4988 1539 5037 autem
1561 4981 1787 5037 Orosius
1805 4983 1973 5037 histo-

401 5076 723 5147 riograpbus
748 5076 828 5132 sic
855 5076 962 5129 ait:
987 5073 1122 5130 Cum
1151 5074 1407 5144 populum
1427 5073 1545 5138 Dei,
1568 5073 1673 5127 hoc
1694 5082 1779 5128 est
1803 5088 1973 5144 genus

399 5164 636 5236 Iosephi,
670 5164 911 5239 Egyptii
940 5163 1095 5232 cujus
1127 5179 1228 5233 ope
1265 5163 1397 5219 salvi
1429 5172 1606 5230 erant,
1633 5165 1853 5219 servitio
1879 5179 1973 5234 op-

399 5269 646 5323 pressum
684 5255 870 5310 labore
898 5253 1221 5316 cruciarent,
1248 5252 1464 5321 insuper
1497 5252 1660 5307 etiam
1691 5254 1757 5308 ad
1782 5268 1976 5309 necan-

404 5346 527 5399 dam
554 5344 790 5399 sobolem
817 5360 966 5399 suam
997 5343 1198 5399 crudeli
1230 5344 1454 5412 imperio
1478 5352 1752 5414 cogerent,
1779 5345 1975 5400 dimitti

404 5433 547 5487 Deus
574 5433 824 5502 populum
846 5448 1001 5487 suum
1029 5431 1256 5487 liberum
1288 5432 1353 5485 ad
1383 5433 1720 5488 serviendum
1755 5434 1856 5493 sibi
1877 5450 1976 5504 per

406 5522 588 5578 Mosen
639 5525 884 5579 nuntium
935 5522 1121 5591 jubet,
1178 5530 1623 5593 contemptusque
1675 5524 1975 5581 durissimis

406 5620 752 5667 contumaces
779 5612 1054 5683 suppliciis
1079 5612 1207 5682 agit.
1237 5610 1337 5677 Qui
1366 5614 1550 5668 decem
1576 5613 1745 5683 plagis
1766 5615 1975 5670 onerati

416 5712 477 5750 ar
494 5703 708 5771 protriti
738 5704 949 5758 tandem
984 5719 1119 5773 quos
1161 5704 1428 5758 dimittere
1462 5704 1764 5773 noluerant,
1813 5706 1974 5762 etiam

2073 1903 2291 1973 ginibus
2319 1903 2486 1970 diras,
2529 1905 2892 1977 crassitudine
2935 1905 3252 1977 palpabiles,
3302 1908 3664 1965 diuturnitate

2067 1991 2301 2061 ferales;
2328 2001 2621 2063 postremo,
2659 2003 2782 2065 post
2826 1994 3151 2050 uniformem
3185 1997 3239 2051 in
3271 2004 3383 2052 tota
3419 1998 3662 2070 Egypto

2066 2082 2357 2154 primitiva:
2412 2081 2611 2138 sobolis
2658 2099 2871 2151 necem,
2909 2100 3204 2156 paremque
3247 2102 3347 2156 per
3372 2088 3661 2145 universos

2068 2172 2357 2227 orbitatum
2390 2178 2790 2241 tempestatem,
2816 2173 2909 2242 qui
2933 2171 3146 2240 jubenti
3191 2174 3301 2230 Deo
3343 2191 3453 2231 non
3479 2191 3660 2233 cesse-

2070 2267 2213 2325 rant,
2241 2275 2455 2315 cessere
2491 2261 2758 2330 punienti.
2799 2260 2905 2317 Sed
2951 2277 3075 2317 mox
3115 2263 3352 2334 pessima
3390 2266 3648 2334 pceniten

2069 2354 2142 2407 tia
2168 2354 2420 2409 dimissos
2446 2353 2697 2424 persequi
2737 2354 2876 2419 ausi,
2919 2354 3107 2409 ultima
3131 2353 3378 2410 nefanda:
3413 2356 3664 2427 pervica—

2068 2448 2165 2503 cia:
2192 2447 2495 2517 expendere
2520 2446 2803 2516 supplicia.
2835 2445 2969 2500 Nam
2998 2460 3094 2501 rex
3121 2461 3311 2502 eorum
3336 2447 3657 2503 universum

2069 2536 2291 2609 Egypti
2322 2537 2640 2603 exercitum,
2668 2535 2919 2592 curribus
2951 2543 3115 2606 atque
3150 2536 3430 2606 equitibus
3457 2537 3659 2592 instru-

2069 2638 2237 2695 ctum,
2267 2631 2322 2684 in
2351 2629 2810 2685 circumerrantes
2852 2629 2981 2699 egit.
3029 2628 3197 2700 Cujus
3238 2644 3526 2684 numerum
3556 2630 3659 2684 hoc

2070 2721 2204 2785 sclo,
2235 2721 2319 2776 vel
2371 2720 2612 2775 maxime
2640 2728 2985 2791 argumento
3032 2720 3301 2790 conjicere
3347 2736 3657 2791 possumus,

2071 2811 2215 2882 quod
2254 2825 2377 2865 eum
2400 2817 2657 2865 sexcenta
2683 2808 2851 2864 millia
2890 2809 3128 2864 virorum
3171 2811 3467 2864 timuerunt
3495 2819 3659 2880 atque

2071 2903 2343 2975 fugerunt.
2391 2901 2497 2959 Sed
2539 2910 2817 2973 protector
2854 2903 3321 2974 depresserumet
3349 2904 3496 2959 ultor
3529 2919 3658 2960 con-

2072 2997 2365 3054 tumacium
2392 2996 2556 3061 Deus,
2589 2996 2775 3051 divisit
2795 2996 2975 3052 subito
3009 2995 3255 3051 Rubrum
3279 3012 3452 3062 mare,
3482 3011 3549 3052 ac
3569 2996 3654 3052 dio

2074 3089 2248 3144 latans
2271 3095 2562 3158 utrumque
2589 3086 2944 3159 marginibus,
2978 3086 3268 3157 rigentium
3311 3087 3578 3141 undarum
3600 3086 3655 3140 in

2076 3179 2273 3233 montis
2302 3177 2496 3234 faciem
2532 3177 2702 3232 latera
2723 3184 2908 3233 erecta
2951 3176 3253 3247 suspendit,
3301 3185 3364 3231 ut
3409 3176 3655 3232 inoﬂ'eusi

2074 3280 2170 3335 spe
2196 3264 2386 3320 limitis
2418 3265 2718 3336 provocati,
2740 3263 2927 3336 piique
2950 3264 3095 3319 viam
3124 3264 3424 3336 desperatae
3446 3263 3656 3327 salutis,

2073 3355 2221 3425 impii
2250 3355 2306 3408 in
2354 3354 2565 3408 foveam
2608 3353 2897 3424 insperata:
2921 3353 3113 3409 mortis
3156 3353 3448 3409 intrarent.
3474 3352 3660 3423 Itaque

2073 3443 2314 3499 Hebraeis
2340 3450 2455 3498 tuto
2475 3458 2574 3514 per
2605 3443 2749 3499 sicca
2788 3442 3182 3514 gradientibus,
3217 3441 3419 3498 refusis
3441 3458 3473 3497 a
3511 3451 3659 3513 tergo

2074 3550 2338 3606 aquarum
2367 3533 2660 3590 astantium
2687 3533 2940 3601 molibus,
2967 3533 3161 3589 obruta
3191 3544 3273 3590 est
3292 3543 3349 3589 et
3375 3534 3658 3590 interfecta

2072 3642 2197 3683 cum
2226 3641 2352 3698 rege
2380 3642 2478 3683 suo
2506 3626 2760 3682 universa
2798 3627 3018 3699 λεπριί
3061 3627 3393 3682 multitudo:
3439 3636 3658 3699 totaque

2071 3720 2372 3790 provincia,
2410 3718 2581 3790 plagis
2608 3727 2769 3775 antea
2806 3719 3069 3784 cruciata,
3121 3719 3225 3774 hac
3267 3728 3550 3789 postremo
3574 3718 3659 3773 in—

2074 3810 2388 3866 terfectione
2411 3819 2642 3866 vacuata
2676 3818 2780 3866 est.
2813 3810 3046 3866 Exstant
3091 3811 3253 3866 etiam
3286 3826 3433 3866 nunc
3472 3811 3659 3866 certis-

2071 3900 2207 3956 sima
2238 3901 2431 3955 borum
2455 3908 2804 3956 monumenta
2830 3909 3124 3973 gestorum.
3155 3901 3293 3957 Nam
3317 3910 3528 3959 tractus
3545 3919 3661 3958 cur-

2070 4006 2229 4046 ruum
2254 3996 2604 4061 rotarumque
2627 3992 2837 4057 orbitae,
2877 4006 2988 4047 non
3012 3992 3186 4048 solum
3216 3992 3271 4047 in
3312 3992 3522 4059 littore,
3561 3992 3655 4048 sed

2071 4084 2234 4139 etiam
2261 4083 2316 4138 in
2343 4082 2634 4154 profundo,
2663 4099 2944 4155 quousque
2989 4086 3137 4141 visus
3178 4086 3508 4148 admittitur,
3537 4101 3657 4156 per-

2071 4173 2340 4229 videntur.
2374 4173 2443 4228 Et
2463 4174 2508 4229 si
2546 4172 2682 4229 forte
2707 4173 2778 4228 ad
2800 4183 3014 4244 tempus
3055 4190 3186 4230 casu
3213 4174 3301 4230 vel
3342 4176 3659 4230 curiositate

2072 4262 2369 4333 cujuspiam
2415 4264 2720 4339 turbantur,
2772 4265 3031 4321 continuo
3074 4265 3335 4320 divinitus
3381 4266 3438 4320 in
3483 4265 3660 4335 pristi-

2028 4380 2038 4398 -
2072 4370 2199 4409 nam
2222 4354 2417 4410 faciem
2442 4354 2622 4411 ventis
2653 4353 3017 4425 ﬂuctibusque
3044 4365 3410 4426 reparantur:
3442 4365 3504 4410 ut
3518 4357 3655 4426 quis-

2075 4444 2198 4514 quis
2226 4460 2330 4499 non
2368 4444 2591 4500 docetur
2624 4445 2870 4501 timorem
2914 4446 3010 4501 Dei
3040 4445 3335 4516 propalam:
3384 4446 3655 4517 religionis

2074 4535 2270 4600 studio,
2310 4535 2405 4589 irae
2429 4533 2547 4603 ejus
2588 4544 2875 4590 transacta:
2900 4536 3119 4591 ultionis
3162 4544 3439 4591 terreatur
3464 4551 3643 4591 exem-

2071 4627 2179 4697 plo.
2210 4626 2503 4696 Cecropem
2554 4628 2721 4694 enim,
2770 4630 2837 4685 de
2866 4646 2976 4700 quo
3012 4646 3177 4701 supra
3228 4630 3492 4697 diximus,
3524 4640 3650 4686 tem-

2070 4732 2202 4787 pore
2220 4716 2382 4771 etiam
2411 4716 2543 4772 Mos:
2566 4718 2719 4773 ducis
2739 4719 2915 4788 gentis
2942 4718 3291 4775 Hebraeorum
3317 4719 3434 4790 (qui
3454 4721 3649 4791 primus

2072 4810 2314 4864 omnium
2336 4811 2720 4879 prophetarum
2752 4819 2877 4866 ante
2917 4812 3208 4866 adventum
3230 4812 3447 4867 Domini
3470 4812 3648 4865 Salva-

2073 4900 2208 4954 toris
2250 4900 2461 4955 divinas
2505 4899 2651 4971 leges
2698 4901 2869 4956 sacris
2910 4902 3107 4957 litteris
3152 4901 3463 4974 explicavit)
3494 4901 3649 4956 fuisse

2072 4989 2493 5044 eruditissimum
2517 4990 2872 5045 tradiderunt.
2905 4990 3006 5046 Hic
3046 4991 3217 5046 Moses
3242 4992 3497 5047 omnibus
3521 5006 3647 5061 quos

2075 5076 2249 5133 Graeci
2297 5079 2703 5147 antiquissimos
2756 5089 2948 5149 putant
3000 5081 3184 5137 senior
3210 5081 3640 5150 deprehenditur,

2076 5166 2312 5223 Homero
2361 5168 2569 5223 scilicet
2615 5176 2670 5223 et
2710 5169 2966 5235 Hesiodo,
3021 5170 3361 5241 Troianoque
3406 5171 3559 5233 bello,
3586 5184 3645 5224 ac

2077 5258 2246 5312 multo
2267 5259 2517 5328 superius
2547 5257 2798 5326 Hercule,
2830 5260 3049 5325 Musaeo,
3078 5261 3233 5327 Lino,
3254 5259 3513 5325 Chirone,
3552 5258 3645 5314 Or—

2076 5348 2250 5418 phazo,
2293 5346 2536 5413 Castore,
2585 5348 2826 5417 Polluce,
2857 5350 3160 5421 Eseulapio,
3197 5351 3417 5417 Libero,
3452 5350 3642 5404 Merca-

2077 5440 2179 5503 rio,
2212 5447 2268 5492 et
2294 5439 2560 5509 Apolline,
2588 5447 2642 5494 et
2687 5441 2899 5496 cmteris
2943 5442 3047 5497 diis
3072 5443 3336 5512 gentium,
3380 5441 3640 5509 sacrisque

2075 5530 2160 5586 vel
2188 5531 2418 5595 vatibus,
2451 5531 2622 5601 ipsius
2646 5547 2858 5602 quoque
2898 5531 3047 5589 Jovis
3089 5535 3276 5604 gestis,
3321 5548 3477 5603 quem
3505 5531 3638 5587 Cra-

2077 5621 2160 5675 cia
2197 5622 2251 5676 in
2281 5637 2408 5676 arce
2430 5622 2726 5677 divinitatis
2771 5623 3072 5678 collocavit.
3107 5623 3238 5688 Hos,
3268 5623 3506 5693 inquam,
3529 5634 3632 5673 out-

2079 5724 2177 5764 nes
2197 5726 2333 5780 quos
2361 5712 2815 5776 exmmeravimns,
2864 5713 3026 5767 etiam
3058 5721 3178 5784 post
3219 5714 3507 5781 Cecropem
3554 5706 3626 5762 Di-
