  <div class='ocr_page' id='page_1' title='image "/cluster/home/n/w/nwhite01/storage/ocr_20150623/106/hvd.32044054759717/482.png"; bbox 0 0 3898 6178; ppageno 0'>
   <div class='ocr_carea' id='block_1_1' title="bbox 329 258 430 314">
    <p class='ocr_par' dir='ltr' id='par_1_1' title="bbox 329 258 430 314">
     <span class='ocr_line' id='line_1_1' title="bbox 329 258 430 314; baseline -0.02 0"><span class='ocrx_word' id='word_1_1' title='bbox 329 258 430 314; x_wconf 77' lang='grc'><strong>953</strong></span> 
     </span>
    </p>
   </div>
   <div class='ocr_carea' id='block_1_2' title="bbox 1416 267 2442 334">
    <p class='ocr_par' dir='ltr' id='par_1_2' title="bbox 1416 267 2442 334">
     <span class='ocr_line' id='line_1_2' title="bbox 1416 267 2442 334; baseline 0.012 -12"><span class='ocrx_word' id='word_1_2' title='bbox 1416 267 1827 325; x_wconf 75' lang='lat' dir='ltr'><strong>CIIRONICON.</strong></span> <span class='ocrx_word' id='word_1_3' title='bbox 1854 303 1915 311; x_wconf 85' lang='lat'><strong>-</strong></span> <span class='ocrx_word' id='word_1_4' title='bbox 1957 272 2120 330; x_wconf 79' lang='lat' dir='ltr'><strong>TOMI</strong></span> <span class='ocrx_word' id='word_1_5' title='bbox 2159 276 2179 331; x_wconf 81' lang='grc' dir='ltr'><strong><em>ι</em></strong></span> <span class='ocrx_word' id='word_1_6' title='bbox 2213 276 2341 333; x_wconf 84' lang='lat' dir='ltr'><strong>LIB.</strong></span> <span class='ocrx_word' id='word_1_7' title='bbox 2380 277 2442 334; x_wconf 80' lang='lat' dir='ltr'><strong>Il.</strong></span> 
     </span>
    </p>
   </div>
   <div class='ocr_carea' id='block_1_3' title="bbox 3470 300 3575 356">
    <p class='ocr_par' dir='ltr' id='par_1_3' title="bbox 3470 300 3575 356">
     <span class='ocr_line' id='line_1_3' title="bbox 3470 300 3575 356; baseline 0.019 -2"><span class='ocrx_word' id='word_1_8' title='bbox 3470 300 3575 356; x_wconf 62' lang='grc'><strong>956</strong></span> 
     </span>
    </p>
   </div>
   <div class='ocr_carea' id='block_1_4' title="bbox 330 378 3573 470">
    <p class='ocr_par' dir='ltr' id='par_1_4' title="bbox 330 378 3573 470">
     <span class='ocr_line' id='line_1_4' title="bbox 330 378 3573 470; baseline 0.011 -37"><span class='ocrx_word' id='word_1_9' title='bbox 330 380 452 441; x_wconf 87' lang='lat' dir='ltr'><strong>ﬁcu,</strong></span> <span class='ocrx_word' id='word_1_10' title='bbox 473 394 635 449; x_wconf 83' lang='lat' dir='ltr'><strong>quem</strong></span> <span class='ocrx_word' id='word_1_11' title='bbox 653 378 886 448; x_wconf 89' lang='lat' dir='ltr'><strong>primum</strong></span> <span class='ocrx_word' id='word_1_12' title='bbox 906 378 1099 436; x_wconf 82' lang='lat' dir='ltr'><strong>Atticae</strong></span> <span class='ocrx_word' id='word_1_13' title='bbox 1119 397 1299 453; x_wconf 87' lang='lat' dir='ltr'><strong>regem</strong></span> <span class='ocrx_word' id='word_1_14' title='bbox 1320 383 1484 441; x_wconf 80' lang='lat' dir='ltr'><strong>fuisse</strong></span> <span class='ocrx_word' id='word_1_15' title='bbox 1509 388 1898 442; x_wconf 75' lang='lat' dir='ltr'><strong>convincimus.</strong></span> <span class='ocrx_word' id='word_1_16' title='bbox 1928 393 1979 451; x_wconf 84' lang='grc' dir='ltr'><strong>Α</strong></span> <span class='ocrx_word' id='word_1_17' title='bbox 2005 390 2242 448; x_wconf 72' lang='lat' dir='ltr'><strong>Evethmi</strong></span> <span class='ocrx_word' id='word_1_18' title='bbox 2267 404 2320 448; x_wconf 89' lang='lat' dir='ltr'><strong>et</strong></span> <span class='ocrx_word' id='word_1_19' title='bbox 2344 398 2589 466; x_wconf 75' lang='lat' dir='ltr'><strong>nympha:</strong></span> <span class='ocrx_word' id='word_1_20' title='bbox 2615 397 2754 455; x_wconf 89' lang='lat' dir='ltr'><strong>ﬁlius</strong></span> <span class='ocrx_word' id='word_1_21' title='bbox 2781 404 3107 470; x_wconf 74' lang='lat' dir='ltr'><strong>agnoscitur.</strong></span> <span class='ocrx_word' id='word_1_22' title='bbox 3140 406 3253 463; x_wconf 81' lang='lat' dir='ltr'><strong>Hoc</strong></span> <span class='ocrx_word' id='word_1_23' title='bbox 3274 411 3415 467; x_wconf 86' lang='lat' dir='ltr'><strong>enim</strong></span> <span class='ocrx_word' id='word_1_24' title='bbox 3441 422 3573 470; x_wconf 88' lang='lat' dir='ltr'><strong>tem-</strong></span> 
     </span>
    </p>
   </div>
   <div class='ocr_carea' id='block_1_5' title="bbox 330 469 1905 548">
    <p class='ocr_par' dir='ltr' id='par_1_5' title="bbox 330 469 1905 548">
     <span class='ocr_line' id='line_1_5' title="bbox 330 469 1905 548; baseline 0.007 -26"><span class='ocrx_word' id='word_1_25' title='bbox 330 469 515 537; x_wconf 84' lang='lat' dir='ltr'><strong>Itaque</strong></span> <span class='ocrx_word' id='word_1_26' title='bbox 561 470 679 524; x_wconf 85' lang='lat' dir='ltr'><strong>sine</strong></span> <span class='ocrx_word' id='word_1_27' title='bbox 703 470 811 525; x_wconf 88' lang='lat' dir='ltr'><strong>ulla</strong></span> <span class='ocrx_word' id='word_1_28' title='bbox 839 472 1189 543; x_wconf 88' lang='lat' dir='ltr'><strong>ambiguitate</strong></span> <span class='ocrx_word' id='word_1_29' title='bbox 1216 474 1392 530; x_wconf 82' lang='lat' dir='ltr'><strong>Moses</strong></span> <span class='ocrx_word' id='word_1_30' title='bbox 1439 485 1493 531; x_wconf 90' lang='lat' dir='ltr'><strong>et</strong></span> <span class='ocrx_word' id='word_1_31' title='bbox 1529 477 1784 548; x_wconf 72' lang='lat' dir='ltr'><strong>Cecrops,</strong></span> <span class='ocrx_word' id='word_1_32' title='bbox 1814 479 1905 547; x_wconf 88' lang='lat' dir='ltr'><strong>qui</strong></span> 
     </span>
    </p>
   </div>
   <div class='ocr_carea' id='block_1_6' title="bbox 330 558 1900 639">
    <p class='ocr_par' dir='ltr' id='par_1_6' title="bbox 330 558 1900 639">
     <span class='ocr_line' id='line_1_6' title="bbox 330 558 1900 639; baseline 0.008 -29"><span class='ocrx_word' id='word_1_33' title='bbox 330 558 537 626; x_wconf 87' lang='lat' dir='ltr'><strong>primus</strong></span> <span class='ocrx_word' id='word_1_34' title='bbox 564 558 973 616; x_wconf 83' lang='lat' dir='ltr'><strong>Atheniensium</strong></span> <span class='ocrx_word' id='word_1_35' title='bbox 1005 562 1126 628; x_wconf 81' lang='lat' dir='ltr'><strong>fuit,</strong></span> <span class='ocrx_word' id='word_1_36' title='bbox 1161 565 1347 621; x_wconf 66' lang='lat' dir='ltr'><strong>iisdem</strong></span> <span class='ocrx_word' id='word_1_37' title='bbox 1380 568 1526 622; x_wconf 80' lang='lat' dir='ltr'><strong>fuere</strong></span> <span class='ocrx_word' id='word_1_38' title='bbox 1554 570 1900 639; x_wconf 87' lang='lat' dir='ltr'><strong>temporibus.</strong></span> 
     </span>
    </p>
   </div>
   <div class='ocr_carea' id='block_1_7' title="bbox 330 647 1904 727">
    <p class='ocr_par' dir='ltr' id='par_1_7' title="bbox 330 647 1904 727">
     <span class='ocr_line' id='line_1_7' title="bbox 330 647 1904 727; baseline 0.007 -25"><span class='ocrx_word' id='word_1_39' title='bbox 330 648 499 702; x_wconf 85' lang='lat' dir='ltr'><strong>Porro</strong></span> <span class='ocrx_word' id='word_1_40' title='bbox 520 647 623 703; x_wconf 90' lang='lat' dir='ltr'><strong>iste</strong></span> <span class='ocrx_word' id='word_1_41' title='bbox 656 649 890 720; x_wconf 84' lang='lat' dir='ltr'><strong>Cecrops</strong></span> <span class='ocrx_word' id='word_1_42' title='bbox 929 651 1093 719; x_wconf 86' lang='lat' dir='ltr'><strong>Dities</strong></span> <span class='ocrx_word' id='word_1_43' title='bbox 1115 653 1382 723; x_wconf 84' lang='lat' dir='ltr'><strong>indigena,</strong></span> <span class='ocrx_word' id='word_1_44' title='bbox 1422 658 1521 710; x_wconf 83' lang='lat' dir='ltr'><strong>sub</strong></span> <span class='ocrx_word' id='word_1_45' title='bbox 1545 673 1652 726; x_wconf 88' lang='lat' dir='ltr'><strong>quo</strong></span> <span class='ocrx_word' id='word_1_46' title='bbox 1673 660 1904 727; x_wconf 90' lang='lat' dir='ltr'><strong>primum</strong></span> 
     </span>
    </p>
   </div>
   <div class='ocr_carea' id='block_1_8' title="bbox 326 740 1905 805">
    <p class='ocr_par' dir='ltr' id='par_1_8' title="bbox 326 740 1905 805">
     <span class='ocr_line' id='line_1_8' title="bbox 326 740 1905 805; baseline 0.006 -11"><span class='ocrx_word' id='word_1_47' title='bbox 326 740 382 794; x_wconf 91' lang='lat' dir='ltr'><strong>in</strong></span> <span class='ocrx_word' id='word_1_48' title='bbox 405 755 531 799; x_wconf 88' lang='lat' dir='ltr'><strong>arce</strong></span> <span class='ocrx_word' id='word_1_49' title='bbox 561 740 702 795; x_wconf 90' lang='lat' dir='ltr'><strong>oliva</strong></span> <span class='ocrx_word' id='word_1_50' title='bbox 736 751 855 796; x_wconf 92' lang='lat' dir='ltr'><strong>orta</strong></span> <span class='ocrx_word' id='word_1_51' title='bbox 882 752 983 805; x_wconf 88' lang='lat' dir='ltr'><strong>est,</strong></span> <span class='ocrx_word' id='word_1_52' title='bbox 1009 752 1064 796; x_wconf 90' lang='lat' dir='ltr'><strong>et</strong></span> <span class='ocrx_word' id='word_1_53' title='bbox 1094 743 1501 801; x_wconf 85' lang='lat' dir='ltr'><strong>Atheniensium</strong></span> <span class='ocrx_word' id='word_1_54' title='bbox 1534 749 1661 801; x_wconf 84' lang='lat' dir='ltr'><strong>urbs</strong></span> <span class='ocrx_word' id='word_1_55' title='bbox 1703 763 1771 803; x_wconf 82' lang='lat' dir='ltr'><strong>ex</strong></span> <span class='ocrx_word' id='word_1_56' title='bbox 1807 748 1905 803; x_wconf 85' lang='lat' dir='ltr'><strong>Mi-</strong></span> 
     </span>
    </p>
   </div>
   <div class='ocr_carea' id='block_1_9' title="bbox 324 829 1956 905">
    <p class='ocr_par' dir='ltr' id='par_1_9' title="bbox 324 829 1956 905">
     <span class='ocr_line' id='line_1_9' title="bbox 324 829 1956 905; baseline 0.007 -22"><span class='ocrx_word' id='word_1_57' title='bbox 324 844 506 885; x_wconf 64' lang='lat' dir='ltr'><strong>nervae</strong></span> <span class='ocrx_word' id='word_1_58' title='bbox 527 829 883 900; x_wconf 83' lang='lat' dir='ltr'><strong>appellatione</strong></span> <span class='ocrx_word' id='word_1_59' title='bbox 930 834 1119 888; x_wconf 82' lang='lat' dir='ltr'><strong>sortita</strong></span> <span class='ocrx_word' id='word_1_60' title='bbox 1162 850 1378 889; x_wconf 88' lang='lat' dir='ltr'><strong>nomen.</strong></span> <span class='ocrx_word' id='word_1_61' title='bbox 1414 836 1512 890; x_wconf 85' lang='lat' dir='ltr'><strong>llic</strong></span> <span class='ocrx_word' id='word_1_62' title='bbox 1556 832 1761 905; x_wconf 77' lang='lat' dir='ltr'><strong>primus</strong></span> <span class='ocrx_word' id='word_1_63' title='bbox 1788 852 1904 893; x_wconf 88' lang='lat' dir='ltr'><strong>om-</strong></span> <span class='ocrx_word' id='word_1_64' title='bbox 1953 841 1956 844; x_wconf 77' lang='grc'><strong>’</strong></span> 
     </span>
    </p>
   </div>
   <div class='ocr_carea' id='block_1_10' title="bbox 323 917 1903 991">
    <p class='ocr_par' dir='ltr' id='par_1_10' title="bbox 323 917 1903 991">
     <span class='ocr_line' id='line_1_10' title="bbox 323 917 1903 991; baseline 0.004 -18"><span class='ocrx_word' id='word_1_65' title='bbox 323 920 473 973; x_wconf 90' lang='lat' dir='ltr'><strong>nium</strong></span> <span class='ocrx_word' id='word_1_66' title='bbox 502 917 689 973; x_wconf 84' lang='lat' dir='ltr'><strong>Jovem</strong></span> <span class='ocrx_word' id='word_1_67' title='bbox 710 920 1014 988; x_wconf 80' lang='lat' dir='ltr'><strong>appellavit,</strong></span> <span class='ocrx_word' id='word_1_68' title='bbox 1049 921 1333 976; x_wconf 78' lang='lat' dir='ltr'><strong>simulacra</strong></span> <span class='ocrx_word' id='word_1_69' title='bbox 1363 925 1583 991; x_wconf 86' lang='lat' dir='ltr'><strong>reperit,</strong></span> <span class='ocrx_word' id='word_1_70' title='bbox 1616 940 1765 977; x_wconf 84' lang='lat' dir='ltr'><strong>aram</strong></span> <span class='ocrx_word' id='word_1_71' title='bbox 1793 934 1903 980; x_wconf 90' lang='lat' dir='ltr'><strong>sta-</strong></span> 
     </span>
    </p>
   </div>
   <div class='ocr_carea' id='block_1_11' title="bbox 321 1010 1901 1082">
    <p class='ocr_par' dir='ltr' id='par_1_11' title="bbox 321 1010 1901 1082">
     <span class='ocr_line' id='line_1_11' title="bbox 321 1010 1901 1082; baseline 0.004 -19"><span class='ocrx_word' id='word_1_72' title='bbox 321 1010 468 1073; x_wconf 84' lang='lat' dir='ltr'><strong>tuit,</strong></span> <span class='ocrx_word' id='word_1_73' title='bbox 517 1010 767 1065; x_wconf 77' lang='lat' dir='ltr'><strong>victimas</strong></span> <span class='ocrx_word' id='word_1_74' title='bbox 818 1010 1156 1076; x_wconf 87' lang='lat' dir='ltr'><strong>immolavit,</strong></span> <span class='ocrx_word' id='word_1_75' title='bbox 1208 1028 1545 1082; x_wconf 74' lang='lat' dir='ltr'><strong>nequaquam</strong></span> <span class='ocrx_word' id='word_1_76' title='bbox 1601 1015 1901 1071; x_wconf 87' lang='lat' dir='ltr'><strong>istiusmodi</strong></span> 
     </span>
    </p>
   </div>
   <div class='ocr_carea' id='block_1_12' title="bbox 322 1096 1899 1173">
    <p class='ocr_par' dir='ltr' id='par_1_12' title="bbox 322 1096 1899 1173">
     <span class='ocr_line' id='line_1_12' title="bbox 322 1096 1899 1173; baseline 0.006 -24"><span class='ocrx_word' id='word_1_77' title='bbox 322 1096 569 1151; x_wconf 90' lang='lat' dir='ltr'><strong>rebusin</strong></span> <span class='ocrx_word' id='word_1_78' title='bbox 608 1096 812 1151; x_wconf 61' lang='lat' dir='ltr'><strong>Graecia</strong></span> <span class='ocrx_word' id='word_1_79' title='bbox 839 1114 1073 1167; x_wconf 87' lang='lat' dir='ltr'><strong>unquam</strong></span> <span class='ocrx_word' id='word_1_80' title='bbox 1114 1100 1266 1155; x_wconf 80' lang='lat' dir='ltr'><strong>visis.</strong></span> <span class='ocrx_word' id='word_1_81' title='bbox 1304 1101 1510 1155; x_wconf 68' lang='lat' dir='ltr'><strong>Caztera</strong></span> <span class='ocrx_word' id='word_1_82' title='bbox 1542 1118 1755 1172; x_wconf 88' lang='lat' dir='ltr'><strong>quoque</strong></span> <span class='ocrx_word' id='word_1_83' title='bbox 1782 1119 1899 1173; x_wconf 65' lang='lat' dir='ltr'><strong>qua!</strong></span> 
     </span>
    </p>
   </div>
   <div class='ocr_carea' id='block_1_13' title="bbox 321 1185 1901 1263">
    <p class='ocr_par' dir='ltr' id='par_1_13' title="bbox 321 1185 1901 1263">
     <span class='ocr_line' id='line_1_13' title="bbox 321 1185 1901 1263; baseline 0.006 -23"><span class='ocrx_word' id='word_1_84' title='bbox 321 1187 466 1257; x_wconf 88' lang='lat' dir='ltr'><strong>apud</strong></span> <span class='ocrx_word' id='word_1_85' title='bbox 489 1185 707 1242; x_wconf 66' lang='lat' dir='ltr'><strong>Graecos</strong></span> <span class='ocrx_word' id='word_1_86' title='bbox 730 1188 865 1241; x_wconf 88' lang='lat' dir='ltr'><strong>mira</strong></span> <span class='ocrx_word' id='word_1_87' title='bbox 886 1188 1181 1257; x_wconf 87' lang='lat' dir='ltr'><strong>jactautur,</strong></span> <span class='ocrx_word' id='word_1_88' title='bbox 1215 1191 1509 1258; x_wconf 81' lang='lat' dir='ltr'><strong>posteriora</strong></span> <span class='ocrx_word' id='word_1_89' title='bbox 1555 1191 1790 1263; x_wconf 73' lang='lat' dir='ltr'><strong>Cecrope</strong></span> <span class='ocrx_word' id='word_1_90' title='bbox 1813 1194 1901 1249; x_wconf 88' lang='lat' dir='ltr'><strong>de-</strong></span> 
     </span>
    </p>
   </div>
   <div class='ocr_carea' id='block_1_14' title="bbox 318 1276 1897 1345">
    <p class='ocr_par' dir='ltr' id='par_1_14' title="bbox 318 1276 1897 1345">
     <span class='ocr_line' id='line_1_14' title="bbox 318 1276 1897 1345; baseline 0.006 -16"><span class='ocrx_word' id='word_1_91' title='bbox 318 1277 748 1345; x_wconf 89' lang='lat' dir='ltr'><strong>prehenduntur.</strong></span> <span class='ocrx_word' id='word_1_92' title='bbox 777 1276 904 1334; x_wconf 88' lang='lat' dir='ltr'><strong>Post</strong></span> <span class='ocrx_word' id='word_1_93' title='bbox 954 1279 1095 1332; x_wconf 90' lang='lat' dir='ltr'><strong>hunc</strong></span> <span class='ocrx_word' id='word_1_94' title='bbox 1136 1279 1278 1333; x_wconf 90' lang='lat' dir='ltr'><strong>enim</strong></span> <span class='ocrx_word' id='word_1_95' title='bbox 1329 1281 1587 1334; x_wconf 80' lang='lat' dir='ltr'><strong>scribitur</strong></span> <span class='ocrx_word' id='word_1_96' title='bbox 1639 1282 1897 1338; x_wconf 82' lang='lat' dir='ltr'><strong>diluvium</strong></span> 
     </span>
    </p>
   </div>
   <div class='ocr_carea' id='block_1_15' title="bbox 320 1364 1899 1434">
    <p class='ocr_par' dir='ltr' id='par_1_15' title="bbox 320 1364 1899 1434">
     <span class='ocr_line' id='line_1_15' title="bbox 320 1364 1899 1434; baseline 0.006 -16"><span class='ocrx_word' id='word_1_97' title='bbox 320 1364 424 1418; x_wconf 91' lang='lat' dir='ltr'><strong>sub</strong></span> <span class='ocrx_word' id='word_1_98' title='bbox 448 1364 788 1427; x_wconf 83' lang='lat' dir='ltr'><strong>Deucalidne,</strong></span> <span class='ocrx_word' id='word_1_99' title='bbox 824 1366 1125 1422; x_wconf 83' lang='lat' dir='ltr'><strong>incendium</strong></span> <span class='ocrx_word' id='word_1_100' title='bbox 1166 1369 1260 1422; x_wconf 74' lang='lat' dir='ltr'><strong>sui:</strong></span> <span class='ocrx_word' id='word_1_101' title='bbox 1293 1367 1610 1434; x_wconf 79' lang='lat' dir='ltr'><strong>Phaetonte,</strong></span> <span class='ocrx_word' id='word_1_102' title='bbox 1661 1371 1731 1425; x_wconf 83' lang='lat' dir='ltr'><strong>Er</strong></span> <span class='ocrx_word' id='word_1_103' title='bbox 1752 1373 1899 1426; x_wconf 91' lang='lat' dir='ltr'><strong>etho-</strong></span> 
     </span>
    </p>
   </div>
   <div class='ocr_carea' id='block_1_16' title="bbox 319 1453 1899 1531">
    <p class='ocr_par' dir='ltr' id='par_1_16' title="bbox 319 1453 1899 1531">
     <span class='ocr_line' id='line_1_16' title="bbox 319 1453 1899 1531; baseline 0.006 -24"><span class='ocrx_word' id='word_1_104' title='bbox 319 1454 446 1508; x_wconf 91' lang='lat' dir='ltr'><strong>nius</strong></span> <span class='ocrx_word' id='word_1_105' title='bbox 472 1453 693 1508; x_wconf 88' lang='lat' dir='ltr'><strong>Vulcani</strong></span> <span class='ocrx_word' id='word_1_106' title='bbox 718 1462 772 1509; x_wconf 89' lang='lat' dir='ltr'><strong>et</strong></span> <span class='ocrx_word' id='word_1_107' title='bbox 799 1455 981 1511; x_wconf 70' lang='lat' dir='ltr'><strong>Terra:</strong></span> <span class='ocrx_word' id='word_1_108' title='bbox 1011 1456 1172 1522; x_wconf 86' lang='lat' dir='ltr'><strong>ﬁlius,</strong></span> <span class='ocrx_word' id='word_1_109' title='bbox 1222 1458 1607 1528; x_wconf 87' lang='lat' dir='ltr'><strong>Dardanusque</strong></span> <span class='ocrx_word' id='word_1_110' title='bbox 1646 1462 1739 1531; x_wconf 86' lang='lat' dir='ltr'><strong>qui</strong></span> <span class='ocrx_word' id='word_1_111' title='bbox 1769 1463 1899 1517; x_wconf 85' lang='lat' dir='ltr'><strong>Dar-</strong></span> 
     </span>
    </p>
   </div>
   <div class='ocr_carea' id='block_1_17' title="bbox 318 1542 1791 1615">
    <p class='ocr_par' dir='ltr' id='par_1_17' title="bbox 318 1542 1791 1615">
     <span class='ocr_line' id='line_1_17' title="bbox 318 1542 1791 1615; baseline 0.005 -19"><span class='ocrx_word' id='word_1_112' title='bbox 318 1542 540 1611; x_wconf 82' lang='lat' dir='ltr'><strong>daniam</strong></span> <span class='ocrx_word' id='word_1_113' title='bbox 562 1543 817 1598; x_wconf 83' lang='lat' dir='ltr'><strong>condidit.</strong></span> <span class='ocrx_word' id='word_1_114' title='bbox 848 1544 926 1599; x_wconf 91' lang='lat' dir='ltr'><strong>De</strong></span> <span class='ocrx_word' id='word_1_115' title='bbox 948 1560 1055 1615; x_wconf 88' lang='lat' dir='ltr'><strong>quo</strong></span> <span class='ocrx_word' id='word_1_116' title='bbox 1078 1545 1379 1602; x_wconf 85' lang='lat' dir='ltr'><strong>Homerus:</strong></span> <span class='ocrx_word' id='word_1_117' title='bbox 1786 1544 1791 1561; x_wconf 58' lang='lat'><strong>“</strong></span> 
     </span>
    </p>
   </div>
   <div class='ocr_carea' id='block_1_18' title="bbox 447 1643 1605 1711">
    <p class='ocr_par' dir='ltr' id='par_1_18' title="bbox 447 1643 1605 1711">
     <span class='ocr_line' id='line_1_18' title="bbox 447 1643 1605 1711; baseline 0.009 -20"><span class='ocrx_word' id='word_1_118' title='bbox 447 1643 603 1701; x_wconf 86' lang='lat' dir='ltr'><strong>Quem</strong></span> <span class='ocrx_word' id='word_1_119' title='bbox 628 1646 829 1706; x_wconf 90' lang='lat' dir='ltr'><strong>primum</strong></span> <span class='ocrx_word' id='word_1_120' title='bbox 853 1645 1023 1708; x_wconf 85' lang='lat' dir='ltr'><strong>genuit</strong></span> <span class='ocrx_word' id='word_1_121' title='bbox 1048 1643 1234 1698; x_wconf 76' lang='lat' dir='ltr'><strong>cmlesti</strong></span> <span class='ocrx_word' id='word_1_122' title='bbox 1259 1647 1450 1711; x_wconf 83' lang='lat' dir='ltr'><strong>Jupiter</strong></span> <span class='ocrx_word' id='word_1_123' title='bbox 1472 1663 1605 1702; x_wconf 88' lang='lat' dir='ltr'><strong>arce.</strong></span> 
     </span>
    </p>
   </div>
   <div class='ocr_carea' id='block_1_19' title="bbox 2008 470 3573 571">
    <p class='ocr_par' dir='ltr' id='par_1_19' title="bbox 2008 470 3573 571">
     <span class='ocr_line' id='line_1_19' title="bbox 2008 470 3573 571; baseline 0.018 -38"><span class='ocrx_word' id='word_1_124' title='bbox 2008 495 2137 549; x_wconf 85' lang='lat' dir='ltr'><strong>pore</strong></span> <span class='ocrx_word' id='word_1_125' title='bbox 2165 470 2452 538; x_wconf 76' lang='lat' dir='ltr'><strong>corinthus</strong></span> <span class='ocrx_word' id='word_1_126' title='bbox 2496 496 2579 541; x_wconf 90' lang='lat' dir='ltr'><strong>est</strong></span> <span class='ocrx_word' id='word_1_127' title='bbox 2620 491 2852 556; x_wconf 88' lang='lat' dir='ltr'><strong>condita,</strong></span> <span class='ocrx_word' id='word_1_128' title='bbox 2902 508 3021 561; x_wconf 65' lang='lat' dir='ltr'><strong>quae</strong></span> <span class='ocrx_word' id='word_1_129' title='bbox 3048 497 3196 565; x_wconf 83' lang='lat' dir='ltr'><strong>prius</strong></span> <span class='ocrx_word' id='word_1_130' title='bbox 3228 500 3387 571; x_wconf 85' lang='lat' dir='ltr'><strong>Epira</strong></span> <span class='ocrx_word' id='word_1_131' title='bbox 3414 520 3573 560; x_wconf 88' lang='lat' dir='ltr'><strong>voea-</strong></span> 
     </span>
    </p>
   </div>
   <div class='ocr_carea' id='block_1_20' title="bbox 2005 571 3571 665">
    <p class='ocr_par' dir='ltr' id='par_1_20' title="bbox 2005 571 3571 665">
     <span class='ocr_line' id='line_1_20' title="bbox 2005 571 3571 665; baseline 0.019 -43"><span class='ocrx_word' id='word_1_132' title='bbox 2005 571 2183 625; x_wconf 89' lang='lat' dir='ltr'><strong>batur.</strong></span> <span class='ocrx_word' id='word_1_133' title='bbox 2239 571 2540 628; x_wconf 89' lang='lat' dir='ltr'><strong>Secundum</strong></span> <span class='ocrx_word' id='word_1_134' title='bbox 2588 593 2716 633; x_wconf 88' lang='lat' dir='ltr'><strong>vero</strong></span> <span class='ocrx_word' id='word_1_135' title='bbox 2753 584 3054 649; x_wconf 89' lang='lat' dir='ltr'><strong>nonnullos,</strong></span> <span class='ocrx_word' id='word_1_136' title='bbox 3102 587 3156 642; x_wconf 95' lang='lat' dir='ltr'><strong>Io</strong></span> <span class='ocrx_word' id='word_1_137' title='bbox 3200 590 3252 643; x_wconf 90' lang='lat' dir='ltr'><strong>in</strong></span> <span class='ocrx_word' id='word_1_138' title='bbox 3282 591 3571 665; x_wconf 64' lang='lat' dir='ltr'><strong>Egyptum</strong></span> 
     </span>
    </p>
   </div>
   <div class='ocr_carea' id='block_1_21' title="bbox 2003 660 3571 754">
    <p class='ocr_par' dir='ltr' id='par_1_21' title="bbox 2003 660 3571 754">
     <span class='ocr_line' id='line_1_21' title="bbox 2003 660 3571 754; baseline 0.019 -42"><span class='ocrx_word' id='word_1_139' title='bbox 2003 660 2261 728; x_wconf 76' lang='lat' dir='ltr'><strong>profecta,</strong></span> <span class='ocrx_word' id='word_1_140' title='bbox 2289 672 2343 717; x_wconf 90' lang='lat' dir='ltr'><strong>et</strong></span> <span class='ocrx_word' id='word_1_141' title='bbox 2368 665 2438 718; x_wconf 87' lang='lat' dir='ltr'><strong>ibi</strong></span> <span class='ocrx_word' id='word_1_142' title='bbox 2464 665 2561 721; x_wconf 89' lang='lat' dir='ltr'><strong>Isis</strong></span> <span class='ocrx_word' id='word_1_143' title='bbox 2582 681 2881 739; x_wconf 88' lang='lat' dir='ltr'><strong>nuncupata</strong></span> <span class='ocrx_word' id='word_1_144' title='bbox 2904 682 3003 727; x_wconf 89' lang='lat' dir='ltr'><strong>est.</strong></span> <span class='ocrx_word' id='word_1_145' title='bbox 3047 677 3174 742; x_wconf 66' lang='lat' dir='ltr'><strong>Quae</strong></span> <span class='ocrx_word' id='word_1_146' title='bbox 3198 660 3571 754; x_wconf 12' lang='lat' dir='ltr'><strong>nuptavvpostea</strong></span> 
     </span>
    </p>
   </div>
   <div class='ocr_carea' id='block_1_22' title="bbox 1990 747 3325 838">
    <p class='ocr_par' dir='ltr' id='par_1_22' title="bbox 1990 747 3325 838">
     <span class='ocr_line' id='line_1_22' title="bbox 1990 747 3325 838; baseline 0.013 -33"><span class='ocrx_word' id='word_1_147' title='bbox 1990 747 2308 821; x_wconf 81' lang='lat' dir='ltr'><strong>.Tbelcgono</strong></span> <span class='ocrx_word' id='word_1_148' title='bbox 2335 754 2448 823; x_wconf 88' lang='lat' dir='ltr'><strong>regi</strong></span> <span class='ocrx_word' id='word_1_149' title='bbox 2475 754 2849 825; x_wconf 64' lang='lat' dir='ltr'><strong>Egyptiorum</strong></span> <span class='ocrx_word' id='word_1_150' title='bbox 2876 762 3098 830; x_wconf 83' lang='lat' dir='ltr'><strong>Epafum</strong></span> <span class='ocrx_word' id='word_1_151' title='bbox 3127 747 3325 838; x_wconf 78' lang='lat' dir='ltr'><strong>genuit.</strong></span> 
     </span>
    </p>
   </div>
   <div class='ocr_carea' id='block_1_23' title="bbox 2609 868 2964 928">
    <p class='ocr_par' dir='ltr' id='par_1_23' title="bbox 2609 868 2964 928">
     <span class='ocr_line' id='line_1_23' title="bbox 2609 868 2964 928; baseline 0.023 -8"><span class='ocrx_word' id='word_1_152' title='bbox 2609 868 2835 925; x_wconf 86' lang='lat' dir='ltr'><strong>CAPUT</strong></span> <span class='ocrx_word' id='word_1_153' title='bbox 2873 873 2964 928; x_wconf 76' lang='lat' dir='ltr'><strong>IX.</strong></span> 
     </span>
    </p>
   </div>
   <div class='ocr_carea' id='block_1_24' title="bbox 2000 950 3570 1046">
    <p class='ocr_par' dir='ltr' id='par_1_24' title="bbox 2000 950 3570 1046">
     <span class='ocr_line' id='line_1_24' title="bbox 2000 950 3570 1046; baseline 0.01 -43"><span class='ocrx_word' id='word_1_154' title='bbox 2000 950 2079 1004; x_wconf 73' lang='lat' dir='ltr'><strong>Ite</strong></span> <span class='ocrx_word' id='word_1_155' title='bbox 2104 951 2539 1046; x_wconf 37' lang='lat' dir='ltr'><strong>ﬁliomzn‘yanni</strong></span> <span class='ocrx_word' id='word_1_156' title='bbox 2559 967 2608 1011; x_wconf 78' lang='lat' dir='ltr'><strong>et</strong></span> <span class='ocrx_word' id='word_1_157' title='bbox 2626 960 3187 1046; x_wconf 49' lang='grc' dir='ltr'><strong>ίῖξρὶεςίηςινζὶεἰάὶῑδ,</strong></span> <span class='ocrx_word' id='word_1_158' title='bbox 3219 972 3435 1043; x_wconf 63' lang='grc' dir='ltr'><strong>ίΕσῃριὶ</strong></span> <span class='ocrx_word' id='word_1_159' title='bbox 3462 981 3570 1046; x_wconf 73' lang='lat' dir='ltr'><strong>pri.</strong></span> 
     </span>
    </p>
   </div>
   <div class='ocr_carea' id='block_1_25' title="bbox 2124 1024 3441 1108">
    <p class='ocr_par' dir='ltr' id='par_1_25' title="bbox 2124 1024 3441 1108">
     <span class='ocr_line' id='line_1_25' title="bbox 2124 1024 3441 1108; baseline 0.02 -36"><span class='ocrx_word' id='word_1_160' title='bbox 2124 1039 2210 1074; x_wconf 87' lang='lat' dir='ltr'><strong>ma</strong></span> <span class='ocrx_word' id='word_1_161' title='bbox 2234 1024 2579 1092; x_wconf 78' lang='lat' dir='ltr'><strong>appellatione</strong></span> <span class='ocrx_word' id='word_1_162' title='bbox 2606 1039 2652 1081; x_wconf 83' lang='lat' dir='ltr'><strong>et</strong></span> <span class='ocrx_word' id='word_1_163' title='bbox 2683 1024 2942 1085; x_wconf 69' lang='lat' dir='ltr'><strong>Busiridis</strong></span> <span class='ocrx_word' id='word_1_164' title='bbox 2968 1036 3041 1097; x_wconf 79' lang='lat' dir='ltr'><strong>in,</strong></span> <span class='ocrx_word' id='word_1_165' title='bbox 3063 1053 3122 1089; x_wconf 80' lang='lat' dir='ltr'><strong>ea</strong></span> 
     </span>
    </p>
   </div>
   <div class='ocr_carea' id='block_1_26' title="bbox 2070 1109 3567 1204">
    <p class='ocr_par' dir='ltr' id='par_1_26' title="bbox 2070 1109 3567 1204">
     <span class='ocr_line' id='line_1_26' title="bbox 2070 1109 3567 1204; baseline 0.019 -43"><span class='ocrx_word' id='word_1_166' title='bbox 2070 1109 2412 1179; x_wconf 84' lang='lat' dir='ltr'><strong>Assyriorum</strong></span> <span class='ocrx_word' id='word_1_167' title='bbox 2428 1114 2566 1169; x_wconf 74' lang='lat' dir='ltr'><strong>XVII</strong></span> <span class='ocrx_word' id='word_1_168' title='bbox 2592 1118 2833 1174; x_wconf 83' lang='lat' dir='ltr'><strong>Amuites</strong></span> <span class='ocrx_word' id='word_1_169' title='bbox 2853 1124 3009 1177; x_wconf 89' lang='lat' dir='ltr'><strong>annis</strong></span> <span class='ocrx_word' id='word_1_170' title='bbox 3025 1125 3113 1179; x_wconf 70' lang='grc'><strong>45.</strong></span> <span class='ocrx_word' id='word_1_171' title='bbox 3146 1129 3311 1197; x_wconf 82' lang='lat' dir='ltr'><strong>Hujus</strong></span> <span class='ocrx_word' id='word_1_172' title='bbox 3339 1149 3567 1204; x_wconf 88' lang='lat' dir='ltr'><strong>namque</strong></span> 
     </span>
    </p>
   </div>
   <div class='ocr_carea' id='block_1_27' title="bbox 1999 1204 3567 1279">
    <p class='ocr_par' dir='ltr' id='par_1_27' title="bbox 1999 1204 3567 1279">
     <span class='ocr_line' id='line_1_27' title="bbox 1999 1204 3567 1279; baseline 0.017 -27"><span class='ocrx_word' id='word_1_173' title='bbox 1999 1214 2140 1254; x_wconf 89' lang='lat' dir='ltr'><strong>anno</strong></span> <span class='ocrx_word' id='word_1_174' title='bbox 2170 1216 2309 1257; x_wconf 87' lang='lat' dir='ltr'><strong>nono</strong></span> <span class='ocrx_word' id='word_1_175' title='bbox 2352 1204 2526 1261; x_wconf 83' lang='lat' dir='ltr'><strong>Moses</strong></span> <span class='ocrx_word' id='word_1_176' title='bbox 2570 1210 2814 1273; x_wconf 90' lang='lat' dir='ltr'><strong>moritur,</strong></span> <span class='ocrx_word' id='word_1_177' title='bbox 2851 1222 2904 1266; x_wconf 91' lang='lat' dir='ltr'><strong>et</strong></span> <span class='ocrx_word' id='word_1_178' title='bbox 2956 1213 3081 1270; x_wconf 84' lang='lat' dir='ltr'><strong>Jesu</strong></span> <span class='ocrx_word' id='word_1_179' title='bbox 3126 1218 3270 1275; x_wconf 90' lang='lat' dir='ltr'><strong>Nave</strong></span> <span class='ocrx_word' id='word_1_180' title='bbox 3314 1223 3567 1279; x_wconf 85' lang='lat' dir='ltr'><strong>ducatum</strong></span> 
     </span>
    </p>
   </div>
   <div class='ocr_carea' id='block_1_28' title="bbox 1998 1289 3573 1374">
    <p class='ocr_par' dir='ltr' id='par_1_28' title="bbox 1998 1289 3573 1374">
     <span class='ocr_line' id='line_1_28' title="bbox 1998 1289 3573 1374; baseline 0.017 -33"><span class='ocrx_word' id='word_1_181' title='bbox 1998 1289 2191 1358; x_wconf 90' lang='lat' dir='ltr'><strong>populo</strong></span> <span class='ocrx_word' id='word_1_182' title='bbox 2210 1293 2409 1361; x_wconf 66' lang='lat' dir='ltr'><strong>praebet</strong></span> <span class='ocrx_word' id='word_1_183' title='bbox 2449 1297 2603 1352; x_wconf 86' lang='lat' dir='ltr'><strong>annis</strong></span> <span class='ocrx_word' id='word_1_184' title='bbox 2638 1299 2823 1368; x_wconf 80' lang='lat' dir='ltr'><strong>viginti</strong></span> <span class='ocrx_word' id='word_1_185' title='bbox 2852 1318 2967 1369; x_wconf 87' lang='lat' dir='ltr'><strong>sex,</strong></span> <span class='ocrx_word' id='word_1_186' title='bbox 2994 1306 3082 1374; x_wconf 88' lang='lat' dir='ltr'><strong>qui</strong></span> <span class='ocrx_word' id='word_1_187' title='bbox 3112 1316 3307 1364; x_wconf 88' lang='lat' dir='ltr'><strong>terram</strong></span> <span class='ocrx_word' id='word_1_188' title='bbox 3339 1311 3573 1368; x_wconf 54' lang='lat' dir='ltr'><strong>Pal-insti-</strong></span> 
     </span>
    </p>
   </div>
   <div class='ocr_carea' id='block_1_29' title="bbox 1999 1384 3567 1465">
    <p class='ocr_par' dir='ltr' id='par_1_29' title="bbox 1999 1384 3567 1465">
     <span class='ocr_line' id='line_1_29' title="bbox 1999 1384 3567 1465; baseline 0.018 -35"><span class='ocrx_word' id='word_1_189' title='bbox 1999 1394 2188 1433; x_wconf 91' lang='lat' dir='ltr'><strong>norum</strong></span> <span class='ocrx_word' id='word_1_190' title='bbox 2209 1392 2353 1437; x_wconf 89' lang='lat' dir='ltr'><strong>sorte</strong></span> <span class='ocrx_word' id='word_1_191' title='bbox 2372 1384 2642 1441; x_wconf 82' lang='lat' dir='ltr'><strong>distribuit</strong></span> <span class='ocrx_word' id='word_1_192' title='bbox 2655 1388 2870 1446; x_wconf 65' lang='lat' dir='ltr'><strong>Judaeis.</strong></span> <span class='ocrx_word' id='word_1_193' title='bbox 2897 1394 3131 1465; x_wconf 83' lang='lat' dir='ltr'><strong>Eratque</strong></span> <span class='ocrx_word' id='word_1_194' title='bbox 3153 1406 3280 1454; x_wconf 90' lang='lat' dir='ltr'><strong>tunc</strong></span> <span class='ocrx_word' id='word_1_195' title='bbox 3298 1404 3567 1459; x_wconf 89' lang='lat' dir='ltr'><strong>secundus</strong></span> 
     </span>
    </p>
   </div>
   <div class='ocr_carea' id='block_1_30' title="bbox 1994 1468 3567 1556">
    <p class='ocr_par' dir='ltr' id='par_1_30' title="bbox 1994 1468 3567 1556">
     <span class='ocr_line' id='line_1_30' title="bbox 1994 1468 3567 1556; baseline 0.018 -35"><span class='ocrx_word' id='word_1_196' title='bbox 1994 1468 2229 1537; x_wconf 81' lang='lat' dir='ltr'><strong>pontifex</strong></span> <span class='ocrx_word' id='word_1_197' title='bbox 2271 1471 2616 1531; x_wconf 71' lang='lat' dir='ltr'><strong>Hebrazorum</strong></span> <span class='ocrx_word' id='word_1_198' title='bbox 2646 1478 2887 1536; x_wconf 88' lang='lat' dir='ltr'><strong>Eleazar.</strong></span> <span class='ocrx_word' id='word_1_199' title='bbox 2927 1483 3066 1553; x_wconf 89' lang='lat' dir='ltr'><strong>Ergo</strong></span> <span class='ocrx_word' id='word_1_200' title='bbox 3091 1501 3121 1539; x_wconf 90' lang='lat' dir='ltr'><strong>a</strong></span> <span class='ocrx_word' id='word_1_201' title='bbox 3168 1490 3339 1556; x_wconf 87' lang='lat' dir='ltr'><strong>prima</strong></span> <span class='ocrx_word' id='word_1_202' title='bbox 3385 1496 3567 1549; x_wconf 84' lang='lat' dir='ltr'><strong>mundi</strong></span> 
     </span>
    </p>
   </div>
   <div class='ocr_carea' id='block_1_31' title="bbox 1996 1557 3569 1650">
    <p class='ocr_par' dir='ltr' id='par_1_31' title="bbox 1996 1557 3569 1650">
     <span class='ocr_line' id='line_1_31' title="bbox 1996 1557 3569 1650; baseline 0.016 -40"><span class='ocrx_word' id='word_1_203' title='bbox 1996 1557 2198 1613; x_wconf 83' lang='lat' dir='ltr'><strong>iabriea</strong></span> <span class='ocrx_word' id='word_1_204' title='bbox 2231 1576 2399 1629; x_wconf 84' lang='lat' dir='ltr'><strong>usque</strong></span> <span class='ocrx_word' id='word_1_205' title='bbox 2432 1566 2501 1618; x_wconf 88' lang='lat' dir='ltr'><strong>ad</strong></span> <span class='ocrx_word' id='word_1_206' title='bbox 2550 1564 2683 1621; x_wconf 82' lang='lat' dir='ltr'><strong>Mosi</strong></span> <span class='ocrx_word' id='word_1_207' title='bbox 2711 1568 2917 1623; x_wconf 89' lang='lat' dir='ltr'><strong>obitum</strong></span> <span class='ocrx_word' id='word_1_208' title='bbox 2963 1571 3083 1625; x_wconf 89' lang='lat' dir='ltr'><strong>libri</strong></span> <span class='ocrx_word' id='word_1_209' title='bbox 3134 1575 3301 1642; x_wconf 87' lang='lat' dir='ltr'><strong>ipsius</strong></span> <span class='ocrx_word' id='word_1_210' title='bbox 3333 1581 3569 1650; x_wconf 87' lang='lat' dir='ltr'><strong>quinque</strong></span> 
     </span>
    </p>
   </div>
   <div class='ocr_carea' id='block_1_32' title="bbox 1994 1649 3566 1736">
    <p class='ocr_par' dir='ltr' id='par_1_32' title="bbox 1994 1649 3566 1736">
     <span class='ocr_line' id='line_1_32' title="bbox 1994 1649 3566 1736; baseline 0.015 -35"><span class='ocrx_word' id='word_1_211' title='bbox 1994 1649 2270 1705; x_wconf 89' lang='lat' dir='ltr'><strong>continent</strong></span> <span class='ocrx_word' id='word_1_212' title='bbox 2296 1667 2466 1708; x_wconf 85' lang='lat' dir='ltr'><strong>annos</strong></span> <span class='ocrx_word' id='word_1_213' title='bbox 2494 1655 2598 1708; x_wconf 87' lang='lat' dir='ltr'><strong>tria</strong></span> <span class='ocrx_word' id='word_1_214' title='bbox 2633 1656 2800 1712; x_wconf 87' lang='lat' dir='ltr'><strong>millia</strong></span> <span class='ocrx_word' id='word_1_215' title='bbox 2827 1661 3191 1731; x_wconf 80' lang='lat' dir='ltr'><strong>septingentos</strong></span> <span class='ocrx_word' id='word_1_216' title='bbox 3216 1667 3452 1736; x_wconf 82' lang='lat' dir='ltr'><strong>triginta,</strong></span> <span class='ocrx_word' id='word_1_217' title='bbox 3477 1649 3566 1725; x_wconf 84' lang='lat' dir='ltr'><strong>se-</strong></span> 
     </span>
    </p>
   </div>
   <div class='ocr_carea' id='block_1_33' title="bbox 315 1723 3568 1828">
    <p class='ocr_par' dir='ltr' id='par_1_33' title="bbox 315 1723 3568 1828">
     <span class='ocr_line' id='line_1_33' title="bbox 315 1723 3568 1828; baseline 0.011 -49"><span class='ocrx_word' id='word_1_218' title='bbox 315 1723 530 1781; x_wconf 71' lang='lat' dir='ltr'><strong>l.iber:e</strong></span> <span class='ocrx_word' id='word_1_219' title='bbox 555 1742 768 1797; x_wconf 86' lang='lat' dir='ltr'><strong>quoque</strong></span> <span class='ocrx_word' id='word_1_220' title='bbox 796 1737 981 1798; x_wconf 90' lang='lat' dir='ltr'><strong>raptus</strong></span> <span class='ocrx_word' id='word_1_221' title='bbox 1003 1730 1248 1801; x_wconf 73' lang='lat' dir='ltr'><strong>Europte,</strong></span> <span class='ocrx_word' id='word_1_222' title='bbox 1277 1748 1428 1789; x_wconf 90' lang='lat' dir='ltr'><strong>sacra</strong></span> <span class='ocrx_word' id='word_1_223' title='bbox 1455 1736 1686 1799; x_wconf 89' lang='lat' dir='ltr'><strong>Cereris,</strong></span> <span class='ocrx_word' id='word_1_224' title='bbox 1727 1746 1890 1809; x_wconf 81' lang='lat' dir='ltr'><strong>atque</strong></span> <span class='ocrx_word' id='word_1_225' title='bbox 1916 1731 1962 1790; x_wconf 87' lang='grc' dir='ltr'><strong>Β</strong></span> <span class='ocrx_word' id='word_1_226' title='bbox 1991 1740 2225 1793; x_wconf 83' lang='lat' dir='ltr'><strong>eundum</strong></span> <span class='ocrx_word' id='word_1_227' title='bbox 2279 1740 2422 1795; x_wconf 74' lang='lat' dir='ltr'><strong>LXX</strong></span> <span class='ocrx_word' id='word_1_228' title='bbox 2486 1742 2769 1801; x_wconf 89' lang='lat' dir='ltr'><strong>Seniorum</strong></span> <span class='ocrx_word' id='word_1_229' title='bbox 2827 1723 3342 1820; x_wconf 67' lang='lat' dir='ltr'><strong>interpretationem.</strong></span> <span class='ocrx_word' id='word_1_230' title='bbox 3400 1723 3568 1828; x_wconf 81' lang='lat' dir='ltr'><strong>Igitur</strong></span> 
     </span>
    </p>
   </div>
   <div class='ocr_carea' id='block_1_34' title="bbox 313 1817 1890 1896">
    <p class='ocr_par' dir='ltr' id='par_1_34' title="bbox 313 1817 1890 1896">
     <span class='ocr_line' id='line_1_34' title="bbox 313 1817 1890 1896; baseline 0.008 -25"><span class='ocrx_word' id='word_1_231' title='bbox 313 1817 471 1872; x_wconf 88' lang='lat' dir='ltr'><strong>Isidis</strong></span> <span class='ocrx_word' id='word_1_232' title='bbox 498 1817 779 1872; x_wconf 86' lang='lat' dir='ltr'><strong>delubrum</strong></span> <span class='ocrx_word' id='word_1_233' title='bbox 819 1819 871 1872; x_wconf 90' lang='lat' dir='ltr'><strong>in</strong></span> <span class='ocrx_word' id='word_1_234' title='bbox 918 1819 1202 1891; x_wconf 85' lang='lat' dir='ltr'><strong>Eleusyna,</strong></span> <span class='ocrx_word' id='word_1_235' title='bbox 1244 1821 1509 1879; x_wconf 80' lang='lat' dir='ltr'><strong>frumenta</strong></span> <span class='ocrx_word' id='word_1_236' title='bbox 1560 1826 1890 1896; x_wconf 82' lang='lat' dir='ltr'><strong>Triptolemi,</strong></span> 
     </span>
    </p>
   </div>
   <div class='ocr_carea' id='block_1_35' title="bbox 314 1907 1895 1988">
    <p class='ocr_par' dir='ltr' id='par_1_35' title="bbox 314 1907 1895 1988">
     <span class='ocr_line' id='line_1_35' title="bbox 314 1907 1895 1988; baseline 0.008 -28"><span class='ocrx_word' id='word_1_237' title='bbox 314 1924 540 1979; x_wconf 79' lang='lat' dir='ltr'><strong>regnum</strong></span> <span class='ocrx_word' id='word_1_238' title='bbox 573 1907 749 1973; x_wconf 84' lang='lat' dir='ltr'><strong>Trois,</strong></span> <span class='ocrx_word' id='word_1_239' title='bbox 781 1908 932 1977; x_wconf 84' lang='lat' dir='ltr'><strong>cujus</strong></span> <span class='ocrx_word' id='word_1_240' title='bbox 958 1911 1195 1966; x_wconf 87' lang='lat' dir='ltr'><strong>dinatum</strong></span> <span class='ocrx_word' id='word_1_241' title='bbox 1235 1912 1348 1983; x_wconf 81' lang='lat' dir='ltr'><strong>[Ida</strong></span> <span class='ocrx_word' id='word_1_242' title='bbox 1387 1915 1596 1988; x_wconf 88' lang='lat' dir='ltr'><strong>natum]</strong></span> <span class='ocrx_word' id='word_1_243' title='bbox 1627 1916 1895 1988; x_wconf 85' lang='lat' dir='ltr'><strong>Ganyme-</strong></span> 
     </span>
    </p>
   </div>
   <div class='ocr_carea' id='block_1_36' title="bbox 311 2000 1893 2075">
    <p class='ocr_par' dir='ltr' id='par_1_36' title="bbox 311 2000 1893 2075">
     <span class='ocr_line' id='line_1_36' title="bbox 311 2000 1893 2075; baseline 0.006 -21"><span class='ocrx_word' id='word_1_244' title='bbox 311 2002 436 2055; x_wconf 88' lang='lat' dir='ltr'><strong>dem</strong></span> <span class='ocrx_word' id='word_1_245' title='bbox 465 2000 534 2054; x_wconf 89' lang='lat' dir='ltr'><strong>ad</strong></span> <span class='ocrx_word' id='word_1_246' title='bbox 569 2000 744 2056; x_wconf 86' lang='lat' dir='ltr'><strong>sidera</strong></span> <span class='ocrx_word' id='word_1_247' title='bbox 794 2009 1026 2070; x_wconf 89' lang='lat' dir='ltr'><strong>raptum,</strong></span> <span class='ocrx_word' id='word_1_248' title='bbox 1062 2003 1185 2058; x_wconf 91' lang='lat' dir='ltr'><strong>vina</strong></span> <span class='ocrx_word' id='word_1_249' title='bbox 1230 2006 1311 2059; x_wconf 88' lang='lat' dir='ltr'><strong>dei</strong></span> <span class='ocrx_word' id='word_1_250' title='bbox 1355 2011 1566 2075; x_wconf 79' lang='lat' dir='ltr'><strong>magnis</strong></span> <span class='ocrx_word' id='word_1_251' title='bbox 1608 2009 1893 2064; x_wconf 87' lang='lat' dir='ltr'><strong>voluerunt</strong></span> 
     </span>
    </p>
   </div>
   <div class='ocr_carea' id='block_1_37' title="bbox 312 2088 1894 2168">
    <p class='ocr_par' dir='ltr' id='par_1_37' title="bbox 312 2088 1894 2168">
     <span class='ocr_line' id='line_1_37' title="bbox 312 2088 1894 2168; baseline 0.008 -25"><span class='ocrx_word' id='word_1_252' title='bbox 312 2091 541 2144; x_wconf 75' lang='lat' dir='ltr'><strong>fundere</strong></span> <span class='ocrx_word' id='word_1_253' title='bbox 587 2088 807 2144; x_wconf 85' lang='lat' dir='ltr'><strong>mensis.</strong></span> <span class='ocrx_word' id='word_1_254' title='bbox 848 2090 964 2157; x_wconf 84' lang='lat' dir='ltr'><strong>Quo</strong></span> <span class='ocrx_word' id='word_1_255' title='bbox 1011 2101 1249 2162; x_wconf 90' lang='lat' dir='ltr'><strong>tempore</strong></span> <span class='ocrx_word' id='word_1_256' title='bbox 1300 2095 1555 2153; x_wconf 89' lang='lat' dir='ltr'><strong>Tantalus</strong></span> <span class='ocrx_word' id='word_1_257' title='bbox 1599 2114 1811 2168; x_wconf 91' lang='lat' dir='ltr'><strong>quoque</strong></span> <span class='ocrx_word' id='word_1_258' title='bbox 1838 2108 1894 2155; x_wconf 89' lang='lat' dir='ltr'><strong>et</strong></span> 
     </span>
    </p>
   </div>
   <div class='ocr_carea' id='block_1_38' title="bbox 309 2178 1893 2250">
    <p class='ocr_par' dir='ltr' id='par_1_38' title="bbox 309 2178 1893 2250">
     <span class='ocr_line' id='line_1_38' title="bbox 309 2178 1893 2250; baseline 0.005 -16"><span class='ocrx_word' id='word_1_259' title='bbox 309 2181 484 2235; x_wconf 89' lang='lat' dir='ltr'><strong>Titios</strong></span> <span class='ocrx_word' id='word_1_260' title='bbox 536 2179 770 2244; x_wconf 78' lang='lat' dir='ltr'><strong>luerunt,</strong></span> <span class='ocrx_word' id='word_1_261' title='bbox 828 2187 884 2234; x_wconf 91' lang='lat' dir='ltr'><strong>et</strong></span> <span class='ocrx_word' id='word_1_262' title='bbox 927 2178 1115 2250; x_wconf 82' lang='lat' dir='ltr'><strong>Apollo</strong></span> <span class='ocrx_word' id='word_1_263' title='bbox 1157 2192 1314 2239; x_wconf 89' lang='lat' dir='ltr'><strong>natus</strong></span> <span class='ocrx_word' id='word_1_264' title='bbox 1364 2192 1467 2239; x_wconf 88' lang='lat' dir='ltr'><strong>est.</strong></span> <span class='ocrx_word' id='word_1_265' title='bbox 1505 2185 1638 2239; x_wconf 87' lang='lat' dir='ltr'><strong>Nam</strong></span> <span class='ocrx_word' id='word_1_266' title='bbox 1688 2186 1893 2243; x_wconf 84' lang='lat' dir='ltr'><strong>Latona</strong></span> 
     </span>
    </p>
   </div>
   <div class='ocr_carea' id='block_1_39' title="bbox 307 2267 1893 2341">
    <p class='ocr_par' dir='ltr' id='par_1_39' title="bbox 307 2267 1893 2341">
     <span class='ocr_line' id='line_1_39' title="bbox 307 2267 1893 2341; baseline 0.008 -19"><span class='ocrx_word' id='word_1_267' title='bbox 307 2267 459 2323; x_wconf 82' lang='lat' dir='ltr'><strong>Jovis</strong></span> <span class='ocrx_word' id='word_1_268' title='bbox 484 2268 679 2339; x_wconf 80' lang='lat' dir='ltr'><strong>eonjnx</strong></span> <span class='ocrx_word' id='word_1_269' title='bbox 711 2278 947 2336; x_wconf 87' lang='lat' dir='ltr'><strong>tempore</strong></span> <span class='ocrx_word' id='word_1_270' title='bbox 978 2269 1220 2341; x_wconf 88' lang='lat' dir='ltr'><strong>Tytionis</strong></span> <span class='ocrx_word' id='word_1_271' title='bbox 1247 2272 1370 2339; x_wconf 82' lang='lat' dir='ltr'><strong>fuit,</strong></span> <span class='ocrx_word' id='word_1_272' title='bbox 1395 2273 1612 2329; x_wconf 63' lang='lat' dir='ltr'><strong>Latona:</strong></span> <span class='ocrx_word' id='word_1_273' title='bbox 1637 2286 1816 2332; x_wconf 89' lang='lat' dir='ltr'><strong>autem</strong></span> <span class='ocrx_word' id='word_1_274' title='bbox 1838 2286 1893 2334; x_wconf 90' lang='lat' dir='ltr'><strong>et</strong></span> 
     </span>
    </p>
   </div>
   <div class='ocr_carea' id='block_1_40' title="bbox 305 2357 1890 2439">
    <p class='ocr_par' dir='ltr' id='par_1_40' title="bbox 305 2357 1890 2439">
     <span class='ocr_line' id='line_1_40' title="bbox 305 2357 1890 2439; baseline 0.01 -28"><span class='ocrx_word' id='word_1_275' title='bbox 305 2357 454 2413; x_wconf 80' lang='lat' dir='ltr'><strong>Jovis</strong></span> <span class='ocrx_word' id='word_1_276' title='bbox 482 2357 563 2430; x_wconf 90' lang='lat' dir='ltr'><strong>(ut</strong></span> <span class='ocrx_word' id='word_1_277' title='bbox 591 2358 787 2434; x_wconf 83' lang='lat' dir='ltr'><strong>ferunt)</strong></span> <span class='ocrx_word' id='word_1_278' title='bbox 807 2360 910 2418; x_wconf 78' lang='lat' dir='ltr'><strong>fuit</strong></span> <span class='ocrx_word' id='word_1_279' title='bbox 932 2362 1117 2434; x_wconf 85' lang='lat' dir='ltr'><strong>Apollo</strong></span> <span class='ocrx_word' id='word_1_280' title='bbox 1140 2365 1300 2421; x_wconf 87' lang='lat' dir='ltr'><strong>ﬁlius.</strong></span> <span class='ocrx_word' id='word_1_281' title='bbox 1323 2366 1450 2423; x_wconf 88' lang='lat' dir='ltr'><strong>Post</strong></span> <span class='ocrx_word' id='word_1_282' title='bbox 1472 2384 1605 2439; x_wconf 86' lang='lat' dir='ltr'><strong>quos</strong></span> <span class='ocrx_word' id='word_1_283' title='bbox 1632 2370 1890 2428; x_wconf 86' lang='lat' dir='ltr'><strong>Cathmus</strong></span> 
     </span>
    </p>
   </div>
   <div class='ocr_carea' id='block_1_41' title="bbox 307 2449 1885 2530">
    <p class='ocr_par' dir='ltr' id='par_1_41' title="bbox 307 2449 1885 2530">
     <span class='ocr_line' id='line_1_41' title="bbox 307 2449 1885 2530; baseline 0.008 -26"><span class='ocrx_word' id='word_1_284' title='bbox 307 2449 526 2505; x_wconf 81' lang='lat' dir='ltr'><strong>Thebas</strong></span> <span class='ocrx_word' id='word_1_285' title='bbox 549 2451 713 2517; x_wconf 87' lang='lat' dir='ltr'><strong>venit,</strong></span> <span class='ocrx_word' id='word_1_286' title='bbox 741 2451 832 2521; x_wconf 88' lang='lat' dir='ltr'><strong>qui</strong></span> <span class='ocrx_word' id='word_1_287' title='bbox 861 2452 1108 2511; x_wconf 84' lang='lat' dir='ltr'><strong>Semelen</strong></span> <span class='ocrx_word' id='word_1_288' title='bbox 1135 2458 1358 2526; x_wconf 82' lang='lat' dir='ltr'><strong>genuit:</strong></span> <span class='ocrx_word' id='word_1_289' title='bbox 1399 2461 1465 2513; x_wconf 89' lang='lat' dir='ltr'><strong>de</strong></span> <span class='ocrx_word' id='word_1_290' title='bbox 1506 2476 1612 2530; x_wconf 90' lang='lat' dir='ltr'><strong>qua</strong></span> <span class='ocrx_word' id='word_1_291' title='bbox 1636 2461 1885 2530; x_wconf 87' lang='lat' dir='ltr'><strong>pulcher-</strong></span> 
     </span>
    </p>
   </div>
   <div class='ocr_carea' id='block_1_42' title="bbox 308 2543 1887 2622">
    <p class='ocr_par' dir='ltr' id='par_1_42' title="bbox 308 2543 1887 2622">
     <span class='ocr_line' id='line_1_42' title="bbox 308 2543 1887 2622; baseline 0.009 -26"><span class='ocrx_word' id='word_1_292' title='bbox 308 2543 445 2596; x_wconf 88' lang='lat' dir='ltr'><strong>rima</strong></span> <span class='ocrx_word' id='word_1_293' title='bbox 469 2545 669 2614; x_wconf 88' lang='lat' dir='ltr'><strong>proles,</strong></span> <span class='ocrx_word' id='word_1_294' title='bbox 694 2547 856 2603; x_wconf 88' lang='lat' dir='ltr'><strong>Liber</strong></span> <span class='ocrx_word' id='word_1_295' title='bbox 895 2550 1210 2622; x_wconf 87' lang='lat' dir='ltr'><strong>condignam</strong></span> <span class='ocrx_word' id='word_1_296' title='bbox 1247 2560 1402 2621; x_wconf 90' lang='lat' dir='ltr'><strong>partu</strong></span> <span class='ocrx_word' id='word_1_297' title='bbox 1436 2554 1558 2610; x_wconf 89' lang='lat' dir='ltr'><strong>tulit</strong></span> <span class='ocrx_word' id='word_1_298' title='bbox 1595 2556 1740 2610; x_wconf 90' lang='lat' dir='ltr'><strong>edita</strong></span> <span class='ocrx_word' id='word_1_299' title='bbox 1771 2554 1887 2610; x_wconf 82' lang='lat' dir='ltr'><strong>fru-</strong></span> 
     </span>
    </p>
   </div>
   <div class='ocr_carea' id='block_1_43' title="bbox 306 2638 1885 2713">
    <p class='ocr_par' dir='ltr' id='par_1_43' title="bbox 306 2638 1885 2713">
     <span class='ocr_line' id='line_1_43' title="bbox 306 2638 1885 2713; baseline 0.007 -23"><span class='ocrx_word' id='word_1_300' title='bbox 306 2652 449 2707; x_wconf 88' lang='lat' dir='ltr'><strong>gem.</strong></span> <span class='ocrx_word' id='word_1_301' title='bbox 480 2638 649 2694; x_wconf 71' lang='lat' dir='ltr'><strong>l’orro</strong></span> <span class='ocrx_word' id='word_1_302' title='bbox 678 2640 842 2697; x_wconf 89' lang='lat' dir='ltr'><strong>Liber</strong></span> <span class='ocrx_word' id='word_1_303' title='bbox 868 2650 924 2697; x_wconf 91' lang='lat' dir='ltr'><strong>et</strong></span> <span class='ocrx_word' id='word_1_304' title='bbox 969 2642 1180 2711; x_wconf 88' lang='lat' dir='ltr'><strong>reliqui,</strong></span> <span class='ocrx_word' id='word_1_305' title='bbox 1232 2660 1369 2713; x_wconf 90' lang='lat' dir='ltr'><strong>quos</strong></span> <span class='ocrx_word' id='word_1_306' title='bbox 1413 2661 1537 2699; x_wconf 81' lang='lat' dir='ltr'><strong>mox</strong></span> <span class='ocrx_word' id='word_1_307' title='bbox 1578 2645 1885 2710; x_wconf 88' lang='lat' dir='ltr'><strong>inferemus,</strong></span> 
     </span>
    </p>
   </div>
   <div class='ocr_carea' id='block_1_44' title="bbox 304 2726 1888 2802">
    <p class='ocr_par' dir='ltr' id='par_1_44' title="bbox 304 2726 1888 2802">
     <span class='ocr_line' id='line_1_44' title="bbox 304 2726 1888 2802; baseline 0.007 -23"><span class='ocrx_word' id='word_1_308' title='bbox 304 2736 429 2794; x_wconf 88' lang='lat' dir='ltr'><strong>post</strong></span> <span class='ocrx_word' id='word_1_309' title='bbox 463 2726 885 2783; x_wconf 84' lang='lat' dir='ltr'><strong>ducentesimum</strong></span> <span class='ocrx_word' id='word_1_310' title='bbox 914 2745 1113 2785; x_wconf 91' lang='lat' dir='ltr'><strong>annum</strong></span> <span class='ocrx_word' id='word_1_311' title='bbox 1154 2732 1407 2802; x_wconf 86' lang='lat' dir='ltr'><strong>Cecropis</strong></span> <span class='ocrx_word' id='word_1_312' title='bbox 1444 2732 1676 2792; x_wconf 76' lang='lat' dir='ltr'><strong>fuerunt.</strong></span> <span class='ocrx_word' id='word_1_313' title='bbox 1722 2734 1888 2790; x_wconf 85' lang='lat' dir='ltr'><strong>Linus</strong></span> 
     </span>
    </p>
   </div>
   <div class='ocr_carea' id='block_1_45' title="bbox 304 2816 1884 2893">
    <p class='ocr_par' dir='ltr' id='par_1_45' title="bbox 304 2816 1884 2893">
     <span class='ocr_line' id='line_1_45' title="bbox 304 2816 1884 2893; baseline 0.007 -24"><span class='ocrx_word' id='word_1_314' title='bbox 304 2816 515 2872; x_wconf 87' lang='lat' dir='ltr'><strong>scilicet</strong></span> <span class='ocrx_word' id='word_1_315' title='bbox 562 2827 618 2873; x_wconf 91' lang='lat' dir='ltr'><strong>et</strong></span> <span class='ocrx_word' id='word_1_316' title='bbox 668 2818 886 2885; x_wconf 90' lang='lat' dir='ltr'><strong>Cethus,</strong></span> <span class='ocrx_word' id='word_1_317' title='bbox 915 2829 971 2875; x_wconf 88' lang='lat' dir='ltr'><strong>et</strong></span> <span class='ocrx_word' id='word_1_318' title='bbox 1025 2822 1314 2891; x_wconf 80' lang='lat' dir='ltr'><strong>Amphion,</strong></span> <span class='ocrx_word' id='word_1_319' title='bbox 1366 2823 1592 2878; x_wconf 78' lang='lat' dir='ltr'><strong>Muszeus</strong></span> <span class='ocrx_word' id='word_1_320' title='bbox 1621 2824 1884 2893; x_wconf 87' lang='lat' dir='ltr'><strong>Orpheus,</strong></span> 
     </span>
    </p>
   </div>
   <div class='ocr_carea' id='block_1_46' title="bbox 303 2905 1890 2982">
    <p class='ocr_par' dir='ltr' id='par_1_46' title="bbox 303 2905 1890 2982">
     <span class='ocr_line' id='line_1_46' title="bbox 303 2905 1890 2982; baseline 0.006 -22"><span class='ocrx_word' id='word_1_321' title='bbox 303 2905 479 2962; x_wconf 79' lang='lat' dir='ltr'><strong>Minos</strong></span> <span class='ocrx_word' id='word_1_322' title='bbox 505 2907 748 2974; x_wconf 81' lang='lat' dir='ltr'><strong>Perseus,</strong></span> <span class='ocrx_word' id='word_1_323' title='bbox 778 2909 1113 2981; x_wconf 86' lang='lat' dir='ltr'><strong>Esculapius,</strong></span> <span class='ocrx_word' id='word_1_324' title='bbox 1154 2913 1349 2982; x_wconf 86' lang='lat' dir='ltr'><strong>gemini</strong></span> <span class='ocrx_word' id='word_1_325' title='bbox 1374 2913 1643 2976; x_wconf 87' lang='lat' dir='ltr'><strong>Castores,</strong></span> <span class='ocrx_word' id='word_1_326' title='bbox 1686 2915 1890 2969; x_wconf 88' lang='lat' dir='ltr'><strong>Hercu-</strong></span> 
     </span>
    </p>
   </div>
   <div class='ocr_carea' id='block_1_47' title="bbox 300 2999 1883 3077">
    <p class='ocr_par' dir='ltr' id='par_1_47' title="bbox 300 2999 1883 3077">
     <span class='ocr_line' id='line_1_47' title="bbox 300 2999 1883 3077; baseline 0.007 -25"><span class='ocrx_word' id='word_1_327' title='bbox 300 2999 406 3065; x_wconf 88' lang='lat' dir='ltr'><strong>les,</strong></span> <span class='ocrx_word' id='word_1_328' title='bbox 431 3015 556 3054; x_wconf 91' lang='lat' dir='ltr'><strong>cum</strong></span> <span class='ocrx_word' id='word_1_329' title='bbox 579 3016 687 3070; x_wconf 92' lang='lat' dir='ltr'><strong>quo</strong></span> <span class='ocrx_word' id='word_1_330' title='bbox 705 3000 894 3071; x_wconf 88' lang='lat' dir='ltr'><strong>Apollo</strong></span> <span class='ocrx_word' id='word_1_331' title='bbox 918 3006 1141 3060; x_wconf 89' lang='lat' dir='ltr'><strong>servivit</strong></span> <span class='ocrx_word' id='word_1_332' title='bbox 1163 3004 1409 3072; x_wconf 89' lang='lat' dir='ltr'><strong>Admeto,</strong></span> <span class='ocrx_word' id='word_1_333' title='bbox 1440 3014 1562 3077; x_wconf 88' lang='lat' dir='ltr'><strong>post</strong></span> <span class='ocrx_word' id='word_1_334' title='bbox 1584 3022 1719 3077; x_wconf 90' lang='lat' dir='ltr'><strong>quos</strong></span> <span class='ocrx_word' id='word_1_335' title='bbox 1738 3007 1883 3063; x_wconf 80' lang='lat' dir='ltr'><strong>facta</strong></span> 
     </span>
    </p>
   </div>
   <div class='ocr_carea' id='block_1_48' title="bbox 301 3095 1884 3171">
    <p class='ocr_par' dir='ltr' id='par_1_48' title="bbox 301 3095 1884 3171">
     <span class='ocr_line' id='line_1_48' title="bbox 301 3095 1884 3171; baseline 0.005 -22"><span class='ocrx_word' id='word_1_336' title='bbox 301 3103 388 3149; x_wconf 92' lang='lat' dir='ltr'><strong>est</strong></span> <span class='ocrx_word' id='word_1_337' title='bbox 414 3095 662 3165; x_wconf 69' lang='lat' dir='ltr'><strong>Trojana:</strong></span> <span class='ocrx_word' id='word_1_338' title='bbox 686 3098 836 3152; x_wconf 88' lang='lat' dir='ltr'><strong>urbis</strong></span> <span class='ocrx_word' id='word_1_339' title='bbox 858 3099 1085 3163; x_wconf 87' lang='lat' dir='ltr'><strong>eversio,</strong></span> <span class='ocrx_word' id='word_1_340' title='bbox 1109 3115 1269 3169; x_wconf 88' lang='lat' dir='ltr'><strong>quam</strong></span> <span class='ocrx_word' id='word_1_341' title='bbox 1305 3099 1568 3156; x_wconf 89' lang='lat' dir='ltr'><strong>Homerus</strong></span> <span class='ocrx_word' id='word_1_342' title='bbox 1608 3100 1766 3171; x_wconf 92' lang='lat' dir='ltr'><strong>longo</strong></span> <span class='ocrx_word' id='word_1_343' title='bbox 1795 3115 1884 3157; x_wconf 87' lang='lat' dir='ltr'><strong>se-</strong></span> 
     </span>
    </p>
   </div>
   <div class='ocr_carea' id='block_1_49' title="bbox 298 3185 1883 3257">
    <p class='ocr_par' dir='ltr' id='par_1_49' title="bbox 298 3185 1883 3257">
     <span class='ocr_line' id='line_1_49' title="bbox 298 3185 1883 3257; baseline 0.004 -19"><span class='ocrx_word' id='word_1_344' title='bbox 298 3185 490 3255; x_wconf 88' lang='lat' dir='ltr'><strong>quitur</strong></span> <span class='ocrx_word' id='word_1_345' title='bbox 522 3185 820 3249; x_wconf 84' lang='lat' dir='ltr'><strong>intervallo,</strong></span> <span class='ocrx_word' id='word_1_346' title='bbox 853 3186 1011 3257; x_wconf 89' lang='lat' dir='ltr'><strong>longe</strong></span> <span class='ocrx_word' id='word_1_347' title='bbox 1047 3196 1167 3256; x_wconf 90' lang='lat' dir='ltr'><strong>post</strong></span> <span class='ocrx_word' id='word_1_348' title='bbox 1208 3187 1442 3242; x_wconf 78' lang='lat' dir='ltr'><strong>fuerunt.</strong></span> <span class='ocrx_word' id='word_1_349' title='bbox 1480 3188 1744 3244; x_wconf 84' lang='lat' dir='ltr'><strong>Homerus</strong></span> <span class='ocrx_word' id='word_1_350' title='bbox 1787 3196 1883 3244; x_wconf 89' lang='lat' dir='ltr'><strong>a&#39;u-</strong></span> 
     </span>
    </p>
   </div>
   <div class='ocr_carea' id='block_1_50' title="bbox 298 3273 1881 3350">
    <p class='ocr_par' dir='ltr' id='par_1_50' title="bbox 298 3273 1881 3350">
     <span class='ocr_line' id='line_1_50' title="bbox 298 3273 1881 3350; baseline 0.004 -21"><span class='ocrx_word' id='word_1_351' title='bbox 298 3283 415 3329; x_wconf 88' lang='lat' dir='ltr'><strong>tem</strong></span> <span class='ocrx_word' id='word_1_352' title='bbox 461 3273 658 3330; x_wconf 86' lang='lat' dir='ltr'><strong>Solone</strong></span> <span class='ocrx_word' id='word_1_353' title='bbox 685 3283 740 3330; x_wconf 82' lang='lat' dir='ltr'><strong>et</strong></span> <span class='ocrx_word' id='word_1_354' title='bbox 768 3276 988 3331; x_wconf 84' lang='lat' dir='ltr'><strong>Thalete</strong></span> <span class='ocrx_word' id='word_1_355' title='bbox 1033 3276 1237 3333; x_wconf 86' lang='lat' dir='ltr'><strong>Milesio</strong></span> <span class='ocrx_word' id='word_1_356' title='bbox 1281 3280 1598 3348; x_wconf 52' lang='lat' dir='ltr'><strong>exterisque</strong></span> <span class='ocrx_word' id='word_1_357' title='bbox 1642 3281 1733 3350; x_wconf 90' lang='lat' dir='ltr'><strong>qui</strong></span> <span class='ocrx_word' id='word_1_358' title='bbox 1759 3295 1881 3335; x_wconf 90' lang='lat' dir='ltr'><strong>eum</strong></span> 
     </span>
    </p>
   </div>
   <div class='ocr_carea' id='block_1_51' title="bbox 297 3367 1883 3441">
    <p class='ocr_par' dir='ltr' id='par_1_51' title="bbox 297 3367 1883 3441">
     <span class='ocr_line' id='line_1_51' title="bbox 297 3367 1883 3441; baseline 0.004 -19"><span class='ocrx_word' id='word_1_359' title='bbox 297 3367 385 3422; x_wconf 86' lang='lat' dir='ltr'><strong>his</strong></span> <span class='ocrx_word' id='word_1_360' title='bbox 415 3374 625 3437; x_wconf 81' lang='lat' dir='ltr'><strong>septem</strong></span> <span class='ocrx_word' id='word_1_361' title='bbox 654 3368 925 3438; x_wconf 88' lang='lat' dir='ltr'><strong>sapientes</strong></span> <span class='ocrx_word' id='word_1_362' title='bbox 954 3368 1202 3438; x_wconf 88' lang='lat' dir='ltr'><strong>appellati</strong></span> <span class='ocrx_word' id='word_1_363' title='bbox 1242 3377 1386 3435; x_wconf 91' lang='lat' dir='ltr'><strong>sunt,</strong></span> <span class='ocrx_word' id='word_1_364' title='bbox 1422 3371 1591 3425; x_wconf 90' lang='lat' dir='ltr'><strong>multo</strong></span> <span class='ocrx_word' id='word_1_365' title='bbox 1623 3373 1774 3441; x_wconf 89' lang='lat' dir='ltr'><strong>prior</strong></span> <span class='ocrx_word' id='word_1_366' title='bbox 1796 3386 1883 3428; x_wconf 85' lang='lat' dir='ltr'><strong>re-</strong></span> 
     </span>
    </p>
   </div>
   <div class='ocr_carea' id='block_1_52' title="bbox 293 3457 1881 3537">
    <p class='ocr_par' dir='ltr' id='par_1_52' title="bbox 293 3457 1881 3537">
     <span class='ocr_line' id='line_1_52' title="bbox 293 3457 1881 3537; baseline 0.004 -25"><span class='ocrx_word' id='word_1_367' title='bbox 293 3458 527 3528; x_wconf 84' lang='lat' dir='ltr'><strong>peritur.</strong></span> <span class='ocrx_word' id='word_1_368' title='bbox 570 3458 773 3515; x_wconf 88' lang='lat' dir='ltr'><strong>Deinde</strong></span> <span class='ocrx_word' id='word_1_369' title='bbox 811 3457 1141 3537; x_wconf 82' lang='lat' dir='ltr'><strong>Pythagoras</strong></span> <span class='ocrx_word' id='word_1_370' title='bbox 1184 3460 1412 3525; x_wconf 80' lang='lat' dir='ltr'><strong>exstitit,</strong></span> <span class='ocrx_word' id='word_1_371' title='bbox 1438 3460 1529 3529; x_wconf 92' lang='lat' dir='ltr'><strong>qui</strong></span> <span class='ocrx_word' id='word_1_372' title='bbox 1558 3476 1617 3515; x_wconf 88' lang='lat' dir='ltr'><strong>se</strong></span> <span class='ocrx_word' id='word_1_373' title='bbox 1657 3476 1762 3516; x_wconf 93' lang='lat' dir='ltr'><strong>non</strong></span> <span class='ocrx_word' id='word_1_374' title='bbox 1787 3475 1881 3518; x_wconf 84' lang='lat' dir='ltr'><strong>sa-</strong></span> 
     </span>
    </p>
   </div>
   <div class='ocr_carea' id='block_1_53' title="bbox 293 3549 1878 3621">
    <p class='ocr_par' dir='ltr' id='par_1_53' title="bbox 293 3549 1878 3621">
     <span class='ocr_line' id='line_1_53' title="bbox 293 3549 1878 3621; baseline 0.003 -18"><span class='ocrx_word' id='word_1_375' title='bbox 293 3549 540 3619; x_wconf 87' lang='lat' dir='ltr'><strong>pientem</strong></span> <span class='ocrx_word' id='word_1_376' title='bbox 568 3557 629 3603; x_wconf 90' lang='lat' dir='ltr'><strong>ut</strong></span> <span class='ocrx_word' id='word_1_377' title='bbox 655 3550 888 3619; x_wconf 81' lang='lat' dir='ltr'><strong>priores,</strong></span> <span class='ocrx_word' id='word_1_378' title='bbox 916 3552 1010 3607; x_wconf 87' lang='lat' dir='ltr'><strong>sed</strong></span> <span class='ocrx_word' id='word_1_379' title='bbox 1040 3550 1433 3621; x_wconf 83' lang='lat' dir='ltr'><strong>philosophum,</strong></span> <span class='ocrx_word' id='word_1_380' title='bbox 1479 3551 1532 3605; x_wconf 89' lang='lat' dir='ltr'><strong>id</strong></span> <span class='ocrx_word' id='word_1_381' title='bbox 1556 3560 1641 3606; x_wconf 91' lang='lat' dir='ltr'><strong>est</strong></span> <span class='ocrx_word' id='word_1_382' title='bbox 1668 3559 1878 3608; x_wconf 75' lang='lat' dir='ltr'><strong>amato-</strong></span> 
     </span>
    </p>
   </div>
   <div class='ocr_carea' id='block_1_54' title="bbox 296 3638 1878 3710">
    <p class='ocr_par' dir='ltr' id='par_1_54' title="bbox 296 3638 1878 3710">
     <span class='ocr_line' id='line_1_54' title="bbox 296 3638 1878 3710; baseline -0.001 -16"><span class='ocrx_word' id='word_1_383' title='bbox 296 3654 415 3694; x_wconf 77' lang='lat' dir='ltr'><strong>rem</strong></span> <span class='ocrx_word' id='word_1_384' title='bbox 446 3638 745 3708; x_wconf 71' lang='lat' dir='ltr'><strong>sapientiae,</strong></span> <span class='ocrx_word' id='word_1_385' title='bbox 774 3640 877 3695; x_wconf 88' lang='lat' dir='ltr'><strong>dici</strong></span> <span class='ocrx_word' id='word_1_386' title='bbox 904 3639 1095 3705; x_wconf 85' lang='lat' dir='ltr'><strong>voluit,</strong></span> <span class='ocrx_word' id='word_1_387' title='bbox 1144 3655 1303 3710; x_wconf 90' lang='lat' dir='ltr'><strong>quem</strong></span> <span class='ocrx_word' id='word_1_388' title='bbox 1340 3648 1558 3696; x_wconf 90' lang='lat' dir='ltr'><strong>secutus</strong></span> <span class='ocrx_word' id='word_1_389' title='bbox 1602 3640 1878 3704; x_wconf 86' lang='lat' dir='ltr'><strong>Socrates,</strong></span> 
     </span>
    </p>
   </div>
   <div class='ocr_carea' id='block_1_55' title="bbox 293 3728 1885 3803">
    <p class='ocr_par' dir='ltr' id='par_1_55' title="bbox 293 3728 1885 3803">
     <span class='ocr_line' id='line_1_55' title="bbox 293 3728 1885 3803; baseline 0.004 -20"><span class='ocrx_word' id='word_1_390' title='bbox 293 3729 388 3798; x_wconf 89' lang='lat' dir='ltr'><strong>qui</strong></span> <span class='ocrx_word' id='word_1_391' title='bbox 420 3728 702 3783; x_wconf 87' lang='lat' dir='ltr'><strong>Platonem</strong></span> <span class='ocrx_word' id='word_1_392' title='bbox 729 3729 978 3793; x_wconf 87' lang='lat' dir='ltr'><strong>erudivit,</strong></span> <span class='ocrx_word' id='word_1_393' title='bbox 1007 3745 1037 3784; x_wconf 89' lang='lat' dir='ltr'><strong>a</strong></span> <span class='ocrx_word' id='word_1_394' title='bbox 1062 3746 1166 3799; x_wconf 91' lang='lat' dir='ltr'><strong>quo</strong></span> <span class='ocrx_word' id='word_1_395' title='bbox 1197 3729 1402 3786; x_wconf 81' lang='lat' dir='ltr'><strong>famosa</strong></span> <span class='ocrx_word' id='word_1_396' title='bbox 1428 3732 1481 3786; x_wconf 90' lang='lat' dir='ltr'><strong>in</strong></span> <span class='ocrx_word' id='word_1_397' title='bbox 1511 3741 1694 3801; x_wconf 88' lang='lat' dir='ltr'><strong>partes</strong></span> <span class='ocrx_word' id='word_1_398' title='bbox 1713 3731 1885 3803; x_wconf 89' lang='lat' dir='ltr'><strong>philo-</strong></span> 
     </span>
    </p>
   </div>
   <div class='ocr_carea' id='block_1_56' title="bbox 290 3819 1878 3893">
    <p class='ocr_par' dir='ltr' id='par_1_56' title="bbox 290 3819 1878 3893">
     <span class='ocr_line' id='line_1_56' title="bbox 290 3819 1878 3893; baseline 0.003 -18"><span class='ocrx_word' id='word_1_399' title='bbox 290 3819 487 3890; x_wconf 88' lang='lat' dir='ltr'><strong>s0phia</strong></span> <span class='ocrx_word' id='word_1_400' title='bbox 512 3819 681 3874; x_wconf 90' lang='lat' dir='ltr'><strong>divisa</strong></span> <span class='ocrx_word' id='word_1_401' title='bbox 731 3829 831 3874; x_wconf 90' lang='lat' dir='ltr'><strong>est.</strong></span> <span class='ocrx_word' id='word_1_402' title='bbox 880 3820 1081 3875; x_wconf 90' lang='lat' dir='ltr'><strong>Horum</strong></span> <span class='ocrx_word' id='word_1_403' title='bbox 1127 3821 1385 3893; x_wconf 89' lang='lat' dir='ltr'><strong>singulos,</strong></span> <span class='ocrx_word' id='word_1_404' title='bbox 1436 3820 1584 3891; x_wconf 78' lang='lat' dir='ltr'><strong>iuxta</strong></span> <span class='ocrx_word' id='word_1_405' title='bbox 1635 3822 1878 3879; x_wconf 88' lang='lat' dir='ltr'><strong>ordinem</strong></span> 
     </span>
    </p>
   </div>
   <div class='ocr_carea' id='block_1_57' title="bbox 289 3909 1872 3980">
    <p class='ocr_par' dir='ltr' id='par_1_57' title="bbox 289 3909 1872 3980">
     <span class='ocr_line' id='line_1_57' title="bbox 289 3909 1872 3980; baseline 0.004 -17"><span class='ocrx_word' id='word_1_406' title='bbox 289 3910 576 3980; x_wconf 85' lang='lat' dir='ltr'><strong>sequentis</strong></span> <span class='ocrx_word' id='word_1_407' title='bbox 609 3909 867 3976; x_wconf 61' lang='lat' dir='ltr'><strong>historias,</strong></span> <span class='ocrx_word' id='word_1_408' title='bbox 910 3912 1023 3965; x_wconf 88' lang='lat' dir='ltr'><strong>suis</strong></span> <span class='ocrx_word' id='word_1_409' title='bbox 1052 3912 1183 3967; x_wconf 91' lang='lat' dir='ltr'><strong>locis</strong></span> <span class='ocrx_word' id='word_1_410' title='bbox 1226 3913 1545 3969; x_wconf 88' lang='lat' dir='ltr'><strong>inseremus.</strong></span> <span class='ocrx_word' id='word_1_411' title='bbox 1586 3913 1681 3968; x_wconf 86' lang='lat' dir='ltr'><strong>His</strong></span> <span class='ocrx_word' id='word_1_412' title='bbox 1706 3914 1872 3970; x_wconf 89' lang='lat' dir='ltr'><strong>etiam</strong></span> 
     </span>
    </p>
   </div>
   <div class='ocr_carea' id='block_1_58' title="bbox 293 4000 1875 4072">
    <p class='ocr_par' dir='ltr' id='par_1_58' title="bbox 293 4000 1875 4072">
     <span class='ocr_line' id='line_1_58' title="bbox 293 4000 1875 4072; baseline 0.004 -19"><span class='ocrx_word' id='word_1_413' title='bbox 293 4000 633 4069; x_wconf 85' lang='lat' dir='ltr'><strong>temporibus</strong></span> <span class='ocrx_word' id='word_1_414' title='bbox 667 4000 800 4055; x_wconf 87' lang='lat' dir='ltr'><strong>adeo</strong></span> <span class='ocrx_word' id='word_1_415' title='bbox 820 4000 964 4072; x_wconf 89' lang='lat' dir='ltr'><strong>jugis</strong></span> <span class='ocrx_word' id='word_1_416' title='bbox 987 4008 1040 4055; x_wconf 91' lang='lat' dir='ltr'><strong>et</strong></span> <span class='ocrx_word' id='word_1_417' title='bbox 1080 4001 1262 4071; x_wconf 89' lang='lat' dir='ltr'><strong>gravis</strong></span> <span class='ocrx_word' id='word_1_418' title='bbox 1286 4011 1448 4056; x_wconf 73' lang='lat' dir='ltr'><strong>aestus</strong></span> <span class='ocrx_word' id='word_1_419' title='bbox 1490 4003 1790 4070; x_wconf 87' lang='lat' dir='ltr'><strong>incanduit,</strong></span> <span class='ocrx_word' id='word_1_420' title='bbox 1814 4012 1875 4059; x_wconf 93' lang='lat' dir='ltr'><strong>ut</strong></span> 
     </span>
    </p>
   </div>
   <div class='ocr_carea' id='block_1_59' title="bbox 288 4089 1875 4161">
    <p class='ocr_par' dir='ltr' id='par_1_59' title="bbox 288 4089 1875 4161">
     <span class='ocr_line' id='line_1_59' title="bbox 288 4089 1875 4161; baseline 0.004 -18"><span class='ocrx_word' id='word_1_421' title='bbox 288 4089 395 4152; x_wconf 89' lang='lat' dir='ltr'><strong>sol,</strong></span> <span class='ocrx_word' id='word_1_422' title='bbox 444 4103 541 4158; x_wconf 91' lang='lat' dir='ltr'><strong>per</strong></span> <span class='ocrx_word' id='word_1_423' title='bbox 567 4090 721 4145; x_wconf 87' lang='lat' dir='ltr'><strong>devia</strong></span> <span class='ocrx_word' id='word_1_424' title='bbox 762 4097 1114 4156; x_wconf 87' lang='lat' dir='ltr'><strong>transvectus,</strong></span> <span class='ocrx_word' id='word_1_425' title='bbox 1168 4092 1474 4148; x_wconf 85' lang='lat' dir='ltr'><strong>universum</strong></span> <span class='ocrx_word' id='word_1_426' title='bbox 1521 4094 1729 4161; x_wconf 88' lang='lat' dir='ltr'><strong>orbem,</strong></span> <span class='ocrx_word' id='word_1_427' title='bbox 1764 4111 1875 4150; x_wconf 91' lang='lat' dir='ltr'><strong>non</strong></span> 
     </span>
    </p>
   </div>
   <div class='ocr_carea' id='block_1_60' title="bbox 287 4175 1878 4252">
    <p class='ocr_par' dir='ltr' id='par_1_60' title="bbox 287 4175 1878 4252">
     <span class='ocr_line' id='line_1_60' title="bbox 287 4175 1878 4252; baseline 0.004 -18"><span class='ocrx_word' id='word_1_428' title='bbox 287 4179 476 4234; x_wconf 81' lang='lat' dir='ltr'><strong>calore</strong></span> <span class='ocrx_word' id='word_1_429' title='bbox 502 4175 766 4244; x_wconf 80' lang='lat' dir='ltr'><strong>aﬂ&#39;ccisse,</strong></span> <span class='ocrx_word' id='word_1_430' title='bbox 799 4179 894 4234; x_wconf 90' lang='lat' dir='ltr'><strong>sed</strong></span> <span class='ocrx_word' id='word_1_431' title='bbox 916 4178 1023 4250; x_wconf 84' lang='lat' dir='ltr'><strong>igni</strong></span> <span class='ocrx_word' id='word_1_432' title='bbox 1075 4179 1334 4236; x_wconf 90' lang='lat' dir='ltr'><strong>torruisse</strong></span> <span class='ocrx_word' id='word_1_433' title='bbox 1361 4181 1607 4235; x_wconf 90' lang='lat' dir='ltr'><strong>dicatur:</strong></span> <span class='ocrx_word' id='word_1_434' title='bbox 1653 4183 1878 4252; x_wconf 83' lang='lat' dir='ltr'><strong>impres-</strong></span> 
     </span>
    </p>
   </div>
   <div class='ocr_carea' id='block_1_61' title="bbox 287 4265 1877 4338">
    <p class='ocr_par' dir='ltr' id='par_1_61' title="bbox 287 4265 1877 4338">
     <span class='ocr_line' id='line_1_61' title="bbox 287 4265 1877 4338; baseline 0.003 -15"><span class='ocrx_word' id='word_1_435' title='bbox 287 4281 527 4336; x_wconf 86' lang='lat' dir='ltr'><strong>sumque</strong></span> <span class='ocrx_word' id='word_1_436' title='bbox 549 4266 832 4331; x_wconf 79' lang='lat' dir='ltr'><strong>fervorem,</strong></span> <span class='ocrx_word' id='word_1_437' title='bbox 858 4274 912 4322; x_wconf 91' lang='lat' dir='ltr'><strong>et</strong></span> <span class='ocrx_word' id='word_1_438' title='bbox 935 4265 1186 4338; x_wconf 63' lang='lat' dir='ltr'><strong>Ethiops</strong></span> <span class='ocrx_word' id='word_1_439' title='bbox 1205 4266 1324 4338; x_wconf 89' lang='lat' dir='ltr'><strong>plus</strong></span> <span class='ocrx_word' id='word_1_440' title='bbox 1348 4268 1583 4332; x_wconf 87' lang='lat' dir='ltr'><strong>solitum,</strong></span> <span class='ocrx_word' id='word_1_441' title='bbox 1612 4278 1667 4323; x_wconf 89' lang='lat' dir='ltr'><strong>et</strong></span> <span class='ocrx_word' id='word_1_442' title='bbox 1691 4270 1877 4327; x_wconf 81' lang='lat' dir='ltr'><strong>insoli-</strong></span> 
     </span>
    </p>
   </div>
   <div class='ocr_carea' id='block_1_62' title="bbox 288 4355 1869 4428">
    <p class='ocr_par' dir='ltr' id='par_1_62' title="bbox 288 4355 1869 4428">
     <span class='ocr_line' id='line_1_62' title="bbox 288 4355 1869 4428; baseline 0.004 -18"><span class='ocrx_word' id='word_1_443' title='bbox 288 4366 409 4411; x_wconf 89' lang='lat' dir='ltr'><strong>tum</strong></span> <span class='ocrx_word' id='word_1_444' title='bbox 435 4355 641 4426; x_wconf 84' lang='lat' dir='ltr'><strong>Scytha</strong></span> <span class='ocrx_word' id='word_1_445' title='bbox 666 4372 771 4411; x_wconf 91' lang='lat' dir='ltr'><strong>non</strong></span> <span class='ocrx_word' id='word_1_446' title='bbox 799 4357 1017 4412; x_wconf 89' lang='lat' dir='ltr'><strong>tulerit:</strong></span> <span class='ocrx_word' id='word_1_447' title='bbox 1045 4374 1109 4412; x_wconf 83' lang='lat' dir='ltr'><strong>ex</strong></span> <span class='ocrx_word' id='word_1_448' title='bbox 1150 4374 1254 4427; x_wconf 92' lang='lat' dir='ltr'><strong>quo</strong></span> <span class='ocrx_word' id='word_1_449' title='bbox 1281 4359 1441 4413; x_wconf 88' lang='lat' dir='ltr'><strong>etiam</strong></span> <span class='ocrx_word' id='word_1_450' title='bbox 1472 4361 1711 4428; x_wconf 77' lang='lat' dir='ltr'><strong>quidam,</strong></span> <span class='ocrx_word' id='word_1_451' title='bbox 1741 4360 1869 4416; x_wconf 90' lang='lat' dir='ltr'><strong>dum</strong></span> 
     </span>
    </p>
   </div>
   <div class='ocr_carea' id='block_1_63' title="bbox 284 4447 1864 4519">
    <p class='ocr_par' dir='ltr' id='par_1_63' title="bbox 284 4447 1864 4519">
     <span class='ocr_line' id='line_1_63' title="bbox 284 4447 1864 4519; baseline 0.004 -18"><span class='ocrx_word' id='word_1_452' title='bbox 284 4464 398 4501; x_wconf 88' lang='lat' dir='ltr'><strong>non</strong></span> <span class='ocrx_word' id='word_1_453' title='bbox 449 4447 750 4501; x_wconf 88' lang='lat' dir='ltr'><strong>concedunt</strong></span> <span class='ocrx_word' id='word_1_454' title='bbox 798 4447 907 4502; x_wconf 86' lang='lat' dir='ltr'><strong>Deo</strong></span> <span class='ocrx_word' id='word_1_455' title='bbox 961 4447 1275 4504; x_wconf 81' lang='lat' dir='ltr'><strong>ineli‘abilem</strong></span> <span class='ocrx_word' id='word_1_456' title='bbox 1326 4452 1618 4519; x_wconf 90' lang='lat' dir='ltr'><strong>potentiam</strong></span> <span class='ocrx_word' id='word_1_457' title='bbox 1669 4469 1818 4507; x_wconf 87' lang='lat' dir='ltr'><strong>suam</strong></span> <span class='ocrx_word' id='word_1_458' title='bbox 1849 4494 1864 4519; x_wconf 94' lang='lat'><strong>,</strong></span> 
     </span>
    </p>
   </div>
   <div class='ocr_carea' id='block_1_64' title="bbox 280 4534 1866 4605">
    <p class='ocr_par' dir='ltr' id='par_1_64' title="bbox 280 4534 1866 4605">
     <span class='ocr_line' id='line_1_64' title="bbox 280 4534 1866 4605; baseline 0.003 -16"><span class='ocrx_word' id='word_1_459' title='bbox 280 4534 481 4589; x_wconf 84' lang='lat' dir='ltr'><strong>inanes</strong></span> <span class='ocrx_word' id='word_1_460' title='bbox 518 4534 849 4589; x_wconf 82' lang='lat' dir='ltr'><strong>ratiunculas</strong></span> <span class='ocrx_word' id='word_1_461' title='bbox 875 4536 1250 4605; x_wconf 84' lang='lat' dir='ltr'><strong>conquirentes</strong></span> <span class='ocrx_word' id='word_1_462' title='bbox 1284 4537 1561 4593; x_wconf 84' lang='lat' dir='ltr'><strong>ridiculam</strong></span> <span class='ocrx_word' id='word_1_463' title='bbox 1595 4538 1866 4595; x_wconf 75' lang='lat' dir='ltr'><strong>Phaeton-</strong></span> 
     </span>
    </p>
   </div>
   <div class='ocr_carea' id='block_1_65' title="bbox 283 4620 1869 4697">
    <p class='ocr_par' dir='ltr' id='par_1_65' title="bbox 283 4620 1869 4697">
     <span class='ocr_line' id='line_1_65' title="bbox 283 4620 1869 4697; baseline 0.007 -22"><span class='ocrx_word' id='word_1_464' title='bbox 283 4625 354 4678; x_wconf 89' lang='lat' dir='ltr'><strong>tis</strong></span> <span class='ocrx_word' id='word_1_465' title='bbox 399 4620 633 4677; x_wconf 83' lang='lat' dir='ltr'><strong>fabulam</strong></span> <span class='ocrx_word' id='word_1_466' title='bbox 664 4632 966 4677; x_wconf 79' lang='lat' dir='ltr'><strong>texuerunt.</strong></span> <span class='ocrx_word' id='word_1_467' title='bbox 1011 4623 1197 4693; x_wconf 81' lang='lat' dir='ltr'><strong>igitur,</strong></span> <span class='ocrx_word' id='word_1_468' title='bbox 1225 4633 1284 4680; x_wconf 92' lang='lat' dir='ltr'><strong>ut</strong></span> <span class='ocrx_word' id='word_1_469' title='bbox 1311 4641 1469 4697; x_wconf 88' lang='lat' dir='ltr'><strong>supra</strong></span> <span class='ocrx_word' id='word_1_470' title='bbox 1503 4629 1745 4696; x_wconf 90' lang='lat' dir='ltr'><strong>memini,</strong></span> <span class='ocrx_word' id='word_1_471' title='bbox 1771 4644 1869 4686; x_wconf 88' lang='lat' dir='ltr'><strong>an-</strong></span> 
     </span>
    </p>
   </div>
   <div class='ocr_carea' id='block_1_66' title="bbox 277 4712 1867 4788">
    <p class='ocr_par' dir='ltr' id='par_1_66' title="bbox 277 4712 1867 4788">
     <span class='ocr_line' id='line_1_66' title="bbox 277 4712 1867 4788; baseline 0.006 -19"><span class='ocrx_word' id='word_1_472' title='bbox 277 4731 351 4770; x_wconf 91' lang='lat' dir='ltr'><strong>no</strong></span> <span class='ocrx_word' id='word_1_473' title='bbox 381 4723 580 4768; x_wconf 90' lang='lat' dir='ltr'><strong>octavo</strong></span> <span class='ocrx_word' id='word_1_474' title='bbox 622 4722 881 4782; x_wconf 88' lang='lat' dir='ltr'><strong>regnante</strong></span> <span class='ocrx_word' id='word_1_475' title='bbox 909 4712 1139 4770; x_wconf 88' lang='lat' dir='ltr'><strong>Scatade</strong></span> <span class='ocrx_word' id='word_1_476' title='bbox 1186 4716 1239 4770; x_wconf 91' lang='lat' dir='ltr'><strong>in</strong></span> <span class='ocrx_word' id='word_1_477' title='bbox 1283 4715 1537 4788; x_wconf 84' lang='lat' dir='ltr'><strong>Assyriis,</strong></span> <span class='ocrx_word' id='word_1_478' title='bbox 1577 4720 1711 4775; x_wconf 88' lang='lat' dir='ltr'><strong>ﬁunt</strong></span> <span class='ocrx_word' id='word_1_479' title='bbox 1737 4721 1867 4778; x_wconf 88' lang='lat' dir='ltr'><strong>anui</strong></span> 
     </span>
    </p>
   </div>
   <div class='ocr_carea' id='block_1_67' title="bbox 276 4803 1864 4881">
    <p class='ocr_par' dir='ltr' id='par_1_67' title="bbox 276 4803 1864 4881">
     <span class='ocr_line' id='line_1_67' title="bbox 276 4803 1864 4881; baseline 0.006 -22"><span class='ocrx_word' id='word_1_480' title='bbox 276 4803 546 4862; x_wconf 82' lang='lat' dir='ltr'><strong>transacti</strong></span> <span class='ocrx_word' id='word_1_481' title='bbox 573 4804 1006 4876; x_wconf 88' lang='lat' dir='ltr'><strong>repromissionis</strong></span> <span class='ocrx_word' id='word_1_482' title='bbox 1032 4807 1408 4879; x_wconf 88' lang='lat' dir='ltr'><strong>quadringenti</strong></span> <span class='ocrx_word' id='word_1_483' title='bbox 1434 4811 1671 4881; x_wconf 67' lang='lat' dir='ltr'><strong>triginta,</strong></span> <span class='ocrx_word' id='word_1_484' title='bbox 1700 4828 1732 4867; x_wconf 85' lang='lat' dir='ltr'><strong>a</strong></span> <span class='ocrx_word' id='word_1_485' title='bbox 1768 4829 1864 4869; x_wconf 89' lang='lat' dir='ltr'><strong>na-</strong></span> 
     </span>
    </p>
   </div>
   <div class='ocr_carea' id='block_1_68' title="bbox 277 4892 1875 4966">
    <p class='ocr_par' dir='ltr' id='par_1_68' title="bbox 277 4892 1875 4966">
     <span class='ocr_line' id='line_1_68' title="bbox 277 4892 1875 4966; baseline 0.006 -19"><span class='ocrx_word' id='word_1_486' title='bbox 277 4894 499 4947; x_wconf 88' lang='lat' dir='ltr'><strong>tivitate</strong></span> <span class='ocrx_word' id='word_1_487' title='bbox 532 4908 662 4951; x_wconf 87' lang='lat' dir='ltr'><strong>vero</strong></span> <span class='ocrx_word' id='word_1_488' title='bbox 705 4892 935 4949; x_wconf 65' lang='lat' dir='ltr'><strong>Abrahae</strong></span> <span class='ocrx_word' id='word_1_489' title='bbox 963 4894 1239 4965; x_wconf 85' lang='lat' dir='ltr'><strong>quingenti</strong></span> <span class='ocrx_word' id='word_1_490' title='bbox 1284 4897 1539 4966; x_wconf 88' lang='lat' dir='ltr'><strong>quinque.</strong></span> <span class='ocrx_word' id='word_1_491' title='bbox 1584 4899 1756 4957; x_wconf 87' lang='lat' dir='ltr'><strong>Moses</strong></span> <span class='ocrx_word' id='word_1_492' title='bbox 1780 4916 1875 4956; x_wconf 88' lang='lat' dir='ltr'><strong>au-</strong></span> 
     </span>
    </p>
   </div>
   <div class='ocr_carea' id='block_1_69' title="bbox 280 4983 1873 5052">
    <p class='ocr_par' dir='ltr' id='par_1_69' title="bbox 280 4983 1873 5052">
     <span class='ocr_line' id='line_1_69' title="bbox 280 4983 1873 5052; baseline 0.006 -15"><span class='ocrx_word' id='word_1_493' title='bbox 280 4992 418 5045; x_wconf 87' lang='lat' dir='ltr'><strong>tem,</strong></span> <span class='ocrx_word' id='word_1_494' title='bbox 438 4983 824 5051; x_wconf 86' lang='lat' dir='ltr'><strong>octogesimum</strong></span> <span class='ocrx_word' id='word_1_495' title='bbox 852 4985 1026 5039; x_wconf 76' lang='lat' dir='ltr'><strong>:ntatis</strong></span> <span class='ocrx_word' id='word_1_496' title='bbox 1053 4985 1253 5039; x_wconf 84' lang='lat' dir='ltr'><strong>habens</strong></span> <span class='ocrx_word' id='word_1_497' title='bbox 1279 5000 1499 5052; x_wconf 91' lang='lat' dir='ltr'><strong>annum,</strong></span> <span class='ocrx_word' id='word_1_498' title='bbox 1531 4988 1637 5043; x_wconf 78' lang='lat' dir='ltr'><strong>dux</strong></span> <span class='ocrx_word' id='word_1_499' title='bbox 1663 4990 1873 5046; x_wconf 87' lang='lat' dir='ltr'><strong>itineris</strong></span> 
     </span>
    </p>
   </div>
   <div class='ocr_carea' id='block_1_70' title="bbox 273 5073 1867 5149">
    <p class='ocr_par' dir='ltr' id='par_1_70' title="bbox 273 5073 1867 5149">
     <span class='ocr_line' id='line_1_70' title="bbox 273 5073 1867 5149; baseline 0.004 -21"><span class='ocrx_word' id='word_1_500' title='bbox 273 5073 519 5128; x_wconf 84' lang='lat' dir='ltr'><strong>elﬁeitur</strong></span> <span class='ocrx_word' id='word_1_501' title='bbox 543 5073 890 5129; x_wconf 67' lang='lat' dir='ltr'><strong>Hebraeorum</strong></span> <span class='ocrx_word' id='word_1_502' title='bbox 918 5075 984 5129; x_wconf 92' lang='lat' dir='ltr'><strong>ab</strong></span> <span class='ocrx_word' id='word_1_503' title='bbox 1008 5074 1275 5146; x_wconf 67' lang='lat' dir='ltr'><strong>Egypto;</strong></span> <span class='ocrx_word' id='word_1_504' title='bbox 1304 5076 1625 5146; x_wconf 72' lang='lat' dir='ltr'><strong>praafuitque</strong></span> <span class='ocrx_word' id='word_1_505' title='bbox 1665 5079 1867 5149; x_wconf 88' lang='lat' dir='ltr'><strong>populo</strong></span> 
     </span>
    </p>
   </div>
   <div class='ocr_carea' id='block_1_71' title="bbox 272 5164 1871 5239">
    <p class='ocr_par' dir='ltr' id='par_1_71' title="bbox 272 5164 1871 5239">
     <span class='ocr_line' id='line_1_71' title="bbox 272 5164 1871 5239; baseline 0.006 -21"><span class='ocrx_word' id='word_1_506' title='bbox 272 5165 379 5219; x_wconf 89' lang='lat' dir='ltr'><strong>Dei</strong></span> <span class='ocrx_word' id='word_1_507' title='bbox 419 5164 471 5218; x_wconf 89' lang='lat' dir='ltr'><strong>in</strong></span> <span class='ocrx_word' id='word_1_508' title='bbox 498 5165 713 5219; x_wconf 88' lang='lat' dir='ltr'><strong>deserto</strong></span> <span class='ocrx_word' id='word_1_509' title='bbox 740 5165 896 5219; x_wconf 90' lang='lat' dir='ltr'><strong>annis</strong></span> <span class='ocrx_word' id='word_1_510' title='bbox 936 5166 1310 5235; x_wconf 84' lang='lat' dir='ltr'><strong>quadraginta,</strong></span> <span class='ocrx_word' id='word_1_511' title='bbox 1357 5167 1679 5239; x_wconf 90' lang='lat' dir='ltr'><strong>tradensque</strong></span> <span class='ocrx_word' id='word_1_512' title='bbox 1713 5172 1764 5225; x_wconf 92' lang='lat' dir='ltr'><strong>ei</strong></span> <span class='ocrx_word' id='word_1_513' title='bbox 1791 5170 1871 5227; x_wconf 82' lang='lat' dir='ltr'><strong>Ie-</strong></span> 
     </span>
    </p>
   </div>
   <div class='ocr_carea' id='block_1_72' title="bbox 270 5254 1867 5326">
    <p class='ocr_par' dir='ltr' id='par_1_72' title="bbox 270 5254 1867 5326">
     <span class='ocr_line' id='line_1_72' title="bbox 270 5254 1867 5326; baseline 0.004 -16"><span class='ocrx_word' id='word_1_514' title='bbox 270 5271 404 5326; x_wconf 85' lang='lat' dir='ltr'><strong>gem</strong></span> <span class='ocrx_word' id='word_1_515' title='bbox 430 5270 461 5308; x_wconf 92' lang='lat' dir='ltr'><strong>a</strong></span> <span class='ocrx_word' id='word_1_516' title='bbox 493 5254 605 5308; x_wconf 90' lang='lat' dir='ltr'><strong>Deo</strong></span> <span class='ocrx_word' id='word_1_517' title='bbox 630 5254 734 5310; x_wconf 90' lang='lat' dir='ltr'><strong>sibi</strong></span> <span class='ocrx_word' id='word_1_518' title='bbox 765 5255 961 5310; x_wconf 89' lang='lat' dir='ltr'><strong>datam.</strong></span> <span class='ocrx_word' id='word_1_519' title='bbox 993 5255 1069 5310; x_wconf 88' lang='lat' dir='ltr'><strong>Eo</strong></span> <span class='ocrx_word' id='word_1_520' title='bbox 1113 5265 1353 5325; x_wconf 90' lang='lat' dir='ltr'><strong>tempore</strong></span> <span class='ocrx_word' id='word_1_521' title='bbox 1398 5260 1665 5314; x_wconf 88' lang='lat' dir='ltr'><strong>secundus</strong></span> <span class='ocrx_word' id='word_1_522' title='bbox 1703 5258 1867 5318; x_wconf 84' lang='lat' dir='ltr'><strong>Athe-</strong></span> 
     </span>
    </p>
   </div>
   <div class='ocr_carea' id='block_1_73' title="bbox 269 5345 1865 5417">
    <p class='ocr_par' dir='ltr' id='par_1_73' title="bbox 269 5345 1865 5417">
     <span class='ocr_line' id='line_1_73' title="bbox 269 5345 1865 5417; baseline 0.004 -16"><span class='ocrx_word' id='word_1_523' title='bbox 269 5346 555 5401; x_wconf 88' lang='lat' dir='ltr'><strong>niensium</strong></span> <span class='ocrx_word' id='word_1_524' title='bbox 584 5345 858 5402; x_wconf 88' lang='lat' dir='ltr'><strong>Cradavus</strong></span> <span class='ocrx_word' id='word_1_525' title='bbox 880 5362 973 5402; x_wconf 92' lang='lat' dir='ltr'><strong>rex</strong></span> <span class='ocrx_word' id='word_1_526' title='bbox 1002 5355 1141 5413; x_wconf 90' lang='lat' dir='ltr'><strong>erat,</strong></span> <span class='ocrx_word' id='word_1_527' title='bbox 1169 5348 1258 5417; x_wconf 90' lang='lat' dir='ltr'><strong>qui</strong></span> <span class='ocrx_word' id='word_1_528' title='bbox 1284 5348 1473 5403; x_wconf 90' lang='lat' dir='ltr'><strong>habuit</strong></span> <span class='ocrx_word' id='word_1_529' title='bbox 1498 5364 1865 5409; x_wconf 89' lang='lat' dir='ltr'><strong>successorem</strong></span> 
     </span>
    </p>
   </div>
   <div class='ocr_carea' id='block_1_74' title="bbox 267 5434 1865 5511">
    <p class='ocr_par' dir='ltr' id='par_1_74' title="bbox 267 5434 1865 5511">
     <span class='ocr_line' id='line_1_74' title="bbox 267 5434 1865 5511; baseline 0.007 -22"><span class='ocrx_word' id='word_1_530' title='bbox 267 5435 615 5505; x_wconf 80' lang='lat' dir='ltr'><strong>Amphition.</strong></span> <span class='ocrx_word' id='word_1_531' title='bbox 667 5434 784 5502; x_wconf 84' lang='lat' dir='ltr'><strong>Quo</strong></span> <span class='ocrx_word' id='word_1_532' title='bbox 832 5437 887 5492; x_wconf 93' lang='lat' dir='ltr'><strong>in</strong></span> <span class='ocrx_word' id='word_1_533' title='bbox 938 5445 1177 5506; x_wconf 89' lang='lat' dir='ltr'><strong>tempore</strong></span> <span class='ocrx_word' id='word_1_534' title='bbox 1201 5435 1429 5508; x_wconf 89' lang='lat' dir='ltr'><strong>Curytes</strong></span> <span class='ocrx_word' id='word_1_535' title='bbox 1454 5447 1508 5493; x_wconf 91' lang='lat' dir='ltr'><strong>et</strong></span> <span class='ocrx_word' id='word_1_536' title='bbox 1533 5439 1865 5511; x_wconf 87' lang='lat' dir='ltr'><strong>Corybantes</strong></span> 
     </span>
    </p>
   </div>
   <div class='ocr_carea' id='block_1_75' title="bbox 267 5526 1864 5598">
    <p class='ocr_par' dir='ltr' id='par_1_75' title="bbox 267 5526 1864 5598">
     <span class='ocr_line' id='line_1_75' title="bbox 267 5526 1864 5598; baseline 0.004 -15"><span class='ocrx_word' id='word_1_537' title='bbox 267 5526 500 5583; x_wconf 85' lang='lat' dir='ltr'><strong>Gnoson</strong></span> <span class='ocrx_word' id='word_1_538' title='bbox 520 5527 896 5593; x_wconf 85' lang='lat' dir='ltr'><strong>condiderunt,</strong></span> <span class='ocrx_word' id='word_1_539' title='bbox 924 5528 1017 5598; x_wconf 89' lang='lat' dir='ltr'><strong>qui</strong></span> <span class='ocrx_word' id='word_1_540' title='bbox 1055 5529 1377 5583; x_wconf 80' lang='lat' dir='ltr'><strong>modulatam</strong></span> <span class='ocrx_word' id='word_1_541' title='bbox 1405 5537 1459 5584; x_wconf 89' lang='lat' dir='ltr'><strong>et</strong></span> <span class='ocrx_word' id='word_1_542' title='bbox 1496 5530 1637 5586; x_wconf 91' lang='lat' dir='ltr'><strong>inter</strong></span> <span class='ocrx_word' id='word_1_543' title='bbox 1658 5547 1717 5587; x_wconf 90' lang='lat' dir='ltr'><strong>se</strong></span> <span class='ocrx_word' id='word_1_544' title='bbox 1736 5548 1864 5588; x_wconf 84' lang='lat' dir='ltr'><strong>eon-</strong></span> 
     </span>
    </p>
   </div>
   <div class='ocr_carea' id='block_1_76' title="bbox 269 5616 1862 5690">
    <p class='ocr_par' dir='ltr' id='par_1_76' title="bbox 269 5616 1862 5690">
     <span class='ocr_line' id='line_1_76' title="bbox 269 5616 1862 5690; baseline 0.006 -17"><span class='ocrx_word' id='word_1_545' title='bbox 269 5616 551 5674; x_wconf 66' lang='lat' dir='ltr'><strong>eicientem</strong></span> <span class='ocrx_word' id='word_1_546' title='bbox 578 5618 631 5673; x_wconf 89' lang='lat' dir='ltr'><strong>in</strong></span> <span class='ocrx_word' id='word_1_547' title='bbox 662 5619 824 5674; x_wconf 76' lang='lat' dir='ltr'><strong>armis</strong></span> <span class='ocrx_word' id='word_1_548' title='bbox 852 5620 1188 5675; x_wconf 86' lang='lat' dir='ltr'><strong>saltationem</strong></span> <span class='ocrx_word' id='word_1_549' title='bbox 1239 5632 1589 5690; x_wconf 89' lang='lat' dir='ltr'><strong>repererunt:</strong></span> <span class='ocrx_word' id='word_1_550' title='bbox 1625 5625 1862 5682; x_wconf 91' lang='lat' dir='ltr'><strong>musicus</strong></span> 
     </span>
    </p>
   </div>
   <div class='ocr_carea' id='block_1_77' title="bbox 1992 1828 3563 1912">
    <p class='ocr_par' dir='ltr' id='par_1_77' title="bbox 1992 1828 3563 1912">
     <span class='ocr_line' id='line_1_77' title="bbox 1992 1828 3563 1912; baseline 0.015 -32"><span class='ocrx_word' id='word_1_551' title='bbox 1992 1828 2230 1884; x_wconf 90' lang='lat' dir='ltr'><strong>decimus</strong></span> <span class='ocrx_word' id='word_1_552' title='bbox 2265 1830 2420 1901; x_wconf 88' lang='lat' dir='ltr'><strong>Argis</strong></span> <span class='ocrx_word' id='word_1_553' title='bbox 2448 1832 2664 1890; x_wconf 86' lang='lat' dir='ltr'><strong>Danaus</strong></span> <span class='ocrx_word' id='word_1_554' title='bbox 2710 1847 2919 1907; x_wconf 85' lang='lat' dir='ltr'><strong>regnat,</strong></span> <span class='ocrx_word' id='word_1_555' title='bbox 2963 1839 3330 1912; x_wconf 83' lang='lat' dir='ltr'><strong>Sycioniorum</strong></span> <span class='ocrx_word' id='word_1_556' title='bbox 3378 1857 3563 1905; x_wconf 85' lang='lat' dir='ltr'><strong>sextus</strong></span> 
     </span>
    </p>
   </div>
   <div class='ocr_carea' id='block_1_78' title="bbox 1991 1915 3552 2006">
    <p class='ocr_par' dir='ltr' id='par_1_78' title="bbox 1991 1915 3552 2006">
     <span class='ocr_line' id='line_1_78' title="bbox 1991 1915 3552 2006; baseline 0.014 -36"><span class='ocrx_word' id='word_1_557' title='bbox 1991 1915 2229 1973; x_wconf 88' lang='lat' dir='ltr'><strong>decimus</strong></span> <span class='ocrx_word' id='word_1_558' title='bbox 2250 1918 2444 1976; x_wconf 79' lang='lat' dir='ltr'><strong>Corax.</strong></span> <span class='ocrx_word' id='word_1_559' title='bbox 2478 1923 2893 1982; x_wconf 81' lang='lat' dir='ltr'><strong>Atheniensibus</strong></span> <span class='ocrx_word' id='word_1_560' title='bbox 2912 1926 3256 1988; x_wconf 87' lang='lat' dir='ltr'><strong>Ericthonius</strong></span> <span class='ocrx_word' id='word_1_561' title='bbox 3277 1938 3552 2006; x_wconf 85' lang='lat' dir='ltr'><strong>regnabat,</strong></span> 
     </span>
    </p>
   </div>
   <div class='ocr_carea' id='block_1_79' title="bbox 1990 2005 3566 2095">
    <p class='ocr_par' dir='ltr' id='par_1_79' title="bbox 1990 2005 3566 2095">
     <span class='ocr_line' id='line_1_79' title="bbox 1990 2005 3566 2095; baseline 0.016 -37"><span class='ocrx_word' id='word_1_562' title='bbox 1990 2005 2083 2074; x_wconf 89' lang='lat' dir='ltr'><strong>qui</strong></span> <span class='ocrx_word' id='word_1_563' title='bbox 2100 2007 2322 2076; x_wconf 78' lang='lat' dir='ltr'><strong>,primus</strong></span> <span class='ocrx_word' id='word_1_564' title='bbox 2368 2012 2683 2083; x_wconf 85' lang='lat' dir='ltr'><strong>quadrigam</strong></span> <span class='ocrx_word' id='word_1_565' title='bbox 2733 2014 2912 2082; x_wconf 82' lang='lat' dir='ltr'><strong>junxit</strong></span> <span class='ocrx_word' id='word_1_566' title='bbox 2958 2018 3011 2072; x_wconf 90' lang='lat' dir='ltr'><strong>in</strong></span> <span class='ocrx_word' id='word_1_567' title='bbox 3059 2020 3287 2089; x_wconf 67' lang='lat' dir='ltr'><strong>Graecia,</strong></span> <span class='ocrx_word' id='word_1_568' title='bbox 3318 2005 3566 2095; x_wconf 83' lang='lat' dir='ltr'><strong>quamvis</strong></span> 
     </span>
    </p>
   </div>
   <div class='ocr_carea' id='block_1_80' title="bbox 1990 2095 3562 2180">
    <p class='ocr_par' dir='ltr' id='par_1_80' title="bbox 1990 2095 3562 2180">
     <span class='ocr_line' id='line_1_80' title="bbox 1990 2095 3562 2180; baseline 0.014 -32"><span class='ocrx_word' id='word_1_569' title='bbox 1990 2095 2118 2149; x_wconf 89' lang='lat' dir='ltr'><strong>olim</strong></span> <span class='ocrx_word' id='word_1_570' title='bbox 2141 2106 2285 2152; x_wconf 86' lang='lat' dir='ltr'><strong>esset</strong></span> <span class='ocrx_word' id='word_1_571' title='bbox 2305 2101 2446 2169; x_wconf 89' lang='lat' dir='ltr'><strong>apud</strong></span> <span class='ocrx_word' id='word_1_572' title='bbox 2465 2101 2600 2156; x_wconf 89' lang='lat' dir='ltr'><strong>alias</strong></span> <span class='ocrx_word' id='word_1_573' title='bbox 2622 2105 2883 2161; x_wconf 87' lang='lat' dir='ltr'><strong>nationes.</strong></span> <span class='ocrx_word' id='word_1_574' title='bbox 2912 2107 3005 2162; x_wconf 86' lang='lat' dir='ltr'><strong>His</strong></span> <span class='ocrx_word' id='word_1_575' title='bbox 3025 2109 3165 2163; x_wconf 91' lang='lat' dir='ltr'><strong>enim</strong></span> <span class='ocrx_word' id='word_1_576' title='bbox 3197 2115 3562 2180; x_wconf 85' lang='lat' dir='ltr'><strong>regnantibus,</strong></span> 
     </span>
    </p>
   </div>
   <div class='ocr_carea' id='block_1_81' title="bbox 1990 2182 3564 2276">
    <p class='ocr_par' dir='ltr' id='par_1_81' title="bbox 1990 2182 3564 2276">
     <span class='ocr_line' id='line_1_81' title="bbox 1990 2182 3564 2276; baseline 0.013 -39"><span class='ocrx_word' id='word_1_577' title='bbox 1990 2182 2135 2239; x_wconf 89' lang='lat' dir='ltr'><strong>inter</strong></span> <span class='ocrx_word' id='word_1_578' title='bbox 2159 2183 2325 2241; x_wconf 88' lang='lat' dir='ltr'><strong>Danai</strong></span> <span class='ocrx_word' id='word_1_579' title='bbox 2351 2196 2513 2258; x_wconf 89' lang='lat' dir='ltr'><strong>atque</strong></span> <span class='ocrx_word' id='word_1_580' title='bbox 2540 2191 2734 2263; x_wconf 66' lang='lat' dir='ltr'><strong>Egisti</strong></span> <span class='ocrx_word' id='word_1_581' title='bbox 2765 2193 2990 2252; x_wconf 81' lang='lat' dir='ltr'><strong>fratrum</strong></span> <span class='ocrx_word' id='word_1_582' title='bbox 3017 2198 3156 2255; x_wconf 88' lang='lat' dir='ltr'><strong>ﬁlios</strong></span> <span class='ocrx_word' id='word_1_583' title='bbox 3183 2202 3564 2276; x_wconf 86' lang='lat' dir='ltr'><strong>quinquaginta</strong></span> 
     </span>
    </p>
   </div>
   <div class='ocr_carea' id='block_1_82' title="bbox 1988 2275 3565 2363">
    <p class='ocr_par' dir='ltr' id='par_1_82' title="bbox 1988 2275 3565 2363">
     <span class='ocr_line' id='line_1_82' title="bbox 1988 2275 3565 2363; baseline 0.014 -37"><span class='ocrx_word' id='word_1_584' title='bbox 1988 2275 2276 2344; x_wconf 88' lang='lat' dir='ltr'><strong>parricidia</strong></span> <span class='ocrx_word' id='word_1_585' title='bbox 2319 2293 2424 2333; x_wconf 89' lang='lat' dir='ltr'><strong>una</strong></span> <span class='ocrx_word' id='word_1_586' title='bbox 2475 2289 2635 2337; x_wconf 88' lang='lat' dir='ltr'><strong>nocte</strong></span> <span class='ocrx_word' id='word_1_587' title='bbox 2681 2285 2965 2340; x_wconf 85' lang='lat' dir='ltr'><strong>commissa</strong></span> <span class='ocrx_word' id='word_1_588' title='bbox 2998 2296 3145 2355; x_wconf 88' lang='lat' dir='ltr'><strong>sunt,</strong></span> <span class='ocrx_word' id='word_1_589' title='bbox 3195 2290 3308 2346; x_wconf 86' lang='lat' dir='ltr'><strong>solo</strong></span> <span class='ocrx_word' id='word_1_590' title='bbox 3354 2275 3565 2363; x_wconf 83' lang='lat' dir='ltr'><strong>Lynceo</strong></span> 
     </span>
    </p>
   </div>
   <div class='ocr_carea' id='block_1_83' title="bbox 1989 2362 3566 2445">
    <p class='ocr_par' dir='ltr' id='par_1_83' title="bbox 1989 2362 3566 2445">
     <span class='ocr_line' id='line_1_83' title="bbox 1989 2362 3566 2445; baseline 0.014 -31"><span class='ocrx_word' id='word_1_591' title='bbox 1989 2362 2271 2438; x_wconf 81' lang='lat' dir='ltr'><strong>evadente,</strong></span> <span class='ocrx_word' id='word_1_592' title='bbox 2301 2368 2391 2434; x_wconf 89' lang='lat' dir='ltr'><strong>qui</strong></span> <span class='ocrx_word' id='word_1_593' title='bbox 2417 2378 2542 2436; x_wconf 85' lang='lat' dir='ltr'><strong>post</strong></span> <span class='ocrx_word' id='word_1_594' title='bbox 2564 2384 2686 2424; x_wconf 89' lang='lat' dir='ltr'><strong>cum</strong></span> <span class='ocrx_word' id='word_1_595' title='bbox 2714 2375 2974 2442; x_wconf 88' lang='lat' dir='ltr'><strong>regnavit.</strong></span> <span class='ocrx_word' id='word_1_596' title='bbox 3021 2375 3139 2445; x_wconf 88' lang='lat' dir='ltr'><strong>ipse</strong></span> <span class='ocrx_word' id='word_1_597' title='bbox 3166 2378 3357 2435; x_wconf 83' lang='lat' dir='ltr'><strong>deinde</strong></span> <span class='ocrx_word' id='word_1_598' title='bbox 3390 2362 3566 2435; x_wconf 85' lang='lat' dir='ltr'><strong>tanto-</strong></span> 
     </span>
    </p>
   </div>
   <div class='ocr_carea' id='block_1_84' title="bbox 1989 2455 3565 2541">
    <p class='ocr_par' dir='ltr' id='par_1_84' title="bbox 1989 2455 3565 2541">
     <span class='ocr_line' id='line_1_84' title="bbox 1989 2455 3565 2541; baseline 0.014 -36"><span class='ocrx_word' id='word_1_599' title='bbox 1989 2467 2107 2506; x_wconf 91' lang='lat' dir='ltr'><strong>rum</strong></span> <span class='ocrx_word' id='word_1_600' title='bbox 2142 2455 2403 2511; x_wconf 89' lang='lat' dir='ltr'><strong>scelerum</strong></span> <span class='ocrx_word' id='word_1_601' title='bbox 2442 2458 2736 2515; x_wconf 79' lang='lat' dir='ltr'><strong>fabricator</strong></span> <span class='ocrx_word' id='word_1_602' title='bbox 2774 2463 3012 2530; x_wconf 88' lang='lat' dir='ltr'><strong>Danaus,</strong></span> <span class='ocrx_word' id='word_1_603' title='bbox 3070 2482 3254 2538; x_wconf 89' lang='lat' dir='ltr'><strong>regno,</strong></span> <span class='ocrx_word' id='word_1_604' title='bbox 3309 2466 3450 2541; x_wconf 64' lang='lat' dir='ltr'><strong>quod</strong></span> <span class='ocrx_word' id='word_1_605' title='bbox 3485 2482 3565 2527; x_wconf 87' lang='lat' dir='ltr'><strong>tot</strong></span> 
     </span>
    </p>
   </div>
   <div class='ocr_carea' id='block_1_85' title="bbox 1988 2540 3564 2631">
    <p class='ocr_par' dir='ltr' id='par_1_85' title="bbox 1988 2540 3564 2631">
     <span class='ocr_line' id='line_1_85' title="bbox 1988 2540 3564 2631; baseline 0.015 -37"><span class='ocrx_word' id='word_1_606' title='bbox 1988 2540 2203 2611; x_wconf 84' lang='lat' dir='ltr'><strong>ﬂagitiis</strong></span> <span class='ocrx_word' id='word_1_607' title='bbox 2227 2547 2606 2615; x_wconf 87' lang='lat' dir='ltr'><strong>acquisiverat,</strong></span> <span class='ocrx_word' id='word_1_608' title='bbox 2631 2552 2838 2620; x_wconf 88' lang='lat' dir='ltr'><strong>pulsus,</strong></span> <span class='ocrx_word' id='word_1_609' title='bbox 2864 2553 3037 2625; x_wconf 85' lang='lat' dir='ltr'><strong>Argos</strong></span> <span class='ocrx_word' id='word_1_610' title='bbox 3071 2540 3356 2625; x_wconf 87' lang='lat' dir='ltr'><strong>concessit,</strong></span> <span class='ocrx_word' id='word_1_611' title='bbox 3384 2562 3430 2616; x_wconf 59' lang='lat' dir='ltr'><strong>il,</strong></span> <span class='ocrx_word' id='word_1_612' title='bbox 3441 2563 3564 2631; x_wconf 86' lang='lat' dir='ltr'><strong>ique</strong></span> 
     </span>
    </p>
   </div>
   <div class='ocr_carea' id='block_1_86' title="bbox 1988 2635 3560 2723">
    <p class='ocr_par' dir='ltr' id='par_1_86' title="bbox 1988 2635 3560 2723">
     <span class='ocr_line' id='line_1_86' title="bbox 1988 2635 3560 2723; baseline 0.012 -33"><span class='ocrx_word' id='word_1_613' title='bbox 1988 2635 2206 2708; x_wconf 87' lang='lat' dir='ltr'><strong>indigne</strong></span> <span class='ocrx_word' id='word_1_614' title='bbox 2238 2653 2526 2708; x_wconf 87' lang='lat' dir='ltr'><strong>persuasus</strong></span> <span class='ocrx_word' id='word_1_615' title='bbox 2553 2644 2607 2696; x_wconf 91' lang='lat' dir='ltr'><strong>in</strong></span> <span class='ocrx_word' id='word_1_616' title='bbox 2647 2641 2879 2711; x_wconf 85' lang='lat' dir='ltr'><strong>facinus,</strong></span> <span class='ocrx_word' id='word_1_617' title='bbox 2904 2646 3063 2717; x_wconf 90' lang='lat' dir='ltr'><strong>Argis</strong></span> <span class='ocrx_word' id='word_1_618' title='bbox 3112 2648 3440 2719; x_wconf 87' lang='lat' dir='ltr'><strong>Sthenelam,</strong></span> <span class='ocrx_word' id='word_1_619' title='bbox 3466 2656 3560 2723; x_wconf 84' lang='lat' dir='ltr'><strong>qui</strong></span> 
     </span>
    </p>
   </div>
   <div class='ocr_carea' id='block_1_87' title="bbox 1985 2728 3562 2813">
    <p class='ocr_par' dir='ltr' id='par_1_87' title="bbox 1985 2728 3562 2813">
     <span class='ocr_line' id='line_1_87' title="bbox 1985 2728 3562 2813; baseline 0.013 -34"><span class='ocrx_word' id='word_1_620' title='bbox 1985 2740 2110 2781; x_wconf 91' lang='lat' dir='ltr'><strong>eum</strong></span> <span class='ocrx_word' id='word_1_621' title='bbox 2140 2728 2426 2799; x_wconf 82' lang='lat' dir='ltr'><strong>profugum</strong></span> <span class='ocrx_word' id='word_1_622' title='bbox 2447 2742 2800 2806; x_wconf 85' lang='lat' dir='ltr'><strong>egentemque</strong></span> <span class='ocrx_word' id='word_1_623' title='bbox 2823 2749 3126 2807; x_wconf 83' lang='lat' dir='ltr'><strong>exceperat,</strong></span> <span class='ocrx_word' id='word_1_624' title='bbox 3148 2757 3313 2809; x_wconf 88' lang='lat' dir='ltr'><strong>regno</strong></span> <span class='ocrx_word' id='word_1_625' title='bbox 3336 2746 3562 2813; x_wconf 83' lang='lat' dir='ltr'><strong>expulit,</strong></span> 
     </span>
    </p>
   </div>
   <div class='ocr_carea' id='block_1_88' title="bbox 1987 2818 3561 2894">
    <p class='ocr_par' dir='ltr' id='par_1_88' title="bbox 1987 2818 3561 2894">
     <span class='ocr_line' id='line_1_88' title="bbox 1987 2818 3561 2894; baseline 0.013 -25"><span class='ocrx_word' id='word_1_626' title='bbox 1987 2824 2148 2885; x_wconf 92' lang='lat' dir='ltr'><strong>atque</strong></span> <span class='ocrx_word' id='word_1_627' title='bbox 2175 2818 2289 2887; x_wconf 90' lang='lat' dir='ltr'><strong>ipse</strong></span> <span class='ocrx_word' id='word_1_628' title='bbox 2316 2823 2578 2889; x_wconf 85' lang='lat' dir='ltr'><strong>regnavit.</strong></span> <span class='ocrx_word' id='word_1_629' title='bbox 2616 2823 2799 2894; x_wconf 90' lang='lat' dir='ltr'><strong>Neque</strong></span> <span class='ocrx_word' id='word_1_630' title='bbox 2844 2841 2974 2881; x_wconf 89' lang='lat' dir='ltr'><strong>vero</strong></span> <span class='ocrx_word' id='word_1_631' title='bbox 3016 2829 3302 2886; x_wconf 81' lang='lat' dir='ltr'><strong>multitudo</strong></span> <span class='ocrx_word' id='word_1_632' title='bbox 3330 2832 3561 2890; x_wconf 88' lang='lat' dir='ltr'><strong>ﬁliorum</strong></span> 
     </span>
    </p>
   </div>
   <div class='ocr_carea' id='block_1_89' title="bbox 1990 2906 3559 2984">
    <p class='ocr_par' dir='ltr' id='par_1_89' title="bbox 1990 2906 3559 2984">
     <span class='ocr_line' id='line_1_89' title="bbox 1990 2906 3559 2984; baseline 0.013 -25"><span class='ocrx_word' id='word_1_633' title='bbox 1990 2906 2330 2963; x_wconf 89' lang='lat' dir='ltr'><strong>incredibilis</strong></span> <span class='ocrx_word' id='word_1_634' title='bbox 2356 2909 2526 2965; x_wconf 90' lang='lat' dir='ltr'><strong>videri</strong></span> <span class='ocrx_word' id='word_1_635' title='bbox 2551 2912 2710 2968; x_wconf 87' lang='lat' dir='ltr'><strong>debet</strong></span> <span class='ocrx_word' id='word_1_636' title='bbox 2743 2915 2796 2969; x_wconf 91' lang='lat' dir='ltr'><strong>in</strong></span> <span class='ocrx_word' id='word_1_637' title='bbox 2826 2916 3093 2984; x_wconf 88' lang='lat' dir='ltr'><strong>barbaris,</strong></span> <span class='ocrx_word' id='word_1_638' title='bbox 3121 2934 3239 2975; x_wconf 91' lang='lat' dir='ltr'><strong>cum</strong></span> <span class='ocrx_word' id='word_1_639' title='bbox 3268 2929 3376 2976; x_wconf 83' lang='lat' dir='ltr'><strong>tam</strong></span> <span class='ocrx_word' id='word_1_640' title='bbox 3399 2924 3559 2978; x_wconf 89' lang='lat' dir='ltr'><strong>innu-</strong></span> 
     </span>
    </p>
   </div>
   <div class='ocr_carea' id='block_1_90' title="bbox 1988 2995 3560 3082">
    <p class='ocr_par' dir='ltr' id='par_1_90' title="bbox 1988 2995 3560 3082">
     <span class='ocr_line' id='line_1_90' title="bbox 1988 2995 3560 3082; baseline 0.013 -34"><span class='ocrx_word' id='word_1_641' title='bbox 1988 2995 2270 3052; x_wconf 83' lang='lat' dir='ltr'><strong>merabiles</strong></span> <span class='ocrx_word' id='word_1_642' title='bbox 2300 2999 2535 3055; x_wconf 79' lang='lat' dir='ltr'><strong>habeant</strong></span> <span class='ocrx_word' id='word_1_643' title='bbox 2559 3004 2871 3060; x_wconf 89' lang='lat' dir='ltr'><strong>eonnubias.</strong></span> <span class='ocrx_word' id='word_1_644' title='bbox 2897 3006 3052 3062; x_wconf 88' lang='lat' dir='ltr'><strong>Enim</strong></span> <span class='ocrx_word' id='word_1_645' title='bbox 3083 3025 3209 3065; x_wconf 85' lang='lat' dir='ltr'><strong>vero</strong></span> <span class='ocrx_word' id='word_1_646' title='bbox 3237 3027 3268 3065; x_wconf 91' lang='lat' dir='ltr'><strong>a</strong></span> <span class='ocrx_word' id='word_1_647' title='bbox 3304 3015 3560 3082; x_wconf 72' lang='lat' dir='ltr'><strong>prmdicto</strong></span> 
     </span>
    </p>
   </div>
   <div class='ocr_carea' id='block_1_91' title="bbox 1911 3062 3564 3173">
    <p class='ocr_par' dir='ltr' id='par_1_91' title="bbox 1911 3062 3564 3173">
     <span class='ocr_line' id='line_1_91' title="bbox 1911 3062 3564 3173; baseline 0.013 -36"><span class='ocrx_word' id='word_1_648' title='bbox 1911 3062 1955 3125; x_wconf 70' lang='grc' dir='ltr'>Ο</span> <span class='ocrx_word' id='word_1_649' title='bbox 1985 3085 2220 3156; x_wconf 68' lang='lat' dir='ltr'><strong>Egypto</strong></span> <span class='ocrx_word' id='word_1_650' title='bbox 2266 3103 2392 3159; x_wconf 89' lang='lat' dir='ltr'><strong>rege</strong></span> <span class='ocrx_word' id='word_1_651' title='bbox 2442 3106 2634 3147; x_wconf 90' lang='lat' dir='ltr'><strong>nomen</strong></span> <span class='ocrx_word' id='word_1_652' title='bbox 2684 3096 2891 3164; x_wconf 89' lang='lat' dir='ltr'><strong>accepit</strong></span> <span class='ocrx_word' id='word_1_653' title='bbox 2935 3062 3219 3169; x_wconf 64' lang='lat' dir='ltr'><strong>Egypttis,</strong></span> 
     </span>
    </p>
   </div>
   <div class='ocr_carea' id='block_1_92' title="bbox 1981 3172 3561 3260">
    <p class='ocr_par' dir='ltr' id='par_1_92' title="bbox 1981 3172 3561 3260">
     <span class='ocr_line' id='line_1_92' title="bbox 1981 3172 3561 3260; baseline 0.016 -34"><span class='ocrx_word' id='word_1_654' title='bbox 1981 3172 2145 3229; x_wconf 88' lang='lat' dir='ltr'><strong>Aeria</strong></span> <span class='ocrx_word' id='word_1_655' title='bbox 2172 3175 2486 3245; x_wconf 88' lang='lat' dir='ltr'><strong>dicebatur;</strong></span> <span class='ocrx_word' id='word_1_656' title='bbox 2541 3182 2729 3237; x_wconf 89' lang='lat' dir='ltr'><strong>eodem</strong></span> <span class='ocrx_word' id='word_1_657' title='bbox 2777 3185 2938 3239; x_wconf 87' lang='lat' dir='ltr'><strong>etiam</strong></span> <span class='ocrx_word' id='word_1_658' title='bbox 2991 3196 3231 3260; x_wconf 88' lang='lat' dir='ltr'><strong>tempore</strong></span> <span class='ocrx_word' id='word_1_659' title='bbox 3282 3172 3561 3251; x_wconf 87' lang='lat' dir='ltr'><strong>Dardanus</strong></span> 
     </span>
    </p>
   </div>
   <div class='ocr_carea' id='block_1_93' title="bbox 1982 3262 3561 3353">
    <p class='ocr_par' dir='ltr' id='par_1_93' title="bbox 1982 3262 3561 3353">
     <span class='ocr_line' id='line_1_93' title="bbox 1982 3262 3561 3353; baseline 0.015 -36"><span class='ocrx_word' id='word_1_660' title='bbox 1982 3262 2308 3320; x_wconf 85' lang='lat' dir='ltr'><strong>Dardaniam</strong></span> <span class='ocrx_word' id='word_1_661' title='bbox 2335 3268 2593 3324; x_wconf 88' lang='lat' dir='ltr'><strong>condidit.</strong></span> <span class='ocrx_word' id='word_1_662' title='bbox 2627 3271 2904 3342; x_wconf 87' lang='lat' dir='ltr'><strong>Templum</strong></span> <span class='ocrx_word' id='word_1_663' title='bbox 2930 3276 3148 3348; x_wconf 89' lang='lat' dir='ltr'><strong>Delphis</strong></span> <span class='ocrx_word' id='word_1_664' title='bbox 3173 3295 3201 3334; x_wconf 89' lang='lat' dir='ltr'><strong>a</strong></span> <span class='ocrx_word' id='word_1_665' title='bbox 3228 3281 3450 3353; x_wconf 85' lang='lat' dir='ltr'><strong>Phlegio</strong></span> <span class='ocrx_word' id='word_1_666' title='bbox 3477 3285 3561 3339; x_wconf 91' lang='lat' dir='ltr'><strong>iu-</strong></span> 
     </span>
    </p>
   </div>
   <div class='ocr_carea' id='block_1_94' title="bbox 1980 3356 3562 3441">
    <p class='ocr_par' dir='ltr' id='par_1_94' title="bbox 1980 3356 3562 3441">
     <span class='ocr_line' id='line_1_94' title="bbox 1980 3356 3562 3441; baseline 0.013 -33"><span class='ocrx_word' id='word_1_667' title='bbox 1980 3368 2199 3408; x_wconf 89' lang='lat' dir='ltr'><strong>eensum</strong></span> <span class='ocrx_word' id='word_1_668' title='bbox 2244 3365 2345 3410; x_wconf 89' lang='lat' dir='ltr'><strong>est.</strong></span> <span class='ocrx_word' id='word_1_669' title='bbox 2392 3356 2546 3413; x_wconf 92' lang='lat' dir='ltr'><strong>Tune</strong></span> <span class='ocrx_word' id='word_1_670' title='bbox 2593 3360 2755 3415; x_wconf 88' lang='lat' dir='ltr'><strong>etiam</strong></span> <span class='ocrx_word' id='word_1_671' title='bbox 2792 3362 3066 3422; x_wconf 85' lang='lat' dir='ltr'><strong>Busirides</strong></span> <span class='ocrx_word' id='word_1_672' title='bbox 3107 3368 3159 3422; x_wconf 91' lang='lat' dir='ltr'><strong>in</strong></span> <span class='ocrx_word' id='word_1_673' title='bbox 3206 3368 3436 3441; x_wconf 67' lang='lat' dir='ltr'><strong>Egypto</strong></span> <span class='ocrx_word' id='word_1_674' title='bbox 3462 3372 3562 3428; x_wconf 85' lang='lat' dir='ltr'><strong>fuit</strong></span> 
     </span>
    </p>
   </div>
   <div class='ocr_carea' id='block_1_95' title="bbox 1981 3440 3557 3530">
    <p class='ocr_par' dir='ltr' id='par_1_95' title="bbox 1981 3440 3557 3530">
     <span class='ocr_line' id='line_1_95' title="bbox 1981 3440 3557 3530; baseline 0.013 -33"><span class='ocrx_word' id='word_1_675' title='bbox 1981 3440 2211 3511; x_wconf 84' lang='lat' dir='ltr'><strong>Neptuni</strong></span> <span class='ocrx_word' id='word_1_676' title='bbox 2233 3451 2289 3497; x_wconf 91' lang='lat' dir='ltr'><strong>et</strong></span> <span class='ocrx_word' id='word_1_677' title='bbox 2327 3441 2509 3516; x_wconf 71' lang='lat' dir='ltr'><strong>Libya:</strong></span> <span class='ocrx_word' id='word_1_678' title='bbox 2549 3447 2749 3518; x_wconf 84' lang='lat' dir='ltr'><strong>Epaphi</strong></span> <span class='ocrx_word' id='word_1_679' title='bbox 2781 3449 2904 3507; x_wconf 80' lang='lat' dir='ltr'><strong>ﬁliae</strong></span> <span class='ocrx_word' id='word_1_680' title='bbox 2934 3452 3092 3509; x_wconf 85' lang='lat' dir='ltr'><strong>ﬁlius.</strong></span> <span class='ocrx_word' id='word_1_681' title='bbox 3122 3456 3224 3522; x_wconf 83' lang='lat' dir='ltr'><strong>Qui</strong></span> <span class='ocrx_word' id='word_1_682' title='bbox 3256 3440 3384 3514; x_wconf 84' lang='lat' dir='ltr'><strong>dum</strong></span> <span class='ocrx_word' id='word_1_683' title='bbox 3416 3464 3557 3530; x_wconf 89' lang='lat' dir='ltr'><strong>apud</strong></span> 
     </span>
    </p>
   </div>
   <div class='ocr_carea' id='block_1_96' title="bbox 1978 3531 3552 3609">
    <p class='ocr_par' dir='ltr' id='par_1_96' title="bbox 1978 3531 3552 3609">
     <span class='ocr_line' id='line_1_96' title="bbox 1978 3531 3552 3609; baseline 0.016 -28"><span class='ocrx_word' id='word_1_684' title='bbox 1978 3531 2157 3585; x_wconf 89' lang='lat' dir='ltr'><strong>vicina</strong></span> <span class='ocrx_word' id='word_1_685' title='bbox 2186 3531 2290 3585; x_wconf 88' lang='lat' dir='ltr'><strong>Nili</strong></span> <span class='ocrx_word' id='word_1_686' title='bbox 2333 3532 2449 3587; x_wconf 84' lang='lat' dir='ltr'><strong>loca</strong></span> <span class='ocrx_word' id='word_1_687' title='bbox 2487 3537 2823 3604; x_wconf 87' lang='lat' dir='ltr'><strong>tyrannidem</strong></span> <span class='ocrx_word' id='word_1_688' title='bbox 2868 3552 3168 3609; x_wconf 84' lang='lat' dir='ltr'><strong>exerceret,</strong></span> <span class='ocrx_word' id='word_1_689' title='bbox 3209 3553 3552 3606; x_wconf 83' lang='lat' dir='ltr'><strong>transeuntes</strong></span> 
     </span>
    </p>
   </div>
   <div class='ocr_carea' id='block_1_97' title="bbox 1981 3618 3556 3700">
    <p class='ocr_par' dir='ltr' id='par_1_97' title="bbox 1981 3618 3556 3700">
     <span class='ocr_line' id='line_1_97' title="bbox 1981 3618 3556 3700; baseline 0.013 -28"><span class='ocrx_word' id='word_1_690' title='bbox 1981 3618 2222 3687; x_wconf 88' lang='lat' dir='ltr'><strong>hospites</strong></span> <span class='ocrx_word' id='word_1_691' title='bbox 2249 3621 2450 3675; x_wconf 85' lang='lat' dir='ltr'><strong>crudeli</strong></span> <span class='ocrx_word' id='word_1_692' title='bbox 2497 3623 2700 3679; x_wconf 90' lang='lat' dir='ltr'><strong>scelere</strong></span> <span class='ocrx_word' id='word_1_693' title='bbox 2740 3624 3089 3694; x_wconf 88' lang='lat' dir='ltr'><strong>interﬁciens,</strong></span> <span class='ocrx_word' id='word_1_694' title='bbox 3124 3635 3334 3700; x_wconf 87' lang='lat' dir='ltr'><strong>tyranni</strong></span> <span class='ocrx_word' id='word_1_695' title='bbox 3363 3650 3556 3691; x_wconf 87' lang='lat' dir='ltr'><strong>cruen-</strong></span> 
     </span>
    </p>
   </div>
   <div class='ocr_carea' id='block_1_98' title="bbox 1980 3706 3556 3787">
    <p class='ocr_par' dir='ltr' id='par_1_98' title="bbox 1980 3706 3556 3787">
     <span class='ocr_line' id='line_1_98' title="bbox 1980 3706 3556 3787; baseline 0.011 -26"><span class='ocrx_word' id='word_1_696' title='bbox 1980 3706 2174 3762; x_wconf 84' lang='lat' dir='ltr'><strong>tissimi</strong></span> <span class='ocrx_word' id='word_1_697' title='bbox 2205 3710 2546 3780; x_wconf 85' lang='lat' dir='ltr'><strong>hospitalitas</strong></span> <span class='ocrx_word' id='word_1_698' title='bbox 2585 3713 2957 3770; x_wconf 87' lang='lat' dir='ltr'><strong>crudeiissima</strong></span> <span class='ocrx_word' id='word_1_699' title='bbox 2993 3725 3048 3771; x_wconf 91' lang='lat' dir='ltr'><strong>et</strong></span> <span class='ocrx_word' id='word_1_700' title='bbox 3078 3718 3262 3787; x_wconf 86' lang='lat' dir='ltr'><strong>religio</strong></span> <span class='ocrx_word' id='word_1_701' title='bbox 3287 3723 3556 3778; x_wconf 87' lang='lat' dir='ltr'><strong>crudelior</strong></span> 
     </span>
    </p>
   </div>
   <div class='ocr_carea' id='block_1_99' title="bbox 1980 3799 3549 3873">
    <p class='ocr_par' dir='ltr' id='par_1_99' title="bbox 1980 3799 3549 3873">
     <span class='ocr_line' id='line_1_99' title="bbox 1980 3799 3549 3873; baseline 0.013 -24"><span class='ocrx_word' id='word_1_702' title='bbox 1980 3804 2120 3862; x_wconf 89' lang='lat' dir='ltr'><strong>erat,</strong></span> <span class='ocrx_word' id='word_1_703' title='bbox 2151 3799 2241 3869; x_wconf 92' lang='lat' dir='ltr'><strong>qui</strong></span> <span class='ocrx_word' id='word_1_704' title='bbox 2264 3801 2580 3871; x_wconf 90' lang='lat' dir='ltr'><strong>sanguinem</strong></span> <span class='ocrx_word' id='word_1_705' title='bbox 2614 3802 2883 3873; x_wconf 89' lang='lat' dir='ltr'><strong>hospitum</strong></span> <span class='ocrx_word' id='word_1_706' title='bbox 2911 3805 3257 3864; x_wconf 89' lang='lat' dir='ltr'><strong>innocentum</strong></span> <span class='ocrx_word' id='word_1_707' title='bbox 3288 3813 3549 3870; x_wconf 90' lang='lat' dir='ltr'><strong>scelerum</strong></span> 
     </span>
    </p>
   </div>
   <div class='ocr_carea' id='block_1_100' title="bbox 1979 3890 3553 3971">
    <p class='ocr_par' dir='ltr' id='par_1_100' title="bbox 1979 3890 3553 3971">
     <span class='ocr_line' id='line_1_100' title="bbox 1979 3890 3553 3971; baseline 0.01 -29"><span class='ocrx_word' id='word_1_708' title='bbox 1979 3902 2198 3943; x_wconf 90' lang='lat' dir='ltr'><strong>suorum</strong></span> <span class='ocrx_word' id='word_1_709' title='bbox 2222 3890 2573 3960; x_wconf 76' lang='lat' dir='ltr'><strong>participibus</strong></span> <span class='ocrx_word' id='word_1_710' title='bbox 2599 3893 2704 3949; x_wconf 89' lang='lat' dir='ltr'><strong>diis</strong></span> <span class='ocrx_word' id='word_1_711' title='bbox 2745 3897 3082 3965; x_wconf 87' lang='lat' dir='ltr'><strong>propinahat.</strong></span> <span class='ocrx_word' id='word_1_712' title='bbox 3125 3900 3288 3971; x_wconf 86' lang='lat' dir='ltr'><strong>Igitur</strong></span> <span class='ocrx_word' id='word_1_713' title='bbox 3320 3919 3415 3971; x_wconf 91' lang='lat' dir='ltr'><strong>per</strong></span> <span class='ocrx_word' id='word_1_714' title='bbox 3440 3904 3553 3960; x_wconf 76' lang='lat' dir='ltr'><strong>lucc</strong></span> 
     </span>
    </p>
   </div>
   <div class='ocr_carea' id='block_1_101' title="bbox 1981 3980 3549 4062">
    <p class='ocr_par' dir='ltr' id='par_1_101' title="bbox 1981 3980 3549 4062">
     <span class='ocr_line' id='line_1_101' title="bbox 1981 3980 3549 4062; baseline 0.011 -31"><span class='ocrx_word' id='word_1_715' title='bbox 1981 3986 2243 4046; x_wconf 90' lang='lat' dir='ltr'><strong>tempora,</strong></span> <span class='ocrx_word' id='word_1_716' title='bbox 2273 3980 2328 4035; x_wconf 90' lang='lat' dir='ltr'><strong>id</strong></span> <span class='ocrx_word' id='word_1_717' title='bbox 2355 3989 2455 4045; x_wconf 87' lang='lat' dir='ltr'><strong>est,</strong></span> <span class='ocrx_word' id='word_1_718' title='bbox 2490 3982 2558 4037; x_wconf 92' lang='lat' dir='ltr'><strong>ab</strong></span> <span class='ocrx_word' id='word_1_719' title='bbox 2582 3984 2729 4040; x_wconf 84' lang='lat' dir='ltr'><strong>exitu</strong></span> <span class='ocrx_word' id='word_1_720' title='bbox 2777 3985 2938 4042; x_wconf 87' lang='lat' dir='ltr'><strong>Israel</strong></span> <span class='ocrx_word' id='word_1_721' title='bbox 2979 4003 3046 4044; x_wconf 82' lang='lat' dir='ltr'><strong>ex</strong></span> <span class='ocrx_word' id='word_1_722' title='bbox 3092 3990 3349 4061; x_wconf 60' lang='lat' dir='ltr'><strong>rEgypto,</strong></span> <span class='ocrx_word' id='word_1_723' title='bbox 3380 4009 3549 4062; x_wconf 89' lang='lat' dir='ltr'><strong>usque</strong></span> 
     </span>
    </p>
   </div>
   <div class='ocr_carea' id='block_1_102' title="bbox 1978 4068 3554 4150">
    <p class='ocr_par' dir='ltr' id='par_1_102' title="bbox 1978 4068 3554 4150">
     <span class='ocr_line' id='line_1_102' title="bbox 1978 4068 3554 4150; baseline 0.013 -30"><span class='ocrx_word' id='word_1_724' title='bbox 1978 4069 2044 4122; x_wconf 89' lang='lat' dir='ltr'><strong>ad</strong></span> <span class='ocrx_word' id='word_1_725' title='bbox 2068 4077 2296 4124; x_wconf 90' lang='lat' dir='ltr'><strong>mortem</strong></span> <span class='ocrx_word' id='word_1_726' title='bbox 2348 4068 2477 4125; x_wconf 83' lang='lat' dir='ltr'><strong>Jesu</strong></span> <span class='ocrx_word' id='word_1_727' title='bbox 2513 4071 2679 4140; x_wconf 88' lang='lat' dir='ltr'><strong>Nave,</strong></span> <span class='ocrx_word' id='word_1_728' title='bbox 2727 4091 2826 4145; x_wconf 88' lang='lat' dir='ltr'><strong>per</strong></span> <span class='ocrx_word' id='word_1_729' title='bbox 2852 4093 3008 4147; x_wconf 89' lang='lat' dir='ltr'><strong>quem</strong></span> <span class='ocrx_word' id='word_1_730' title='bbox 3038 4082 3263 4150; x_wconf 90' lang='lat' dir='ltr'><strong>populus</strong></span> <span class='ocrx_word' id='word_1_731' title='bbox 3312 4083 3409 4139; x_wconf 92' lang='lat' dir='ltr'><strong>Dei</strong></span> <span class='ocrx_word' id='word_1_732' title='bbox 3446 4093 3554 4140; x_wconf 88' lang='lat' dir='ltr'><strong>ter-</strong></span> 
     </span>
    </p>
   </div>
   <div class='ocr_carea' id='block_1_103' title="bbox 1975 4162 3551 4235">
    <p class='ocr_par' dir='ltr' id='par_1_103' title="bbox 1975 4162 3551 4235">
     <span class='ocr_line' id='line_1_103' title="bbox 1975 4162 3551 4235; baseline 0.01 -22"><span class='ocrx_word' id='word_1_733' title='bbox 1975 4175 2094 4213; x_wconf 90' lang='lat' dir='ltr'><strong>ram</strong></span> <span class='ocrx_word' id='word_1_734' title='bbox 2126 4162 2555 4229; x_wconf 85' lang='lat' dir='ltr'><strong>repromissionis</strong></span> <span class='ocrx_word' id='word_1_735' title='bbox 2583 4166 2807 4235; x_wconf 89' lang='lat' dir='ltr'><strong>accepit,</strong></span> <span class='ocrx_word' id='word_1_736' title='bbox 2835 4181 2988 4222; x_wconf 90' lang='lat' dir='ltr'><strong>saera</strong></span> <span class='ocrx_word' id='word_1_737' title='bbox 3016 4178 3141 4223; x_wconf 90' lang='lat' dir='ltr'><strong>sunt</strong></span> <span class='ocrx_word' id='word_1_738' title='bbox 3168 4171 3408 4226; x_wconf 87' lang='lat' dir='ltr'><strong>instituta</strong></span> <span class='ocrx_word' id='word_1_739' title='bbox 3445 4176 3551 4229; x_wconf 87' lang='lat' dir='ltr'><strong>diis</strong></span> 
     </span>
    </p>
   </div>
   <div class='ocr_carea' id='block_1_104' title="bbox 1977 4249 3552 4328">
    <p class='ocr_par' dir='ltr' id='par_1_104' title="bbox 1977 4249 3552 4328">
     <span class='ocr_line' id='line_1_104' title="bbox 1977 4249 3552 4328; baseline 0.011 -25"><span class='ocrx_word' id='word_1_740' title='bbox 1977 4249 2126 4304; x_wconf 83' lang='lat' dir='ltr'><strong>falsis</strong></span> <span class='ocrx_word' id='word_1_741' title='bbox 2149 4266 2179 4304; x_wconf 92' lang='lat' dir='ltr'><strong>a</strong></span> <span class='ocrx_word' id='word_1_742' title='bbox 2206 4251 2422 4321; x_wconf 89' lang='lat' dir='ltr'><strong>regibus</strong></span> <span class='ocrx_word' id='word_1_743' title='bbox 2458 4251 2831 4327; x_wconf 49' lang='lat' dir='ltr'><strong>Graeciamque:</strong></span> <span class='ocrx_word' id='word_1_744' title='bbox 2846 4260 3157 4314; x_wconf 88' lang='lat' dir='ltr'><strong>memoriam</strong></span> <span class='ocrx_word' id='word_1_745' title='bbox 3183 4262 3389 4328; x_wconf 89' lang='lat' dir='ltr'><strong>diluvii,</strong></span> <span class='ocrx_word' id='word_1_746' title='bbox 3405 4276 3459 4318; x_wconf 90' lang='lat' dir='ltr'><strong>et</strong></span> <span class='ocrx_word' id='word_1_747' title='bbox 3484 4268 3552 4321; x_wconf 89' lang='lat' dir='ltr'><strong>ab</strong></span> 
     </span>
    </p>
   </div>
   <div class='ocr_carea' id='block_1_105' title="bbox 1976 4341 3552 4419">
    <p class='ocr_par' dir='ltr' id='par_1_105' title="bbox 1976 4341 3552 4419">
     <span class='ocr_line' id='line_1_105' title="bbox 1976 4341 3552 4419; baseline 0.012 -25"><span class='ocrx_word' id='word_1_748' title='bbox 1976 4355 2041 4394; x_wconf 92' lang='lat' dir='ltr'><strong>co</strong></span> <span class='ocrx_word' id='word_1_749' title='bbox 2064 4341 2397 4397; x_wconf 90' lang='lat' dir='ltr'><strong>liberationis</strong></span> <span class='ocrx_word' id='word_1_750' title='bbox 2417 4342 2713 4410; x_wconf 89' lang='lat' dir='ltr'><strong>hominum,</strong></span> <span class='ocrx_word' id='word_1_751' title='bbox 2745 4347 2972 4417; x_wconf 71' lang='lat' dir='ltr'><strong>vitaeque</strong></span> <span class='ocrx_word' id='word_1_752' title='bbox 3010 4365 3345 4419; x_wconf 64' lang='lat' dir='ltr'><strong>aerumnosas,</strong></span> <span class='ocrx_word' id='word_1_753' title='bbox 3393 4359 3552 4412; x_wconf 82' lang='lat' dir='ltr'><strong>modo</strong></span> 
     </span>
    </p>
   </div>
   <div class='ocr_carea' id='block_1_106' title="bbox 1971 4418 3552 4505">
    <p class='ocr_par' dir='ltr' id='par_1_106' title="bbox 1971 4418 3552 4505">
     <span class='ocr_line' id='line_1_106' title="bbox 1971 4418 3552 4505; baseline 0.012 -24"><span class='ocrx_word' id='word_1_754' title='bbox 1971 4430 2037 4482; x_wconf 88' lang='lat' dir='ltr'><strong>ad</strong></span> <span class='ocrx_word' id='word_1_755' title='bbox 2059 4418 2190 4496; x_wconf 83' lang='lat' dir='ltr'><strong>alta,</strong></span> <span class='ocrx_word' id='word_1_756' title='bbox 2216 4431 2375 4485; x_wconf 90' lang='lat' dir='ltr'><strong>modo</strong></span> <span class='ocrx_word' id='word_1_757' title='bbox 2397 4432 2463 4493; x_wconf 88' lang='lat' dir='ltr'><strong>ad</strong></span> <span class='ocrx_word' id='word_1_758' title='bbox 2488 4431 2644 4501; x_wconf 86' lang='lat' dir='ltr'><strong>plana</strong></span> <span class='ocrx_word' id='word_1_759' title='bbox 2675 4435 3045 4505; x_wconf 71' lang='lat' dir='ltr'><strong>migrantium,</strong></span> <span class='ocrx_word' id='word_1_760' title='bbox 3072 4438 3293 4495; x_wconf 89' lang='lat' dir='ltr'><strong>solemni</strong></span> <span class='ocrx_word' id='word_1_761' title='bbox 3326 4418 3552 4500; x_wconf 86' lang='lat' dir='ltr'><strong>celebri-</strong></span> 
     </span>
    </p>
   </div>
   <div class='ocr_carea' id='block_1_107' title="bbox 1972 4520 3546 4601">
    <p class='ocr_par' dir='ltr' id='par_1_107' title="bbox 1972 4520 3546 4601">
     <span class='ocr_line' id='line_1_107' title="bbox 1972 4520 3546 4601; baseline 0.011 -29"><span class='ocrx_word' id='word_1_762' title='bbox 1972 4526 2084 4573; x_wconf 86' lang='lat' dir='ltr'><strong>tate</strong></span> <span class='ocrx_word' id='word_1_763' title='bbox 2113 4528 2452 4576; x_wconf 81' lang='lat' dir='ltr'><strong>revocarunt.</strong></span> <span class='ocrx_word' id='word_1_764' title='bbox 2484 4520 2616 4576; x_wconf 93' lang='lat' dir='ltr'><strong>Nam</strong></span> <span class='ocrx_word' id='word_1_765' title='bbox 2657 4533 2713 4579; x_wconf 91' lang='lat' dir='ltr'><strong>et</strong></span> <span class='ocrx_word' id='word_1_766' title='bbox 2767 4524 3132 4596; x_wconf 87' lang='lat' dir='ltr'><strong>Lupercorum</strong></span> <span class='ocrx_word' id='word_1_767' title='bbox 3176 4546 3273 4601; x_wconf 90' lang='lat' dir='ltr'><strong>per</strong></span> <span class='ocrx_word' id='word_1_768' title='bbox 3320 4531 3546 4590; x_wconf 85' lang='lat' dir='ltr'><strong>Sacram</strong></span> 
     </span>
    </p>
   </div>
   <div class='ocr_carea' id='block_1_108' title="bbox 1969 4607 3547 4691">
    <p class='ocr_par' dir='ltr' id='par_1_108' title="bbox 1969 4607 3547 4691">
     <span class='ocr_line' id='line_1_108' title="bbox 1969 4607 3547 4691; baseline 0.013 -32"><span class='ocrx_word' id='word_1_769' title='bbox 1969 4607 2109 4661; x_wconf 85' lang='lat' dir='ltr'><strong>viam</strong></span> <span class='ocrx_word' id='word_1_770' title='bbox 2144 4623 2426 4664; x_wconf 90' lang='lat' dir='ltr'><strong>ascensum</strong></span> <span class='ocrx_word' id='word_1_771' title='bbox 2456 4618 2616 4681; x_wconf 90' lang='lat' dir='ltr'><strong>atque</strong></span> <span class='ocrx_word' id='word_1_772' title='bbox 2639 4612 2955 4671; x_wconf 87' lang='lat' dir='ltr'><strong>descensum</strong></span> <span class='ocrx_word' id='word_1_773' title='bbox 2988 4619 3065 4673; x_wconf 91' lang='lat' dir='ltr'><strong>sic</strong></span> <span class='ocrx_word' id='word_1_774' title='bbox 3110 4620 3547 4691; x_wconf 82' lang='lat' dir='ltr'><strong>interpretantur,</strong></span> 
     </span>
    </p>
   </div>
   <div class='ocr_carea' id='block_1_109' title="bbox 1971 4699 3551 4784">
    <p class='ocr_par' dir='ltr' id='par_1_109' title="bbox 1971 4699 3551 4784">
     <span class='ocr_line' id='line_1_109' title="bbox 1971 4699 3551 4784; baseline 0.012 -32"><span class='ocrx_word' id='word_1_775' title='bbox 1971 4709 2031 4753; x_wconf 91' lang='lat' dir='ltr'><strong>ut</strong></span> <span class='ocrx_word' id='word_1_776' title='bbox 2051 4699 2119 4753; x_wconf 89' lang='lat' dir='ltr'><strong>ab</strong></span> <span class='ocrx_word' id='word_1_777' title='bbox 2138 4700 2218 4755; x_wconf 91' lang='lat' dir='ltr'><strong>eis</strong></span> <span class='ocrx_word' id='word_1_778' title='bbox 2238 4700 2530 4772; x_wconf 90' lang='lat' dir='ltr'><strong>signiﬁcari</strong></span> <span class='ocrx_word' id='word_1_779' title='bbox 2556 4703 2734 4759; x_wconf 90' lang='lat' dir='ltr'><strong>dicant</strong></span> <span class='ocrx_word' id='word_1_780' title='bbox 2759 4706 3024 4773; x_wconf 83' lang='lat' dir='ltr'><strong>homines,</strong></span> <span class='ocrx_word' id='word_1_781' title='bbox 3048 4711 3136 4779; x_wconf 89' lang='lat' dir='ltr'><strong>qui</strong></span> <span class='ocrx_word' id='word_1_782' title='bbox 3158 4724 3379 4782; x_wconf 89' lang='lat' dir='ltr'><strong>propter</strong></span> <span class='ocrx_word' id='word_1_783' title='bbox 3401 4731 3551 4784; x_wconf 68' lang='lat' dir='ltr'><strong>aquae</strong></span> 
     </span>
    </p>
   </div>
   <div class='ocr_carea' id='block_1_110' title="bbox 1967 4789 3543 4867">
    <p class='ocr_par' dir='ltr' id='par_1_110' title="bbox 1967 4789 3543 4867">
     <span class='ocr_line' id='line_1_110' title="bbox 1967 4789 3543 4867; baseline 0.009 -24"><span class='ocrx_word' id='word_1_784' title='bbox 1967 4789 2369 4844; x_wconf 88' lang='lat' dir='ltr'><strong>inundationem</strong></span> <span class='ocrx_word' id='word_1_785' title='bbox 2394 4805 2603 4844; x_wconf 90' lang='lat' dir='ltr'><strong>summa</strong></span> <span class='ocrx_word' id='word_1_786' title='bbox 2631 4794 2893 4846; x_wconf 91' lang='lat' dir='ltr'><strong>montium</strong></span> <span class='ocrx_word' id='word_1_787' title='bbox 2918 4796 3243 4866; x_wconf 88' lang='lat' dir='ltr'><strong>petiverunt,</strong></span> <span class='ocrx_word' id='word_1_788' title='bbox 3263 4811 3318 4856; x_wconf 90' lang='lat' dir='ltr'><strong>et</strong></span> <span class='ocrx_word' id='word_1_789' title='bbox 3340 4819 3543 4867; x_wconf 85' lang='lat' dir='ltr'><strong>rursus,</strong></span> 
     </span>
    </p>
   </div>
   <div class='ocr_carea' id='block_1_111' title="bbox 1970 4880 3016 4946">
    <p class='ocr_par' dir='ltr' id='par_1_111' title="bbox 1970 4880 3016 4946">
     <span class='ocr_line' id='line_1_111' title="bbox 1970 4880 3016 4946; baseline 0.005 -13"><span class='ocrx_word' id='word_1_790' title='bbox 1970 4880 2156 4934; x_wconf 87' lang='lat' dir='ltr'><strong>eadem</strong></span> <span class='ocrx_word' id='word_1_791' title='bbox 2180 4881 2472 4946; x_wconf 90' lang='lat' dir='ltr'><strong>minuente,</strong></span> <span class='ocrx_word' id='word_1_792' title='bbox 2496 4880 2564 4934; x_wconf 91' lang='lat' dir='ltr'><strong>ad</strong></span> <span class='ocrx_word' id='word_1_793' title='bbox 2588 4881 2695 4935; x_wconf 88' lang='lat' dir='ltr'><strong>ima</strong></span> <span class='ocrx_word' id='word_1_794' title='bbox 2720 4884 3016 4942; x_wconf 87' lang='lat' dir='ltr'><strong>redierunt.</strong></span> 
     </span>
    </p>
   </div>
   <div class='ocr_carea' id='block_1_112' title="bbox 1966 4990 3542 5158">
    <p class='ocr_par' dir='ltr' id='par_1_112' title="bbox 1966 4990 3542 5158">
     <span class='ocr_line' id='line_1_112' title="bbox 1966 4990 3542 5158; baseline 0.008 -24"><span class='ocrx_word' id='word_1_795' title='bbox 1966 5079 2045 5135; x_wconf 76' lang='lat' dir='ltr'><strong>De</strong></span> <span class='ocrx_word' id='word_1_796' title='bbox 2074 5081 2279 5150; x_wconf 85' lang='lat' dir='ltr'><strong>Progne</strong></span> <span class='ocrx_word' id='word_1_797' title='bbox 2304 5089 2351 5134; x_wconf 79' lang='lat' dir='ltr'><strong>et</strong></span> <span class='ocrx_word' id='word_1_798' title='bbox 2395 4990 2939 5154; x_wconf 47' lang='lat' dir='ltr'><strong>Philongﬁttnélrre);</strong></span> <span class='ocrx_word' id='word_1_799' title='bbox 2968 5085 3256 5141; x_wconf 72' lang='lat' dir='ltr'><strong>Thebarum</strong></span> <span class='ocrx_word' id='word_1_800' title='bbox 3303 5088 3542 5158; x_wconf 64' lang='lat' dir='ltr'><strong>Cathmo,</strong></span> 
     </span>
    </p>
   </div>
   <div class='ocr_carea' id='block_1_113' title="bbox 2034 5178 3541 5259">
    <p class='ocr_par' dir='ltr' id='par_1_113' title="bbox 2034 5178 3541 5259">
     <span class='ocr_line' id='line_1_113' title="bbox 2034 5178 3541 5259; baseline 0.009 -27"><span class='ocrx_word' id='word_1_801' title='bbox 2034 5178 2377 5250; x_wconf 85' lang='lat' dir='ltr'><strong>Assyriorum</strong></span> <span class='ocrx_word' id='word_1_802' title='bbox 2404 5178 2567 5234; x_wconf 81' lang='lat' dir='ltr'><strong>XVIII</strong></span> <span class='ocrx_word' id='word_1_803' title='bbox 2595 5180 2875 5248; x_wconf 86' lang='lat' dir='ltr'><strong>Beloehus,</strong></span> <span class='ocrx_word' id='word_1_804' title='bbox 2909 5185 3066 5240; x_wconf 88' lang='lat' dir='ltr'><strong>annis</strong></span> <span class='ocrx_word' id='word_1_805' title='bbox 3102 5185 3195 5242; x_wconf 74' lang='lat'><strong>25.</strong></span> <span class='ocrx_word' id='word_1_806' title='bbox 3240 5187 3407 5259; x_wconf 80' lang='lat' dir='ltr'><strong>Hujus</strong></span> <span class='ocrx_word' id='word_1_807' title='bbox 3439 5192 3541 5245; x_wconf 86' lang='lat' dir='ltr'><strong>ﬁlia</strong></span> 
     </span>
    </p>
   </div>
   <div class='ocr_carea' id='block_1_114' title="bbox 1970 5267 3543 5346">
    <p class='ocr_par' dir='ltr' id='par_1_114' title="bbox 1970 5267 3543 5346">
     <span class='ocr_line' id='line_1_114' title="bbox 1970 5267 3543 5346; baseline 0.008 -23"><span class='ocrx_word' id='word_1_808' title='bbox 1970 5268 2133 5334; x_wconf 88' lang='lat' dir='ltr'><strong>Tosa,</strong></span> <span class='ocrx_word' id='word_1_809' title='bbox 2163 5284 2282 5338; x_wconf 64' lang='lat' dir='ltr'><strong>qua:</strong></span> <span class='ocrx_word' id='word_1_810' title='bbox 2315 5276 2371 5322; x_wconf 92' lang='lat' dir='ltr'><strong>et</strong></span> <span class='ocrx_word' id='word_1_811' title='bbox 2395 5267 2733 5334; x_wconf 88' lang='lat' dir='ltr'><strong>Semiramis,</strong></span> <span class='ocrx_word' id='word_1_812' title='bbox 2771 5274 3013 5343; x_wconf 85' lang='lat' dir='ltr'><strong>regnavit</strong></span> <span class='ocrx_word' id='word_1_813' title='bbox 3043 5290 3165 5330; x_wconf 91' lang='lat' dir='ltr'><strong>cum</strong></span> <span class='ocrx_word' id='word_1_814' title='bbox 3209 5288 3363 5346; x_wconf 90' lang='lat' dir='ltr'><strong>patre</strong></span> <span class='ocrx_word' id='word_1_815' title='bbox 3390 5283 3543 5335; x_wconf 77' lang='lat' dir='ltr'><strong>anuis</strong></span> 
     </span>
    </p>
   </div>
   <div class='ocr_carea' id='block_1_115' title="bbox 1967 5358 3542 5439">
    <p class='ocr_par' dir='ltr' id='par_1_115' title="bbox 1967 5358 3542 5439">
     <span class='ocr_line' id='line_1_115' title="bbox 1967 5358 3542 5439; baseline 0 -27"><span class='ocrx_word' id='word_1_816' title='bbox 1967 5366 2111 5412; x_wconf 88' lang='lat' dir='ltr'><strong>octo.</strong></span> <span class='ocrx_word' id='word_1_817' title='bbox 2137 5359 2218 5413; x_wconf 90' lang='lat' dir='ltr'><strong>Ab</strong></span> <span class='ocrx_word' id='word_1_818' title='bbox 2243 5358 2392 5412; x_wconf 81' lang='lat' dir='ltr'><strong>exitu</strong></span> <span class='ocrx_word' id='word_1_819' title='bbox 2414 5358 2644 5414; x_wconf 89' lang='lat' dir='ltr'><strong>ﬁliorum</strong></span> <span class='ocrx_word' id='word_1_820' title='bbox 2685 5360 2847 5415; x_wconf 87' lang='lat' dir='ltr'><strong>Israel</strong></span> <span class='ocrx_word' id='word_1_821' title='bbox 2891 5378 2958 5417; x_wconf 85' lang='lat' dir='ltr'><strong>ex</strong></span> <span class='ocrx_word' id='word_1_822' title='bbox 3006 5362 3238 5436; x_wconf 63' lang='lat' dir='ltr'><strong>Egypto</strong></span> <span class='ocrx_word' id='word_1_823' title='bbox 3264 5377 3542 5439; x_wconf 71' lang='lat' dir='ltr'><strong>septuage-</strong></span> 
     </span>
    </p>
   </div>
   <div class='ocr_carea' id='block_1_116' title="bbox 1969 5449 3541 5526">
    <p class='ocr_par' dir='ltr' id='par_1_116' title="bbox 1969 5449 3541 5526">
     <span class='ocr_line' id='line_1_116' title="bbox 1969 5449 3541 5526; baseline 0.006 -24"><span class='ocrx_word' id='word_1_824' title='bbox 1969 5449 2138 5502; x_wconf 89' lang='lat' dir='ltr'><strong>simus</strong></span> <span class='ocrx_word' id='word_1_825' title='bbox 2162 5449 2422 5517; x_wconf 89' lang='lat' dir='ltr'><strong>septimus</strong></span> <span class='ocrx_word' id='word_1_826' title='bbox 2450 5457 2568 5503; x_wconf 87' lang='lat' dir='ltr'><strong>erat</strong></span> <span class='ocrx_word' id='word_1_827' title='bbox 2594 5464 2786 5503; x_wconf 88' lang='lat' dir='ltr'><strong>annus.</strong></span> <span class='ocrx_word' id='word_1_828' title='bbox 2814 5449 3117 5507; x_wconf 74' lang='lat' dir='ltr'><strong>Judzeorum</strong></span> <span class='ocrx_word' id='word_1_829' title='bbox 3148 5456 3354 5524; x_wconf 88' lang='lat' dir='ltr'><strong>primus</strong></span> <span class='ocrx_word' id='word_1_830' title='bbox 3375 5456 3541 5526; x_wconf 83' lang='lat' dir='ltr'><strong>judex</strong></span> 
     </span>
    </p>
   </div>
   <div class='ocr_carea' id='block_1_117' title="bbox 1969 5535 3535 5615">
    <p class='ocr_par' dir='ltr' id='par_1_117' title="bbox 1969 5535 3535 5615">
     <span class='ocr_line' id='line_1_117' title="bbox 1969 5535 3535 5615; baseline 0.004 -24"><span class='ocrx_word' id='word_1_831' title='bbox 1969 5535 2252 5592; x_wconf 90' lang='lat' dir='ltr'><strong>Gothoniel</strong></span> <span class='ocrx_word' id='word_1_832' title='bbox 2294 5536 2408 5605; x_wconf 89' lang='lat' dir='ltr'><strong>jam</strong></span> <span class='ocrx_word' id='word_1_833' title='bbox 2460 5538 2619 5592; x_wconf 87' lang='lat' dir='ltr'><strong>annis</strong></span> <span class='ocrx_word' id='word_1_834' title='bbox 2659 5536 2907 5592; x_wconf 89' lang='lat' dir='ltr'><strong>undecim</strong></span> <span class='ocrx_word' id='word_1_835' title='bbox 2947 5538 3224 5607; x_wconf 87' lang='lat' dir='ltr'><strong>judicabat</strong></span> <span class='ocrx_word' id='word_1_836' title='bbox 3263 5546 3535 5615; x_wconf 71' lang='lat' dir='ltr'><strong>populum.</strong></span> 
     </span>
    </p>
   </div>
   <div class='ocr_carea' id='block_1_118' title="bbox 1969 5625 3535 5706">
    <p class='ocr_par' dir='ltr' id='par_1_118' title="bbox 1969 5625 3535 5706">
     <span class='ocr_line' id='line_1_118' title="bbox 1969 5625 3535 5706; baseline 0.006 -25"><span class='ocrx_word' id='word_1_837' title='bbox 1969 5626 2232 5695; x_wconf 81' lang='lat' dir='ltr'><strong>Deinceps</strong></span> <span class='ocrx_word' id='word_1_838' title='bbox 2284 5633 2463 5682; x_wconf 87' lang='lat' dir='ltr'><strong>autem</strong></span> <span class='ocrx_word' id='word_1_839' title='bbox 2506 5625 2691 5696; x_wconf 89' lang='lat' dir='ltr'><strong>viginti</strong></span> <span class='ocrx_word' id='word_1_840' title='bbox 2741 5640 2935 5682; x_wconf 89' lang='lat' dir='ltr'><strong>novem</strong></span> <span class='ocrx_word' id='word_1_841' title='bbox 2982 5630 3137 5687; x_wconf 82' lang='lat' dir='ltr'><strong>annis</strong></span> <span class='ocrx_word' id='word_1_842' title='bbox 3185 5632 3416 5703; x_wconf 70' lang='lat' dir='ltr'><strong>praefuit,</strong></span> <span class='ocrx_word' id='word_1_843' title='bbox 3442 5632 3535 5706; x_wconf 87' lang='lat' dir='ltr'><strong>qui</strong></span> 
     </span>
    </p>
   </div>
  </div>
