3900 6178
322 330 429 390 955

1338 330 1733 387 FRECULI’III
1771 326 2230 388 LEXOVIENSIS
2265 330 2572 392 EPISCOPI

3481 344 3599 399 956

322 463 451 505 cum
491 414 865 521 superioribus
912 443 1049 498 ﬁunt
1095 442 1469 513 quadraginta.
1523 442 1895 514 Sycioniorum
1924 445 1976 506 Α
1999 444 2207 515 primus
2238 446 2492 513 instituit,
2518 448 2878 519 templumque
2921 450 3220 508 fabricavit.
3247 455 3355 511 Nec
3382 459 3431 513 ei
3466 470 3601 514 tan-

326 535 470 593 XVII
492 536 756 605 Epopeus.
777 532 1187 589 Atheniensium
1211 538 1389 585 autem
1407 529 1452 584 V
1465 530 1726 595 Pandion,
1747 530 1907 602 Argis

328 628 400 682 XI
443 627 705 698 Lynceus.
765 624 863 678 His
908 622 1256 693 regnantibus
1310 621 1581 691 subjectos
1618 630 1907 678 tenuerunt

329 718 587 774 IIebrmos
607 714 919 785 alienigenae
945 717 1102 768 armis
1125 721 1269 779 octo,
1312 713 1401 782 qui
1438 713 1738 784 junguntur
1773 722 1907 770 tem-

326 806 547 876 poribus
571 804 875 868 Gothoniel,
900 803 1191 858 secundum
1211 802 1517 858 Iudaeorum
1542 804 1904 859 traditionem.

329 896 617 952 Gothonicl
646 904 825 950 autem
872 893 1038 963 iudex
1068 909 1133 949 ex
1185 895 1329 949 tribu
1377 895 1513 950 Juda
1566 894 1686 949 fuit.
1742 895 1909 967 Igitur

330 988 570 1057 suscepit
596 987 825 1041 Phinees
863 1000 928 1040 eo
955 994 1193 1055 tempore
1222 985 1593 1054 pontiﬁcatum
1629 986 1775 1055 apud
1806 985 1911 1041 He-

331 1081 544 1144 brtcos;
598 1078 737 1148 apud
781 1076 956 1147 Argos
1005 1084 1184 1131 autem
1238 1077 1541 1131 sacerdotio
1590 1076 1773 1131 functa
1827 1084 1912 1132 est

331 1170 715 1242 Hypermestra
753 1169 919 1224 Danai
954 1167 1080 1221 ﬁlia.
1118 1168 1259 1237 Ergo
1307 1167 1534 1237 Europa:
1582 1166 1704 1221 Illize
1751 1167 1912 1222 Phat-

332 1262 471 1317 nicis
511 1262 708 1315 mixtus
750 1269 833 1315 est
873 1259 1102 1328 Jupiter.
1144 1258 1275 1312 Post
1303 1259 1418 1313 haec
1463 1272 1593 1312 vero
1632 1273 1663 1311 a
1690 1257 1913 1312 Creten-

333 1353 483 1407 sibus
502 1361 653 1420 rapta
677 1360 761 1407 est
786 1350 930 1417 navi,
965 1350 1050 1405 cui
1074 1349 1175 1404 fuit
1206 1350 1261 1403 in
1294 1349 1448 1418 signo
1489 1358 1696 1405 taurus.
1739 1348 1912 1414 Quam

333 1448 519 1508 postea
548 1440 796 1495 Asterius
840 1438 1023 1510 (quem
1076 1439 1167 1493 alii
1212 1439 1520 1493 Exanthum
1561 1439 1776 1511 vocant)
1816 1453 1914 1493 rex

335 1528 672 1584 Cretensium
728 1542 952 1584 uxorem
997 1528 1290 1599 accipiens,
1344 1528 1575 1583 Minoem
1627 1544 1695 1582 ex
1745 1544 1829 1593 ea,
1858 1536 1914 1583 et

339 1619 736 1673 Padamautmn
767 1658 783 1684 ,
835 1626 890 1674 et
944 1617 1309 1687 Sarpedonem
1368 1619 1691 1689 procreavit.
1764 1619 1914 1674 Tunc

332 1711 497 1764 ctiam
527 1709 722 1765 Therei
746 1708 971 1781 Prognse
1008 1718 1064 1766 et
1090 1709 1420 1778 Philomelaa,
1464 1712 1667 1766 incesto
1692 1712 1914 1780 parrici-

2011 543 2125 590 tum
2176 536 2329 593 ludos
2378 539 2493 594 ﬁeri
2532 542 2764 607 censuit,
2822 544 2917 599 sed
2957 544 3123 599 etiam
3176 547 3455 615 Minervae,
3494 556 3602 609 ubi

2008 626 2242 696 primum
2270 628 2563 685 victoribus
2604 630 2778 685 oleum
2801 633 3120 702 ponebatur,
3145 638 3288 706 quod
3333 638 3450 707 ejus
3475 643 3604 697 fru—

2010 726 2131 772 ctus
2155 718 2505 776 inventricem
2536 721 2845 787 Minervam,
2871 724 3010 780 sicut
3033 727 3141 782 vini
3170 728 3444 795 Liberum,
3469 744 3603 787 tra-

2010 809 2160 863 dent.
2207 809 2463 867 Hercules
2491 820 2671 867 autem
2698 829 2992 884 cognomen
3033 815 3307 873 Desanaus
3339 820 3390 874 in
3417 820 3601 877 Phae-

2009 897 2130 953 nice
2175 898 2353 954 clarus
2373 900 2620 967 habetur,
2647 902 2770 957 inde
2794 904 2859 957 ad
2888 912 3129 960 nostram
3175 923 3345 977 usque
3371 926 3605 966 memo—

2010 986 2166 1052 riam,
2191 1003 2221 1042 a
2253 989 2659 1059 Cappadocibus
2683 1000 2737 1048 et
2770 993 3072 1052 Eliensihus
3113 999 3382 1057 Dessnaus
3404 1005 3605 1059 adhuc

2010 1074 2227 1141 dicitur,
2248 1077 2343 1131 sed
2369 1079 2619 1135 nimirum
2640 1081 2776 1137 alius
2789 1081 3067 1150 Hercules,
3096 1102 3199 1142 non
3226 1089 3312 1144 ille
3336 1093 3493 1162 cujus
3508 1094 3601 1149 in-

2010 1166 2188 1235 gentia
2213 1174 2267 1221 et
2292 1168 2702 1225 innumerabilia
2719 1170 2859 1226 facta
2887 1185 3197 1243 narrantur,
3223 1179 3311 1235 hic
3339 1180 3463 1235 fuit.
3490 1183 3597 1239 llis

2013 1256 2345 1325 temporibus
2373 1257 2702 1330 Dionysium,
2733 1262 2823 1330 qui
2846 1263 3007 1317 etiam
3046 1264 3209 1321 Liber
3230 1278 3383 1337 pater
3403 1271 3599 1328 dictus

2010 1351 2115 1409 est,
2147 1355 2202 1398 et
2250 1354 2373 1415 post
2419 1356 2647 1403 mortem
2705 1350 2837 1407 deus
2891 1352 3131 1420 habitus,
3182 1356 3355 1445 ’vitem
3401 1360 3603 1416 ferunt

2011 1434 2310 1490 ostendisse
2358 1436 2411 1490 in
2439 1436 2614 1491 Attica
2666 1445 2811 1493 terra
2844 1440 3042 1511 hospiti
3074 1434 3199 1498 suo:
3239 1445 3600 1504 Ericthonius

2012 1520 2175 1575 etiam
2196 1520 2414 1577 Vulcani
2434 1532 2488 1578 et
2502 1532 2660 1580 terra:
2675 1525 2835 1593 ﬁlius,
2852 1529 2946 1598 qui
2961 1529 3028 1583 ab
3048 1530 3281 1588 Homero
3296 1535 3597 1592 Erictheus

2012 1622 2255 1681 vocatur,
2313 1614 2398 1670 his
2447 1616 2799 1685 regnantibus
2834 1617 2955 1673 fuit.
3005 1620 3083 1675 Eo
3120 1622 3314 1692 quippe
3340 1634 3599 1696 tempore

2014 1701 2183 1759 Arcas
2208 1703 2349 1760 ﬁlius
2372 1703 2541 1772 Iovis,
2568 1714 2627 1760 et
2648 1706 2977 1776 Callistonis,
3005 1711 3242 1783 Pelasgis
3268 1714 3321 1767 in
3348 1715 3594 1771 deditio-

331 1801 479 1853 dium
509 1798 838 1867 adjunctum,
864 1809 1026 1870 atque
1050 1802 1437 1858 exsecrabilius
1466 1812 1693 1872 utroque
1717 1804 1904 1858 convi-
1931 1784 1979 1844 Β
2006 1807 2130 1847 nem
2156 1793 2412 1860 Γθάθοῐίεν
2435 1795 2705 1865 regionem
2716 1813 2903 1854 eorum
2922 1799 3207 1857 Arcadiam
3232 1809 3588 1877 nuncupavit-

329 1887 475 1940 vinm
502 1902 599 1956 per
636 1886 880 1944 infandos
914 1889 1063 1945 cibos
1111 1890 1371 1957 additum,
1398 1904 1522 1945 cum
1564 1900 1783 1961 propter
1823 1906 1910 1948 so-

331 1973 474 2029 roris
521 1975 836 2044 pudicitiam
892 1984 1154 2047 ereptam,
1207 1979 1596 2049 praecisamque
1652 1980 1907 2050 linguam,

332 2063 497 2117 ﬁlium
544 2064 823 2134 parvulum
868 2075 1042 2122 mater
1066 2068 1282 2133 occidit,
1333 2077 1489 2138 pater
1530 2072 1783 2127 comedit.
1814 2072 1909 2127 Ha:

332 2168 566 2223 namque
586 2153 798 2225 Progne
833 2164 996 2226 atque
1018 2156 1312 2213 Philomela
1356 2159 1648 2215 Pandionis
1693 2160 1910 2217 fuerunt

329 2243 473 2308 ﬁlim,
504 2245 597 2314 qui
644 2245 784 2302 ﬁlius
829 2246 1065 2303 Ericthei
1105 2249 1225 2304 fuit.
1258 2249 1409 2306 Tunc
1449 2252 1612 2306 etiam
1651 2251 1909 2309 Calhmus

331 2337 575 2408 regnavit
616 2336 880 2406 Thebaeis,
930 2354 997 2395 ex
1038 2342 1191 2411 cujus
1237 2341 1345 2397 ﬁlia
1370 2342 1610 2399 'Semele
1640 2352 1798 2400 natus
1824 2353 1910 2400 est

328 2423 634 2497 Dionysius,
664 2427 720 2482 id
743 2438 844 2494 est,
873 2430 1035 2485 Liber
1077 2431 1258 2497 Pater,
1288 2434 1389 2488 sub
1415 2449 1523 2503 quo
1565 2433 1733 2489 Linus
1765 2435 1908 2490 'I‘he-

283 2528 286 2532 λ
330 2516 479 2571 Ιιωιιε
507 2519 745 2573 musicus
793 2520 912 2573 fuit.
963 2519 1129 2575 Melus
1169 2522 1330 2576 etiam
1379 2531 1436 2576 et
1481 2522 1700 2592 Paphus
1746 2531 1907 2593 atque

332 2605 590 2673 Tharsus,
624 2606 707 2661 vel
751 2608 982 2674 Thasus,
1014 2608 1322 2679 Cslistaque
1364 2620 1419 2665 et
1441 2611 1697 2677 Bithiuia,
1744 2613 1907 2668 urbes

328 2693 559 2750 condita:
581 2703 726 2750 sunt.
765 2695 936 2751 Linus
980 2705 1159 2753 autem
1206 2699 1490 2767 Thebams,
1522 2708 1577 2755 et
1603 2701 1826 2767 Zethus,
1852 2710 1907 2755 et

326 2787 616 2857 Amphion,
647 2788 702 2842 in
737 2788 942 2844 musica
969 2798 1086 2845 arte
1132 2791 1456 2855 clarescunt,
1509 2793 1602 2861 qui
1630 2800 1758 2846 tunc
1783 2801 1905 2862 post

326 2877 613 2933 Cathmum
641 2878 886 2934 Thebaeis
934 2881 1247 2951 regnabant.
1274 2880 1331 2934 In
1379 2881 1645 2935 Dardania
1674 2897 1905 2952 namque

328 2970 569 3039 regnavit
594 2970 955 3049 Ericthonius,
982 2973 1213 3027 Dardani
1259 2972 1418 3028 ﬁlius.
1457 2973 1627 3040 Quem
1656 2974 1904 3028 Erictho—

326 3058 474 3112 nium
502 3059 771 3114 ﬁnxerunt
797 3060 1027 3130 Neptuni
1055 3070 1110 3117 et
1159 3062 1411 3117 Minervze
1456 3063 1644 3126 ﬁlium,
1692 3063 1819 3132 quia
1846 3063 1899 3117 in

2008 1882 2151 1955 Ergo
2175 1898 2207 1938 a
2252 1885 2578 1942 Deucalione
2615 1887 2863 1957 Helleue,
2895 1901 2950 1947 et
2993 1892 3183 1966 Pyrra,
3213 1897 3267 1950 hi
3297 1899 3389 1968 qui
3430 1902 3589 1969 prius

2007 1974 2180 2031 Graeci
2206 1984 2334 2033 tunc
2362 1978 2606 2035 Hellenos
2641 1986 2929 2054 nuncupati
2961 1995 3105 2053 sunt,
3133 1997 3188 2044 et
3215 1989 3382 2047 Actea
3406 1992 3586 2050 Bena-

2007 2065 2147 2120 ctica
2176 2074 2259 2121 est
2298 2076 2509 2123 vocata.
2557 2068 2725 2140 Igitur
2759 2073 2825 2128 de
2872 2074 3073 2131 diluvio
3115 2080 3255 2147 quod
3302 2091 3430 2138 tunc
3481 2086 3586 2139 sub

2008 2151 2331 2210 Deucalione
2380 2157 2434 2210 in
2497 2156 2797 2226 Thessalia,
2851 2171 2906 2218 et
2968 2164 3214 2222 incendio
3279 2170 3420 2239 quod
3479 2175 3583 2228 sub

2006 2242 2304 2300 Phaetonte
2332 2244 2534 2302 factum
2577 2263 2680 2315 est,
2726 2253 2793 2307 de
2823 2256 3141 2324 pestilentiis
3183 2259 3349 2315 etiam
3392 2263 3579 2317 multi-

2008 2334 2187 2389 modis
2205 2335 2510 2407 Ethiopize,
2537 2354 2657 2409 qua:
2704 2348 2832 2398 tunc
2856 2346 3218 2417 contigerunt,
3246 2346 3473 2407 Orosius
3522 2354 3576 2407 in

2007 2422 2154 2480 hunc
2181 2423 2289 2481 fert
2307 2428 2523 2483 modum
2550 2448 2564 2485 :
2589 2431 2744 2489 Anno
2766 2435 3211 2507 octingentesimo
3229 2449 3357 2498 ante
3386 2444 3575 2499 urbem

2005 2512 2300 2602 conditam,
2326 2514 2669 2587 Amphiction
2693 2520 2918 2579 Athenis
2948 2527 3139 2583 tertius
3166 2544 3196 2583 a
3225 2528 3465 2602 Cecrope
3495 2549 3577 2586 rc-

2006 2601 2210 2670 gnavit.
2233 2601 2397 2673 Cujus
2427 2609 2758 2677 temporibus
2786 2626 3049 2684 aquarum
3077 2616 3289 2674 illuvies
3314 2601 3571 2692 majorem

2005 2702 2213 2783 partem
2243 2698 2560 2767 pepulerum
2602 2699 2892 2760 Thessaliae
2934 2708 3230 2778 absumpsit
3267 2713 3452 2782 paucis
3480 2730 3574 2783 per

2005 2782 2215 2854 refugia
2256 2787 2520 2843 montium
2559 2790 2821 2860 liberatis,
2865 2798 3098 2854 maxime
3136 2801 3188 2854 in
3233 2812 3413 2859 monte
3444 2782 3593 2858 Par:

2004 2890 2185 2942 nasso,
2211 2876 2265 2932 in
2301 2880 2454 2950 cujus
2475 2881 2702 2938 circuitu
2744 2886 3035 2944 Deucalion
3062 2898 3189 2947 tunc
3211 2909 3375 2966 regno
3398 2897 3572 2966 potie—

2007 2962 2168 3019 batur
2191 2983 2205 3019 :
2233 2967 2323 3036 qui
2347 2976 2474 3024 tunc
2493 2971 2560 3024 ad
2579 2986 2638 3026 se
2655 2975 2865 3037 ratibus
2877 2976 3266 3049 confugientes,
3276 2962 3571 3052 susceptos

2005 3067 2105 3121 per
2122 3054 2335 3141 gemina
2379 3055 2628 3113 Parnassi
2652 3061 2780 3132 juga
2816 3062 2949 3119 fovit
2975 3066 3229 3138 aluitque.
3253 3070 3295 3124 A
3319 3085 3429 3140 quo
3448 3088 3571 3142 puo-

327 3148 526 3219 templo
564 3148 787 3204 Vulcani
841 3162 896 3207 et
924 3152 1195 3217 Minervae,
1228 3154 1370 3222 quod
1417 3155 1576 3207 ambo
1603 3170 1770 3208 unum
1795 3155 1897 3208 ha-

2001 3151 2184 3212 pterea
2222 3135 2392 3216 genus
2424 3149 2698 3205 hominum
2729 3151 3040 3212 Graecorum
3069 3135 3262 3215 fabula:
3288 3135 3356 3219 ei
3384 3135 3575 3232 lapidi-

326 3239 527 3293 hebant
567 3237 813 3304 Athenis,
855 3241 1129 3310 expositus
1172 3242 1418 3296 inventus
1452 3251 1537 3297 est
1564 3243 1796 3299 dracone
1826 3246 1905 3299 in-

329 3328 564 3393 volutus,
608 3328 699 3398 qui
728 3344 849 3384 eum
900 3328 1223 3399 signiﬁcavit
1272 3347 1523 3402 magnum
1556 3332 1818 3399 futurum,
1851 3341 1905 3388 et

325 3427 546 3489 propter
596 3434 883 3476 commune
934 3421 1187 3490 templum
1250 3429 1304 3476 et
1359 3423 1570 3493 ignotos
1626 3432 1901 3493 parentes,

327 3508 492 3563 ﬁlium
513 3508 735 3564 deorum
755 3525 874 3565 esse
917 3510 1186 3566 dixerunt.
1214 3511 1290 3566 Ea
1312 3528 1431 3582 quze
1459 3514 1525 3568 de
1546 3514 1714 3569 Diana
1740 3530 1900 3585 quam

323 3594 518 3650 Isidem
545 3610 664 3651 esse
686 3597 857 3663 aiunt,
890 3605 945 3653 et
974 3598 1153 3654 Danae
1181 3601 1504 3667 referuntur,
1535 3619 1602 3658 ex
1643 3619 1748 3673 qua
1776 3605 1901 3661 Per-

324 3699 415 3738 sus
465 3686 724 3752 nascitur,
778 3687 863 3742 his
923 3696 1075 3759 gesta
1131 3691 1463 3759 temporibus
1499 3701 1642 3747 sunt.
1697 3695 1899 3765 Ephira

322 3788 471 3838 vero,
504 3790 624 3844 qua:
660 3788 802 3833 nunc
826 3778 1118 3834 Corinthus
1169 3790 1416 3846 vocatur,
1445 3798 1475 3836 a
1508 3782 1735 3854 Sysipho
1764 3801 1896 3840 con-

322 3862 450 3917 dita.
484 3862 735 3919 Armenia
765 3882 794 3920 a
816 3866 1042 3922 Cathmo
1065 3877 1145 3923 est
1171 3879 1347 3939 capta.
1382 3871 1609 3927 Phtenix
1638 3883 1816 3929 autem
1842 3883 1897 3930 et

320 3952 596 4019 Catbmus,
626 3955 693 4010 de
731 3954 960 4013 Thebeis
1004 3958 1379 4030 Egyptiorum
1432 3962 1486 4016 in
1519 3962 1730 4035 Syriam
1770 3980 1894 4035 pro—

318 4039 470 4106 fecti,
518 4044 659 4113 apud
711 4043 910 4116 Tyrum
940 4056 995 4102 et
1047 4048 1320 4120 Sydonem
1374 4065 1756 4124 regnaverunt.
1797 4056 1892 4112 IIis

319 4134 649 4202 temporibus
670 4145 821 4193 erant
850 4137 943 4210 qui
984 4136 1191 4196 ferrum
1219 4153 1559 4214 repererunt,
1601 4155 1661 4202 ut
1684 4147 1888 4217 dicunt,

316 4222 440 4277 Idzei
468 4223 693 4296 Dactyli.

931 4318 1159 4378 CAPUT
1184 4323 1275 4379 XI.

2002 3233 2105 3287 bus
2147 3243 2452 3304 reparatum
2506 3237 2704 3305 ferunt,
2760 3253 2983 3314 propter
3042 3246 3319 3304 hominum
3354 3251 3570 3307 insitam

2002 3320 2180 3378 cordis
2200 3322 2478 3382 duritiam.
2504 3327 2655 3387 Tunc
2681 3332 2845 3388 etiam
2874 3335 2927 3389 in
2957 3334 3227 3408 Ethiopia
3252 3349 3434 3409 pestes
3457 3342 3574 3410 pluo

2000 3411 2190 3477 rimas,
2207 3414 2461 3487 dirosque
2481 3420 2722 3494 morbos,
2741 3438 2878 3493 pene
2901 3441 3069 3495 usque
3089 3427 3157 3481 ad
3184 3429 3572 3486 desolationem

2000 3504 2380 3561 exaestuavisse
2412 3505 2564 3563 Plato
2595 3511 2746 3566 testis
2770 3522 2870 3568 est.
2914 3514 2976 3569 Et
2996 3532 3063 3571 ne
3084 3516 3223 3573 forte
3245 3519 3416 3575 divisa
3441 3530 3573 3577 tem-

1997 3603 2128 3658 pora
2149 3607 2271 3649 esse
2295 3597 2520 3654 credant
2549 3599 2643 3655 ira:
2663 3601 2758 3657 Dei
2780 3603 3083 3677 furorisque
3110 3607 3310 3677 bellici,
3338 3627 3401 3667 ea
3435 3622 3571 3668 tem-

2230 3685 2508 3742 subactam
2536 3687 2741 3746 Indiam
2774 3692 2936 3750 Liber
2961 3705 3113 3765 pater
3143 3701 3408 3772 sanguine
3460 3720 3572 3758 ma-

1996 3768 2215 3864 defecit,
2263 3774 2499 3864 credibus
2545 3779 2799 3864 opplevit,
2828 3783 3137 3842 libidinibus
3180 3768 3391 3859 polluit,
3438 3810 3572 3864 gen-

1998 3864 2103 3912 tem
2127 3859 2311 3929 utique
2339 3863 2470 3918 nulli
2492 3862 2726 3938 unquam
2749 3871 3023 3930 hominum
3043 3877 3352 3947 obnoxiam,
3376 3859 3571 3939 verna-

2001 3945 2120 4000 cuia
2150 3956 2359 4005 tantum
2385 3954 2568 4022 quiete
2591 3968 2922 4017 contentam.

2589 4065 2816 4124 CAPUT
2845 4070 2954 4126 XII.

1993 4145 3457 4248 “252233.331?adigeret“!{semper

2058 4218 2143 4273 bes
2158 4220 2442 4279 distribuit.
2459 4223 2704 4282 Theseum
2721 4218 2970 4288 Hercules
2988 4218 3055 4289 ab

2055 4328 2398 4403 Assyriorum
2446 4334 2543 4389 XX
2594 4336 2914 4411 Lamprides
2936 4347 3094 4402 annis
3141 4347 3229 4403 32.
3280 4351 3363 4407 Ab
3419 4354 3562 4407 exitu

321 4421 467 4527 Ludi,
480 4424 535 4477 in
558 4426 1344 4527 hpnorein;AKollinisinstituti,
1372 4456 1472 4510 quo
1499 4451 1723 4527 tempore
1752 4444 1886 4527 Her-
1910 4467 1962 4527 ι)
1985 4417 2149 4527 {smel
2199 4436 2281 4527 ξιξ
2320 4424 2552 4527 Egypt"
2600 4430 2737 4527 ,³ηἾὶ
2792 4432 2913 4527 {52'
2965 4432 3343 4527 δγςξοηίοτυω
3398 4442 3559 4498 XVI"

383 4493 821 4569 culesrlaruiget
855 4493 1135 4569 Dionysius
1176 4493 1343 4558 vilem.
1366 4493 1622 4564 ostendit.r
1639 4493 1878 4569 lien—[vde

384 4561 578 4620 diluvio
606 4567 700 4618 sub
731 4561 1052 4622 Deucalione
1092 4581 1140 4624 et
1163 4561 1412 4630 incendio
1443 4561 1874 4639 ieib‘P/ah'éib'ué'.

382 4671 722 4742 Assyriorum
764 4675 887 4730 XIX
920 4676 1254 4751 Bellespares
1305 4688 1460 4743 annis
1500 4690 1739 4760 triginta.
1793 4694 1876 4750 Ab

306 4774 526 4831 egressu
552 4762 781 4820 ﬁliorum
801 4764 966 4822 Israel
990 4783 1057 4823 ex
1086 4770 1316 4843 Egypto
1347 4777 1472 4830 anni
1502 4790 1715 4834 centum
1748 4784 1871 4839 duo.

1983 4506 2312 4577 Laomedon,
2343 4515 2561 4584 subquo
2585 4515 2773 4587 Apollo
2800 4506 3017 4579 Latonze
3030 4525 3172 4584 ﬁlius
3198 4528 3430 4587 Admeto
3448 4548 3557 4587 ser-

1981 4600 2116 4655 vivit
2136 4603 2236 4658 sub
2266 4618 2396 4659 cura
2432 4610 2707 4676 pastorali,
2736 4620 2792 4668 et
2829 4613 3107 4687 Neptunus
3146 4636 3331 4678 muros
3375 4624 3557 4695 Troja-

1980 4707 2171 4748 norum
2196 4694 2456 4752 fundavit.
2487 4696 2592 4755 Sed
2615 4703 2716 4758 hos
2737 4715 2993 4778 utrosque
3011 4708 3320 4769 Laomedon
3347 4694 3549 4778 fefellit,

1978 4786 2105 4853 quia
2134 4786 2203 4841 ab
2248 4800 2316 4842 eo
2356 4792 2603 4848 mercede
2641 4792 2840 4853 laboris
2893 4796 3225 4858 fraudantur.
3279 4804 3440 4876 Argis
3464 4805 3551 4861 XII

310 4853 655 4964 llebraeor‘u‘m
670 4853 1009 4964 judex'Aoil,
1041 4875 1108 4916 ex
1131 4865 1271 4919 tribu
1294 4865 1511 4935 Ell'rem,
1547 4872 1701 4927 annis
1726 4884 1875 4929 octo-
1942 4876 2177 4932 .Ahbas.
2208 4877 2398 4948 Pelops
2427 4883 2685 4952 regnabat
2705 4885 2760 4939 in
2781 4853 3551 4964 Grzeciajaqu—o

308 4943 477 5031 ginta.
544 4944 872 5018 Alienigenae
918 4949 1170 5008 Hebraeos
1228 4955 1533 5015 habuerunt
1599 4960 1878 5031 subjectos

307 5030 464 5086 annis
488 5032 670 5088 decem
700 5043 755 5089 et
790 5044 912 5092 octo
945 5040 1036 5107 qui
1076 5044 1177 5097 sub
1223 5046 1409 5100 eodem
1451 5046 1634 5117 judice
1679 5030 1877 5124 suppu-

306 5129 510 5175 tantur.
557 5123 707 5180 Tune
735 5127 878 5181 enim
920 5129 1150 5198 Apollini
1180 5133 1434 5203 Delphico
1480 5140 1711 5196 instituti
1751 5152 1875 5197 sunt

306 5207 416 5263 ludi
436 5212 647 5278 musici,
678 5223 736 5268 ut
754 5216 1061 5285 placaretur
1083 5220 1163 5275 ira
1189 5223 1324 5292 ejus,
1357 5228 1480 5295 quia
1508 5230 1769 5298 putabant
1796 5234 1875 5287 af-

305 5297 476 5355 llictas
509 5316 631 5356 esse
676 5306 961 5362 sterilitate
1015 5307 1237 5366 Grtecite
1270 5297 1535 5384 regiones,
1592 5320 1716 5389 quia
1768 5339 1873 5377 non

306 5387 641 5448 defenderint
669 5397 926 5467 templum
969 5399 1104 5468 ejus,
1146 5404 1290 5471 quod
1344 5420 1436 5461 rex
1484 5387 1722 5475 Danaus,
1751 5427 1874 5466 cum

306 5480 522 5535 easdem
560 5492 731 5540 terras
784 5487 924 5543 bello
967 5489 1274 5557 invasisset,
1314 5494 1570 5551 incendit.
1629 5497 1739 5554 Hos
1786 5515 1878 5553 au-

305 5572 418 5623 tem
444 5568 598 5627 ludos
619 5583 680 5628 ut
706 5575 1068 5645 instituerent,
1098 5583 1316 5637 oracqu
1355 5594 1482 5641 sunt
1506 5589 1783 5644 admoniti.
1814 5590 1874 5645 In

305 5655 485 5713 Attica
513 5673 641 5717 vero
671 5679 765 5721 rex
795 5666 1137 5728 Erictbonius
1169 5670 1314 5729 ﬁlius
1355 5673 1608 5747 CecrOpis
1634 5678 1681 5733 ei
1719 5679 1875 5737 ludos

1982 4963 2060 5053 sis
2086 4975 2296 5053 vocata.
2328 4968 2427 5026 llic
2452 4968 2551 5024 fuit
2585 4969 2878 5031 Pandionis
2902 4976 3063 5045 ﬁlius,
3086 4979 3188 5035 sub
3207 4995 3315 5050 quo
3358 4963 3549 5053 myste-

1981 5051 2063 5105 ria
2099 5050 2413 5110 Graecorum
2466 5070 2588 5111 esse
2631 5072 2928 5130 coeperunt.
2961 5062 3059 5121 His
3101 5067 3267 5124 etiam
3297 5050 3546 5140 tempori-

1980 5144 2082 5199 bus
2106 5142 2519 5216 Triptolomcus,
2557 5168 2718 5221 quem
2766 5153 3080 5212 Philocorus
3120 5158 3197 5213 ait
3221 5157 3380 5231 longa
3429 5162 3542 5215 navi

1981 5234 2050 5287 ad
2066 5236 2229 5291 urbes
2256 5240 2600 5295 accedentem
2630 5242 2968 5299 distribuisse
2998 5245 3286 5313 frumenta,
3316 5260 3371 5305 et
3398 5253 3465 5306 ob
3493 5251 3541 5305 id

1980 5322 2191 5378 dedisse
2212 5326 2554 5395 suspiciones
2591 5331 2733 5399 quod
2762 5333 2913 5387 navis
2941 5334 3058 5403 ejus
3084 5349 3310 5404 serpens
3350 5353 3542 5408 penna-

1974 5421 2063 5469 tus
2090 5415 2270 5482 fuerit,
2298 5419 2432 5483 sive,
2458 5428 2518 5474 ut
2536 5420 2624 5475 alii
2647 5422 2870 5491 ﬁngunt,
2901 5426 3067 5495 quod,
3085 5425 3310 5494 iubente
3328 5428 3536 5492 Cerere,
3622 5466 3625 5471 ι

1976 5503 2238 5572 anguibus
2281 5516 2527 5574 portatus
2571 5508 2804 5577 alitibus,
2837 5510 3196 5580 indigentibus
3244 5518 3403 5573 terris
3434 5517 3537 5573 fru-

1976 5602 2157 5647 menta
2203 5596 2433 5653 volando
2483 5600 2783 5655 contulerit.
2831 5602 3032 5658 Achaia
3084 5616 3262 5662 autem
3317 5618 3439 5663 tunc
3471 5609 3533 5661 ab

1977 5682 2159 5740 Achco
2181 5685 2396 5742 condita
2419 5696 2520 5744 est.
2553 5688 2753 5745 Fabula
2798 5690 3151 5763 Proserpinae,
3178 5711 3341 5765 quam
3369 5695 3531 5767 rapuit
