3898 6178
279 244 384 300 957

1408 248 1819 308 CHRONICON.
1844 284 1914 294 -—
1950 254 2121 312 TOMI'
2149 256 2173 311 I’
2201 256 2329 315 LIB.
2366 259 2429 315 Η.

3428 271 3536 333 οςς

277 357 575 424 Aidoneus,
601 356 655 413 id
687 330 791 425 es},
816 357 989 416 Orcus
1011 375 1108 452 rex
1142 361 1487 420 Moesorum.
1521 365 1687 436 Cujus
1703 367 1856 423 canis
1882 377 1931 433 Α
1958 369 2193 437 desecto,
2221 388 2342 442 qua:
2377 385 2597 445 propter
2646 377 2903 435 eximiam
2951 383 3406 452 putcbritudinem
3460 392 3533 447 ita

277 445 514 517 ingentis
562 447 949 518 magnitudinis
994 448 1261 508 Cerberus
1294 454 1533 520 neruine,
1558 453 1854 511 Peritheim

277 533 579 598 devoravit,
611 533 739 603 quia
767 536 836 590 ad
880 546 1090 607 raptum
1121 541 1308 595 uxoris
1357 539 1474 610 ejus
1500 558 1624 599 cum
1648 544 1855 601 Theseo

277 632 521 688 venerat,
538 638 697 692 quem
719 633 776 679 et
801 624 972 694 ipsum
998 626 1265 684 Theseum
1279 630 1393 700 jam
1414 633 1607 688 mortis
1617 635 1854 702 periculo

274 715 652 780 constitutum,
680 704 970 773 adveniens
1014 718 1272 776 Hercules
1317 722 1585 790 liberavit,
1617 734 1672 781 et
1703 728 1772 780 ob
1799 727 1852 781 id

271 805 431 875 quasi
476 806 545 859 ab
570 805 759 862 inferis
785 820 1034 880 receptus
1058 812 1276 867 dicitur.
1302 814 1429 881 Quo
1446 824 1683 885 tempore
1732 818 1853 872 Eri-

272 896 417 951 ctbei
447 896 612 950 ﬁliam
639 896 902 953 Orithiam
927 900 1128 957 Boreas
1152 902 1351 959 Astreli
1381 905 1520 961 ﬁlius
1547 906 1730 962 Thrax
1758 926 1849 965 ra-

268 986 408 1056 puit,
439 1003 601 1056 quam
631 988 809 1045 fabula
836 1001 1055 1048 ventum
1084 994 1250 1051 fuisse
1274 997 1549 1067 conﬁngit.
1586 1000 1699 1055 liae
1719 1010 1849 1056 aita-

270 1085 324 1131 te
365 1076 603 1133 Phrixus
640 1078 807 1135 fuisse
833 1084 1125 1139 secundum
1152 1089 1507 1154 quorumdam
1537 1091 1847 1159 Opinionem

265 1167 379 1236 qui,
415 1182 540 1223 eum
579 1168 728 1238 Helle
749 1186 938 1229 sorore
962 1189 1059 1229 sua
1098 1174 1309 1247 fugiens
1334 1180 1563 1235 insidias
1587 1196 1847 1241 noverca-

265 1255 366 1322 les,
400 1258 551 1314 visus
577 1269 659 1314 est
678 1276 774 1331 per
794 1277 974 1319 aerem
994 1266 1117 1322 vehi
1143 1268 1212 1322 ab
1233 1269 1407 1335 ariete
1431 1272 1647 1327 velleris
1669 1276 1838 1329 aurei».

264 1347 389 1404 l-‘uit
413 1358 594 1405 autem
620 1352 671 1406 ei
718 1355 874 1410 navis
897 1365 1084 1426 parata
1108 1357 1358 1430 fugienti,
1407 1363 1560 1434 cujus
1588 1365 1642 1419 in
1688 1367 1842 1435 signa

260 1439 404 1495 aries
434 1450 572 1496 erat.
617 1443 788 1500 Porro
832 1446 1106 1506 Palefatus
1142 1449 1374 1510 afﬁrmat
1411 1456 1641 1512 arietem
1681 1473 1841 1516 voca-

260 1540 375 1586 tum
404 1533 551 1591 illius
576 1538 905 1595 nutritorem-
924 1556 1023 1611 per
1057 1557 1217 1613 quem
1236 1546 1498 1604 liberatus
1525 1550 1616 1605 sit.

847 1649 1074 1708 CAPUT
1102 1654 1234 1711 XIII.

1958 469 2324 530 aspectatores
2347 480 2475 520 suos
2499 469 2695 524 mentis
2728 470 2916 541 inopes
2944 474 3300 552 reddebat,ut
3322 489 3534 537 vertere

1954 564 2048 607 eos
2070 561 2353 622 putaretur
2389 555 2444 610 in
2469 556 2676 627 lapides
2704 562 2884 625 ;unde
2921 563 2971 617 ei
3005 574 3165 635 caput
3193 571 3532 627 sementibus

1953 644 2206 699 crinitum
2237 646 2535 702 ﬁnxerunt.

2546 759 2771 817 CAPUT
2808 762 2944 818 XIV.

1948 847 2029 902 De
2051 848 2287 905 Debbora
2313 854 2657 921 prophetissa,
2694 866 2741 909 et
2796 873 2951 930 regno
2981 860 3287 930 Argivorum
3335 866 3390 919 in
3419 865 3528 919 Mi-

2508 940 2662 978 cenas
2694 936 2970 981 translato.

2016 1008 2359 1081 Assyriorum
2412 1012 2554 1067 XXII
2596 1015 2912 1086 Lampares,
2954 1022 3114 1087 annis
3147 1022 3235 1077 50.
3267 1025 3350 1081 Ab
3377 1029 3521 1081 exitu

1944 1099 2111 1155 Israel
2142 1103 2210 1157 de
2256 1104 2487 1175 {Egypto
2509 1109 2839 1165 centesimus
2880 1115 3241 1182 octogesimus
3299 1130 3524 1187 quartus

1944 1207 2118 1248 annus
2143 1202 2283 1248 erat.
2309 1195 2565 1252 Hebraaos
2612 1208 2729 1268 post
2764 1200 2885 1256 Aon
2922 1202 2976 1255 in
3007 1204 3334 1261 deditionem
3386 1209 3525 1263 redi-

1942 1292 2076 1353 gunt
2100 1284 2412 1357 alienigenae
2437 1289 2594 1344 annis
2620 1290 2690 1345 20
2712 1292 2803 1360 qui
2831 1294 3233 1365 conjunguntur
3262 1300 3519 1367 tempori-

1940 1372 2042 1427 bus
2086 1374 2346 1431 Debborae
2384 1386 2441 1432 et
2466 1377 2673 1435 Barach
2716 1383 3012 1438 secundum
3042 1386 3389 1443 traditionem
3422 1388 3518 1444 Ju-

1940 1465 2200 1533 decorum,
2230 1469 2327 1537 qui
2361 1469 2746 1539 judicaverunt
2782 1474 3039 1542 populum
3077 1478 3236 1533 annis
3262 1478 3352 1532 ιθ.
3382 1479 3518 1536 Nam

1937 1555 2182 1612 Debbora
2214 1559 2555 1629 prophetissa
2579 1570 2719 1617 erat.
2754 1562 2920 1634 Cujus
2960 1567 3241 1635 prophetia
3276 1568 3342 1624 de
3364 1570 3518 1626 (311νὶ-

1937 1654 2023 1702 ste
2049 1648 2228 1704 minus
2253 1658 2339 1705 est
2358 1663 2562 1720 aperta,
2589 1661 2646 1707 et
2670 1654 2923 1708 diuturna
2944 1655 3516 1728 indigetexpositione.

256 1732 334 1791 De
365 1745 529 1818 raptu
554 1735 893 1824 emiss,
930 1745 1253 1824 Hedeejrer
1288 1752 1458 1807 caedes
1496 1753 1818 1824 mularum

1937 1735 2183 1792 Debbora
2214 1752 2448 1808 namque
2474 1739 2616 1795 tribu
2663 1740 2903 1808 Eil‘raim,
2948 1743 3159 1802 Barach
3198 1749 3345 1804 tribu
3377 1750 3518 1820 Nep~

321 1809 608 1881 pignorum
643 1812 989 1881 grassats'one,
1027 1827 1077 1870 et

318 1872 428 1946 piie
454 1872 677 1933 desecti.

264 2042 270 2047 _
319 1965 669 2037 Assyriorum
711 1967 831 2026 XXI
854 1971 1102 2043 Sosares,
1146 1979 1302 2035 annis
1344 1981 1555 2053 viginti,
1585 1987 1654 2042 ab
1683 1988 1831 2044 exitu

248 2055 601 2116 HebrzeOrum
627 2061 693 2118 de
719 2058 950 2137 Egypto
993 2083 1168 2125 annus
1193 2073 1521 2129 centesimus
1554 2078 1831 2148 sexagesi—

247 2164 369 2204 mus
392 2156 644 2220 quartus,
696 2152 1043 2213 Hebraeorum
1066 2153 1232 2230 judex
1275 2160 1411 2228 Aod,
1452 2165 1542 2234 qui
1574 2174 1629 2221 et
1666 2181 1826 2237 supra

244 2236 655 2326 Atheniensium
683 2238 751 2299 Vi
770 2244 1072 2315 Erictheus,
1100 2248 1368 2320 Sycioniis
1389 2248 1511 2326 XIX
1541 2236 1759 2326 Sycion,
1795 2271 1827 2312 a

246 2339 353 2395 quo
375 2323 613 2398 Sycioni‘i
643 2333 933 2402 nuncupati
956 2345 1099 2405 sunt,
1123 2338 1215 2408 qui
1242 2339 1391 2410 prius
1413 2323 1642 2413 IEgialei
1669 2360 1829 2401 voca-

242 2414 462 2471 bantUr.
493 2416 652 2490 Argis
664 2419 782 2476 XIII
808 2421 1094 2493 Protheus,
1118 2429 1209 2497 qui
1240 2446 1611 2487 successorem
1638 2430 1828 2491 habuit

244 2508 538 2563 Acrisium.
603 2509 805 2569 Horum
850 2518 1182 2586 temporibus
1247 2520 1542 2593 Melampus
1611 2525 1827 2584 divinus

245 2601 578 2669 agnoscitur.
621 2602 679 2658 In
730 2602 998 2663 Dardania
1026 2625 1155 2666 vero
1196 2615 1440 2684 regnavit
1476 2610 1631 2680 Tros,
1656 2633 1685 2671 a
1715 2634 1822 2688 quo

242 2687 461 2760 Trojani
504 2697 797 2764 nuncupati
842 2706 987 2752 sunt.
1018 2698 1176 2771 Apud
1194 2698 1431 2759 Phitium
1459 2715 1609 2761 vates
1648 2687 1821 2779 prima

240 2776 517 2838 Phemone
540 2783 867 2843 hexametris
885 2789 1131 2847 versibus
1151 2790 1328 2848 futura
1352 2797 1613 2852 cecinisse
1631 2776 1819 2854 narra-

242 2877 346 2926 tur.
377 2869 636 2929 Tantalus
664 2882 791 2931 tunc
808 2874 1050 2957 Phrygas
1076 2882 1293 2952 regebat
1314 2883 1405 2952 qui
1428 2885 1582 2955 prius
1602 2886 1815 2946 lileonct

237 2963 592 3020 vocabamur.
619 2964 717 3022 Hic
737 2969 879 3023 enim
908 2968 1165 3026 Tantalus
1190 2988 1285 3028 rex
1311 2972 1663 3032 Ganimedcm
1688 2978 1815 3035 Troi

1170 1835 1381 1891 arma:
1414 1826 1703 1880 meretricis
1737 1844 1833 1883 cae

1938 1825 2069 1882 thali
2080 1826 2430 1897 praeiuerunt.
2453 1828 2827 1900 Sycioniorum
2840 1832 3094 1906 Polybus,
3107 1835 3512 1895 Atheniensium

1935 1933 2064 1974 vero
2111 1918 2200 1973 V'Il
2248 1918 2484 1991 Cecrops
2510 1919 2716 1990 iunior.
2765 1922 2863 1978 His
2885 1927 3258 1995 regnantibus,
3288 1943 3514 1998 regnum

1934 2008 2117 2065 deﬁcit
2137 2010 2483 2081 Argivorum,
2517 2011 2659 2082 quod
2680 2014 2831 2069 stetit
2856 2028 2957 2084 per
2978 2031 3159 2072 annos
3183 2018 3317 2086 5H,
3341 2035 3512 2090 usque

1931 2101 2298 2172 adPelopem.
2348 2102 2493 2158 Exin
2546 2104 2601 2159 in
2632 2103 2868 2161 Mieenas
2917 2106 3149 2177 imperio
3208 2111 3508 2176 translato,

1930 2192 2177 2262 regnavit
2195 2200 2317 2262 post
2339 2191 2610 2249 Acrisium
2658 2194 2960 2263 Euristeus,
2983 2196 3076 2266 qui
3107 2196 3347 2254 Stheneli
3369 2199 3513 2257 ﬁlius

1927 2283 2048 2339 fuit.
2073 2285 2240 2355 igitur
2273 2284 2598 2356 Argivorum
2621 2286 2849 2356 imperio
2876 2287 2933 2341 in
2963 2287 3201 2344 Micenas
3224 2290 3506 2357 translato,

1928 2372 1983 2427 hi
2008 2388 2161 2443 reges
2181 2388 2279 2442 per
2304 2375 2677 2431 successiones
2703 2375 2950 2432 fuerunt:
2996 2376 3248 2444 Perseus,
3281 2379 3504 2437 Sthene-

1924 2461 2028 2528 lus,
2052 2464 2267 2528 Atreus,
2294 2462 2562 2529 Thiestes,
2576 2464 2688 2536 Aga
2696 2481 2969 2525 ntemnon.
2984 2466 3247 2539 Egistus,
3263 2468 3505 2533 Orestes.

1923 2558 1979 2604 et
1999 2550 2358 2621 Thysamnus,
2387 2559 2443 2606 et
2488 2551 2751 2618 Pentilus,
2805 2561 2862 2608 et
2908 2552 3187 2620 Cometes,
3215 2570 3387 2626 usque
3437 2558 3506 2613 ad

1924 2640 2331 2697 Heraclidarum
2356 2643 2675 2699 discessum.

2522 2732 2751 2789 CAPUT
2792 2733 2910 2789 XV.

1923 2820 2039 2885 Quo
2075 2830 2303 2891 tempore
2330 2821 2493 2876 Ilium
2520 2833 2569 2877 et
2613 2824 2778 2893 Troja
2819 2828 3057 2894 condita,
3083 2844 3247 2883 aurea
3280 2827 3505 2885 Saturni

2594 2904 2848 2964 tempora.

1988 2979 2331 3052 Assyriorum
2361 2978 2528 3038 XXIII
2553 2980 2810 3050 Pannias,
2839 2986 2997 3040 annis
3033 2987 3123 3041 45.
3157 2986 3235 3043 Ab
3258 2987 3407 3043 exitu
3439 2988 3501 3043 ii-

239 3048 611 3108 Dardanorum
630 3062 774 3126 regis
799 3057 1127 3125 ﬁlium,cum
1155 3059 1573 3133 ﬁagitiosissime
1602 3069 1812 3137 rapuis-
1841 3048 2112 3147 oliorum
2146 3069 2313 3127 lsrael
2357 3073 2425 3130 de
2477 3074 2708 3147 Λεωτριο
2759 3048 2883 3131 anni
2920 3077 3047 3131 2M.
3091 3076 3501 3134 Atheniensium

233 3149 336 3203 set,
359 3145 567 3210 majore
585 3147 824 3204 cencerti
847 3150 1160 3206 certaminis
1179 3151 1423 3208 nuditate
1443 3154 1692 3224 detinuit,
1715 3160 1814 3216 sic-

232 3238 289 3285 ut
310 3229 615 3289 Phanoclcs
646 3240 807 3306 poeta
829 3239 1131 3296 conﬁrmat.
1156 3241 1258 3309 Qui
1286 3245 1582 3302 maximum
1612 3248 1812 3306 bellum

229 3322 530 3377 excitatum
554 3322 623 3379 ob
643 3325 745 3382 hoc
774 3327 939 3385 fuisse
963 3344 1352 3390 commemorat
1370 3336 1482 3392 sive
1512 3339 1637 3409 quia
1668 3341 1812 3397 hunc

229 3409 410 3481 ipsum
444 3413 728 3470 Tantalum
768 3414 852 3491 [ut
882 3430 1056 3489 poeta:
1094 3424 1357 3480 asseclam
1386 3427 1608 3483 deorum
1639 3431 1809 3487 videri

227 3500 466 3578 volunt]
498 3514 708 3577 raptum
734 3524 958 3579 puerum
988 3513 1057 3567 ad
1087 3514 1364 3571 libidinem
1389 3515 1538 3573 Jovis
1558 3519 1811 3579 familiari

226 3588 502 3651 lenocinio
520 3608 896 3669 praeparasset,
927 3603 1018 3672 qui
1046 3604 1220 3674 ipsum
1252 3622 1466 3677 quoque
1513 3609 1679 3666 tilium
1704 3610 1809 3669 Pe-

226 3685 408 3758 lopem
459 3687 631 3757 epulis
676 3690 791 3761 ejus
837 3708 945 3746 non
992 3690 1262 3751 dubitaret
1318 3697 1644 3769 impendere.
1690 3703 1807 3774 Ipse

222 3779 393 3833 etiam
418 3774 637 3851 Pelops,
670 3783 762 3851 qui
782 3780 1189 3854 Hiptordaniam
1220 3786 1373 3844 duxit
1399 3807 1640 3857 uxorem,
1672 3809 1805 3849 con-

225 3870 308 3924 tra
335 3867 623 3928 Dardanos
674 3883 834 3946 atque
867 3868 1129 3947 Trojanos
1159 3896 1351 3952 magna
1387 3884 1804 3953 pertulitcerta—

222 3956 393 4010 mina.
423 3955 576 4024 Quae,
607 3960 732 4030 quia
755 3961 808 4017 in
834 3960 1029 4020 fabulis
1051 3966 1312 4023 celebrari
1335 3969 1493 4025 solita
1528 3984 1671 4038 sunt,
1705 3989 1803 4029 ne-

221 4039 521 4114 gligentiae
585 4046 897 4131 audiuntur.
925 4049 1007 4104 Eo
1031 4052 1194 4107 etiam
1222 4055 1565 4125 contigerunt
1593 4066 1802 4131 tempo-

219 4148 281 4191 re
312 4132 499 4190 Attrei
538 4145 595 4192 et
621 4126 858 4197 Tbiestis
910 4142 1053 4209 odia,
1102 4152 1307 4214 stupra,
1338 4148 1628 4217 parricidia
1665 4126 1803 4205 cutio

218 4224 640 4296 qutiqueinvisa.
667 4228 856 4288 Fuisse
877 4235 1042 4290 etiam
1069 4244 1196 4292 tunc
1223 4236 1486 4310 (Edipum
1516 4240 1697 4295 ferunt
1707 4258 1804 4313 pa-

222 4319 319 4374 tris
340 4318 764 4390 interfectorem,
788 4326 978 4381 matris
990 4328 1265 4395 maritum,
1295 4329 1526 4385 ﬁliorum
1551 4329 1795 4397 fratrem,

1910 3145 2031 3216 ~Vill
2050 3160 2312 3219 Pandion.
2338 3164 2436 3220 His
2481 3145 2833 3236 regnantibus
2861 3167 3079 3224 cheon
3111 3185 3178 3225 ex
3217 3168 3358 3226 tribu
3385 3171 3501 3225 Ma-

1916 3267 2097 3315 nasse,
2151 3253 2499 3310 Hebraeorum
2546 3257 2827 3327 judicabat
2878 3261 3156 3329 populum,
3215 3263 3307 3331 qui
3343 3264 3503 3319 annis

1913 3334 1983 3397 40
1998 3341 2163 3411 judcx
2186 3346 2413 3400 exstitit.
2429 3345 2760 3417 Alienigena:
2781 3349 2880 3403 sub
2900 3364 2967 3404 eo
3004 3352 3163 3406 annis
3185 3352 3215 3406 7
3246 3352 3498 3424 redigun-

1913 3442 2004 3489 tur
2025 3450 2177 3489 suam
2219 3437 2274 3490 in
2296 3437 2574 3491 ditionem.
2600 3437 2753 3492 ilium
2780 3447 2965 3494 autem
2988 3449 3074 3496 est
3094 3443 3163 3496 ab
3186 3442 3287 3496 ilio
3305 3445 3497 3498 condi-

1915 3533 2050 3580 tum.
2073 3524 2345 3595 Amphion
2368 3528 2512 3582 enim
2544 3528 2792 3584 Thebaeis
2817 3532 3102 3601 regnabat,
3133 3548 3299 3602 quem
3315 3534 3498 3589 ferunt

1911 3622 2076 3670 cantu
2124 3615 2348 3670 citharae
2376 3631 2508 3671 saxa
2554 3619 2807 3674 movisse.
2839 3619 3081 3679 Fuerunt
3131 3632 3308 3677 autem
3359 3626 3496 3682 duro

1910 3702 2072 3758 corde
2098 3710 2173 3768 et,
2206 3711 2264 3757 ut
2302 3704 2377 3759 ita
2418 3704 2616 3769 dicam,
2641 3707 2790 3761 saxei
2820 3708 3037 3776 quidem
3068 3709 3364 3766 auditores.
3398 3712 3495 3768 Se-

1910 3793 2141 3849 eundum
2170 3794 2304 3851 alios
2340 3796 2557 3865 quidem
2603 3796 2850 3867 Thebaeis
2881 3804 3010 3852 tunc
3036 3798 3293 3869 regnabat
3323 3800 3493 3856 Cath-

1908 3898 2048 3938 mus.
2095 3880 2170 3939 Ea
2198 3883 2360 3938 etiam
2387 3901 2508 3955 quae
2531 3886 2597 3941 de
2648 3884 2900 3955 Sparthis
2929 3896 3317 3956 memorantur,
3347 3891 3494 3960 quod

1906 3964 2175 4028 Palefatus
2200 3974 2433 4044 scripsit,
2461 3990 2581 4029 cum
2607 3977 2973 4045 proximarum
2995 3987 3178 4034 essent
3191 3980 3491 4050 regionum,

1908 4074 1935 4103 ι
1968 4063 2230 4119 adversus
2269 4060 2558 4120 Cathmum
2594 4066 2776 4121 subito
2822 4066 3147 4133 constitisse,
3173 4076 3230 4121 et
3270 4079 3492 4138 propter

1905 4158 2213 4227 repentinos
2240 4159 2393 4229 quasi
2421 4159 2486 4215 de
2511 4167 2656 4214 terra
2678 4167 3011 4226 contractus,
3042 4175 3110 4215 ex
3140 4162 3287 4216 omni
3329 4171 3490 4233 parte

1904 4245 2209 4311 co'nﬁuitur,
2238 4245 2461 4318 Spartos
2479 4257 2723 4304 vocatos.
2758 4248 2909 4303 Tunc
2938 4249 3188 4318 equidem
3226 4250 3487 4321 templum

1904 4336 1961 4391 in
1994 4330 2245 4393 Eleusina
2273 4336 2596 4393 aedificatum
2639 4349 2744 4404 est,
2776 4348 2833 4395 et
2857 4338 3018 4407 Troja
3046 4339 3210 4395 etiam
3241 4341 3480 4396 condita.

217 4420 490 4479 suumque
508 4411 776 4470 vitricum.
798 4415 949 4473 Tunc
974 4406 1224 4489 equidem
1239 4418 1547 4478 Etbeocles
1571 4432 1621 4479 et
1644 4418 1804 4495 Poly-
1825 4428 1885 4495 Ῑ)
1904 4423 2023 4493 Quo
2052 4433 2291 4497 tempore
2331 4425 2631 4513 Laurentes
2655 4428 2853 4499 ubique
2900 4429 2954 4484 in
2980 4429 3131 4483 italia
3160 4432 3482 4500 regnabant,

217 4499 371 4557 uices
394 4503 597 4557 mutuis
608 4504 885 4574 perierunt
898 4510 1273 4577 concursibus,
1294 4512 1578 4583 utntrique
1603 4515 1799 4571 existe-

218 4600 341 4646 rent
377 4595 682 4662 parrieidze.
710 4594 909 4654 Medma
944 4615 1051 4672 quo
1078 4603 1131 4656 in
1167 4610 1405 4674 tempore
1439 4620 1622 4663 amore
1656 4622 1798 4665 saevo

214 4684 463 4739 sauciata
493 4726 511 4753 ,
561 4687 707 4744 caede
762 4690 1044 4761 pignorum
1103 4696 1449 4764 parvulorum
1493 4707 1793 4768 grassatur.

215 4770 451 4831 Perseus
480 4785 661 4833 autem
682 4794 713 4833 a
735 4778 942 4836 Grmcia
966 4783 1021 4837 in
1041 4783 1222 4838 Asiam
1252 4796 1591 4843 transvectus
1603 4796 1703 4853 est,
1722 4788 1795 4843 ibi

218 4863 482 4920 barbaras
505 4873 691 4938 gentes
730 4871 880 4937 gravi
914 4871 1275 4943 diuturnoque
1326 4875 1464 4929 bello
1492 4876 1715 4942 domuit,
1745 4885 1801 4932 et

216 4954 517 5011 novissime
549 4957 742 5024 victor,
771 4975 965 5017 nomen
996 4963 1252 5035 Subjecta?
1274 4966 1419 5034 genti
1466 4966 1631 5022 dedit.
1661 4966 1797 5023 Nam

214 5050 244 5099 a
271 5044 481 5103 Perseo
508 5045 686 5106 Persm
738 5056 862 5107 sunt
918 5057 1109 5111 vocati.
1140 5057 1232 5111 illa
1274 5072 1488 5129 quoque
1512 5069 1795 5129 prmtereo,

211 5141 335 5207 Quae
348 5139 420 5193 de
432 5138 652 5209 Perseo,
667 5142 913 5211 Cathmo,
931 5142 1218 5212 Thebanis,
1242 5148 1683 5221 Sparthanisque,
1702 5167 1800 5221 per

214 5231 621 5290 inextricabiles
642 5236 1020 5293 aiternantium
1050 5239 1310 5295 malorum
1340 5256 1622 5309 recursus,
1650 5243 1800 5299 Pale-

210 5316 325 5375 fato
335 5323 610 5379 scribente
624 5326 946 5384 referuntur.
963 5328 1186 5400 Flagitia
1198 5330 1420 5388 Lemnia
1435 5343 1488 5389 et
1507 5333 1798 5390 Pandionis

211 5411 625 5471 Atheniensium
656 5420 799 5492 regis
823 5418 1016 5476 ﬁebilis
1036 5421 1159 5491 fuga
1184 5428 1310 5479 tunc
1331 5425 1496 5480 etiam
1510 5426 1796 5495 contigisse

211 5505 476 5589 credibile
523 5510 761 5579 putatur.
794 5510 1056 5585 Gorgonae
1091 5512 1256 5571 etiam
1295 5516 1595 5572 meretricis
1620 5517 1797 5588 capite

286 5627 314 5657 ι
348 5614 526 5676 Locus
553 5632 860 5693 corruptus.

1904 4532 2132 4587 quorum
2163 4518 2372 4587 primus
2397 4516 2574 4582 Picus,
2601 4518 2742 4574 ﬁlius
2768 4517 3007 4583 Saturni,
3035 4534 3132 4574 rex
3155 4517 3276 4575 fuit.
3311 4519 3487 4588 Quem

1905 4600 2199 4681 Saturnum
2224 4606 2426 4664 idcirco
2454 4607 2730 4664 dominum
2757 4623 2879 4664 esse
2905 4609 3178 4674 dixerunt,
3215 4610 3343 4682 quia
3372 4620 3484 4665 ter-

1904 4714 2019 4752 ram
2067 4697 2247 4755 colere
2279 4699 2482 4764 docuit,
2528 4715 2755 4769 eamque
2799 4710 3039 4757 stercore
3082 4701 3373 4766 coniicere,
3422 4709 3488 4756 ut

1899 4786 2083 4859 fruges
2114 4786 2360 4844 funderet
2397 4789 2674 4844 uberiores
2704 4828 2720 4853 ,
2766 4789 2910 4842 unde
2957 4796 3018 4842 ut
3058 4787 3358 4844 Stercutius
3390 4804 3485 4844 noo

1899 4878 2134 4932 minatus
2184 4886 2268 4933 est
2307 4878 2423 4934 sive
2468 4879 2746 4933 sterticen.
2805 4877 2915 4932 Sub
2975 4893 3083 4948 quo
3118 4877 3384 4950 Vergilius
3424 4886 3483 4933 et

1902 4970 1990 5024 alii
2027 4972 2374 5040 antiquorum
2403 4970 2652 5024 doctores
2691 4983 2855 5022 aurea
2899 4966 3066 5023 fuisse
3109 4969 3304 5023 saecula
3341 4967 3472 5023 scri-

1898 5068 2064 5132 bunt;
2096 5066 2221 5135 quia
2249 5065 2494 5120 homines
2522 5064 2614 5133 qui
2664 5064 2732 5118 ad
2771 5069 2980 5117 montes
3015 5061 3369 5129 confugerant
3390 5074 3477 5113 re.

1901 5155 2113 5210 vocavit
2138 5154 2204 5208 ad
2235 5152 2417 5223 plana,
2461 5159 2515 5206 et
2554 5151 2798 5206 moribus
2839 5149 3151 5220 compositis
3174 5149 3367 5218 degere
3395 5147 3451 5202 in

1900 5248 2091 5310 stituit,
2127 5246 2380 5315 legesque
2404 5243 2573 5309 dedit,
2597 5241 2920 5312 Latiumque
2941 5256 3134 5295 vocare
3167 5237 3375 5304 maluit,
3405 5253 3473 5293 eo

1901 5338 2043 5407 quod
2063 5337 2115 5389 in
2138 5350 2202 5389 eo
2221 5343 2366 5388 tutus
2392 5332 2635 5387 latuisset
2659 5331 2866 5401 fugiens
2882 5328 3066 5382 ﬁlium.
3091 5326 3471 5381 Successorem

1898 5428 2061 5483 etiam
2112 5425 2228 5495 ejus
2269 5423 2474 5487 Picum,
2520 5421 2721 5477 idcirco
2747 5423 2887 5474 inter
2910 5420 3039 5474 deos
3067 5414 3386 5479 retulerunt,
3408 5428 3475 5468 eo

1899 5519 2040 5591 quod
2077 5516 2371 5588 praeclarus
2408 5528 2579 5585 augur
2607 5520 2661 5567 et
2684 5509 3028 5580 belligerator
3056 5506 3222 5563 fuisse
3248 5502 3469 5562 dicitur.
