3900 6178
399 276 506 334 959

969 386 1198 446 CAPUT
1245 387 1383 443 XVI.

401 508 479 562 De
506 506 688 562 Libero
704 502 888 576 etejns
917 505 1335 559 Bacchanalibus
1362 506 1548 560 sacris.
1579 506 1727 560 Idem
1759 506 1823 559 de
1856 505 1980 560 Da!-

471 577 594 631 dalo
634 586 682 629 et
721 575 935 645 Spinga,
974 575 1288 645 Argonautis
1331 587 1622 645 quoque,et
1666 576 1876 630 tandem
1916 575 1980 629 de

473 646 701 716 Scythis,
732 643 1084 699 Amazonibus
1118 656 1164 698 et
1196 643 1365 700 Scaza
1391 643 1586 699 insula.

470 756 811 827 Assyriorum
859 754 1027 813 XXIV
1059 755 1372 819 Sosarmus,
1431 756 1590 810 annis
1612 755 1646 810 9
1685 766 1739 810 et
1768 757 1853 822 IO,
1888 757 1979 825 qui

402 848 651 902 Mitreum
674 847 858 902 habuit
881 862 1274 911 successorem,
1299 856 1356 902 et
1377 849 1423 902 is
1440 850 1687 915 regnavit
1704 849 1773 903 27
1798 850 1976 906 annis.

401 935 461 990 In
490 937 750 1007 principio
778 937 975 1006 quippe
1005 937 1166 1004 hujus
1211 937 1384 992 Metrii
1417 938 1587 1008 regni,
1622 940 1688 994 ab
1722 940 1868 993 exitu
1921 940 1982 993 li-

404 1027 599 1083 liorum
642 1027 806 1084 Israel
831 1030 899 1084 de
925 1029 1177 1101 Egypto,
1208 1038 1365 1085 erant
1408 1032 1538 1087 anni
1567 1033 1826 1088 transacti
1854 1024 1977 1089 278.

403 1118 714 1173 Abimelech
738 1126 793 1174 et
812 1119 980 1174 Thola
1002 1120 1073 1174 25
1101 1121 1259 1176 anuis
1285 1121 1632 1177 llebrzeorum
1655 1139 1720 1179 eo
1742 1132 1984 1194 tempore

400 1207 783 1276 judicaverunt
835 1210 1106 1279 pupulum.
1173 1210 1550 1282 Sycioniorum
1603 1227 1699 1267 rex
1754 1213 1984 1271 Inachus

408 1309 547 1365 erat,
572 1300 812 1357 Chareus
861 1310 917 1356 et
959 1302 1207 1359 Thiestes
1235 1303 1373 1374 apud
1397 1303 1633 1360 Micenas
1662 1306 1980 1375 regnabant.

407 1389 504 1448 llis
541 1400 719 1446 autem
761 1393 1115 1462 temporibus,
1157 1396 1372 1463 quidam
1405 1394 1683 1450 vindicant
1722 1403 1873 1464 gesta
1897 1395 1987 1450 Li-

406 1484 522 1538 beri
544 1485 731 1555 patris,
757 1494 812 1541 et
832 1502 896 1541 ea
933 1502 1053 1556 qua:
1081 1488 1146 1541 de
1166 1486 1416 1555 Licurgo,
1441 1495 1605 1557 atque
1627 1486 1905 1553 Athenaeo,
1932 1496 1988 1546 et

407 1573 679 1629 Penteone
715 1583 1118 1641 memorantur;
1175 1577 1442 1645 quomodo
1472 1576 1757 1632 adversum
1786 1577 1985 1633 Persen

408 1667 709 1721 consistens
729 1666 1008 1721 occidatur
1034 1666 1087 1721 in
1113 1666 1318 1736 prazlio,
1344 1674 1406 1720 ut
1434 1666 1698 1737 Dinargus
1718 1675 1874 1736 poeta
1900 1682 1989 1721 re-

409 1754 531 1809 fert.
569 1754 669 1822 Qui
707 1762 889 1809 autem
930 1754 1173 1818 voluerit,
1208 1762 1385 1823 potest
1410 1755 1677 1824 inspicere
1718 1756 1886 1824 ipsius
1900 1755 1990 1809 Li-

407 1845 524 1900 beri
544 1845 718 1901 Patris
755 1846 894 1916 apud
914 1846 1147 1915 Delphos
1173 1847 1500 1916 sepulcrum,
1508 1846 1664 1915 juxta
1686 1848 1987 1918 Apollinem

408 1951 652 1991 aureum.
667 1936 817 2007 Pingi
827 1946 912 1990 tur
922 1952 1051 1992 vero
1066 1937 1231 1991 Liber
1250 1938 1300 1992 in
1314 1939 1558 1994 mulieris
1572 1941 1769 2010 specie,
1792 1948 1846 1995 et
1860 1941 1990 1995 deli-

410 2033 532 2081 cato
544 2039 789 2094 corpore,
806 2034 1026 2096 prepter
1037 2026 1290 2082 mulieres
1315 2028 1367 2081 in
1384 2043 1482 2083 suo
1496 2030 1734 2084 exercitu
1753 2030 1921 2085 milita
1929 2048 1989 2086 n-

411 2115 730 2184 tes,quando
743 2117 1259 2173 debellavitlndiam.
1278 2119 1408 2187 Qum
1419 2121 1673 2177 mulieres
1691 2122 1988 2180 Bacchalia:

410 2205 689 2274 appellatae
709 2215 855 2272 sunt,
888 2222 992 2262 non
1017 2216 1128 2262 tam
1146 2211 1345 2266 virtute
1370 2211 1577 2266 nobiles
1605 2228 1767 2281 quam
1784 2212 1984 2269 furore.

409 2291 585 2362 Aliqui
613 2309 741 2349 sane
760 2302 816 2348 et
841 2295 1043 2350 victum
1071 2298 1315 2353 scribunt
1341 2299 1504 2354 istum
1532 2299 1806 2368 Liberum,
1831 2311 1885 2357 et
1910 2305 1990 2357 vi-

408 2391 556 2437 ctum
579 2384 817 2439 nonnulli
839 2397 895 2440 et
912 2387 1150 2441 occisum
1185 2388 1238 2443 in
1268 2405 1447 2461 pugna
1474 2406 1504 2445 a
1524 2391 1744 2457 Perseo,
1772 2407 1873 2449 nec
1895 2395 1987 2450 ubi

408 2473 572 2527 fuerit
599 2476 837 2545 sepultus
855 2486 1053 2542 tacent,
1080 2487 1137 2533 et
1154 2490 1334 2536 tamen
1350 2482 1467 2550 ejus
1482 2483 1632 2537 velut
1654 2485 1738 2538 dei
1769 2486 1988 2540 nomine

408 2578 507 2633 per
546 2564 852 2621 immundos
877 2568 1146 2624 daemones
1172 2570 1525 2627 Bacchanalia
1573 2588 1752 2639 sacra,
1778 2576 1863 2630 vel
1893 2592 1988 2646 po-

354 2690 359 2699 μ
410 2653 517 2708 tius
537 2653 817 2726 sacrilegia
837 2665 963 2711 sunt
984 2658 1251 2713 instituta.
1280 2660 1355 2715 De
1382 2675 1609 2730 quorum
1638 2664 1851 2719 rabiosa
1876 2674 1987 2720 tur-

407 2742 651 2811 pitudine
678 2752 800 2813 post
825 2745 1021 2801 multos
1045 2762 1215 2803 annos
1237 2758 1455 2805 senatus
1477 2752 1557 2806 sic
1581 2754 1816 2819 erubuit,
1845 2764 1899 2809 ut
1931 2755 1985 2809 in

407 2834 543 2888 urbe
584 2833 757 2889 Roma
801 2837 1063 2892 celebrari
1109 2841 1441 2910 prohiberet.
1479 2843 1583 2898 Per
1636 2860 1698 2900 ea
1743 2854 1985 2917 tempora

407 2926 636 2983 Perseus
658 2936 711 2984 et
731 2946 867 2985 uxor
897 2929 1036 3001 ejus,
1081 2941 1434 3005 posteaquam
1480 2948 1607 2992 sunt
1656 2940 1877 3006 mortui,
1907 2943 1987 2997 sic

408 3030 501 3070 eos
526 3016 663 3071 cmlo
690 3026 935 3088 receptos
969 3035 1089 3074 esse
1118 3023 1483 3091 crediderunt,
1517 3035 1575 3080 ut
1597 3027 1857 3101 imagines
1887 3047 1981 3087 eo-

407 3119 527 3157 rum
555 3105 823 3174 appellare
840 3109 1059 3162 numina
1088 3125 1191 3163 non
1215 3113 1615 3169 erubescerent.
1641 3115 1791 3173 Tunc
1818 3120 1981 3175 etiam

406 3191 648 3247 Pandion
676 3192 968 3264 fugientem
989 3212 1019 3249 a
1040 3196 1256 3253 Ionihus
1288 3200 1510 3256 insidias
1540 3218 1757 3271 passum
1784 3206 1983 3263 ferunt.

407 3281 620 3352 Eumpa
646 3284 808 3337 etiam
833 3284 1096 3354 Agenoris
1124 3286 1230 3341 filia
1261 3290 1481 3359 regibus
1499 3291 1737 3360 przefatis
1777 3298 1986 3367 rapitur

318 3390 319 3393 η
406 3369 785 3426 existentibus.
811 3372 1093 3439 Philamon
1119 3375 1355 3446 Delpbus
1383 3386 1509 3434 tunc
1535 3381 1730 3437 nobilis
1752 3384 1984 3441 habeba-

408 3467 514 3524 tur,
541 3461 632 3529 qui
678 3461 886 3529 primus
928 3464 1068 3532 apud
1110 3463 1360 3535 Pythiam
1409 3467 1632 3523 chorum
1684 3471 1980 3528 constituit.

406 3549 549 3621 Ergo
571 3558 625 3605 et
648 3566 770 3620 quae
803 3552 870 3607 de
904 3552 1117 3609 chdalo
1160 3553 1354 3611 fabulae
1380 3557 1578 3625 ferunt,
1608 3561 1699 3629 qui
1724 3562 1871 3618 visus
1901 3571 1985 3620 est

406 3644 695 3701 simulacra
763 3646 958 3703 fecisse
1029 3651 1330 3717 moventia,
1384 3652 1473 3722 qui
1548 3655 1713 3711 etiam
1777 3658 1984 3727 primus

404 3736 643 3791 omnium
692 3738 855 3808 pedes
894 3747 1195 3795 statuarum
1241 3759 1271 3797 a
1329 3759 1388 3798 se
1428 3745 1657 3802 invicem
1690 3752 1978 3819 separavit,

403 3825 523 3880 aliis
548 3828 879 3898 coniunctim
928 3844 1023 3886 eos
1050 3830 1439 3890 fabricantibus
1480 3835 1752 3894 Palefatus
1774 3856 1982 3899 memo-

404 3924 508 3992 rat.
542 3916 652 3973 Nec
678 3935 785 3973 non
817 3922 1084 3990 quomodo
1109 3938 1231 3977 cum
1268 3924 1376 3981 filio
1411 3925 1561 3982 Icaro
1597 3928 1823 3986 Minoem
1857 3934 1981 3989 navi

404 4004 631 4076 fugerit,
660 4015 714 4063 et
751 4020 972 4079 propter
1023 4012 1445 4086 investigabilem
1476 4016 1676 4089 fugam,
1739 4022 1982 4081 avolasse

401 4096 595 4164 pennis
613 4099 913 4155 aestimatus
926 4109 1029 4156 est.
1056 4100 1207 4159 Tunc
1227 4105 1649 4177 etiam‘Otpheus
1671 4109 1852 4167 Thrax
1873 4113 1982 4168 cla-

403 4199 497 4238 rus
516 4185 833 4253 habebatur,
866 4191 1019 4261 cujus
1048 4191 1339 4262 discipulus
1375 4195 1475 4250 fuit
1510 4196 1724 4256 Museus
1773 4203 1979 4276 Emolpi

402 4273 562 4329 ﬁlius.
603 4276 766 4332 Linus
792 4280 957 4334 etiam
996 4282 1250 4352 magister
1276 4283 1541 4352 Herculis,
1574 4287 1813 4348 famosus
1838 4273 1976 4350 erat.

1428 268 1819 328 FRECULPHI
1857 270 2315 328 LEXOVIENSIS
2352 270 2656 329 EPISCOPI

2008 392 2060 452 Α
2084 388 2381 456 trahentes,
2409 389 2554 462 Argo
2576 404 2676 460 per
2713 397 2913 445 terram
2947 391 3015 446 ad
3044 389 3269 448 ﬂuvium
3299 393 3553 465 Aquilem
3575 397 3667 452 de-

3564 282 3665 337 960

2083 478 2372 546 duxerunt,
2395 481 2486 550 qui
2521 480 2877 551 permiscetur
2919 480 3211 537 Heridano.
3241 483 3557 541 Heridanus
3573 501 3667 545 au-

2082 577 2192 625 tem
2217 570 2403 626 fauces
2430 571 2592 626 habet
2616 572 2668 625 in
2699 571 2940 627 Italicum
2963 589 3135 630 mare.
3162 575 3227 630 Et
3250 577 3331 633 sic
3353 578 3422 632 ad
3452 581 3666 650 propria

2081 661 2428 729 repedarunt.
2472 661 2673 715 Eodem
2699 676 2914 732 quoque
2964 672 3226 734 tempore,
3266 667 3529 733 Vesozes,
3579 685 3667 726 rex

2083 748 2327 821 Egypti.
2345 750 2647 817 meridiem,
2668 761 2727 806 et
2745 751 3199 823 Septentrionem,
3221 755 3428 814 divisas
3440 769 3673 830 peneto-

2082 851 2140 896 to
2163 842 2302 897 coelo
2326 857 2390 896 ac
2421 842 2613 914 pelago
2638 843 2845 915 plagas,
2861 851 2957 899 aut
2977 846 3208 901 miscere
3223 848 3386 915 bello,
3420 860 3486 906 ut
3506 868 3671 922 regno

2075 931 2303 1005 jungere
2318 935 2561 1001 studens,
2579 935 2796 1007 Scythis
2816 937 3016 993 bellum
3036 940 3243 1009 primus
3260 942 3478 1009 indixit,
3496 946 3674 1002 missis

2082 1026 2234 1095 prius
2270 1026 2485 1099 legatis,
2532 1029 2624 1097 qui
2672 1029 2918 1085 hostibus
2956 1033 3181 1101 parendi
3223 1033 3371 1105 leges
3406 1037 3669 1094 dicerent.

2085 1115 2300 1187 Scythre
2324 1127 2506 1174 autem
2532 1119 2724 1191 legatis
2751 1121 3117 1190 respondent:
3149 1121 3355 1181 Stolide
3379 1128 3674 1198 opulentis-

2083 1207 2278 1263 simum
2293 1220 2474 1279 regem
2488 1208 2748 1264 adversus
2762 1210 2951 1278 inopes
2971 1213 3267 1282 sumpsisse
3288 1214 3513 1284 bellum,
3537 1221 3674 1289 quod

2091 1298 2391 1353 timendum
2441 1298 2546 1368 ipsi
2593 1300 2767 1371 magis
2808 1315 2966 1356 versa
3002 1301 3122 1358 vice
3150 1303 3319 1360 fuerit
3346 1315 3572 1378 propter
3596 1310 3675 1365 in-

2085 1395 2265 1443 certos
2288 1386 2418 1441 belli
2443 1395 2686 1451 eventus,
2717 1388 2866 1443 nulla
2893 1391 3138 1461 praemia,
3187 1400 3245 1448 et
3272 1394 3468 1451 damna
3499 1398 3674 1455 mani-

2086 1478 2244 1534 festa.
2276 1477 2463 1541 Porro,
2516 1479 2621 1535 sibi
2649 1495 2754 1535 non
2776 1485 3198 1551 exspectandum
3242 1487 3369 1542 dum
3403 1490 3472 1544 ad
3499 1506 3561 1546 se
3588 1507 3679 1547 ve-

2086 1568 2290 1634 niatur,
2322 1569 2417 1624 sed
2471 1569 2616 1624 ultro
2656 1571 2852 1640 praeda:
2899 1573 3114 1629 obviam
3137 1576 3329 1633 ituros.
3359 1577 3472 1635 Nec
3498 1598 3676 1650 mora,

2090 1673 2215 1713 nam
2245 1658 2388 1714 dicta
2416 1656 2574 1715 factis
2624 1661 2999 1731 insequuntur.
3029 1663 3270 1722 Primum
3298 1668 3478 1740 ipsum
3511 1671 3678 1729 Veso-

2016 1738 2064 1797 B
2091 1763 2211 1804 zem
2236 1749 2481 1804 territum
2527 1749 2776 1821 refugere
2812 1752 2868 1806 in
2893 1768 3119 1824 regnum
3166 1738 3408 1829 cogunt;
3442 1762 3673 1819 destitu-

2092 1847 2204 1893 tum
2231 1856 2363 1896 vero
2402 1842 2701 1897 exercitum
2739 1842 3020 1912 invadunt,
3068 1864 3394 1923 omnemque
3417 1853 3549 1911 belli
3582 1874 3677 1930 ap-

2090 1948 2338 2007 paratum
2385 1951 2692 2012 capessunt.
2750 1944 3069 2000 Universum
3117 1961 3332 2018 quoque
3376 1946 3671 2019 Egyptum

2090 2028 2511 2098 populavissent,
2562 2033 2618 2087 ni
2649 2032 2937 2104 paludibus
2964 2035 3203 2105 impediti
3258 2038 3668 2108 repellerentur.

2089 2116 2218 2174 Inde
2247 2122 2504 2177 continuo
2531 2126 2758 2191 reversi,
2786 2127 3142 2196 perdomitam
3174 2129 3399 2186 infinitis
3440 2132 3674 2189 caedibus

2090 2207 2275 2263 Asiam
2300 2211 2621 2282 vectigalem
2648 2213 2844 2270 fecere.
2896 2214 2997 2270 Ubi
3027 2231 3125 2284 per
3151 2217 3217 2272 15
3244 2233 3419 2275 annos
3439 2220 3558 2275 sine
3582 2239 3673 2293 pa-

2089 2313 2151 2352 ce
2180 2299 2747 2370 immorati,-tandem,
2774 2321 3005 2361 uxorum
3047 2306 3379 2379 ﬂagitatione
3418 2328 3672 2369 revocan—

2090 2397 2197 2457 tur,
2231 2391 2687 2461 denuntiantium,
2719 2399 2774 2451 ni
2827 2399 3069 2465 redeant,
3120 2401 3359 2457 sobolem
3388 2418 3449 2459 se
3498 2420 3531 2459 a
3558 2405 3663 2460 fini-

2090 2480 2239 2536 timis
2259 2484 2602 2552 quaesituras.
2639 2485 2814 2543 Medio
2843 2496 3023 2544 autem
3067 2497 3329 2561 tempore,
3366 2494 3512 2564 apud
3540 2494 3671 2565 Scy-

2091 2573 2347 2629 tbas'duo
2395 2576 2528 2646 regii
2564 2574 2789 2645 juvenes
2827 2577 3036 2635 Plinius
3064 2589 3118 2635 et
3166 2580 3526 2652 Scolopetius,
3575 2602 3670 2656 per

2088 2660 2380 2718 factionem
2421 2667 2744 2735 optimatum
2773 2669 2933 2724 domo
2956 2670 3117 2740 pulsi,
3166 2672 3443 2743 ingentem
3467 2673 3665 2744 juveno

2086 2760 2256 2807 tutem
2310 2768 2493 2810 secum
2542 2765 2795 2826 traxere,
2830 2770 2887 2815 et
2933 2760 2988 2815 in
3044 2760 3398 2831 Cappadociae
3435 2762 3667 2822 Pontica:

2084 2857 2205 2908 ora,
2222 2843 2374 2913 juxta
2397 2861 2610 2902 amnem
2629 2846 3099 2918 Thermodontem,
3120 2853 3504 2920 consederunt,
3521 2855 3669 2910 Cam-

2087 2931 2365 3000 pifthemis
2408 2934 2615 3009 Scyriis
2661 2938 2764 2993 sibi
2819 2938 3099 3008 subjectis,
3142 2943 3232 2997 ubi
3270 2944 3361 2999 diu
3421 2948 3665 3015 proxima

2086 3041 2312 3095 qumque
2334 3028 2592 3098 populati,
2619 3031 3019 3100 conspiratione
3046 3033 3398 3090 finitimorum
3429 3052 3527 3106 per
3546 3039 3670 3094 insi-

2086 3114 2203 3170 dias
2232 3117 2586 3175 trucidantur.
2633 3120 2836 3191 Horum
2896 3140 3092 3180 uxores
3136 3127 3326 3182 exsilio
3375 3143 3444 3183 ac
3492 3131 3664 3186 vidui-

2086 3212 2197 3261 tate
2281 3218 2579 3278 permotze,
2646 3228 2798 3268 arma
2851 3226 3124 3282 sumunt,
3177 3226 3233 3273 et
3284 3226 3346 3273 ut
3420 3222 3667 3278 omnibus

2082 3309 2183 3364 par
2232 3311 2298 3351 ex
2339 3298 2501 3356 simili
2547 3302 2857 3358 conditione
2902 3305 3114 3361 animus
3161 3306 3339 3374 fieret,
3378 3310 3530 3367 viros
3580 3314 3664 3382 qui

2085 3387 2457 3457 superfuerant
2489 3392 2836 3460 interficiunt,
2873 3404 3034 3467 atque
3088 3413 3332 3454 accensa:
3362 3400 3420 3453 in
3460 3402 3662 3457 hostem

2084 3481 2343 3551 sanguine
2391 3497 2489 3538 suo
2553 3485 2811 3541 ultionem
2866 3503 3129 3543 caesorum
3193 3489 3484 3562 conjugum
3547 3494 3663 3549 fiui-

2083 3569 2338 3626 timorum
2393 3572 2604 3629 excidio
2653 3588 3069 3647 consequuntur.
3112 3579 3261 3637 Tunc
3311 3598 3449 3652 pace
3502 3587 3662 3641 armis

2082 3661 2326 3729 quaesita,
2369 3669 2621 3718 externos
2660 3666 2977 3722 concubitus
3026 3668 3232 3736 ineunt,
3263 3672 3444 3727 editos
3490 3690 3662 3731 mares

2081 3765 2206 3804 mox
2235 3760 2485 3817 enecant,
2524 3753 2753 3810 feminas
2785 3757 3024 3812 studiose
3052 3761 3299 3816 nutriunt
3324 3802 3343 3827 ,
3369 3763 3568 3821 inustis
3589 3767 3660 3820 in-

2082 3836 2287 3893 fantum
2330 3841 2728 3899 dexterioribus
2771 3847 3042 3914 mamillis,
3093 3863 3160 3903 ne
3214 3853 3539 3923 sagittarum
3583 3854 3660 3925 ja-

2079 3936 2199 3984 ctus
2253 3930 2663 4000 impedirentur.
2720 3934 2873 3991 Unde
2898 3937 3204 3996 Amazones
3231 3941 3409 3998 dictae.
3466 3945 3659 4000 [larum

2081 4019 2198 4076 dua:
2258 4020 2409 4077 fuere
2459 4024 2659 4095 reginas
2683 4066 2698 4091 ,
2769 4026 3035 4098 Marpesia
3093 4037 3147 4085 et
3194 4029 3479 4102 Lampeto.
3539 4037 3658 4102 Quae

2081 4111 2294 4180 agmine
2333 4113 2507 4169 diviso
2542 4114 2595 4169 in
2627 4116 2762 4172 duas
2790 4127 2995 4189 partes,
3031 4120 3270 4176 vicissim
3317 4140 3509 4180 curam
3540 4128 3657 4182 belli

2079 4213 2133 4260 et
2161 4205 2353 4260 domus
2401 4207 2701 4267 custodiam
2752 4210 3137 4266 sortiebantur.
3188 4212 3359 4285 Igitur
3403 4231 3527 4271 cum
3557 4217 3657 4271 Eu-

2079 4312 2225 4367 ropa:
2271 4296 2562 4351 maximam
2592 4307 2801 4367 partem
2832 4302 3185 4368 domuisse:.t,
3223 4305 3366 4360 Asiae
3404 4323 3535 4362 vero
3562 4308 3657 4362 ali-

400 4363 568 4433 lgitur
586 4382 649 4420 ea
692 4384 797 4437 que
824 4369 892 4424 de
921 4371 1117 4442 Spinga
1146 4381 1199 4427 et
1241 4373 1515 4445 (Edipode
1566 4386 1619 4434 et
1648 4380 1976 4453 Argonautis
2003 4422 2055 4481 Β
2079 4363 2298 4458 quantis
2357 4363 2664 4444 civitatibus
2716 4392 2886 4461 captis
2911 4432 2924 4458 ,
2995 4395 3123 4463 ipsa:
3170 4363 3335 4451 etiam
3394 4397 3659 4468 Ephesum

400 4455 655 4481 Ain-“.0..-
678 4455 731 4481 ε..
762 4458 950 4481 -.-:t...-
980 4458 1189 4481 ι’.--..--...
1223 4462 1295 4481 ιι,
1322 4479 1357 4481 ν-
1405 4464 1416 4481 I
1546 4465 1562 4481 ι
1643 4468 1656 4481 ι
1731 4471 1744 4481 .
1875 4472 1907 4481 ..ι
2113 4477 2145 4481 --
2411 4479 2421 4481 μ
2557 4479 2569 4481 -

394 4455 655 4507 dicuntur
678 4455 732 4508 in
758 4458 953 4526 quibus
978 4458 1195 4515 fuerunt
1222 4462 1501 4531 Hercules,
1532 4465 1835 4538 Asclepius,
1867 4472 1973 4528 Ca-

396 4552 518 4596 ctor
554 4550 611 4595 et
633 4542 844 4610 Pollux,
874 4554 1002 4601 tunc
1028 4550 1317 4619 contigisse
1344 4552 1616 4612 Palefatus
1644 4561 1852 4627 scribit,
1881 4563 1972 4633 qui

402 4631 657 4703 Spingam
702 4650 924 4690 uxorem
966 4637 1178 4693 Cathmi
1229 4640 1416 4710 fuisse,
1466 4655 1523 4700 et
1550 4658 1770 4719 propter
1798 4631 1972 4709 zelum

402 4720 669 4776 lirmionte
698 4739 923 4779 uxorem
949 4741 981 4780 a
1011 4726 1130 4782 viro
1173 4731 1514 4787 recedentem
1561 4745 1751 4792 contra
1802 4741 1973 4797 Cath-

400 4826 543 4866 mum
586 4813 911 4872 constitisse.
946 4817 1101 4873 Nunc
1128 4820 1195 4875 de
1239 4821 1568 4893 Argonautis
1619 4827 1740 4898 plus
1771 4830 1973 4902 aliquid

401 4903 658 4958 dicamus.
684 4903 889 4974 Aquil‘is
921 4915 1006 4962 est
1050 4906 1262 4978 ﬂuvius,
1306 4913 1363 4967 in
1398 4929 1558 4983 quem
1585 4931 1765 4974 sermo
1798 4918 1971 4978 fertur

397 4993 677 5049 advectam
703 4998 915 5068 navigio
959 4998 1126 5070 Argo,
1170 5010 1225 5057 et
1275 5004 1343 5059 ad
1385 5004 1723 5077 Thyrrenum
1750 5009 1972 5085 pelagus

398 5084 564 5140 fuisse
589 5087 920 5156 perductam.
950 5090 1278 5161 Argonauta:
1311 5096 1454 5150 enim
1479 5106 1698 5154 ventum
1733 5084 1969 5158 validum

396 5175 748 5242 declinantes,
773 5194 877 5234 non
904 5180 1093 5235 eodem
1141 5184 1354 5255 navigio
1380 5186 1432 5241 in
1479 5192 1818 5260 regressione
1844 5201 1969 5248 sunt

394 5264 500 5332 usi,
529 5266 623 5321 sed
667 5275 1007 5325 transeuntes
1036 5287 1205 5339 mare,
1237 5277 1380 5344 quod
1408 5294 1569 5350 super
1592 5280 1837 5353 Scythas
1864 5292 1966 5352 est,

393 5369 495 5423 per
521 5354 634 5412 haec
663 5356 881 5415 ﬂumina
923 5372 1188 5419 venerunt
1215 5369 1282 5420 ad
1328 5373 1587 5426 terminos
1616 5372 1890 5439 Italorum,
1916 5385 1970 5431 et

396 5443 471 5497 ibi
509 5446 824 5517 hyemantes
874 5452 1227 5509 condiderunt
1263 5458 1536 5514 civitatem
1584 5479 1704 5532 qua:
1745 5478 1971 5521 vocatur

396 5530 659 5590 Hemona.
686 5538 898 5597 [Estate
939 5558 1069 5599 vero
1099 5549 1531 5616 superveniente,
1557 5530 1968 5624 cooperantibus

395 5622 478 5677 eis
500 5628 916 5691 provincialibus
944 5632 1059 5691 fere
1082 5635 1188 5691 400
1232 5636 1458 5709 stadios,
1486 5650 1606 5698 arte
1638 5622 1969 5709 ,mechanica

2080 4477 2316 4546 aliasque
2342 4479 2503 4532 urbes
2540 4479 2665 4533 dum
2708 4481 3100 4546 condidisseut,
3153 4487 3483 4556 praecipuam
3509 4506 3659 4544 exer-

2078 4567 2219 4623 citus
2244 4568 2325 4622 sui
2354 4575 2562 4639 partem
2600 4579 2870 4638 onustam,
2912 4574 3321 4643 Opulentissima
3349 4580 3534 4647 paeda
3561 4581 3654 4636 do-

2078 4673 2223 4712 mum
2248 4666 2522 4724 revocant,
2555 4659 2776 4730 reliqua:
2805 4662 2870 4716 ad
2906 4665 3160 4720 tuendum
3183 4666 3327 4723 Asia:
3373 4669 3655 4740 imperium

2080 4748 2280 4803 relictae
2310 4765 2430 4804 cum
2459 4749 2685 4819 Arpesia
2715 4754 2920 4823 regina,
2977 4771 3244 4813 concursu
3282 4757 3522 4816 hostium
3551 4772 3661 4815 tru-

2078 4838 2345 4894 cidantur.
2390 4837 2558 4908 Hujus
2603 4840 2780 4895 locum
2823 4841 3022 4913 Sinope
3047 4847 3299 4915 capessit,
3332 4864 3456 4918 qua-
3480 4853 3661 4921 singu-

2075 4928 2243 4982 larem
2274 4930 2490 4985 virtutis
2519 4929 2746 5002 gloriam
2781 4942 3040 5002 perpetua
3065 4936 3378 5006 virginitate
3423 4941 3661 4995 cumula-

2074 5020 2169 5074 vit.
2199 5019 2312 5075 IIac
2341 5020 2483 5077 fama
2512 5024 2719 5079 excitus
2753 5034 2942 5095 gentes
2978 5034 3125 5082 tanta
3149 5030 3442 5088 admiratio
3468 5042 3524 5088 et
3548 5033 3660 5090 for-

2074 5111 2220 5167 mido
2246 5113 2538 5180 invaserat,
2571 5126 2630 5171 ut
2650 5117 2907 5174 Hercules
2935 5135 3149 5192 quoque
3172 5137 3296 5177 cum
3313 5123 3502 5192 jussus
3530 5127 3662 5182 fuis~

2075 5212 2212 5258 seta
2241 5205 2460 5260 domino
2504 5221 2604 5261 suo
2648 5208 2905 5264 exhibere
2950 5226 3100 5265 arma
3126 5213 3349 5284 reginae,
3389 5218 3545 5285 quasi
3589 5218 3659 5272 ad

2074 5295 2386 5353 inevitabile
2427 5298 2726 5370 periculum
2756 5303 3057 5361 destinatus
3099 5308 3408 5365 universam
3435 5311 3661 5369 Graecia

2072 5381 2265 5442 lectam
2317 5406 2379 5445 ac
2424 5392 2655 5447 nobilem
2679 5393 3017 5464 juventutem
3056 5403 3411 5468 contraxerit,
3464 5420 3660 5459 novem

2073 5474 2256 5546 longas
2291 5493 2455 5534 naves
2494 5484 2858 5552 praeparavit;
2890 5501 2988 5538 nec
3017 5494 3195 5543 tamen
3218 5499 3505 5549 contentus
3529 5510 3662 5550 exa-

2070 5564 2215 5619 mine
2243 5568 2458 5635 virium,
2484 5585 2549 5625 ex
2575 5570 2865 5641 improviso
2897 5577 3115 5647 aggredi
3138 5574 3196 5633 et
3218 5579 3523 5651 insperatas
3539 5584 3658 5638 cir-

2071 5659 2381 5713 cumvenire
2408 5660 2677 5718 maluerit.
2718 5663 2847 5721 Duae
2886 5672 3015 5723 tunc
3041 5681 3260 5726 sorores
3301 5687 3465 5742 regno
3513 5688 3659 5743 pnu-
