3900 6178
295 287 397 342 96!

1432 287 1936 346 CHRONICON.——
1973 289 2137 345 TOMI
2174 290 2193 345 l
2229 290 2357 346 LIB.
2397 292 2461 346 ll.

3465 304 3568 363 982

290 406 451 452 erant
475 397 747 468 Anthiope
770 404 827 461 ct
848 397 1095 468 Orythia.
1130 397 1389 453 Hercules
1427 399 1564 452 mari
1602 399 1878 463 advectus,
1908 412 1955 469 Α
1985 400 2494 458 navibusexeuntes
2516 410 2689 459 terras
2712 405 3030 476 attigerunt,
3049 407 3203 465 illico
3224 426 3421 468 nomen
3448 416 3570 475 loco

294 490 542 544 incautas
571 488 912 558 inermesque
941 496 998 543 et
1018 489 1170 558 pacis
1197 489 1402 542 incuria
1433 488 1643 543 desides
1660 503 1884 559 oppres-

292 582 387 634 sit.
421 579 569 633 [nter
595 593 767 634 caesas
808 589 1102 647 captasque
1130 578 1527 646 complurimas,
1563 578 1682 632 duae
1723 593 1879 633 soro-

295 688 403 736 res,
440 671 732 740 Anthiope,
764 669 1084 739 Melanippe,
1134 669 1203 723 ab
1228 669 1478 733 Hercule,
1531 666 1814 739 Hyppolite
1850 686 1881 723 a

294 762 527 824 Theseo,
561 770 788 815 retentae
830 770 972 815 sunt.
1009 760 1114 815 Sed
1156 761 1396 815 Theseus
1422 761 1740 831 llyppoliten
1767 778 1885 816 ma-

294 854 551 907 trimonio
595 853 806 918 ascivit,
848 853 1106 909 Hercules
1154 854 1449 924 Melanippe
1495 854 1669 909 sorori
1698 854 1881 909 reddi-

296 944 398 1008 dit,
445 950 502 998 et
551 957 700 995 arma
752 944 950 1013 regium
1000 943 1174 1012 pretio
1222 942 1606 1012 redemptionis
1650 942 1877 1012 accepit.

295 1033 428 1087 Post
454 1030 677 1103 Orythia
710 1032 1007 1087 Pentesilca
1045 1048 1208 1102 regno
1234 1034 1402 1102 potita
1428 1041 1529 1098 est,
1565 1033 1718 1104 cujus
1745 1033 1881 1086 Tro-

284 1122 422 1193 jano
445 1122 587 1177 bello
612 1121 911 1176 clarissima
953 1121 1097 1177 inter
1124 1124 1269 1187 viros
1315 1121 1633 1176 documenta
1666 1122 1883 1176 virtutis

296 1211 627 1281 accepimus.
655 1209 820 1279 lgitur
845 1204 1057 1279 Scytha:
1101 1209 1369 1278 iidemque
1397 1208 1579 1275 Gothi,
1616 1224 1754 1278 quos
1774 1209 1881 1266 Ne-

296 1316 455 1357 sozes
482 1316 576 1356 rex
622 1300 860 1371 Egypti,
907 1300 975 1353 ad
1016 1315 1167 1355 suam
1193 1316 1522 1370 suorumque
1555 1317 1661 1356 non
1707 1301 1881 1358 solum

295 1391 574 1446 miseram
623 1398 680 1443 et
710 1388 1103 1455 confusionem,
1151 1391 1247 1445 sed
1284 1390 1449 1444 etiam
1478 1390 1706 1444 aliarum
1740 1405 1879 1462 gen-

297 1481 434 1536 tium
463 1482 729 1536 excitasse
753 1520 767 1545 ,
823 1480 1372 1552 historiographorum
1416 1482 1674 1537 nobilium
1705 1497 1883 1536 asser-

298 1572 538 1627 tionibus
565 1571 954 1626 declaravimus
981 1611 997 1637 ,
1050 1586 1114 1626 ex
1150 1587 1256 1641 qua
1285 1572 1436 1642 prius
1479 1572 1741 1643 originem
1784 1588 1882 1627 na-

298 1663 446 1718 tione
483 1663 763 1728 ducerent,
801 1676 897 1716 seu
927 1676 1063 1732 quas
1087 1661 1384 1717 incolerent
1408 1663 1585 1728 sedes,
1611 1662 1881 1719 elucidare

1985 489 2266 585 dederunt.
2340 491 2476 546 Nam
2522 493 2788 565 hodieque
2832 497 2939 585 illic
2967 538 2981 564 ,
3038 508 3100 554 ut
3147 500 3350 570 fertur,
3404 505 3567 564 Gothi

1987 579 2194 634 Scanza
2227 590 2468 636 vocatur.
2503 582 2656 639 Unde
2697 600 2823 640 mox
2867 579 3267 657 promoventes,
3313 596 3382 649 ad
3410 598 3570 655 sedes

1985 669 2417 741 Uhnerugorum,
2454 674 2548 743 qui
2584 681 2712 729 tunc
2733 675 2932 731 Oceani
2960 679 3106 747 ripas
3125 681 3452 752 insidebant,
3477 703 3567 744 ca-

1984 763 2287 815 strametati
2310 772 2456 828 sunt,
2489 779 2690 834 eosque
2714 769 3000 823 commisso
3021 772 3205 838 praelio
3225 778 3459 845 propriis
3481 795 3567 836 se

1984 850 2141 906 dibus
2164 852 2505 921 pepulerunt,
2554 863 2611 908 et
2636 871 2822 910 eorum
2847 859 3055 914 vicinos
3080 862 3349 922 Vandalos
3372 907 3387 931 ,
3432 885 3570 938 quos

1986 951 2112 996 tunc
2135 941 2502 1014 subjugantes,
2529 947 2641 1001 suis
2667 949 3009 1017 applicavere
3026 952 3284 1010 victoriis.
3311 958 3412 1014 Ubi
3438 975 3568 1017 vero

1983 1048 2176 1102 magna
2226 1034 2407 1102 populi
2457 1038 2843 1092 numerositate
2889 1051 3188 1107 crescente,
3240 1046 3401 1100 etiam
3428 1064 3568 1117 pene

1983 1121 2171 1190 quinto
2223 1138 2350 1192 rege
2409 1134 2685 1193 regnante,
2735 1140 2859 1197 post
2900 1128 3090 1184 Berich
3141 1131 3416 1202 Philuner,
3456 1138 3567 1194 filio

1982 1210 2263 1281 Gadarigis
2290 1212 2514 1266 consilio
2538 1214 2694 1279 sedit,
2726 1223 2786 1269 ut
2823 1217 3018 1271 exinde
3043 1234 3167 1273 cum
3198 1220 3417 1278 familiis
3454 1224 3565 1281 Go-
3654 1256 3665 1263 ι

1984 1303 2200 1357 thorum
2224 1312 2569 1373 promoveret
2588 1307 2877 1361 exercitus.
2926 1307 3030 1375 Qui
3055 1311 3363 1379 aptissimas
3388 1316 3565 1380 sedes,

1981 1389 2205 1461 locaque
2242 1392 2368 1446 dum
2400 1403 2668 1462 quaereret
2717 1410 2953 1467 congrua
2980 1438 2995 1461 ,
3044 1401 3294 1467 pervenit
3336 1404 3403 1456 ad
3431 1403 3575 1475 Scy-'

1982 1482 2109 1535 thiie
2155 1490 2344 1545 terras,
2403 1499 2523 1553 qua:
2573 1485 2755 1556 lingua
2795 1503 2982 1543 eorum
3026 1490 3181 1544 Oium
3214 1494 3565 1549 vocabantur.

1984 1572 2084 1628 Ubi
2113 1572 2407 1628 delectatus
2444 1590 2634 1646 magna
2663 1577 2907 1632 ubertate
2944 1580 3240 1648 regionum,
3279 1581 3372 1636 sed
3410 1598 3565 1638 exer-

1983 1662 2123 1716 citus
2152 1662 2440 1719 medietate
2474 1667 2818 1734 transposita,
2841 1683 2977 1737 pons
3007 1669 3203 1723 dicitur
3234 1671 3322 1725 ubi
3350 1686 3565 1727 amnem

298 1756 500 1811 cursim
531 1755 713 1811 statui.
764 1753 951 1810 Refert
980 1754 1127 1808 enim
1151 1754 1407 1809 Claudius
1443 1753 1766 1810 Ptolomaeus
1792 1769 1883 1809 or-
1908 1774 1955 1833 Β
1986 1751 2272 1820 trajecerat
2326 1755 2747 1825 irrcparabilitcr
2801 1758 3071 1812 corruisse
3095 1799 3109 1824 ,
3175 1774 3275 1814 nec
3342 1760 3567 1815 ulterius

296 1845 383 1900 bis
411 1845 713 1915 descriptor
740 1844 1009 1915 egregius,
1033 1843 1087 1897 in
1121 1844 1355 1899 secundo
1381 1845 1464 1899 sui
1484 1845 1665 1914 operis
1693 1844 1832 1900 libro
1859 1858 1874 1899 :

295 1935 397 1989 Est
424 1935 479 1989 in
513 1934 730 1990 Oceano
769 1934 1040 1989 Arctisalo
1083 1935 1257 2004 posita
1301 1934 1475 1990 insula
1501 1951 1693 2006 magna
1716 1976 1730 2000 ,
1782 1951 1880 1990 no-

295 2026 445 2080 mine
473 2023 703 2091 Scanza,
738 2025 791 2079 in
826 2025 1041 2079 modum
1082 2025 1191 2080 folii
1221 2026 1367 2081 cedri
1391 2026 1647 2081 lateribus
1685 2027 1879 2096 pandis

294 2135 396 2190 per
427 2119 643 2189 longum
683 2118 841 2174 ducta
891 2119 1218 2176 concludens
1243 2136 1322 2186 se,
1361 2136 1525 2191 quam
1551 2130 1606 2177 et
1651 2122 1879 2192 Pompo-

298 2211 421 2265 nius
446 2209 582 2264 Mela
610 2209 662 2262 in
694 2209 831 2263 mari
871 2210 1201 2265 sinucodano
1229 2211 1462 2281 positam
1490 2212 1687 2279 refert,
1726 2213 1877 2283 cujus

297 2303 445 2370 ripas
492 2298 665 2357 influit
707 2298 971 2356 Oceanus.
1012 2301 1136 2357 Haec
1164 2317 1195 2356 a
1229 2302 1407 2357 fronte
1459 2305 1632 2373 posita
1660 2314 1744 2359 est
1785 2305 1878 2360 Ju-

294 2391 452 2446 stulaa
493 2389 749 2456 fluminis,
802 2392 895 2461 qui
940 2390 1260 2447 Sarmaticis
1287 2394 1560 2448 montibus
1607 2404 1781 2461 ortus,
1821 2397 1876 2450 in

296 2489 590 2551 conspectu
636 2479 859 2535 Scanza:
885 2479 1305 2550 Septentrionali
1352 2482 1588 2550 Oceano,
1626 2486 1878 2542 trisulcus

298 2575 579 2637 illabatur,
632 2571 976 2627 Germaniam
1031 2572 1419 2643 Scythiamque
1463 2576 1873 2631 disterminans.

299 2664 426 2720 ihec
449 2679 577 2734 ergo
623 2665 786 2719 habet
809 2665 877 2720 ab
926 2665 1146 2720 Oriente
1195 2666 1561 2721 vastissimum
1614 2666 1791 2722 lacum
1821 2667 1877 2721 in

297 2755 505 2827 gremio
554 2754 702 2810 orbis
749 2763 930 2821 terrae,
975 2756 1114 2810 unde
1144 2756 1275 2826 Vagi
1304 2754 1521 2822 fluvius,
1572 2756 1716 2811 velut
1740 2772 1877 2826 quo-

296 2847 420 2901 dam
451 2852 639 2900 ventre
662 2853 977 2914 generatus,
1026 2844 1080 2897 in
1107 2843 1380 2899 Oceanum
1418 2844 1656 2900 undosus
1678 2846 1879 2901 evolvi-

296 2944 407 2990 tur.
453 2934 535 2989 Ab
555 2931 848 2988 Occidente
876 2947 1109 3002 namque
1141 2934 1403 2988 immenso
1431 2934 1621 3005 pelago
1645 2936 1879 2991 circum-

294 3028 478 3093 datur,
505 3040 537 3079 a
563 3025 939 3096 Septentrionc
964 3040 1178 3095 quoque
1205 3025 1552 3093 innavigabili
1579 3027 1767 3081 codem
1791 3041 1879 3082 va-

1977 1842 2090 1913 jam
2117 1845 2366 1915 cuiquam
2395 1846 2547 1901 licuit
2580 1848 2658 1902 ire
2697 1857 2792 1903 aut
2817 1849 3012 1903 redire.
3059 1849 3192 1904 Nam
3222 1851 3267 1906 is
3294 1851 3468 1917 locus,
3505 1861 3564 1906 ut

1981 1934 2172 2001 fertur,
2204 1938 2452 1992 tremulis
2473 1938 2760 2008 paludibus
2780 1940 3035 2009 voragine
3062 1940 3409 2010 circumjecta
3435 1958 3565 1996 con-

1981 2024 2235 2091 cluditur,
2269 2042 2431 2096 quem
2470 2037 2701 2097 utraque
2751 2028 3068 2084 confusione
3094 2037 3289 2083 natura
3331 2030 3564 2085 reddidit

1980 2116 2321 2185 impervium.
2384 2118 2766 2173 Verumtamen
2825 2118 3092 2187 hodieque
3144 2119 3254 2174 illic
3299 2128 3355 2175 et
3403 2136 3564 2175 voces

1980 2217 2351 2262 armentorum
2378 2208 2573 2273 audiri,
2602 2217 2657 2263 et
2685 2208 2885 2263 indicia
2912 2210 3186 2264 hominum
3214 2210 3560 2280 deprehendi,

1979 2300 2396 2355 commeantium
2420 2301 2766 2356 attestatione
2782 2341 2798 2367 ,
2824 2303 3071 2371 quamvis
3093 2318 3123 2355 a
3154 2302 3310 2374 longe
3337 2304 3560 2358 audien-

1979 2392 2114 2445 tium
2142 2392 2365 2446 credere
2389 2391 2535 2446 licet.
2573 2391 2700 2446 llaec
2749 2407 2878 2463 ergo
2910 2407 3036 2462 pars
3070 2392 3393 2460 Gothorum,
3444 2411 3564 2465 quae

1980 2480 2120 2549 apud
2143 2478 2397 2534 Philuner
2432 2481 2646 2545 dicitur,
2674 2481 2729 2535 in
2762 2489 2938 2537 terras
2965 2482 3123 2538 Oium
3153 2499 3375 2539 emenso
3405 2499 3562 2539 amne

1980 2571 2330 2639 transposita,
2381 2578 2570 2639 optato
2616 2571 2773 2640 potiti
2818 2571 2932 2627 solo
2955 2611 2970 2637 ,
3014 2588 3116 2628 nec
3145 2589 3295 2628 mora
3324 2574 3469 2629 illico
3494 2575 3562 2628 ad

1978 2669 2194 2730 gentem
2248 2658 2531 2730 Spalorum
2573 2661 2903 2727 adveniunt,
2959 2671 3314 2732 consertaque
3354 2664 3561 2734 praelia,

1978 2752 2261 2805 victoriam
2308 2751 2697 2819 adipiscuntur.
2748 2751 2955 2807 Exinde
2981 2751 3097 2821 jam
3153 2754 3299 2808 velut
3330 2755 3562 2810 victores

1979 2842 2045 2896 ad
2073 2849 2373 2896 extremam
2404 2840 2638 2911 Scythiae
2662 2850 2893 2909 partem,
2949 2856 3070 2910 quae
3113 2841 3286 2897 Ponto
3313 2844 3450 2897 mari
3481 2844 3560 2899 vi-

1978 2933 2099 2988 cina
2152 2942 2258 2997 est,
2305 2941 2635 3001 properant,
2694 2918 3147 3001 quemadmodum
3193 2945 3248 2989 et
3277 2935 3333 2989 in
3369 2937 3562 3005 priscis

1978 3037 2165 3077 eorum
2194 3020 2525 3077 carminibus
2546 3036 2683 3091 pene
2725 3021 2985 3077 historico
3007 3023 3136 3089 ritu,
3189 3024 3246 3078 in
3274 3040 3562 3082 commune

293 3117 535 3174 stissimo
563 3116 898 3172 concluditur
925 3114 1160 3171 Oceano.
1206 3115 1284 3169 Ex
1310 3130 1417 3185 quo
1452 3117 1607 3185 quasi
1652 3117 1874 3172 brachio
1900 3112 1945 3175 C
1978 3112 2251 3168 recolitur.
2304 3112 2457 3179 Quod
2510 3123 2565 3167 et
2598 3111 2859 3166 Ablaunis
2907 3111 3213 3182 dcscriptor
3259 3114 3560 3171 Gothorum

292 3209 528 3281 quodam
556 3218 817 3273 exeunte,
877 3208 996 3262 sinu
1028 3208 1244 3262 detento
1267 3247 1282 3273 ,
1315 3206 1692 3262 Germanicum
1722 3223 1871 3264 mare

290 3301 546 3358 efﬁcitur.
583 3300 759 3370 Apum
796 3299 867 3354 ibi
901 3299 1054 3353 turba
1082 3298 1327 3353 melliﬁca
1359 3298 1427 3352 ob
1449 3298 1675 3352 nimium
1701 3295 1871 3370 frigus

291 3406 560 3464 nusquam
589 3390 872 3461 reperitur.
895 3388 951 3444 In
976 3388 1129 3459 cujus
1149 3398 1301 3458 parte
1319 3388 1556 3443 Arcthoa
1584 3403 1716 3459 gens
1742 3404 1872 3444 con-

289 3484 460 3549 sistit,
493 3497 613 3552 quee
659 3481 854 3536 dicitur
897 3496 928 3535 a
972 3479 1150 3549 Dogit,
1197 3494 1316 3548 quae
1364 3480 1417 3534 in
1463 3480 1640 3534 media
1680 3489 1871 3535 testate

291 3574 650 3645 quadraginta
677 3572 864 3627 diebus
911 3579 966 3627 et
991 3570 1239 3626 noctibus
1276 3571 1425 3626 luces
1458 3571 1658 3628 habere
1697 3571 1872 3627 fertur

291 3670 601 3734 continuas,
632 3667 868 3737 itemque
887 3666 1119 3722 brumali
1143 3674 1402 3736 tempore,
1446 3666 1638 3721 eodem
1662 3665 1870 3721 dierum

290 3763 639 3830 noctiumque
661 3774 906 3824 numero,
937 3759 1201 3815 alternato
1229 3772 1467 3814 maerore
1507 3773 1628 3813 cum
1649 3758 1868 3830 gaudio,

290 3856 470 3910 lucem
497 3853 698 3908 claram
727 3853 936 3908 nescire
961 3850 1153 3907 fertur.
1198 3851 1311 3907 Hoc
1333 3852 1482 3908 enim
1508 3852 1707 3917 evenit,
1744 3852 1870 3921 quia

289 3945 675 4019 prolixioribus
695 3944 911 3999 sedibus
937 3958 1036 4013 per
1063 3943 1181 4019 axis
1206 3944 1504 4013 marginem
1533 3944 1700 3999 solem
1726 3944 1871 3998 videt

288 4040 608 4095 redeuntem
651 4036 720 4092 ad
762 4035 1056 4091 Orientem.
1105 4034 1450 4089 Brevioribus
1499 4050 1629 4090 vero
1657 4049 1766 4088 non
1791 4034 1869 4089 sic

289 4131 436 4202 apud
461 4130 580 4186 illos
624 4128 974 4199 conspicitur,
1006 4135 1067 4181 ut
1096 4125 1378 4181 Australes
1415 4125 1660 4194 aspicere
1680 4141 1867 4180 assue-

288 4232 438 4277 runt.
476 4220 640 4276 Nobis
669 4220 814 4275 enim
842 4219 1054 4274 videtur
1103 4216 1184 4272 sol
1219 4218 1288 4272 ab
1335 4217 1443 4272 imo
1470 4232 1712 4289 surgere,
1765 4217 1870 4273 illis

287 4329 423 4369 vero
465 4311 761 4381 marginem
793 4318 949 4364 terrae
972 4308 1222 4364 circuire.
1274 4307 1382 4363 Nec
1412 4307 1513 4363 hoc
1557 4308 1868 4364 incredibile

286 4405 512 4460 cuilibet
540 4402 803 4456 videatur.
848 4399 1053 4454 Plinius
1090 4413 1323 4468 namque
1351 4397 1756 4454 eruditissimus
1783 4398 1870 4454 lit-

1972 3202 2146 3274 gentis
2158 3202 2431 3273 egregius,
2446 3201 2730 3257 verissima
2750 3208 3037 3255 attestatur
3057 3203 3300 3269 historia,
3325 3205 3379 3259 in
3398 3221 3560 3275 quam

1971 3296 2294 3351 sententiam
2327 3302 2384 3349 et
2432 3294 2674 3350 nonnulli
2722 3308 3046 3349 consensere
3079 3294 3365 3365 majorum.
3411 3297 3558 3365 Quo-

1970 3400 2092 3440 rum
2121 3385 2274 3440 sedes
2301 3386 2385 3439 lue
2412 3384 2466 3438 in
2493 3384 2608 3440 solo
2664 3383 2899 3454 Scythiae
2932 3382 3172 3450 fuerunt,
3212 3385 3369 3454 juxta
3392 3387 3549 3458 palu-

1970 3475 2093 3529 dem
2119 3473 2402 3528 Meotidem
2452 3474 2660 3544 primae,
2687 3475 2935 3529 secundae
2962 3471 3018 3525 in
3063 3473 3253 3545 Mysia,
3292 3475 3554 3532 Thracia-

1969 3579 2075 3637 que
2098 3574 2155 3619 et
2195 3565 2381 3630 Dacia,
2414 3564 2588 3619 tertia:
2636 3579 2799 3634 supra
2841 3581 2990 3621 mare
3028 3564 3332 3634 Ponticum,
3380 3578 3441 3622 ut
3475 3575 3558 3623 te-

1969 3665 2184 3712 stantur
2204 3657 2466 3711 historici.
2511 3656 2647 3710 Dum
2674 3655 2727 3710 in
2762 3657 2938 3726 prima
2962 3671 3197 3725 namque
3236 3658 3363 3713 sede
3397 3656 3555 3726 juxta

1969 3748 2254 3804 Meotidem
2284 3748 2613 3813 habitarent,
2656 3746 2915 3803 Pbiluner
2942 3762 3122 3818 regem
3152 3748 3407 3804 habuisse
3453 3765 3556 3806 no-

1972 3852 2218 3900 scuntur.
2260 3842 2317 3897 ln
2355 3843 2613 3910 secunda,
2653 3841 2709 3898 id
2739 3849 2852 3909 est,
2901 3842 3089 3908 Dacia,
3124 3841 3460 3912 Thraciaque
3501 3852 3559 3898 et

1895 3934 1908 3945 ’
1971 3937 2161 4008 Mysia,
2207 3935 2523 4000 Zalmoxen,
2574 3950 2736 4005 quem
2763 3936 2915 3990 mirae
2952 3935 3312 4005 Philosophia:
3339 3946 3393 3991 et
3433 3952 3558 3991 eru-

1971 4023 2193 4079 ditionis
2227 4022 2393 4078 fuisse
2443 4031 2728 4078 testantur.
2780 4023 3031 4094 Plerique
3078 4025 3557 4093 scriptoresanna-

1970 4112 2100 4168 lium
2131 4113 2351 4167 tradunt
2390 4112 2611 4168 Zeutem
2634 4114 2785 4183 prius
2818 4113 3073 4169 habuisse
3099 4115 3390 4181 eruditum,
3434 4124 3557 4186 post

1971 4205 2135 4260 etiam
2162 4204 2473 4260 Diceneum.
2504 4203 2553 4259 ls
2579 4219 2707 4259 vero
2735 4204 3000 4261 Diceneus
3027 4206 3173 4260 venit
3199 4207 3252 4261 in
3280 4206 3555 4273 Gmhiam,

1970 4312 2078 4367 quo
2106 4305 2347 4367 tempore
2394 4296 2761 4353 Romanorum
2807 4296 2951 4369 Sylla
2997 4300 3198 4368 potitus
3225 4309 3309 4357 cst
3353 4302 3556 4373 princi-

1970 4376 2119 4460 patu.
2143 4388 2313 4456 Quem
2344 4388 2636 4444 Diceneum
2665 4390 2965 4459 suscipiens
2982 4389 3239 4447 Boscurta
3261 4392 3555 4448 Getharum

286 4503 533 4548 terarum
575 4490 911 4547 saecularium
936 4528 951 4552 ,
1000 4487 1189 4542 eodem
1237 4487 1356 4541 fieri
1395 4485 1553 4542 modo
1591 4488 1645 4541 in
1694 4487 1869 4542 insula
1896 4469 1947 4528 Ῐ)
1974 4495 2089 4543 rex,
2128 4479 2273 4543 dedit
2295 4480 2343 4534 ei
2366 4494 2502 4549 pene
2530 4480 2733 4551 regiam
2758 4488 3096 4550 potestatem.
3142 4481 3307 4553 Cujus
3333 4484 3557 4539 consilio

286 4582 448 4638 Thile
474 4588 719 4636 testatus.
773 4579 832 4634 In
862 4579 963 4634 hac
991 4586 1172 4633 autem
1219 4577 1392 4632 insula
1424 4577 1549 4633 licet
1589 4577 1771 4633 multa:
1817 4586 1873 4634 et

285 4674 519 4729 diversae
547 4678 798 4728 maneant
815 4670 1083 4736 nationes,
1114 4668 1437 4725 Ptolomaeus
1460 4677 1641 4724 tamen
1663 4676 1869 4739 septem

284 4765 570 4822 nationum
600 4762 818 4818 nomina
844 4763 1120 4828 meminit,
1148 4776 1216 4817 ex
1243 4762 1438 4832 quibus
1466 4777 1599 4834 gens
1627 4773 1872 4819 moratur

286 4856 389 4919 ibi,
459 4868 577 4923 quae
629 4853 875 4909 Suchans
923 4853 1249 4908 nominatur.
1314 4852 1382 4907 lli
1437 4868 1671 4923 namque
1718 4855 1872 4923 equis

286 4953 518 5001 utuntur
545 4944 778 4999 eximiis.
830 4943 1032 5009 Deinde
1060 4944 1306 5013 sequitur
1348 4942 1685 4999 diversarum
1711 4943 1866 4999 turba

286 5035 598 5099 nationum,
644 5033 903 5098 Theutes,
935 5032 1160 5103 Vagoth,
1187 5041 1241 5088 et
1266 5033 1515 5103 reliquae;
1567 5033 1663 5089 sed
1691 5047 1758 5088 ex
1782 5035 1868 5090 his

289 5135 418 5183 sunt
453 5124 750 5179 exteriores
779 5122 1134 5194 Ostrogotbze.
1180 5122 1259 5178 Ex
1287 5123 1510 5177 istarum
1538 5122 1706 5192 stirpe
1733 5138 1864 5195 gen-

287 5219 426 5273 tium
454 5215 588 5271 Dani
618 5216 816 5287 quippe
869 5222 995 5270 sunt
1038 5214 1328 5284 progressi,
1360 5214 1451 5283 qui
1494 5213 1635 5268 inter
1678 5227 1865 5269 omnes

286 5307 454 5378 hujus
480 5305 702 5362 Scanzae
728 5306 994 5370 nationes,
1042 5318 1238 5359 nomen
1266 5301 1366 5356 sibi
1404 5303 1473 5358 ob
1494 5302 1716 5357 nimiam
1747 5317 1871 5372 pro-

288 5398 576 5453 ceritatem
603 5394 857 5450 aﬂ‘ectant
883 5393 1231 5464 praecipuum.
1259 5392 1425 5462 Igitur
1443 5406 1507 5446 ex
1530 5392 1631 5447 hac
1662 5391 1868 5447 Scanza

288 5487 571 5560 przedicta,
602 5485 758 5557 quasi
783 5484 993 5540 ofﬁcina
1020 5483 1284 5555 gentium,
1320 5490 1414 5536 aut
1441 5491 1587 5538 certe
1616 5482 1757 5538 velut
1782 5499 1871 5539 va-

291 5582 419 5652 gina
447 5579 723 5635 nationum
741 5618 757 5645 ,
807 5592 928 5632 cum
956 5590 1082 5644 rege
1110 5590 1208 5630 suo
1238 5574 1464 5647 nomine
1489 5573 1680 5628 Bcrich
1706 5573 1868 5629 Gothi

295 5670 570 5742 quondam
622 5675 991 5726 memorantur
1040 5665 1263 5737 egressi.
1321 5664 1422 5731 Qui
1470 5672 1530 5720 ut
1555 5665 1787 5735 primum
1836 5679 1868 5720 e

1974 4570 2136 4626 Gothi
2163 4570 2554 4626 Germanorum
2605 4581 2782 4627 terras
2832 4587 2967 4643 quas
3015 4589 3159 4629 nunc
3185 4574 3382 4632 Franci
3409 4577 3554 4632 obti-

1972 4669 2103 4716 nent
2127 4660 2363 4731 populati
2391 4669 2533 4716 sunt.
2562 4661 2743 4718 Caesar
2762 4678 2909 4729 vero,
2941 4664 3035 4734 qui
3076 4666 3178 4721 sibi
3202 4667 3409 4737 primus
3433 4684 3553 4723 om-

1973 4752 2125 4808 nium
2147 4751 2514 4807 Romanorum
2536 4753 2832 4808 vindicavit
2864 4754 3172 4823 imperium,
3196 4764 3251 4810 et
3277 4771 3415 4827 pene
3434 4773 3552 4812 om-

1972 4842 2099 4901 nem
2122 4846 2382 4901 mundum
2426 4860 2536 4900 suae
2567 4844 2755 4900 ditioni
2789 4845 3022 4913 subegit,
3073 4847 3360 4916 omniaque
3389 4863 3553 4918 regna

1972 4938 2298 5008 perdomuit,
2329 4938 2486 5001 adeo,
2517 4943 2577 4989 ut
2604 4942 2760 4990 extra
2782 4943 3026 4990 nostrum
3048 4937 3232 4991 orbem
3258 4939 3313 4993 in
3340 4935 3555 4993 Oceano

1973 5026 2238 5101 repositas
2274 5024 2479 5079 insulas
2514 5031 2824 5094 occuparet,
2875 5021 3084 5080 Gothos
3132 5033 3313 5079 tamen
3362 5026 3555 5080 crebro

1973 5124 2288 5187 pertentans
2334 5113 2575 5183 nequivit
2627 5112 2911 5182 subjicere.
2967 5113 3130 5169 Caius
3167 5113 3417 5195 Tiberius
3440 5113 3554 5183 jam

1974 5208 2166 5262 tertius
2188 5215 2379 5277 regnat
2407 5204 2695 5271 Romanis,
2727 5205 2890 5261 Gothi
2931 5215 3108 5262 tamen
3139 5221 3237 5262 suo
3266 5221 3432 5278 regno
3474 5207 3556 5261 in-

1976 5297 2213 5353 columes
2266 5305 2661 5367 perseverant:
2731 5297 2927 5366 quibus
2978 5298 3082 5353 hoc
3126 5306 3245 5354 erat
3316 5298 3552 5362 salubre,

1976 5392 2080 5447 hoc
2150 5390 2600 5457 accommodum,
2669 5392 2772 5445 hoc
2841 5392 3079 5447 votivum
3108 5431 3123 5457 ,
3179 5398 3240 5446 ut
3292 5391 3552 5462 quidquid

1975 5479 2240 5535 Diceneus
2307 5495 2495 5534 eorum
2579 5480 2917 5536 consularius
2986 5482 3371 5551 praecepisset,
3451 5482 3553 5536 hoc

1976 5571 2150 5625 modis
2224 5570 2475 5624 omnibus
2545 5571 2934 5641 expetendum,
3006 5571 3108 5627 hoc
3159 5571 3288 5626 utile
3350 5570 3550 5642 dijudi-

1975 5671 2160 5720 cantes
2186 5661 2322 5719 fore.
2360 5660 2463 5728 Qui
2488 5662 2543 5718 in
2580 5678 2794 5718 omnem
2829 5678 2966 5734 pene
2992 5663 3431 5736 philosophorum
3456 5677 3548 5718 sa-
