3900 6178
327 325 434 382 965

1341 306 1729 368 FRECULPHI
1770 300 2233 363 LEXOVIENSIS
2270 296 2586 357 EPISOOPI

3511 300 3638 359 96$

330 435 591 511 pientiam
635 444 731 488 eos
764 426 1116 484 introducens
1141 465 1156 491 ,
1211 422 1479 480 barbaros
1512 433 1696 511 mores
1721 430 1914 511 eorum
1940 420 1994 481 Α
2018 413 2257 511 θρωπε.-
2279 409 2399 511 Quo
2422 409 2591 511 etiam
2641 416 2886 511 tempore
2902 407 3160 511 Priamus
3191 413 3454 511 regnavit.
3493 428 3642 487 pou

330 506 683 597 compescuit,
712 517 1048 575 caminibus
1085 523 1140 570 et
1162 513 1394 570 diversis
1429 509 1681 567 cantibus
1710 506 1921 561 animos

333 618 646 677 demulcens
670 626 883 676 eorum,
914 608 1185 665 studiosos
1223 606 1471 661 reddidit.
1522 604 1675 660 Unde
1706 609 1761 656 et
1798 614 1921 654 ear-

330 711 475 766 mina
503 707 557 760 in
581 705 824 774 ipsorum
853 700 1034 771 lingua
1062 699 1240 754 adhuc
1265 703 1481 752 exstant
1505 695 1719 749 diversa
1750 692 1817 746 ab
1843 690 1924 745 eis

331 796 653 867 composita.
709 793 1012 848 Decedente
1062 798 1243 845 autem
1290 789 1545 852 Diceneo,
1581 784 1923 840 Comosicum

331 891 639 946 habuerunt
664 885 984 954 sapientem.
1010 881 1107 937 Hic
1151 882 1317 936 etiam
1344 887 1569 949 propter
1601 892 1756 932 suam
1778 874 1927 946 peri-

332 984 463 1037 tiam
500 976 741 1049 pontifex
772 975 880 1031 illis
928 984 985 1029 et
1012 989 1109 1028 rex
1148 973 1468 1027 habebatur.
1529 968 1732 1024 Deinde
1761 982 1927 1038 quar-

335 1080 449 1125 tum
462 1067 763 1122 Zalmoxen
790 1104 806 1129 ,
845 1077 948 1118 nec
995 1061 1285 1117 defuerunt
1310 1060 1403 1131 qui
1431 1074 1525 1115 eos
1553 1059 1609 1113 in
1633 1057 1812 1113 studio
1839 1072 1928 1112 sa-

331 1158 551 1231 pientia:
578 1155 878 1211 erudirent.
918 1152 1079 1208 Unde
1120 1161 1176 1207 et
1215 1166 1354 1222 pene
1380 1150 1632 1206 omnibus
1671 1146 1928 1202 Barbaris

334 1250 496 1306 Gothi
524 1246 883 1317 sapientiores
916 1238 1269 1307 exstiterunt,
1323 1241 1531 1297 Graecis
1577 1253 1717 1309 pene
1751 1237 1929 1293 consi-

334 1342 514 1407 miles,
540 1348 600 1393 ut
625 1337 935 1401 refertDio,
964 1336 1057 1406 qui
1083 1336 1340 1392 historias
1377 1349 1569 1390 eorum
1596 1332 1928 1402 annalesque

336 1438 526 1494 Grzeco
569 1435 707 1507 ston
759 1431 1079 1503 composuit.
1131 1429 1283 1484 Adeo
1342 1441 1473 1497 ergo
1528 1424 1682 1480 fuere
1723 1422 1928 1477 laudati

337 1527 509 1594 Getae,
565 1534 626 1581 ut
673 1524 874 1579 dudum
914 1522 1158 1585 Martem,
1212 1533 1377 1588 quem
1401 1525 1685 1587 poetarum
1716 1512 1930 1569 fallacia

339 1617 497 1672 deum
569 1615 695 1671 belli
739 1612 1093 1683 pronuntiat,
1166 1609 1309 1679 apud
1368 1622 1465 1664 eos
1533 1607 1701 1662 fuisse
1748 1605 1931 1661 dicant

341 1715 612 1762 exortum.
643 1706 797 1762 Unde
821 1712 876 1759 et
897 1701 1194 1772 Virgilius:

470 1837 890 1899 Grandzevumque
915 1845 1101 1898 patrem
1122 1833 1310 1885 Geticis
1331 1832 1414 1896 qui
1441 1832 1667 1896 praesidet
1687 1831 1835 1882 arvis.

347 1941 530 1996 Tertia
552 1955 685 1996 vero
712 1940 766 1996 in
798 1939 946 2003 sede,
979 1952 1144 2008 supra
1169 1950 1320 1993 mare
1347 1935 1634 1991 Ponticum
1652 1975 1668 1998 ,
1700 1933 1938 2005 iambu-

347 2033 621 2088 maniores
646 2040 734 2099 et,
762 2039 823 2085 ut
849 2030 1097 2100 superius
1135 2030 1371 2087 diximus
1396 2068 1412 2093 ,
1449 2027 1826 2097 prudentiores
1853 2025 1937 2083 εἰς·

345 2122 496 2187 fecti,
546 2122 702 2178 divisi
745 2136 844 2191 per
894 2121 1131 2177 familias
1176 2119 1358 2191 populi
1393 2119 1713 2188 Vesegothi,
1743 2118 1839 2187 qui
1884 2125 1941 2175 et

346 2214 497 2270 Getae
526 2222 652 2270 sunt
678 2214 829 2270 dicti.
871 2212 1110 2280 Quorum
1134 2210 1235 2267 fuit
1256 2210 1496 2269 studium
1525 2209 1764 2279 primum
1796 2208 1942 2265 inter

346 2304 556 2363 vicinas
600 2313 792 2374 gentes
836 2303 1081 2372 aliasque
1135 2316 1325 2359 arcum
1383 2300 1667 2357 intendere
1732 2298 1938 2363 nervis,

346 2396 568 2452 Lucano
610 2395 744 2465 .plus
796 2395 1055 2452 historico
1108 2409 1269 2463 quam
1318 2401 1487 2464 poeta
1542 2397 1797 2450 testante.
1834 2390 1944 2451 ,Δίι

350 2488 498 2543 enim
524 2505 538 2540 :

476 2593 831 2655 Armeniosque
848 2603 995 2642 carens
1018 2590 1201 2642 Getieis
1226 2591 1674 2645 intenditeonervis.

351 2695 465 2751 lloc
501 2707 737 2763 namque
762 2701 927 2749 cantu
975 2690 1243 2762 maiorum
1270 2691 1429 2747 facta
1465 2692 1947 2748 modulationibus-

350 2801 456 2857 que
483 2793 537 2841 et
560 2784 787 2839 citharis
832 2784 1146 2839 cantabant.
1204 2783 1363 2840 Tales
1391 2784 1556 2839 etiam
1609 2798 1703 2839 eos
1726 2783 1948 2838 tradunt

350 2879 645 2944 exstitisse,
675 2877 864 2948 quales
905 2877 997 2932 vix
1042 2878 1241 2935 heroas
1278 2875 1476 2943 fuisse,
1535 2892 1671 2947 quos
1698 2877 1946 2932 miranda

345 2969 520 3040 iactat
551 2970 866 3041 antiquitas.
907 2969 1106 3026 Contra
1134 2971 1254 3035 hos,
1304 2979 1364 3025 ut
1392 2970 1779 3041 praemisimus,
1824 2968 1946 3025 'Ve-

353 3075 508 3117 sozes
549 3061 897 3130 lacrymabile
932 3060 1036 3117 sibi
1085 3061 1516 3125 intulit‘bellum,
1544 3076 1681 3132 quos
1716 3060 1947 3116 Amazo-

2022 501 2465 563 Laomedontem.
2523 498 2766 554 Fuerunt
2800 506 2858 555 et
2899 507 3028 555 tunc
3070 499 3156 565 illi
3191 510 3398 573 septem
3427 503 3639 571 fortes,

2023 594 2455 665 qui'adversum
2501 592 2721 653 Thebas
2775 603 3194 664 pugnaverunt,
3244 613 3343 653 nec
3396 615 3509 655 non
3582 613 3646 658 et

2026 684 2300 743 Thamiris
2325 683 2549 740 Amonis
2572 683 2737 749 illius,
2766 684 2995 756 insignis
3021 685 3417 745 celebrabatur.

2596 823 2824 880 CAPUT
2884 824 3045 881 XVII.

2026 934 2288 1018 Carthago
2316 955 2353 1018 (ξ
2373 937 2584 1023 Didone
2610 937 2841 1023 conditu.
2880 936 3136 1023 Hergates
3174 949 3436 1023 certamen
3454 941 3649 1023 algis:-

2095 1005 2302 1078 p_iacitm
2337 1007 2583 1078 instituit,
2629 1017 2678 1060 et
2706 1006 2948 1078 Anticum
2976 1005 3150 1078 Terrae
3194 1009 3363 1077 ﬁlium
3409 1005 3647 1067 occidit.

2100 1075 2455 1147 Trojanorgtm
2498 1075 2981 1147 decennaleroritur
3009 1075 3219 1132 bellum)
3252 1079 3369 1145 Quo
3409 1083 3647 1136 tandem

2097 1145 2268 1219 ﬁnito,
2310 1146 2514 1201 Africa:
2539 1146 2676 1200 alias
2703 1145 2802 1200 sibi
2847 1147 2994 1201 sedes
3024 1164 3262 1219 quaerens
3309 1150 3366 1203 in
3408 1149 3645 1206 Latius-

2099 1218 2258 1280 uenit,
2280 1224 2398 1273 .etc.

2100 1330 2444 1402 Assyriorum
2472 1329 2643 1385 XXVI
2666 1324 3024 1387 Thaittbanes
3064 1334 3224 1387 annis
3251 1333 3340 1388 52.
3365 1333 3539 1404 igitur
3562 1336 3645 1391 ab

1978 1471 1986 1476 .
2030 1424 2178 1478 exitu
2200 1421 2363 1477 Israel
2392 1422 2458 1478 de
2485 1420 2721 1493 Egypto
2759 1422 2887 1476 anni
2918 1431 3044 1478 sunt
3075 1422 3201 1478 506.
3252 1423 3415 1480 Airus
3443 1434 3649 1481 autem

2032 1530 2100 1572 ex
2131 1514 2273 1569 tribu
2292 1506 2917 1570 Mana'sse-Hebrmorum
2934 1512 3200 1583 judicavit
3220 1517 3500 1587 populum,
3532 1518 3646 1588 qui

2032 1605 2111 1660 eis
2131 1602 2349 1674 praefuit
2370 1604 2529 1659 annis
2560 1603 2652 1658 εξ.
2685 1603 2813 1659 Post
2841 1620 3003 1674 quem
3033 1605 3087 1659 in
3117 1606 3443 1662 deditionem
3474 1623 3651 1663 suam

2033 1694 2289 1766 redigunt
2324 1694 2579 1750 Hebrmos
2623 1693 2986 1761 Ammanitae,
3033 1696 3190 1752 annis
3234 1698 3269 1752 8
3302 1704 3356 1752 et
3400 1697 3490 1764 10,
3540 1698 3650 1769 qui

1956 1776 2007 1838 Β
2037 1800 2160 1840 cum
2185 1784 2517 1855 temporibus
2544 1784 2904 1854 posteriorum
2928 1784 3173 1855 judicum
3198 1784 3550 1855 copulantur,
3586 1785 3647 1840 id

2035 1883 2141 1939 est,
2167 1872 2409 1944 Jepthae,
2435 1874 2526 1945 qui
2555 1875 2710 1931 annis
2735 1874 2788 1942 6,
2820 1876 3063 1932 Essebon
3108 1885 3293 1933 autem
3321 1878 3376 1944 7,
3402 1877 3639 1948 Lapdon

2037 1981 2168 2022 vero
2193 1967 2250 2033 8,
2278 1964 2629 2021 Hebr-morum
2680 1966 2881 2038 populo
2906 1966 3258 2037 prmfuerunt.
3312 1968 3443 2025 Post
3470 1968 3645 2025 Esse-

2028 2059 2144 2114 ‘bou
2170 2098 2184 2119 ,
2244 2056 2494 2112 videlicet
2544 2056 2843 2113 secundum
2898 2057 3244 2114 traditionem
3296 2056 3644 2125 Iudaeorum,

2030 2150 2214 2205 fertur
2241 2148 2496 2204 ‘Calabon
2517 2148 2743 2204 .rexisse
2778 2147 3034 2219 populum
3079 2149 3240 2204 annis
3275 2148 3366 2212 10,
3395 2150 3491 2220 qui
3527 2165 3647 2205 non

2040 2241 2310 2297 habentur
2361 2240 2503 2310 apud
2542 2238 2696 2295 LXX
2742 2239 3090 2310 interpretes.
3139 2239 3404 2310 Syciones
3450 2248 3644 2294 autem

2039 2331 2303 2388 Adrastus
2334 2331 2572 2402 regebat,
2624 2331 2713 2387 cui
2754 2330 2995 2387 succedit
3036 2330 3338 2401 Polipedes.
3390 2329 3639 2385 Micona-

2034 2437 2161 2477 rum
2176 2435 2306 2476 vero
2317 2420 2689 2492 Agamemnon
2716 2434 2813 2475 rex
2838 2428 2977 2481 erat.
3008 2419 3426 2476 Atheniensium
3454 2428 3646 2474 autem

2030 2512 2407 2568 Menestheus.
2454 2511 2649 2567 Iisdem
2677 2511 3013 2582 temporibus
3040 2510 3212 2566 Minos
3241 2510 3392 2581 leges
3418 2526 3484 2566 ac
3513 2508 3647 2579 jura

2035 2603 2346 2670 constituit,
2391 2602 2486 2674 qui
2524 2604 2741 2657 tandem
2768 2602 2821 2656 in
2848 2600 3034 2657 Sicilia
3080 2601 3344 2658 adversus
3364 2602 3583 2657 Daedala
3618 2616 3646 2657 1

2043 2710 2194 2750 arma
2223 2696 2465 2767 capiens,
2497 2711 2530 2750 a
2560 2694 2774 2750 filiabus
2796 2694 2975 2751 Cocali
2998 2694 3287 2749 occiditur.
3318 2692 3644 2766 Carthagoa

2034 2785 2251 2842 Didone
2281 2786 2335 2842 in
2363 2786 2602 2857 Aphrica
2652 2786 2871 2844 condita
2898 2795 3001 2842 est.
3044 2786 3200 2842 Tunc
3242 2786 3406 2843 etiam
3438 2786 3647 2842 Berea.

2030 2878 2124 2934 'les
2158 2893 2384 2947 agonem
2412 2878 2774 2949 olympiacuna
2823 2878 3132 2945 constituit,
3169 2892 3201 2932 a
3231 2892 3341 2949 quo
3372 2893 3547 2947 usque
3572 2877 3646 2933 ad

2045 2973 2275 3043 primam
2323 2971 2683 3044 oiympiadem
2711 2979 3075 3042 supputantur
3098 2970 3226 3025 anni
3268 2969 3395 3025 430.
3446 2969 3643 3025 Iisdem

2049 3064 2195 3119 enim
2226 3063 2484 3118 Hercules
2511 3063 2565 3117 in
2596 3062 2762 3133 Libya
2791 3062 2990 3117 occidit
3016 3061 3286 3117 Antmum.
3313 3062 3525 3117 Dicitur
3547 3077 3646 3116 au-

352 3169 484 3210 num
508 3152 686 3208 fuisse
707 3154 854 3208 viros
888 3154 1127 3207 tradunt.
1152 3153 1434 3208 Eusebius
1470 3130 1728 3208 autem'in
1760 3130 2018 3206 Anna-'C
2051 3164 2160 3211 tem
2189 3155 2409 3209 Antaeus
2456 3153 2639 3209 Terra:
2684 3130 2847 3219 illius,
2901 3154 3026 3223 quia
3057 3152 3375 3225 palaestrica:
3409 3153 3548 3208 artis
3586 3160 3649 3207 et

354 3243 518 3307 libus,
560 3251 617 3297 et
653 3241 953 3298 Orosius'in
1004 3241 1184 3296 llbror
1218 3250 1405 3295 contra
1441 3240 1948 3314 Paganos‘Scythas

353 3341 705 3398 eos'voeant,
734 3332 878 3402 quia
909 3340 1121 3402 partem
1161 3331 1400 3404 Scythiae
1446 3332 1775 3387 incolebant.
1818 3332 1947 3400 Quo

354 3426 520 3483 etiam
580 3433 822 3495 tempore
881 3423 1285 3480 atrocissimum
1350 3423 1494 3479 inter
1544 3422 1833 3479 Cretenses
1892 3431 1949 3479 et

353 3518 716 3576 Athenienses
763 3525 1039 3575 certamen
1090 3515 1224 3581 fuit,
1302 3517 1394 3571 ubi
1439 3516 1654 3586 populis
1700 3516 1949 3586 utrisque

354 3609 674 3686 proﬂigatis,
704 3608 994 3664 infeliciter
1017 3608 1380 3664 cruentiorem
1405 3607 1690 3662 victoriam
1720 3605 1947 3662 Creten-

356 3717 446 3758 ses
482 3706 875 3765 exercuerunt,
913 3699 1006 3770 qui
1050 3698 1310 3754 nobilium
1342 3697 1757 3767 Atheniensium
1809 3697 1949 3754 filios

356 3794 664 3850 Minotauro
695 3792 990 3848 crudeliter
1014 3791 1357 3847 addicebant.
1418 3790 1612 3846 Utrum
1637 3804 1769 3845 vero
1801 3788 1951 3845 ferus

357 3902 424 3942 ac
469 3886 796 3941 inhumanus
824 3883 1167 3953 crudelisque
1190 3881 1649 3936 hictMinotaurus
1672 3878 1858 3945 fuerit,
1888 3887 1952 3934 ut

360 3976 549 4032 scribit
585 3974 960 4040 Philochorus,
1010 3974 1066 4028 in
1113 3972 1352 4027 secundo
1376 3969 1578 4026 Attidis
1605 3970 1761 4035 libro,
1802 3970 1953 4027 dubi-

363 4075 543 4132 tatur;
576 4064 708 4121 dicit
739 4064 886 4120 enim
925 4062 1246 4134 magistrum
1287 4059 1490 4116 Minois
1516 4057 1684 4115 fuisse
1711 4057 1949 4113 Taurum

360 4160 598 4220 nomine,
629 4166 721 4212 aut
746 4157 976 4212 informe
998 4154 1326 4226 prodigium,
1358 4153 1503 4224 quod
1527 4150 1738 4208 effossis
1775 4150 1953 4207 Graeci

360 4250 656 4305 luminibus
698 4249 1039 4321 saginabant.
1083 4246 1255 4318 Igitur
1302 4244 1538 4301 Gnosius
1576 4252 1807 4300 testatur
1841 4243 1953 4298 An-

362 4342 598 4413 drogeon
655 4341 881 4397 Athenis
937 4336 1455 4398 dolo.interfectum
1483 4377 1500 4403 ,
1559 4336 1753 4391 Minois
1809 4335 1953 4406 regis

362 4432 553 4497 illium,
587 4431 681 4502 qui
730 4446 894 4501 super
922 4437 1151 4485 mortem
1178 4426 1448 4498 Androgei
1494 4425 1589 4480 ﬁlii
1615 4426 1698 4481 sui
1721 4439 1967 4505 agonem

363 4488 847 4591 statuit,lpr:emlii
896 4519 1117 4574 nomine
1176 4488 1394 4589 puerosv
1435 4515 1647 4571 Atticos
1694 4488 2031 4587 largiens.”

363 4612 578 4668 Taurus
628 4627 758 4666 vero
805 4611 1087 4667 universos
1135 4610 1191 4664 in
1241 4610 1587 4665 contentione
1643 4608 1952 4679 superabat.

365 4700 606 4759 Tandem
640 4703 840 4758 factum
872 4710 957 4757 est
997 4710 1059 4755 ut
1086 4716 1118 4754 a
1158 4700 1366 4756 Theseo
1408 4701 1463 4755 in
1490 4701 1739 4770 palaestra
1768 4700 1954 4754 vince-

368 4801 538 4861 retur,
568 4793 638 4849 ob
669 4794 813 4864 quod
860 4792 1224 4847 Athenienses
1265 4791 1420 4861 pueri
1466 4790 1752 4844 tributaria
1796 4804 1956 4860 poena

366 4885 581 4942 liberati
608 4892 753 4941 sunt.
802 4884 1050 4940 Theseus
1077 4889 1256 4938 autem
1289 4881 1648 4937 Athenienses
1688 4880 1779 4950 qui
1807 4881 1957 4951 prius

365 4994 466 5052 per
495 4976 770 5049 regionem
798 4983 957 5032 erant
1001 4974 1259 5046 dispersi,
1307 4974 1362 5029 in
1411 4988 1577 5028 unam
1607 4970 1955 5045 congregavit

369 5067 662 5133 civitatem,
692 5066 785 5137 qui
813 5065 979 5121 etiam
1017 5064 1278 5120 Helenam
1313 5065 1528 5138 rapuit,
1561 5079 1721 5134 quam
1764 5080 1955 5120 rursus

370 5158 513 5215 illius
540 5156 737 5213 fratres
762 5164 1104 5227 receperunt,
1153 5164 1311 5227 capta
1340 5163 1513 5210 matre
1535 5154 1754 5210 Thesei.
1807 5154 1954 5209 Tan-

371 5251 493 5308 dem
543 5250 787 5305 Theseus
826 5250 1068 5304 Athenas
1108 5248 1368 5320 profugus
1417 5248 1719 5318 dereliquit.
1761 5247 1955 5304 Iisdem

371 5344 561 5399 diebus
589 5341 847 5412 Laphitm,
896 5350 950 5396 et
977 5339 1241 5407 Thessali,
1273 5341 1495 5397 famosis
1531 5340 1757 5395 nimium
1784 5348 1958 5411 certa-

370 5448 497 5489 vere
518 5432 873 5490 conllictihus.
922 5432 1218 5497 Palefatus,
1271 5433 1327 5486 in
1354 5433 1493 5487 libro
1518 5433 1696 5503 primo
1721 5433 1961 5490 Incredi-

372 5523 584 5591 bilium,
642 5526 823 5596 prodit
872 5525 1018 5596 ipsos
1060 5524 1316 5596 Laphitas
1366 5526 1632 5590 creditos,
1682 5525 1963 5594 dictusque

374 5613 541 5669 fuisse
561 5623 849 5671 centauros
871 5630 936 5670 eo
961 5615 1103 5684 quod
1127 5613 1557 5669 discurrentibus
1584 5614 1637 5668 in
1658 5613 1801 5668 bello
1821 5613 1966 5683 equi-

381 5703 543 5767 tibus,
578 5704 723 5758 velut
756 5721 922 5759 unum
951 5721 1147 5777 corpus
1176 5720 1437 5775 equorum
1471 5715 1527 5761 et
1569 5704 1848 5760 hominum
1878 5706 1963 5761 vi-

2050 3244 2429 3310 certaminum,
2463 3258 2583 3312 quae
2619 3243 2676 3297 in
2705 3251 2849 3298 terra
2870 3251 3213 3307 exercentur,
3247 3242 3646 3298 scientissimus

2049 3343 2207 3391 erat:
2266 3342 2322 3388 et
2346 3333 2501 3390 ob'id
2529 3332 2814 3387 videbatur
2857 3347 2889 3386 a
2932 3332 3104 3388 Terra
3149 3338 3326 3386 matre
3368 3330 3639 3402 adjuvari.

2044 3424 2181 3482 Post
2213 3439 2404 3479 necem
2441 3437 2573 3478 vero
2622 3422 2739 3489 lilii,
2786 3437 2927 3494 aqua
2978 3430 3241 3494 purgatus
3287 3430 3375 3477 est
3415 3422 3647 3479 Athenis

2038 3514 2106 3570 'in
2155 3514 2328 3571 sacris
2358 3512 2599 3579 Cereris,
2653 3520 2710 3568 et
2752 3519 2878 3583 post
2927 3510 3387 3578 interfectionem,
3426 3512 3645 3583 lpphiti,

2051 3621 2212 3676 quem
2242 3605 2587 3678 peregrinum
2617 3613 2674 3659 et
2718 3604 2952 3660 amicum
2982 3602 3183 3675 injuste
3209 3604 3462 3674 peremit,
3508 3602 3647 3660 ﬂer-

2051 3698 2199 3754 cules
2232 3698 2423 3754 incidit
2452 3697 2508 3752 in
2560 3696 2812 3752 morbum
2862 3695 3223 3768 pestilentem,
3258 3696 3353 3767 qui
3378 3696 3450 3753 ob
3474 3709 3651 3751 reme-

2052 3793 2199 3847 dium
2223 3790 2424 3847 doloris
2453 3804 2513 3845 se
2553 3787 2684 3857 iecit
2721 3789 2778 3843 in
2804 3786 3088 3855 ﬂammas,
3119 3788 3173 3842 in
3203 3795 3387 3843 monte
3409 3788 3506 3858 qui
3549 3799 3648 3844 vo-

2052 3893 2209 3940 catur
2257 3881 2414 3950 (Eta,
2464 3882 2593 3938 dum
2620 3882 2777 3953 plura
2810 3880 3037 3937 fortiter
3064 3894 3130 3935 ac
3156 3880 3487 3936 mirabiliter
3518 3895 3643 3951 per-

2050 3986 2338 4052 petrasset,
2377 3985 2433 4032 et
2468 3977 2547 4033 sic
2598 3985 2774 4033 morte
2820 3977 3005 4032 ﬁnitus
3037 3987 3138 4042 est,
3168 3992 3312 4031 anno
3335 3977 3515 4032 astatis
3539 3992 3650 4032 sum

2053 4068 2499 4141 quinquagesimo
2553 4067 2811 4123 secundo.
2866 4066 3093 4135 Quidam
3123 4082 3255 4125 vero
3288 4067 3444 4123 aiunt
3490 4068 3650 4139 trige-

2053 4159 2211 4213 simo.
2250 4157 2615 4213 ‘Huicautem
2646 4157 2863 4213 Herculi
2893 4158 3179 4213 duodecim
3234 4158 3471 4229 insignia
3511 4160 3649 4213 inter

2052 4248 2170 4319 ejus
2204 4249 2442 4320 ingentia
2473 4258 2760 4304 numerant
2792 4249 2968 4304 facta.
3000 4250 3143 4321 Ergo
3161 4250 3501 4321 principibus
3521 4266 3651 4322 pra:-

2052 4342 2215 4398 di‘ctis
2242 4340 2620 4405 existentibus,
2673 4340 2983 4395 Alexander
3031 4339 3234 4394 Priami
3285 4339 3431 4395 ﬁlius
3473 4342 3647 4410 rapuit

2054 4436 2337 4493 Helenam.
2369 4433 2662 4504 Troianum
2687 4432 2981 4495 decennale
3006 4433 3182 4488 oritur
3209 4432 3434 4499 bellum,
3466 4449 3533 4488 ac
3556 4434 3649 4489 de-

2056 4541 2203 4581 mum
2239 4538 2429 4579 eversa
2475 4523 2688 4594 capitur
2715 4521 2900 4592 Troja.
2952 4521 3105 4590 Quod
3160 4521 3233 4577 ita
3271 4523 3570 4592 contigisse
3594 4522 3645 4576 in

2034 4615 2280 4671 'historia
2318 4614 2529 4671 Daretis
2563 4622 2725 4683 atque
2758 4612 2989 4668 aliorum
3018 4613 3269 4685 legimus.
3316 4612 3509 4669 Pelias
3555 4628 3645 4668 rex

2058 4707 2351 4771 maximus,
2401 4720 2467 4760 eo
2502 4713 2745 4773 tempore
2793 4704 2935 4759 inter
2962 4718 3117 4774 rcges
3144 4702 3460 4758 Graecorum
3486 4704 3645 4758 habe-

2044 4796 2238 4861 ‘batur,
2267 4796 2419 4866 cujus
2450 4795 2692 4850 consiliis
2720 4794 2904 4850 caeteri
2932 4793 3402 4864 obtemperabant.
3429 4793 3531 4862 Qui
3559 4809 3647 4849 ne-

2060 4897 2241 4959 potem
2287 4885 2479 4943 habuit
2530 4886 2750 4941 nomine
2797 4882 3053 4941 .lasonem
3104 4885 3276 4940 ﬁlium
3323 4883 3511 4967 fratris
3543 4885 3641 4940 sui.

2061 4979 2232 5048 Quem
2287 4985 2350 5034 ut
2400 4978 2551 5033 novit
2603 4975 2841 5032 ferocem
2886 4992 3008 5032 esse
3060 4976 3243 5032 animo
3267 5016 3283 5041 ,
3330 4976 3642 5046 prudentem

2062 5069 2309 5135 consilio,
2340 5082 2569 5137 corpore
2597 5074 2900 5131 strenuum,
2940 5065 3151 5120 invidit.
3191 5064 3553 5133 Quamobrem
3579 5063 3642 5119 ad

2061 5159 2291 5217 Colchos
2368 5167 2581 5231 gentem
2646 5155 2997 5212 fortissimam
3047 5171 3112 5211 ac
3182 5155 3642 5211 bellicosissimam

2063 5251 2239 5321 ipsum
2283 5266 2406 5306 cum
2440 5249 2683 5304 exercitu
2736 5248 2974 5312 direxit,
3033 5246 3354 5317 promittens
3405 5246 3455 5302 ei
3492 5254 3551 5299 ut
3596 5244 3639 5300 si

2062 5343 2257 5413 pellem
2304 5343 2609 5398 inauratam
2659 5357 2822 5411 quam
2874 5348 3101 5396 noverat
3143 5340 3347 5395 habere
3399 5338 3638 5402 Colchus,

2062 5437 2169 5491 illis
2207 5435 2455 5502 devictis,
2482 5435 2531 5489 ei
2563 5434 2819 5499 deferret,
2850 5435 3031 5505 ipsum
3058 5433 3213 5505 regni
3251 5434 3337 5489 sui
3377 5446 3639 5488 successo-

2064 5538 2179 5578 rem
2208 5523 2434 5579 faceret.
2466 5524 2621 5580 Dedit
2650 5533 2831 5579 autem
2858 5523 3146 5578 consilium
3173 5523 3510 5593 principibus
3536 5521 3637 5577 suis

2065 5623 2127 5669 ut
2159 5614 2319 5670 Jason
2342 5616 2550 5684 primus
2582 5630 2703 5670 cum
2737 5614 2850 5669 suis
2897 5614 3173 5669 sodalibus
3198 5612 3266 5667 ad
3296 5612 3495 5668 bellum
3520 5626 3632 5683 pro-

2066 5706 2300 5770 cederet,
2358 5705 2433 5761 illi
2464 5721 2613 5773 vero,
2644 5705 3059 5763 relictO'Jasone
3094 5707 3146 5761 in
3172 5705 3414 5776 periculo
3440 5705 3630 5761 mortis.
