3900 6178
351 294 458 357 967

1354 277 1743 335 FRECULPIII
1782 276 2241 333 LEXOYIENSIS
2277 275 2591 334 EPISCOPI

3518 279 3641 338 968

350 405 551 462 bellum
584 397 876 457 excitabat.
903 392 1058 462 Quod
1082 390 1288 446 Encas
1325 398 1381 445 et
1402 390 1682 444 Antennor
1709 389 1935 444 audien-
1961 394 2013 455 Α
2040 393 2311 456 tissimus,
2363 390 2437 445 ita
2489 398 2550 445 ut
2593 402 2624 444 a
2661 388 2985 460 quibusdam
3034 388 3177 447 facta
3222 393 3340 465 ejus
3375 393 3646 452 Herculis

353 511 454 564 tes,
477 492 740 564 indignati
769 498 918 554 sunt,
947 496 1003 543 et
1025 486 1166 541 clam
1205 485 1481 539 mittentes
1510 484 1577 538 ad
1610 499 1762 553 reges
1788 483 1936 538 Grae—

352 603 541 645 corum
579 586 817 639 inierunt
844 579 1017 635 ftedus
1040 594 1161 633 cum
1188 577 1287 642 eis,
1318 586 1376 630 ut
1407 577 1539 645 ipsis
1568 585 1854 645 parcerent
1881 583 1936 629 et

351 679 601 734 omnibus
648 689 768 745 quae
830 672 898 726 ad
931 685 1026 724 eos
1060 669 1334 739 pertinere
1368 668 1711 731 videbantur,
1743 676 1798 721 ct
1830 667 1934 736 ipsi

352 771 625 823 civitatem
674 765 921 819 manibus
964 776 1152 817 eorum
1201 761 1495 814 traderent.
1544 759 1779 828 Accepta
1804 775 1936 814 vero

352 861 457 914 fide
490 875 520 913 a
556 857 779 921 Gnecis,
828 862 990 909 nocte
1042 853 1218 906 media
1267 852 1481 923 signum
1530 852 1828 906 inauditum
1880 853 1934 906 in

353 949 755 1006 similitudinem
812 945 995 1016 equini
1056 944 1250 1013 capitis
1306 944 1711 1014 excogitantes,
1770 957 1933 1011 supra

352 1056 566 1095 murum
618 1043 935 1108 posuerunt.
1012 1034 1254 1102 Quorum
1296 1034 1486 1088 fraude
1525 1031 1698 1088 Graeci
1748 1033 1934 1087 urbem

353 1133 714 1195 intraverunt,
756 1137 811 1184 ct
851 1142 1013 1198 super
1038 1127 1315 1181 Priamum
1358 1140 1424 1180 ac
1462 1126 1660 1180 liberos
1695 1124 1812 1193 ejus
1863 1125 1933 1178 ir-

352 1232 596 1285 ruerunt,
629 1236 730 1275 nec
766 1220 858 1273 ulli
895 1233 963 1272 ex
1000 1217 1080 1272 eis
1118 1223 1513 1287 pepercerunt:
1542 1215 1801 1270 Helenam
1839 1231 1934 1269 au-

353 1324 461 1367 tem
502 1304 840 1379 receperunt.
872 1306 1076 1361 Encas
1102 1320 1234 1361 vero
1264 1306 1548 1361 abscondit
1590 1306 1645 1359 in
1675 1305 1809 1358 turri
1842 1321 1933 1359 ur-

349 1404 436 1458 bis
463 1401 791 1471 Polyxenam
822 1407 985 1467 atquc
1004 1396 1388 1451 Cassandram.
1419 1395 1812 1466 Triptolemeus
1839 1411 1934 1449 au-

351 1505 459 1549 tem
513 1491 799 1561 requisivit
842 1488 1213 1557 Polyxenam,
1278 1503 1376 1558 pro
1429 1502 1535 1558 qua
1590 1486 1731 1541 illius
1775 1494 1933 1556 pater

350 1585 587 1640 Achilles
631 1590 877 1637 mortuus
908 1579 1104 1634 fuerat.
1158 1578 1266 1634 Sed
1307 1580 1435 1633 dum
1481 1593 1599 1632 eam
1625 1576 1831 1632 Encas
1873 1591 1932 1633 se

350 1676 564 1731 nescire
616 1682 911 1729 testaretur
936 1712 951 1737 ,
1017 1679 1073 1726 et
1121 1670 1175 1725 in
1222 1671 1325 1726 hoc
1369 1670 1738 1740 deprehensus
1788 1679 1932 1724 esset

350 1766 656 1829 mendacio,
680 1780 708 1819 a
725 1764 959 1835 Phrygia
984 1761 1220 1832 dejectus
1241 1770 1343 1817 est.
1367 1762 1731 1833 Agamemnon
1752 1770 1929 1816 autem
1962 1742 2007 1802 Β

349 1857 680 1929 Polyxenam
704 1855 1072 1925 Triptolemeo
1112 1853 1350 1917 tradidit,
1390 1852 1479 1907 ille
1506 1866 1627 1907 eam
1658 1866 1821 1921 super
1852 1859 1933 1906 tu-

351 1951 555 2005 mulum
578 1949 749 2019 patris
781 1947 1092 2001 trucidavit.
1126 1945 1268 2015 Ergo
1298 1945 1427 2014 igni,
1458 1942 1711 2012 ferroque
1748 1942 1932 1997 fundi-

350 2049 437 2095 tus
458 2054 646 2095 eversa
668 2036 1073 2106 Troja,Eneas
1095 2052 1219 2091 cum
1244 2036 1494 2090 omnibus
1522 2035 1654 2099 suis,
1681 2051 1712 2089 a
1740 2034 1936 2091 finibus

352 2133 709 2202 Trojanorum
734 2129 1009 2199 depulsus,
1041 2129 1173 2183 alias
1197 2127 1487 2198 qumrendo
1515 2127 1692 2191 sedes,
1720 2126 1933 2182 Latium

351 2224 500 2279 venit
542 2224 724 2293 ibique
764 2222 1048 2277 habitavit.
1094 2222 1193 2288 Qui
1239 2222 1368 2276 dum
1407 2221 1738 2276 smvissimus
1767 2229 1933 2286 esset,

351 2333 415 2373 ac
446 2317 854 2372 crudelissimus
897 2315 1264 2385 belligerator,
1303 2322 1360 2369 et
1400 2313 1529 2368 nulli
1571 2321 1838 2384 parceret,
1868 2313 1936 2369 ob

354 2416 558 2463 tantam
602 2408 955 2477 impietatem.
996 2421 1027 2460 a
1056 2405 1167 2460 Deo
1206 2407 1315 2461 ictu
1362 2405 1603 2460 fulminis
1649 2419 1938 2475 percussus

351 2497 577 2552 interiit.
624 2496 754 2550 Item
799 2503 859 2549 ut
901 2496 990 2550 alii
1032 2495 1216 2549 volunt
1237 2494 1479 2565 Phrygas
1508 2493 1787 2549 etEncas
1812 2509 1937 2563 ger-

351 2587 496 2643 mani
524 2587 758 2653 fuerunt,
784 2586 988 2642 Encas
1017 2588 1069 2641 in
1094 2587 1247 2641 Latio
1275 2595 1330 2642 et
1353 2587 1594 2658 Phrygas
1629 2587 1682 2641 in
1706 2585 1937 2657 Phrygia

353 2689 733 2749 regnaverunt.
774 2678 905 2734 Post
925 2678 1154 2735 Eccam
1192 2692 1323 2733 vero
1344 2677 1634 2745 Ascanius,
1681 2678 1938 2734 derelicto

354 2783 600 2825 noverca:
621 2784 731 2823 sua:
748 2767 986 2823 Laviniae
1012 2783 1200 2839 regno,
1222 2766 1414 2823 Albam
1437 2766 1650 2837 longam
1677 2767 1936 2835 condidit,

355 2867 412 2915 ct
454 2857 693 2930 Sylvium
756 2858 1103 2928 posthumum
1146 2855 1374 2911 fratrem
1430 2871 1608 2923 suum,
1637 2855 1826 2913 Encas
1870 2873 1939 2913 ex

358 2949 583 3004 Lavinia
607 2949 800 3014 filium,
827 2964 951 3004 cum
985 2963 1196 3003 summa
1227 2947 1427 3018 pietate
1458 2948 1725 3003 educavit.
1766 2947 1940 3002 Asca-

355 3043 478 3097 nius
518 3043 683 3096 etiam
717 3040 918 3095 Iulium
950 3041 1118 3094 tilium
1154 3040 1484 3109 procreavit,
1525 3055 1555 3094 a
1583 3056 1690 3110 quo
1738 3039 1939 3095 familia

351 3130 614 3186 Iuliorum
642 3138 759 3184 orta
790 3138 892 3194 est,
924 3132 1018 3184 scd
1054 3138 1276 3199 propter
1310 3138 1524 3184 mtatem
1552 3130 1783 3198 parvuli,
1811 3131 1936 3200 quia
1966 3114 2009 3177 Ο

356 3224 584 3278 necdum
630 3223 854 3277 idoneus
902 3228 1021 3275 erat
1065 3221 1213 3274 cives
1258 3220 1375 3289 ejus
1423 3235 1607 3290 regere
1634 3261 1647 3285 ,
1697 3221 1937 3292 Sylvium

355 3316 701 3386 posthumum
740 3309 962 3364 fratrem
1007 3323 1164 3364 suum
1207 3310 1357 3380 regni
1400 3309 1618 3378 reliquit
1647 3311 1935 3366 bzeredem.

355 3406 433 3460 De
461 3404 675 3474 Phryga
729 3414 962 3470 namque
1007 3401 1298 3472 progenies
1340 3415 1628 3471 progressa
1671 3410 1772 3466 est,
1823 3416 1941 3470 quae

356 3511 453 3566 per
481 3494 677 3549 multas
712 3492 961 3563 regiones
995 3491 1240 3562 vagando
1278 3506 1400 3547 cum
1438 3491 1698 3546 uxoribus
1725 3500 1781 3547 et
1804 3492 1939 3546 libe-

356 3588 453 3652 ris,
496 3586 756 3657 eligentes
788 3599 968 3655 regem
1005 3598 1072 3639 ex
1111 3598 1170 3639 se
1193 3583 1550 3638 Francionem
1597 3584 1832 3649 nomine,
1873 3599 1941 3637 ex

318 3700 321 3705 ·
354 3693 465 3752 quo
489 3677 684 3732 Franci
714 3684 999 3741 vocantur,
1022 3690 1087 3730 eo
1114 3676 1254 3744 quod
1281 3672 1609 3729 fortissimus
1634 3675 1747 3743 ipse
1775 3673 1943 3727 Fran-

356 3771 444 3827 cia
470 3770 523 3823 in
551 3767 693 3824 bello
721 3766 891 3821 fuisse
933 3765 1122 3820 fertur.
1155 3765 1221 3819 Et
1249 3766 1374 3819 dum
1402 3763 1651 3834 gentibus
1679 3778 1800 3817 cum
1822 3761 1942 3831 plu-

361 3863 515 3917 rimis
540 3866 850 3931 pugnasset,
890 3858 943 3911 in
971 3858 1238 3927 Europam
1279 3857 1381 3910 iter
1410 3871 1564 3910 suum
1590 3856 1827 3922 dirigens
1857 3854 1943 3907 in-

359 3961 445 4006 ter
484 3951 730 4004 Rhenum
767 3957 822 4002 et
859 3948 1161 4003 Danubium
1203 3946 1464 4003 consedit.
1514 3944 1697 4013 Ibique
1732 3940 1945 3998 mortuo

360 4041 682 4105 Francione,
720 4039 905 4110 praelia
951 4037 1116 4093 multa
1162 4045 1490 4108 gesserunt:
1536 4037 1729 4105 quibus
1774 4035 1946 4089 attriti

359 4146 525 4200 parva
564 4147 632 4184 ex
669 4130 800 4199 ipsis
837 4145 1030 4184 manus
1068 4129 1346 4183 remansit.
1393 4126 1530 4182 Hinc
1567 4127 1731 4182 duces
1776 4142 1844 4182 cx
1889 4141 1947 4181 se

360 4221 777 4285 constituerunt,
817 4227 1052 4273 attamen
1100 4216 1283 4289 iugum
1332 4218 1556 4272 alterius
1605 4232 1820 4287 semper
1858 4232 1948 4271 ne-

363 4318 551 4379 gantes
577 4307 741 4362 ferre.
783 4307 908 4361 Haec
936 4306 1155 4377 quidem
1201 4307 1274 4360 ita
1318 4321 1374 4359 se
1406 4306 1605 4360 habere
1643 4305 1707 4359 de
1739 4306 1947 4374 origine

364 4399 698 4453 Francorum
739 4399 1051 4467 opinantur.
1103 4396 1210 4450 Alii
1257 4411 1389 4451 vero
1438 4395 1706 4450 affirmant
1746 4411 1839 4450 eos
1881 4396 1947 4450 (Ic

2036 491 2421 552 comparentur
2447 483 2633 554 gestis,
2666 483 2757 552 qui
2784 498 2923 552 pene
2952 487 3402 555 contemporales,
3426 502 3643 556 quani—

2037 574 2118 628 vis
2146 574 2402 628 Ilerculcs
2451 588 2558 627 non
2602 572 2826 626 multum
2871 575 3234 641 prmcederet,
3274 577 3617 631 exstiterunt

2038 666 2306 736 Heligunt
2347 664 2523 719 autem
2566 664 2881 734 alienigena:
2925 665 2980 718 in
3025 681 3180 720 suam
3226 667 3485 723 ditionem
3520 668 3647 723 IIe-

2035 756 2209 811 brzeos
2234 756 2391 811 annis
2419 757 2506 810 II.
2542 754 2678 809 Huic
2707 753 2962 809 Samsoni
2994 755 3110 809 Heli
3156 759 3408 813 sacerdos
3436 774 3644 815 succe-

2035 848 2132 914 dit,
2159 848 2251 917 qui
2278 848 2436 904 annis
2455 846 2526 901 40
2548 847 2766 917 praefuit
2791 847 3055 911 Hebrmis,
3089 851 3383 904 secundum
3412 851 3644 907 Iudaeo-

2035 951 2154 990 rum
2183 937 2561 1002 traditionem;
2586 935 2740 1005 juxta
2768 936 2913 991 LXX
2940 938 3264 1008 interpretes
3290 940 3360 994 ΞΟ
3388 950 3638 996 tantum.

2033 1027 2189 1098 Apud
2214 1029 2580 1083 Athenienses
2606 1029 2920 1098 Demophon
2978 1037 3103 1082 tunc
3146 1032 3436 1100 regnabat,
3482 1032 3643 1088 ﬁlius

2037 1118 2252 1183 Thesei,
2269 1127 2321 1173 et
2355 1118 2545 1174 habuit
2566 1115 3218 1192 succeSsoremOxyntem
3246 1121 3638 1192 Syeioniorum

2036 1222 2127 1262 rex
2171 1207 2496 1279 Ccuxippus.
2546 1209 2891 1278 Principibus
2931 1211 3207 1280 praedictis
3252 1214 3634 1283 regnantibus,

2032 1308 2154 1369 post
2177 1307 2391 1369 captam
2413 1297 2651 1368 Trojam,
2684 1302 2892 1368 primus
2922 1317 3019 1356 rex
3049 1301 3280 1368 Latinis,
3320 1304 3639 1373 qui-postea

2036 1392 2332 1462 nuncupati
2390 1400 2516 1447 sunt
2557 1391 3043 1457 Romani,Eneas
3091 1394 3348 1465 profugus
3392 1394 3515 1459 fuit,
3572 1406 3639 1451 ut

2033 1482 2194 1554 paqu
2225 1482 2385 1538 latius
2408 1497 2569 1551 supra
2595 1483 2973 1553 explicuimus.
3022 1482 3106 1539 Ab
3133 1485 3347 1540 excidio
3382 1500 3640 1555 namque

2035 1574 2211 1646 Troiae
2244 1591 2416 1631 annos
2471 1575 2502 1628 7
2544 1574 2775 1630 obtinuit
2823 1575 3142 1631 Latinorum
3188 1592 3450 1648 regnum,
3494 1585 3550 1632 et
3598 1579 3641 1632 3

2034 1666 2278 1737 regnavit
2302 1666 2476 1720 annis.
2504 1664 2631 1732 Quae
2654 1680 2805 1720 arma
2833 1666 2973 1721 idem
2999 1668 3350 1722 commoverit
3370 1668 3424 1723 in
3449 1669 3636 1734 Italia,

2036 1758 2215 1827 qualia
2250 1772 2348 1828 per
2392 1757 2687 1811 triennium
2729 1757 2865 1812 bella
2907 1758 3244 1823 excitaverit,
3278 1768 3484 1829 quanto
3523 1760 3640 1814 im-

2034 1848 2290 1921 plicuerit
2320 1848 2546 1919 populos
2577 1847 2703 1902 odio
2740 1847 3058 1918 excidioquc
3095 1847 3369 1914 aﬂlixerit,
3395 1848 3509 1903 ludi
3539 1848 3640 1904 Iit-

2036 1941 2222 1996 terarii
2251 1948 2541 2005 mstantur,
2569 1937 2867 2008 disciplinae
2893 1946 3092 1993 nostra:
3117 1953 3331 2008 quoque
3357 1940 3633 1995 memoria

2036 2033 2092 2087 in
2130 2047 2231 2087 usu
2271 2039 2372 2087 est.
2418 2029 2467 2085 Is
2514 2045 2745 2100 namque
2787 2028 2964 2084 Latini
3011 2030 3153 2100 regis
3197 2030 3363 2084 filiam
3416 2030 3637 2087 dueens

2037 2138 2263 2179 uxorem
2285 2121 2563 2176 Laviniam
2594 2121 2832 2186 nomine,
2863 2119 3139 2176 affinitatis
3177 2122 3353 2192 gratia
3386 2120 3637 2193 iungens

2037 2211 2279 2282 Phrygas
2306 2210 2537 2274 Latinis,
2571 2210 2793 2280 jamque
2815 2210 3032 2280 junctos
3061 2210 3298 2283 Phrygas
3327 2211 3634 2282 Italosque,

2037 2303 2263 2359 Latinos
2304 2301 2654 2357 nominavere
2690 2300 2938 2371 populos,
2969 2311 3023 2356 et
3052 2302 3130 2357 sic
3163 2300 3277 2370 jam
3314 2318 3383 2357 ex
3418 2313 3552 2358 tunc
3575 2313 3638 2358 et

2038 2393 2292 2462 deinceps
2317 2391 2561 2461 quamvis
2596 2391 2649 2445 in
2671 2391 3014 2462 pauperrimo
3049 2406 3232 2462 regno,
3271 2391 3500 2461 locoque
3524 2408 3637 2447 an-

2038 2488 2217 2553 gusto,
2246 2480 2340 2551 qui
2380 2480 2659 2536 dicebatur
2686 2496 2818 2551 ager
2844 2482 3194 2547 Laurentum,
3231 2492 3630 2552 regnaverunt.

2037 2573 2169 2629 Post
2187 2572 2437 2628 Latinum
2468 2569 2674 2626 Encas
2717 2579 2774 2626 et
2807 2586 3154 2626 successores
3193 2570 3311 2640 ejus
3340 2573 3426 2641 qui
3457 2570 3634 2643 Sylvii

2038 2674 2095 2723 et
2118 2665 2312 2722 Albani
2342 2673 2468 2720 sunt
2504 2665 2703 2731 vocati,
2744 2678 2845 2735 pro
2869 2664 3007 2720 Alba
3043 2664 3251 2719 scilicet
3286 2664 3421 2718 urbe
3450 2671 3505 2719 et
3530 2679 3637 2734 pro

2038 2759 2330 2831 posthumo
2354 2755 2555 2812 Enea.
2589 2757 2734 2813 Idem
2773 2756 3022 2812 videlicet
3046 2755 3374 2810 Posthumus
3402 2754 3630 2820 Encas,

2040 2851 2243 2908 idcirco
2268 2851 2446 2907 dictus
2467 2859 2551 2905 est
2566 2848 2800 2921 Sylvius,
2826 2849 3077 2919 quoniam
3092 2848 3314 2902 Lavinia
3340 2857 3461 2918 post
3490 2863 3635 2902 mor-

2041 2933 2147 2998 tem
2175 2942 2382 3008 Encas,
2414 2943 2612 2998 timens
2641 2942 2859 2997 Ascanii
2908 2942 3183 3006 invidiam,
3232 2941 3373 2996 clam
3407 2956 3528 2995 eum
3570 2940 3631 2994 in

2043 3038 2190 3109 sylva
2220 3038 2425 3108 genuit,
2453 3036 2793 3106 Eneamque
2817 3035 3059 3107 Sylvium
3096 3035 3416 3089 nominavit.
3465 3033 3623 3087 Asca-

2040 3130 2163 3185 nius
2198 3138 2378 3183 autem
2416 3128 2507 3199 qui
2535 3136 2657 3197 post
2680 3125 2910 3182 Eneam
2939 3125 3182 3197 regnavit
3210 3125 3404 3187 Italiae,
3432 3120 3629 3176 dereli-

2040 3228 2126 3275 cto
2154 3234 2398 3274 noverca:
2427 3234 2536 3274 sua:
2566 3233 2731 3288 regno
2754 3216 3014 3282 Laviniae,
3042 3216 3233 3271 Albam
3266 3213 3513 3269 condidit
3549 3213 3632 3267 ei-

2039 3310 2261 3363 vitalem
2292 3309 2345 3362 in
2375 3322 2480 3378 qua
2519 3318 2574 3363 et
2601 3307 2860 3378 regnavit,
2894 3307 3225 3375 Albanisque
3257 3319 3455 3358 nomen
3488 3301 3629 3356 indi-

2041 3399 2121 3453 dit
2145 3415 2156 3449 :
2186 3406 2239 3453 et
2261 3397 2485 3454 fratrem
2513 3414 2668 3453 suum
2697 3398 3041 3469 posthumum
3071 3396 3315 3469 Sylvium
3346 3394 3536 3449 Encas
3561 3411 3634 3449 ex

2041 3489 2267 3545 Lavinia
2293 3490 2484 3556 filium,
2511 3506 2718 3546 summa
2749 3491 2949 3560 pietate
2976 3490 3176 3553 docuit,
3201 3503 3367 3559 quem
3397 3495 3453 3542 et
3481 3484 3633 3556 regni

2042 3582 2262 3652 reliquit
2307 3583 2600 3647 hacredcm,
2649 3582 2897 3652 quamvis
2948 3582 3174 3637 haberet
3212 3580 3385 3634 filium
3420 3581 3638 3634 nomine

2042 3670 2261 3744 Iulium,
2298 3688 2329 3727 a
2365 3688 2472 3742 quo
2521 3672 2720 3726 familia
2763 3670 3024 3726 Iuliorum
3070 3679 3211 3725 orta.
3264 3668 3372 3724 Sed
3415 3678 3638 3739 propter

2044 3774 2259 3819 aetatem
2299 3764 2512 3834 parvuli
2543 3763 2659 3828 filii,
2694 3778 2853 3833 quem
2880 3763 3110 3817 necdum
3149 3762 3402 3817 idoneum
3443 3760 3513 3814 ad
3543 3776 3642 3831 gn.

2044 3854 2335 3911 hernacula
2389 3856 2669 3924 regiminis
2720 3855 2931 3909 viderat
2977 3855 3357 3925 disponenda,
3410 3852 3640 3907 fratrem

2047 3942 2197 4014 regni
2243 3942 2371 3998 fecit
2414 3958 2803 3998 successorem.
2854 3943 2997 4015 Ergo
3042 3952 3167 3998 ante
3196 3941 3430 3997 Eneam
3471 3942 3643 3997 Italia:

2046 4041 2328 4104 regnatum
2373 4042 2460 4089 est
2505 4048 2537 4087 a
2575 4015 2790 4098 Latino,
2834 4034 3057 4103 ejusque
3096 4044 3251 4103 patre
3288 4032 3501 4098 Fauno,
3539 4048 3642 4088 avo

2048 4124 2245 4194 quippe
2282 4123 2424 4179 illius
2453 4124 2514 4177 Pi
2535 4140 2603 4189 το,
2630 4140 2833 4201 proavo
2865 4123 3117 4187 Saturno,
3152 4125 3324 4179 abavo
3350 4122 3512 4189 Jano,
3545 4140 3646 4195 per

2051 4232 2219 4272 annos
2266 4205 2485 4271 circiter
2512 4216 2630 4277 I50.
2667 4218 2755 4271 alii
2780 4233 2910 4271 vero
2938 4216 3039 4271 I80
3070 4233 3164 4271 eos
3195 4232 3458 4287 regnasse
3490 4232 3643 4270 asse-

2050 4313 2194 4360 runt.
2226 4304 2321 4360 His
2350 4307 2494 4360 enim
2529 4308 2857 4376 temporibus
2891 4321 2955 4360 ea
2985 4321 3104 4376 qua:
3139 4305 3333 4360 fabula:
3365 4306 3434 4360 de
3464 4305 3644 4361 Ulisse

2051 4395 2252 4461 ferunt,
2306 4396 2578 4465 quomodo
2607 4397 2816 4467 Trigeri
2851 4396 3087 4466 Scyllam
3132 4394 3353 4466 fugerit,
3399 4396 3643 4465 hospites

366 4490 576 4545 Scanza
617 4488 811 4553 insula,
850 4504 969 4557 qua:
1003 4480 1196 4557 vagina
1235 4488 1472 4558 gentium
1511 4497 1614 4553 est,
1663 4489 1944 4544 exordium
1972 4472 2024 4531 Ῑ)
2051 4486 2281 4556 spoliare
2326 4486 2556 4549 solitam,
2602 4486 3105 4552 scribitPalcfatus,
3142 4487 3197 4540 iu
3233 4485 3641 4541 Incredibilium

364 4577 639 4641 habuisse,
668 4577 734 4631 de
759 4592 864 4646 qua
893 4575 1052 4630 Gothi
1082 4583 1136 4629 et
1156 4585 1365 4629 caetera
1386 4578 1632 4632 nationes
1653 4577 1950 4632 Theotisca:

364 4666 614 4723 exierunt
651 4685 664 4719 :
707 4667 849 4737 quod
886 4675 942 4720 et
982 4665 1180 4720 idioma
1223 4666 1419 4736 linguae
1462 4682 1649 4721 eorum
1698 4676 1945 4723 testatur.

367 4757 463 4813 Est
502 4758 645 4811 enim
693 4758 747 4812 in
787 4757 976 4813 eadem
1021 4756 1195 4811 insula
1237 4757 1403 4827 regio,
1453 4772 1593 4826 quat,
1643 4766 1698 4811 ut
1748 4756 1948 4822 ferunt,

369 4850 546 4904 adhuc
568 4848 794 4904 Francia
824 4856 1184 4920 nuncupatur.
1214 4848 1443 4904 Domino
1469 4855 1649 4902 autem
1679 4856 1950 4903 annuente

369 4939 437 4994 de
462 4939 547 4994 his
572 4940 626 4994 in
654 4939 901 5010 sequenti
937 4953 1101 5008 opere
1147 4940 1361 5009 plenius
1392 4953 1649 4995 enarrare
1677 4940 1943 5011 cupimus.

930 5064 1156 5127 CAPUT
1199 5072 1382 5129 XVIII.

371 5162 713 5219 Ilebrazorum
752 5163 924 5233 judex
961 5163 1220 5227 Samson,
1263 5163 1571 5217 Latinorum
1596 5163 1813 5234 primas
1858 5178 1949 5218 rea:

444 5234 671 5315 ﬁngas,
710 5231 764 5315 ft
802 5243 921 5315 post
961 5250 1081 5315 cui):
1126 5234 1406 5315 Ascanius,
1430 5243 1536 5287 etc.
1583 5231 1718 5315 Heln
1746 5231 1943 5315 Ulyssis

443 5302 675 5373 Scyllam
702 5301 948 5373 fugientis
970 5303 1244 5357 historiam
1273 5305 1368 5356 hoc
1397 5314 1624 5373 tempore
1643 5301 1838 5372 factum
1862 5301 1948 5373 fa-

442 5373 577 5427 bula:
607 5373 842 5427 tradunt.
1845 5373 1848 5376 ’
1900 5400 1903 5405 ‹

440 5486 785 5557 Assyriorum
832 5485 1022 5541 XXVII
1067 5485 1302 5540 Teuteus
1346 5488 1500 5541 annis
1535 5486 1625 5540 40.
1675 5484 1758 5541 Ab
1798 5487 1946 5542 exitu

374 5576 605 5631 filiorum
661 5578 824 5632 Israel
872 5578 937 5632 de
984 5577 1220 5650 Egypto
1263 5580 1387 5632 anni
1426 5579 1548 5634 330.
1599 5578 1944 5634 Hebraaorum

374 5672 554 5720 autem
581 5669 744 5740 iudex
774 5669 931 5723 annis
957 5670 1047 5739 20,
1078 5670 1306 5727 Samson
1347 5672 1433 5726 ille
1464 5670 1603 5727 ultra
1635 5670 1801 5729 fortes
1836 5671 1945 5728 for-

2050 4574 2188 4629 libro
2214 4574 2415 4645 primo;
2448 4576 2683 4647 Syrenas
2711 4575 2877 4631 fuisse
2902 4592 3116 4646 quoque
3153 4577 3494 4639 meretrices,
3522 4591 3641 4645 qua

2051 4665 2390 4734 decipiebant
2453 4667 2792 4742 navigantes.
2852 4667 3005 4722 Tunc
3068 4668 3232 4722 etiam
3284 4666 3532 4737 Pyrrhus
3584 4667 3641 4719 in

2052 4754 2249 4823 templo
2274 4754 2515 4824 Delphici
2545 4755 2613 4808 ab
2648 4754 2838 4809 Oreste
2884 4755 3173 4819 occiditur,
3201 4755 3510 4825 proditione
3554 4770 3641 4808 sa-

2051 4843 2293 4899 cerdotis
2319 4843 2616 4899 Macharei.
2648 4844 2876 4912 Quidam
2904 4844 3067 4901 etiam
3099 4844 3394 4901 Homerum
3420 4856 3638 4915 poetam

2045 4935 2161 5007 jam
2198 4945 2324 4991 tunc
2350 4935 2515 4992 fuisse
2538 4937 2742 4991 dicunt.

2639 5046 2867 5103 CAPUT
2906 5048 3048 5103 XIX.

2053 5136 2176 5193 Heli
2220 5138 2479 5212 sacerdoti
2520 5151 2726 5212 mortuo
2750 5139 2962 5195 Samuel
3007 5142 3257 5212 prapheta
3297 5143 3548 5206 succedit,
3586 5151 3638 5193 et

2231 5206 2361 5263 Saul
2385 5209 2586 5279 primus
2608 5209 2951 5264 Hebrworum
2984 5206 3075 5265 rex
3100 5206 3455 5266 constituitur.

2123 5316 2467 5387 Assyriorum
2508 5316 2723 5371 XXVIII
2770 5318 3025 5385 'I'hineus,
3057 5318 3219 5374 annis
3242 5319 3335 5375 30.
3367 5319 3450 5373 Ab
3484 5317 3635 5372 exitu

2052 5405 2220 5461 Israel
2248 5406 2314 5461 de
2340 5405 2575 5476 Egypto
2622 5407 2746 5461 anni
2779 5406 2903 5461 577.
2928 5407 3340 5462 Atheniensium
3377 5423 3469 5461 rex
3493 5406 3635 5475 Thy-

2054 5504 2281 5560 moetes,
2324 5497 2415 5564 qui
2465 5496 2655 5551 habuit
2706 5510 3075 5551 successorem
3102 5495 3463 5554 Melanthum:
3493 5493 3633 5564 apud

2053 5585 2280 5642 Latinos
2313 5595 2491 5640 autem
2518 5588 2846 5642 Postlnnnus
2885 5588 3099 5653 Sylvius
3123 5588 3314 5643 Encas
3346 5590 3492 5644 filius
3537 5601 3629 5640 rex

2054 5684 2187 5731 erat.
2236 5677 2391 5732 Anno
2422 5692 2635 5747 quoque
2663 5687 2851 5734 octavo
2878 5679 3085 5734 decimo
3121 5690 3383 5748 regnante
3404 5678 3621 5740 'I‘h'uieo.
