3900 6178
255 245 359 299 969

1355 233 1762 292 CHRONICON.
1805 266 1871 275 —
1910 234 2072 288 Τί)Μί
2110 235 2129 288 I
2165 234 2290 288 ΠΒ.
2330 233 2391 288 II.
3412 234 3514 290 970

257 355 372 410 lleli
405 351 675 414 sacerdos,
712 349 892 404 audita
931 362 1060 401 nece
1090 345 1320 400 filiorum
1351 362 1641 416 areamque
1675 356 1836 401 testa-
1868 354 1912 410 Α
1942 345 2157 414 Troiam
2217 361 2358 401 anno
2419 347 2713 401 centesimo
2763 345 3111 416 octogesimo.
3161 343 3516 418 Apollodorus

258 444 423 500 tuenti
467 450 679 510 captant
720 456 748 492 ιι
780 437 1103 499 Pal-.cstinis,
1143 439 1343 491 cadens
1385 452 1413 489 a
1447 437 1599 501 sella,
1645 436 1835 490 fractis

256 535 577 596 cervicibus,
612 541 856 586 mortuus
882 539 982 584 est.
1021 528 1118 584 Cui
1154 527 1375 583 Samuel
1411 531 1671 599 propheta
1719 543 1838 584 suc-

257 629 423 693 cedit,
445 625 807 698 populumque
829 621 1037 690 judicat
1056 621 1432 687 Hebraeorum,
1457 623 1557 676 sub
1583 637 1688 691 quo
1709 620 1838 676 Saul

258 723 466 793 primus
517 717 865 773 Hebraeorum
916 730 1012 768 rex
1065 713 1438 776 constituitur,
1489 715 1581 783 qui
1631 712 1732 768 luit
1774 727 1840 768 ex

261 813 403 866 tribu
432 809 738 878 Beniamin,
763 806 854 876 qui
887 805 1044 860 annis
1069 803 1136 857 40
1178 805 1445 874 regnavit.
1493 803 1660 875 Igitur
1695 804 1844 875 prin-

260 902 472 971 cipibus
499 895 771 968 pnedictis
809 896 951 949 inter
992 892 1238 948 nationes
1267 894 1645 956 existentibus,
1690 909 1845 965 reges

263 988 639 1060 Sycioniorum
669 983 1003 1047 defecerunt,
1034 984 1124 1052 qui
1149 995 1516 1055 regnaverunt
1537 985 1694 1039 annis
1717 983 1842 1048 862,

263 1085 316 1139 id
340 1091 446 1148 est,
471 1083 539 1136 ab
570 1079 800 1151 Egaeleo
834 1093 1006 1149 usque
1053 1078 1120 1132 ad
1151 1077 1504 1146 Ceuxippum.
1553 1074 1682 1129 Post
1708 1088 1846 1144 quos

261 1173 577 1229 sacerdotes
623 1170 806 1226 Carnii
853 1168 1130 1224 constituti
1179 1176 1324 1230 sunt,
1372 1167 1466 1235 qui
1514 1163 1848 1234 praefuerunt

265 1269 424 1323 annis
445 1266 535 1332 55,
564 1281 627 1320 ac
649 1264 845 1319 deinde
867 1263 1184 1318 Caridemus
1206 1259 1555 1316 constituitur
1572 1257 1844 1321 sacerdos,

263 1359 356 1430 qui
393 1359 668 1427 impensas
695 1353 970 1425 gentilium
1000 1350 1406 1420 superstitiosas
1437 1363 1543 1402 non
1575 1347 1850 1401 sustinens

267 1453 423 1524 fugit.
464 1449 688 1506 Micenis
740 1447 998 1518 regnabat
1025 1445 1405 1508 Thisamenus,
1435 1441 1577 1496 (ilius
1619 1439 1846 1496 Orestis.

267 1543 386 1609 Quo
414 1549 675 1610 tempore,
703 1535 948 1592 Hectoris
973 1533 1066 1588 filii
1106 1533 1261 1587 Ilium
1290 1539 1627 1602 receperunt,
1657 1526 1852 1598 expul»

269 1633 346 1688 sis
375 1628 667 1685 Antenoris
709 1626 960 1698 posteris,
1013 1624 1224 1680 Heleno
1270 1621 1370 1678 sibi
1425 1621 1723 1677 subsidium
1775 1617 1852 1674 fe-

1938 438 2283 492 Aiheniensis
2338 447 2456 507 post
2519 439 2626 492 2ιο
2679 454 2850 492 annos
2908 438 3206 493 eversionis
3264 437 3342 492 Ilii
3391 454 3517 495 eum

1941 527 2104 582 fuisse
2137 529 2326 583 credit.
2375 528 2477 582 Alii
2519 529 2733 598 quidem
2784 529 3130 592 exstiterunt,
3176 528 3267 598 qui
3308 530 3521 584 modico

1941 628 2227 687 antequam
2278 619 2610 690 olympiach
2655 620 2977 689 inciperent,
3027 619 3081 672 id
3111 626 3193 673 est
3231 619 3336 674 400
3375 628 3523 674 retro

1942 709 2098 763 annis
2128 706 2375 776 Trojante
2409 709 2742 778 captivitatis
2787 724 2910 762 eum
2959 708 3124 763 fuisse
3153 717 3364 778 putant,
3395 709 3522 763 licet

1942 799 2261 870 Archilogus
2303 809 2426 870 post
2475 800 2740 853 decimam
2795 799 3009 853 tertiam
3048 799 3428 869 Olympiadem,
3469 809 3524 854 et

1943 889 2428 960 quingentesimum
2480 887 2728 957 Trojanze
2784 889 3082 944 eversionis
3129 906 3350 955 annum,
3401 905 3522 944 eum

1945 994 2066 1034 esse
2089 980 2318 1048 putavit.
2361 979 2480 1045 Quo
2507 980 2559 1033 in
2590 988 2832 1049 tempore
2861 979 3013 1033 Iones
3040 978 3254 1048 profugi
3284 978 3526 1036 Athenas

1946 1085 2005 1126 se
2034 1070 2398 1135 contulerunt,
2442 1070 2837 1139 Pelopoueuses
2865 1080 3046 1124 autem
3075 1081 3262 1126 contra
3289 1071 3528 1126 Athenas

1949 1143 2226 1226 dimicant,
2273 1175 2302 1214 a
2336 1175 2442 1229 quo
2475 1160 2928 1230 Pel0ponnesiaco
2959 1159 3100 1215 bello
3130 1160 3530 1216 Ericthidarum

1949 1251 2282 1308 destructum
2324 1263 2412 1309 est
2463 1254 2780 1324 imperium,
2835 1254 2888 1308 id
2939 1263 3056 1319 est,
3096 1253 3529 1309 Atheniensium.

1951 1343 2162 1398 Codrus
2220 1354 2400 1399 autem
2466 1360 2559 1399 rex
2611 1345 3026 1400 Atheniensium
3079 1344 3537 1414 Peloponensibus

1953 1451 2065 1491 sua:
2117 1436 2355 1491 civitatis
2408 1435 2655 1491 hostibus
2709 1450 2768 1490 se
2819 1436 3251 1491 interﬁciendum
3323 1437 3538 1507 ignotus

1952 1525 2169 1595 uhjecit.
2203 1527 2272 1581 Et
2298 1524 2504 1581 factum
2545 1535 2629 1582 est
2672 1527 2775 1581 hoc
2821 1527 2978 1581 modo
3021 1526 3166 1596 quod
3203 1527 3400 1582 dicitur
3439 1541 3537 1596 pa-

1957 1616 2118 1670 triam
2168 1615 2448 1672 liberasse.
2483 1617 2820 1688 Responsum
2853 1626 3174 1686 acceperant
3203 1617 3539 1686 Peloponen-

271 1731 441 1778 rente.
493 1720 645 1776 Tunc
695 1718 861 1774 etiam
909 1716 1203 1772 secundum
1251 1714 1510 1784 quosdam
1553 1711 1854 1767 Amazones
1883 1702 1928 1759 B
1955 1723 2064 1772 ses,
2094 1716 2208 1762 tum
2238 1708 2453 1763 demum
2501 1724 2560 1763 se
2603 1717 2972 1779 superaturos,
3022 1709 3068 1762 si
3103 1722 3286 1780 regem
3325 1709 3536 1763 illorum

273 1811 466 1882 Ephesi
515 1807 772 1878 templum
798 1805 980 1861 Dianae
1025 1805 1398 1860 incenderunt.
1455 1803 1570 1870 Quo
1614 1813 1854 1871 tempore

273 1916 428 1972 rcges
457 1897 868 1953 Atheniensium
913 1905 1277 1968 cognomento
1306 1894 1614 1949 Ericthides
1642 1891 1856 1947 defece-

273 1998 399 2045 runt
437 2003 468 2043 a
499 2003 665 2059 regno
709 2005 722 2041 :
774 2001 1002 2056 quorum
1051 2000 1212 2040 omne
1254 1992 1465 2054 tempus
1509 1983 1780 2037 invenitur
1823 1995 1854 2035 a

271 2080 512 2150 Cecrope
543 2077 716 2141 Difﬁe,
748 2093 920 2147 usque
945 2078 1012 2132 ad
1041 2077 1388 2140 Thimothen,
1415 2075 1540 2130 anni
1570 2074 1696 2130 429.
1728 2071 1858 2128 Post

273 2186 408 2242 quos
463 2169 700 2240 suscepit
756 2183 982 2240 regnum
1013 2168 1318 2223 Melanthus
1353 2165 1603 2221 Piliensis
1647 2164 1858 2221 Andro-

274 2261 511 2332 pomphi,
556 2268 612 2316 et
653 2257 811 2328 hujus
845 2258 988 2315 illius
1024 2257 1125 2313 fuit
1161 2258 1388 2324 Codrus,
1429 2259 1521 2329 qui
1561 2259 1860 2330 imperave-

276 2359 404 2408 runt
440 2349 599 2405 simul
629 2350 787 2406 annis
814 2349 901 2405 58.
952 2348 1352 2405 Ericthidarum
1392 2348 1622 2420 imperio
1647 2349 1858 2406 destru-

274 2451 384 2507 cto,
436 2439 738 2494 Atticorum
789 2439 1095 2510 principum
1144 2452 1370 2510 regnum
1409 2439 1477 2493 ad
1515 2438 1658 2495 aliud
1687 2455 1860 2511 genus

277 2529 598 2586 translatum
622 2536 722 2583 est.
753 2526 906 2596 Quod
937 2529 1012 2582 ita
1038 2529 1282 2599 contigit,
1310 2543 1432 2583 cum
1464 2541 1644 2599 regem
1667 2527 1863 2600 Tyme—

279 2623 426 2676 them
464 2628 810 2690 provocasset
835 2618 1045 2674 Xantus
1073 2619 1293 2676 Boetius
1331 2620 1398 2675 ad
1428 2619 1704 2691 singulare
1741 2635 1864 2676 cer-

279 2719 483 2774 tamen,
513 2707 775 2780 Tymethe
819 2716 1001 2763 autem
1049 2716 1355 2774 recusante,
1387 2706 1690 2763 Melanthus
1732 2722 1861 2763 vero

277 2801 527 2856 Piliensis
554 2799 956 2871 Andropomphi
993 2799 1135 2856 Illius
1170 2800 1410 2872 suscepit
1456 2810 1754 2866 certamen,
1798 2815 1863 2856 ac

277 2891 474 2945 deinde
516 2890 780 2962 regnavit.
829 2890 968 2947 Hinc
992 2900 1048 2946 et
1066 2891 1374 2962 Apatirion,
1404 2891 1458 2948 id
1483 2901 1587 2961 est,
1619 2891 1860 2947 fallacia-

279 2996 403 3036 rum
448 2980 762 3037 solemuitas
791 2981 1124 3050 celebratur,
1151 2983 1279 3054 quia
1318 2983 1544 3040 victoria
1581 2999 1646 3040 ex
1673 2984 1862 3040 fraude

277 3078 640 3142 processerat.

868 3225 1098 3284 CAPUT
1156 3225 1275 3282 xx.
1391 3293 1400 3302 ,

277 3364 459 3421 David
497 3363 696 3436 primus
727 3379 800 3436 ea;
827 3363 966 3418 tribu
985 3361 1131 3417 Iuda
1154 3361 1499 3436 Hebrgorum
1537 3365 1862 3436 rexieonsti-

353 3431 541 3488 tuitur.
590 3432 699 3488 Sub
747 3433 883 3487 idem
927 3442 1127 3501 tempus
1195 3441 1244 3502 et
1294 3431 1581 3502 Homerum
1625 3435 1866 3502 ﬂoruisse

349 3505 698 3574 quorumdam
731 3503 830 3574 fert
861 3503 1058 3572 opinio.
1087 3501 1299 3574 Codrus
1327 3501 1718 3574 Atheniensium
1750 3519 1861 3569 rex,

353 3569 456 3644 quo
477 3584 629 3644 pacto
648 3569 875 3642 patriam
894 3569 1052 3625 suam
1077 3569 1400 3625 liberaverit.

352 3709 698 3780 Assyriorum
731 3707 903 3764 XXIX
949 3706 1214 3772 Dercilus,
1265 3708 1427 3763 annis
1455 3707 1543 3772 40,
1596 3709 1666 3765 ab
1713 3710 1864 3765 exitu

278 3813 416 3854 vero
471 3798 630 3854 Israel
686 3798 752 3853 de
777 3797 1014 3870 Egypto
1063 3797 1191 3852 anni
1237 3797 1362 3852 407.
1425 3795 1642 3853 Samuel
1687 3808 1866 3854 autem

281 3889 427 3960 apud
464 3887 720 3945 Hebraeos
746 3887 1120 3959 prophetabat,
1157 3898 1415 3960 regnante
1452 3887 1602 3944 Saul.
1656 3888 1872 3948 Dercilo

280 3986 548 4048 regnante
571 3977 810 4049 Assyriis
837 3993 980 4033 anno
1002 3978 1266 4048 vigesimo
1293 3986 1502 4033 octavo.
1551 3978 1721 4034 David
1757 3981 1868 4050 pri-

283 4082 409 4120 mus
435 4082 500 4122 ex
533 4065 676 4121 tribu
697 4065 834 4121 Juda
871 4082 967 4122 rex
993 4067 1337 4122 constituitur
1367 4065 1739 4133 Hebraeorum,
1767 4067 1868 4123 sub

282 4171 397 4226 quo
422 4156 684 4212 Abiathar
702 4156 944 4227 pontifex
971 4156 1151 4212 clarus
1181 4157 1428 4210 habetur.
1454 4155 1866 4212 Atheniensium

284 4262 385 4301 rex
413 4247 642 4312 Codrus,
671 4246 939 4318 Melampti
968 4246 1139 4312 illius;
1174 4246 1377 4302 Latinis
1397 4245 1602 4302 Encas
1629 4246 1864 4319 Sylvius.

283 4337 538 4406 quamvis
567 4337 619 4390 in
650 4337 755 4391 alia
785 4337 1086 4407 reperiatur
1111 4337 1358 4400 historia,
1389 4347 1584 4408 quarto
1610 4337 1866 4393 Latinum

286 4425 533 4496 Sylvium
565 4441 835 4498 regnasse,
863 4426 1099 4482 Lavinia:
1127 4435 1182 4481 et
1209 4407 1556 4497 Melampodis
1589 4428 1864 4485 uterinum
1892 4407 1945 4468 Ῑ)

287 4515 462 4570 ﬁlium
510 4515 731 4570 fratrem
774 4516 1072 4580 Posthumi,
1121 4525 1176 4571 et
1224 4517 1412 4586 quinto
1449 4519 1542 4589 qui
1589 4535 1732 4574 nunc
1777 4520 1866 4576 hic

284 4617 518 4678 quartus
549 4608 786 4678 ponitur,
825 4608 1064 4679 Sylvium
1094 4607 1322 4666 lineam
1349 4609 1627 4665 Posthumi
1674 4611 1862 4666 filiuni.

283 4696 404 4751 lIIis
421 4697 582 4750 etiam
604 4697 812 4762 diebus,
836 4697 1216 4753 Lacedtemone
1240 4700 1446 4770 primus
1471 4709 1660 4771 regnat
1683 4701 1865 4757 Theu-

285 4787 412 4850 ris;
474 4786 722 4840 similiter
771 4785 1067 4843 Corinthiis
1124 4789 1331 4859 primus
1383 4789 1630 4860 regnavit
1653 4789 1864 4844 Aleces.

287 4877 563 4933 Homerus
596 4879 760 4932 etiam
802 4877 1095 4933 secundum
1137 4880 1492 4948 quorumdam
1536 4881 1866 4950 opinionem,

289 4966 382 5020 his
403 4964 571 5021 fuisse
595 4965 924 5036 temporibus
951 4967 1236 5021 indicatur.
1267 4967 1478 5034 Quanta
1501 4978 1680 5022 autem
1709 4969 1776 5023 de
1803 4983 1870 5023 eo

286 5055 440 5124 apud
485 5065 694 5110 veteres
735 5056 1069 5111 dissonantia
1133 5056 1316 5121 fuerit,
1365 5058 1708 5114 manifestum
1749 5074 1871 5114 esse

284 5146 498 5217 poterit
519 5160 584 5199 ex
612 5146 1084 5216 consequentibus.
1116 5147 1344 5214 Quidam
1371 5163 1496 5202 eum
1525 5158 1648 5204 ante
1675 5150 1871 5205 disces-

287 5252 420 5290 sum
449 5235 843 5290 Ericthidarum
869 5245 1094 5305 ponunt,
1121 5237 1508 5292 Erathostenes
1542 5247 1723 5292 autem
1750 5247 1871 5308 post

287 5335 516 5380 centum
576 5341 746 5382 annos
793 5327 1038 5394 Troiana:
1089 5328 1450 5398 captivitatis;
1527 5327 1874 5384 Aristarchus

290 5435 432 5475 vero
470 5419 647 5474 Ionica
695 5419 1036 5489 migratione,
1094 5421 1206 5474 sive
1249 5429 1368 5488 post
1417 5435 1586 5474 annos
1633 5431 1867 5474 centum.

292 5508 657 5562 Philochorus
703 5507 1074 5576 emigrationis
1112 5507 1304 5562 Ionicae
1343 5516 1607 5578 tempore,
1649 5509 1748 5564 sub
1770 5509 1871 5564 Ar-

289 5603 511 5674 cliyppo
554 5599 958 5653 Atheniensium
1007 5601 1342 5671 magistratu,
1391 5610 1445 5656 et
1491 5611 1610 5670 post
1655 5611 1867 5672 captam

663 5691 934 5750 Parnm”
981 5690 1130 5755 CV1.

1955 1815 2062 1855 non
2091 1801 2434 1856 occidissent.
2463 1800 2680 1856 Fefellit
2707 1806 2852 1858 enim
2890 1817 2986 1857 eos
3014 1801 3226 1856 Codrus
3269 1802 3324 1856 in
3353 1801 3538 1856 habitu

1954 1891 2210 1963 pauperis
2237 1892 2566 1963 appareudo,
2600 1902 2656 1950 et
2685 1894 2739 1948 in
2770 1910 2926 1949 suam
2965 1909 3152 1950 necem
3181 1909 3280 1964 per
3303 1893 3539 1964 iurgium

1955 1983 2316 2052 provocando.
2379 1982 2530 2039 Unde
2577 1986 2656 2039 ait
2701 1983 2993 2055 Virgilius.
3047 1995 3095 2038 et
3135 1984 3316 2055 jurgia
3359 1985 3540 2038 Codri.

1956 2072 2126 2140 Quem
2174 2073 2532 2130 Athenienses
2583 2084 2838 2146 tauquam
2893 2073 3054 2129 deum
3100 2085 3289 2146 postea
3334 2075 3540 2129 honore

1956 2162 2351 2220 sacrificiorum
2387 2164 2693 2220 coluerunt.

2538 2315 2765 2373 CAPUT
2815 2314 2954 2370 XXI.

1960 2453 2234 2508 Annorum
2280 2453 2344 2507 ab
2378 2452 2553 2523 Adam
2589 2469 2752 2523 usque
2793 2453 2864 2506 ad
2894 2450 3238 2523 Salomonem
3273 2459 3326 2523 et
3369 2451 3548 2522 templi

2031 2523 2447 2592 aediﬁcationem
2471 2519 2752 2592 calculatio
2772 2520 2988 2592 dupiex.
3035 2519 3153 2575 Uita
3185 2521 3420 2592 quidem,
3465 2519 3547 2575 se-

2031 2589 2262 2648 cundum
2289 2591 2502 2646 Eusebii
2538 2601 2588 2648 et
2617 2591 2738 2646 Divi
2760 2589 3095 2663 Hieronymi,
3138 2589 3307 2645 altera
3327 2591 3543 2662 Iosephi

2031 2663 2477 2733 supputationem.

2034 2781 2381 2869 Assyriorum
2431 2796 2580 2852 xxx
2629 2797 2892 2868 Cupales,
2941 2797 3098 2854 annis
3147 2799 3249 2863 ss,
3295 2797 3364 2856 ab
3399 2800 3547 2855 exitu

1963 2887 2130 2942 Israel
2161 2887 2227 2942 de
2247 2885 2504 2958 Egypto,
2546 2887 2958 2942 trecentesimus
2981 2887 3426 2958 quadragesimus
3459 2904 3548 2944 se-

1965 2979 2173 3035 cundus
2207 2987 2328 3032 erat
2355 2991 2549 3032 annus.
2602 2976 3028 3049 Quo'regnante,
3062 2977 3321 3033 Salomon
3352 2979 3550 3050 glorio-

1888 3070 1934 3133 C
1965 3087 2057 3127 sus
2089 3069 2438 3126 Ilebrzeoruin
2483 3084 2580 3124 rex
2619 3069 2984 3124 constituitur.
3017 3068 3118 3136 Qui
3157 3070 3414 3140 templum
3432 3071 3552 3125 ’Βο-

1965 3159 2097 3214 mini
2151 3158 2450 3222 inchoavit,
2501 3165 2556 3212 et
2604 3157 2801 3229 insigni
2851 3157 3048 3213 decore
3097 3157 3443 3230 singulariter
3493 3160 3549 3214 in

1965 3254 2196 3318 mundo,
2224 3266 2322 3323 per
2351 3251 2587 3322 spatium
2615 3265 2882 3306 annorum
2914 3250 2945 3304 7
2971 3248 3218 3320 perfecit.
3268 3248 3552 3320 Colligitur

1965 3353 2147 3400 autem
2187 3359 2348 3400 omne
2394 3353 2608 3414 tempus
2661 3358 2692 3398 a
2739 3343 2884 3398 Mose
2924 3351 2979 3397 et
3022 3357 3243 3414 egressu
3291 3342 3453 3398 Israel
3482 3357 3550 3396 ex

1965 3435 2201 3508 Egypto
2234 3450 2403 3505 usque
2431 3434 2774 3490 Salomonem
2805 3442 2862 3488 et
2882 3434 3296 3490 aedificationem
3341 3434 3546 3505 templi,

1966 3526 2091 3580 anni
2120 3525 2246 3588 480,
2289 3533 2349 3578 ut
2387 3523 2695 3594 Regnorum
2739 3522 2875 3577 liber
2917 3539 2976 3577 ιιι
3019 3523 3329 3579 testimonio
3368 3533 3470 3587 est,
3515 3539 3546 3577 a

1966 3612 2168 3666 diluvio
2195 3612 2402 3667 scilicet
2427 3626 2598 3680 usque
2623 3611 2690 3664 ad
2723 3610 2904 3666 Mosen
2935 3611 3062 3665 anni
3092 3609 3248 3675 1447,
3280 3626 3311 3664 a
3349 3611 3550 3666 diluvio

1968 3716 2138 3771 usque
2166 3701 2234 3756 ad
2260 3701 2432 3756 Adam
2473 3699 2635 3766 2242,
2681 3701 2773 3772 qui
2823 3701 2984 3757 simul
3028 3703 3320 3772 supputati,
3355 3703 3408 3757 id
3441 3711 3546 3770 est,

1967 3792 2092 3858 480,
2142 3793 2296 3856 1447,
2341 3791 2515 3858 2242,
2566 3808 2596 3847 a
2647 3791 2937 3848 Salomone
2998 3793 3206 3848 scilicet
3258 3809 3428 3863 usque
3479 3796 3548 3850 ad

1966 3882 2159 3946 Adam,
2193 3881 2328 3936 fiunt
2347 3882 2506 3937 simul
2532 3882 2660 3936 anni
2677 3882 2839 3938 4169.
2865 3881 3014 3938 Hanc
3036 3883 3254 3952 quidem
3280 3900 3546 3940 annorum

1969 3972 2397 4042 supputationem
2435 3970 2591 4040 juxta
2629 3973 2844 4028 Eusebii
2872 3973 3179 4029 Chronicon
3225 3984 3388 4044 atque
3418 3975 3548 4030 Hie-

1970 4064 2178 4135 ronymi
2220 4065 2578 4120 assertionem
2615 4075 2869 4136 coaptare
2908 4068 3234 4124 curavimus.
3283 4067 3549 4139 Iosephus

1970 4170 2100 4209 vero
2130 4154 2519 4224 Antiquitatum
2571 4157 2804 4227 scriptor
2849 4158 2923 4213 ita
2964 4174 3133 4214 annos
3176 4169 3453 4230 computat
3480 4163 3548 4217 ab

1969 4244 2325 4300 aediﬁcatione
2369 4245 2554 4316 templi
2598 4262 2769 4318 usque
2810 4251 2877 4304 ad
2926 4245 3314 4307 Adam.‘Dicit
3358 4253 3544 4308 enim:

1972 4335 2146 4405 Cmpit
2175 4335 2430 4391 Salomon
2459 4337 2728 4394 aediﬁcare
2767 4341 3022 4411 templum
3055 4357 3197 4397 anno
3237 4353 3436 4412 quarto
3467 4361 3551 4399 re-

1970 4425 2059 4496 gni
2089 4426 2171 4480 sui
2198 4441 2384 4480 mense
2407 4428 2663 4492 secundo,
2687 4443 2831 4484 anno
2850 4431 3284 4500 quingentesimo
3312 4433 3552 4489 secundo

1973 4515 2205 4570 filiorum
2249 4515 2409 4570 Israel
2457 4516 2808 4586 profectionis
2851 4535 2920 4574 ex
2949 4519 3205 4591 Egypto.
3261 4523 3387 4576 Post
3419 4523 3552 4578 I050

1971 4617 2152 4663 autem
2173 4624 2436 4664 annorum
2454 4609 2715 4666 adventus
2725 4611 2996 4667 Abraham
3019 4614 3084 4667 ad
3099 4611 3456 4668 Chanan.eani
3481 4616 3550 4669 de

1971 4698 2387 4769 Mesopotamia;
2419 4715 2449 4754 a
2474 4709 2714 4770 tempore
2732 4716 2862 4756 vero
2887 4702 3071 4756 diluvii
3095 4717 3238 4756 anno
3263 4704 3549 4757 millesimo

1970 4788 2524 4859 quadringentesimo,
2557 4789 2626 4844 ab
2649 4789 2819 4843 Adam
2867 4798 3045 4843 autem
3091 4791 3423 4860 protoplasto
3458 4807 3548 4845 us-

1972 4892 2076 4946 que
2106 4876 2170 4931 ad
2194 4877 2600 4932 aediﬁcationem
2640 4877 2822 4947 templi
2859 4877 3182 4945 Salomonis,
3225 4890 3548 4951 pnetereunt

1973 4968 2100 5022 anni
2128 4967 2469 5022 simul5102.
2507 4956 2757 5020 Continet
2785 4978 2964 5022 autem
3002 4968 3213 5025 libellus
3253 4972 3353 5025 iste
3381 4986 3550 5024 anno-

1970 5071 2094 5110 rum
2133 5055 2351 5117 seriem,
2391 5069 2424 5108 a
2453 5054 2731 5108 nativitate
2750 5055 2980 5110 Abrahae
3016 5072 3186 5126 usque
3225 5059 3292 5112 ad
3317 5058 3550 5114 :editlca-

1975 5147 2172 5201 tionem
2202 5145 2406 5215 templi,
2436 5160 2598 5214 quam
2622 5145 2862 5201 dividere
2887 5147 3074 5212 malui,
3106 5148 3158 5200 id
3184 5157 3286 5211 est,
3313 5149 3381 5203 ab
3409 5164 3551 5204 anno

1973 5236 2150 5305 primo
2197 5234 2650 5305 repromissionis,
2701 5250 2872 5304 usque
2921 5237 2984 5290 ad
3026 5237 3232 5291 exitum
3281 5237 3443 5292 Israel
3484 5240 3549 5293 de

1976 5327 2232 5398 Egypto,
2258 5327 2381 5381 inde
2409 5338 2588 5380 autem
2619 5344 2789 5398 usque
2815 5329 2882 5382 ad
2910 5329 3318 5385 aedificationem
3344 5331 3546 5399 templi,

1976 5430 2036 5475 ut
2066 5421 2234 5474 lector
2262 5419 2472 5474 facilius
2500 5421 2733 5475 retinere
2765 5421 2939 5474 valeat
2967 5436 3030 5475 ea
3059 5437 3178 5490 quae
3211 5423 3264 5475 in
3298 5422 3548 5491 tempori-

1977 5512 2077 5564 bus
2121 5509 2456 5579 singulorqu
2499 5518 2649 5580 gesta
2693 5520 3003 5565 narrantur.
3041 5511 3192 5566 llunc
3229 5523 3407 5566 autem
3429 5519 3552 5583 post

1976 5601 2296 5654 immensum
2343 5599 2477 5652 tanti
2514 5599 2724 5654 itineris
2772 5601 3010 5654 laborem
3055 5599 3201 5668 fessi,
3230 5599 3550 5658 diverticula

2993 5693 3066 5754 31
