3900 6178
301 345 399 401 971

1333 339 1715 396 FRECULPHI
1756 334 2214 394 LEXOVIE‘NSIS
2255 331 2557 389 EPISCOI‘I

3458 325 3575 382 972

305 466 569 522 petentes,
596 455 722 508 dum
755 453 832 508 sol
871 454 1125 507 occiduas
1157 453 1327 508 tendit
1362 455 1413 506 in
1451 456 1631 517 horas,
1661 453 1883 524 prolixa:
1913 457 1957 515 Α
1989 449 2121 502 mmi
2157 447 2401 502 venimus
2432 445 2711 515 templum,
2740 451 2923 514 optata
2951 442 3184 497 statione
3215 440 3367 510 potiti
3393 457 3408 495 :
3439 442 3578 497 hinc

301 550 418 620 jam
450 563 481 603 e
509 545 780 601 montibus
819 544 1119 615 procedunt
1159 544 1382 607 umbrae,
1424 534 1637 597 tandem
1680 543 1746 596 ad
1781 543 1883 596 Do-

312 687 1333 713 Μ

1991 553 2191 597 metam
2218 540 2437 596 secundi
2467 538 2635 593 nostri
2661 538 2839 608 operis
2866 536 3209 607 imponimus.

1536 807 1838 887 LIBER
1908 806 2382 884 TERTIUS.

814 1028 1043 1083 CAPUT
1083 1024 1376 1087 PRIMUM,

415 1124 686 1194 Quomodo
708 1120 875 1194 David
897 1136 967 1194 er
986 1116 1237 1194 pastorali
1252 1115 1446 1194 [iubila
1471 1114 1539 1167 ad
1564 1128 1779 1194 regnum

490 1193 808 1267 pervenerit,
836 1200 882 1244 et
910 1184 1041 1243 illud
1071 1187 1344 1258 insigniter
1371 1184 1689 1238 dilaturerit.

374 1309 508 1376 Quia
534 1308 588 1360 in
612 1302 938 1375 praecedenti
968 1300 1107 1355 libro
1128 1298 1375 1369 judicum
1400 1293 1687 1350 lsraelitici
1709 1292 1889 1363 populi

305 1398 418 1467 sive
441 1410 626 1466 regum
655 1392 872 1447 nomina
901 1398 1110 1443 tantum
1140 1385 1459 1456 opportunis
1488 1383 1887 1453 designavinms

305 1488 457 1550 locis,
481 1499 747 1540 annorum
767 1482 932 1537 etiam
957 1493 1245 1534 numerum
1267 1515 1283 1541 ,
1305 1474 1505 1545 quibus
1527 1472 1724 1544 populo
1752 1486 1887 1542 pra:-

305 1577 543 1640 fuerunt,
559 1582 757 1629 caetera
774 1586 903 1626 vero
922 1571 992 1626 ab
1010 1568 1091 1624 eis
1111 1577 1288 1638 gesta,
1311 1580 1429 1634 quae
1451 1562 1742 1620 lectitando
1763 1576 1882 1616 eon-

305 1666 556 1721 tinuatim
574 1663 643 1718 ad
667 1661 984 1718 memoriam
1012 1665 1355 1721 revocantur,
1380 1656 1483 1710 sub
1502 1653 1717 1709 silentio
1740 1660 1885 1711 tran-

1990 1020 2247 1083 donibus,
2279 1020 2396 1073 auri
2429 1019 2626 1073 talenta
2654 1017 2879 1083 i0,000,
2921 1019 3131 1088 argenti
3159 1034 3290 1074 vero
3334 1020 3573 1085 100,000

1989 1111 2333 1166 talentorum.
2366 1110 2492 1169 liam
2520 1091 2702 1180 i'taqne
2732 1111 2786 1164 iu
2818 1110 3118 1165 ministerio
3147 1111 3327 1181 templi
3357 1130 3456 1183 pro
3484 1113 3574 1167 di-

1989 1203 2253 1258 versitate
2282 1217 2533 1256 vasorum
2551 1243 2566 1267 ,
2598 1201 2891 1257 secundum
2920 1201 3234 1270 qualitatem
3265 1205 3571 1273 ponderum

1990 1292 2206 1357 divisit,
2233 1300 2291 1348 et
2319 1308 2417 1362 pro
2445 1307 2699 1348 mensura
2725 1291 3150 1362 uniuscujusque
3173 1294 3481 1351 candelabri
3512 1304 3574 1351 ct

1990 1380 2332 1436 lucernarum
2359 1381 2651 1436 distribuit.
2681 1380 2887 1436 Aurum
2910 1396 3129 1452 quoque
3155 1382 3303 1439 dedit
3329 1384 3383 1438 in
3406 1401 3577 1440 men-

1989 1487 2103 1525 sam
2132 1470 2518 1541 propositionis
2541 1485 2639 1541 pro
2665 1470 2980 1525 diversitate
3005 1486 3289 1538 mensum,
3313 1474 3576 1531 similiter

1986 1572 2041 1615 et
2079 1570 2366 1631 argentum
2412 1562 2467 1616 in
2509 1561 2644 1617 alias
2684 1577 2903 1617 mensas
2936 1570 3239 1633 argenteas,
3279 1574 3334 1620 et
3366 1575 3577 1624 caetera

1987 1668 2146 1717 vasa,
2172 1668 2291 1722 qua:
2318 1668 2481 1706 aurea
2509 1661 2566 1705 et
2589 1661 2842 1723 argentea
2862 1693 2877 1717 ,
2906 1661 2958 1707 et
2984 1668 3121 1723 Opus
3146 1655 3328 1725 templi
3354 1656 3577 1727 singula

303 1754 600 1816 silivimus,
626 1751 803 1806 visum
824 1749 979 1805 nobis
1004 1762 1112 1803 non
1144 1745 1258 1799 fore
1288 1743 1532 1798 iteranda
1562 1758 1683 1811 quae
1712 1740 1886 1797 omni-
1918 1762 1959 1820 Β
1989 1744 2105 1799 fieri
2140 1744 2380 1809 censuit,
2411 1759 2639 1815 quaeque
2674 1745 2853 1800 forent
2878 1746 3209 1801 necessaria.
3242 1746 3386 1803 Dixit
3414 1750 3573 1804 enim

304 1846 405 1900 bus
428 1852 553 1900 nota
579 1852 723 1899 sunt.
750 1840 918 1896 David
941 1836 1100 1906 hujus
1127 1836 1303 1907 gentis
1328 1849 1515 1904 regum
1539 1831 1885 1896 fortissimus,

304 1933 397 2002 qui
422 1948 487 1986 ex
514 1931 697 1986 ovium
722 1928 941 1999 pascuis
963 1943 993 1981 a
1023 1926 1249 1982 Domino
1274 1923 1509 1989 electus,
1534 1936 1656 1979 cum
1685 1920 1887 1991 ingenti

302 2040 371 2079 ac
397 2023 547 2078 vario
576 2022 762 2077 labore
787 2020 1124 2076 sublimatus.
1156 2017 1258 2084 Qui
1289 2024 1412 2084 post
1438 2028 1628 2081 necem
1654 2013 1888 2083 gigantis

303 2114 583 2185 praecipui,
602 2127 763 2182 quem
789 2109 956 2165 armis
977 2108 1275 2179 puerilibus
1290 2104 1579 2177 iugulavit,
1600 2112 1655 2159 et
1677 2113 1886 2175 strages

304 2207 643 2261 inimicorum
667 2202 930 2273 plurimas
971 2198 1544 2270 fortissimorum,mox
1563 2236 1579 2262 ,
1607 2204 1665 2251 ut
1690 2194 1885 2250 conﬁr-

303 2303 481 2350 matus
506 2301 591 2349 est
614 2293 668 2347 in
693 2306 860 2363 regno
878 2330 892 2354 ,
924 2289 1154 2343 collecta
1184 2287 1455 2342 sociorum
1487 2300 1647 2339 manu
1672 2282 1846 2336 valida
1867 2322 1883 2345 ,

304 2388 566 2441 hactenus
594 2381 1029 2454 inexpugnabili,
1064 2389 1258 2434 nactus
1289 2379 1545 2433 virtutem
1577 2375 1790 2429 Domini
1823 2390 1886 2430 ac

302 2477 564 2533 bellorum
587 2473 1009 2544 experientiam,
1034 2471 1289 2526 audacter
1308 2467 1674 2529 Jehuszeorum
1697 2464 1886 2520 urbem

304 2581 592 2640 aggressus
614 2574 717 2621 est.
746 2564 1006 2630 Quamvis
1029 2570 1206 2617 autem
1232 2577 1263 2614 a
1283 2560 1514 2624 civibus,
1539 2560 1593 2613 in
1614 2558 1752 2611 muri
1776 2556 1886 2612 for-

304 2660 533 2716 titudine
551 2673 615 2712 ac
633 2655 964 2712 sublimitate
983 2651 1397 2714 conlidentibus,
1416 2649 1647 2704 ludibrio
1670 2647 1885 2703 habitus

303 2750 407 2815 sit,
435 2745 719 2802 confestim
758 2752 937 2797 tamen
974 2742 1164 2795 urbem
1194 2738 1358 2808 cepit.
1385 2737 1581 2791 Arcem
1610 2750 1738 2790 vero
1762 2750 1884 2804 quae

301 2839 622 2909 imminebat
648 2834 890 2899 civitati,
922 2832 1142 2887 fortiter
1168 2845 1234 2885 ac
1261 2827 1582 2884 mirabiliter
1608 2826 1884 2897 proposito

300 2933 642 3004 principatus
666 2929 871 3003 militiae
892 2926 1141 2997 praemio,
1167 2924 1332 2994 cepit.
1357 2923 1471 2990 Qua
1500 2922 1699 2981 virtute
1720 2920 1885 2974 auda-

303 3029 495 3096 ciaque
520 3023 684 3088 Joab,
711 3022 803 3092 qui
825 3021 1034 3091 primus
1052 3017 1394 3083 altitudinem
1419 3021 1771 3085 superaverat
1794 3028 1884 3067 ar-

1987 1835 2155 1891 David
2178 1854 2190 1889 :
2223 1835 2415 1891 Omnia
2442 1835 2560 1890 haec
2586 1850 2707 1905 quae
2739 1834 2854 1889 ﬁeri
2884 1836 3105 1901 mando,
3131 1846 3398 1893 venerunt
3423 1840 3575 1893 scri-

1986 1934 2076 1995 pta
2115 1941 2276 1980 manu
2311 1926 2523 1980 Domini
2558 1925 2624 1979 ad
2661 1941 2783 1990 me,
2816 1933 2875 1979 ut
2907 1925 3264 1998 intelligerem
3309 1929 3573 1985 universa

1986 2030 2150 2083 opera
2183 2015 2378 2070 talibus
2407 2015 2827 2085 exemplaribus.
2866 2016 3008 2085 Ergo
3040 2018 3260 2087 insuper
3285 2019 3370 2074 his
3398 2036 3574 2076 exce-

1987 2107 2124 2176 ptis,
2152 2123 2271 2177 qua:
2297 2106 2653 2175 praeparavit,
2687 2106 2881 2161 obtulit
2909 2106 3073 2171 5,000
3102 2109 3302 2164 talenta
3333 2110 3400 2165 de
3427 2126 3577 2167 auro

1987 2196 2180 2267 Ophir,
2207 2205 2261 2250 et
2291 2196 2453 2261 7,000
2482 2196 2806 2251 talentorum
2833 2198 3038 2266 argenti
3064 2199 3425 2267 probatissimi
3449 2240 3468 2264 ,
3500 2202 3575 2256 ad

1987 2288 2325 2343 deaurandos
2346 2286 2583 2357 parietes
2603 2294 2765 2355 atque
2783 2287 3073 2340 ornandus.
3098 2286 3375 2358 Principes
3397 2288 3575 2345 etiam

1987 2378 2316 2434 familiarum
2334 2417 2351 2444 ,
2381 2386 2438 2432 et
2466 2392 2726 2446 proceres
2754 2377 2991 2432 tribuum
3017 2392 3140 2432 cum
3177 2378 3438 2434 ministris
3477 2396 3573 2437 re-

1987 2467 2069 2538 gis
2089 2467 2351 2522 dederunt
2378 2466 2431 2521 in
2451 2482 2615 2537 opera
2639 2467 2833 2522 domus
2852 2468 2980 2533 Dei,
3009 2467 3126 2521 auri
3149 2467 3349 2523 talenta
3373 2468 3597 2536 5,000,.

1987 2557 2279 2612 solidorum
2314 2556 2511 2622 10,000
2536 2596 2551 2622 ,
2591 2556 2802 2628 argenti
2841 2556 3043 2611 talenta
3093 2556 3293 2623 i0,000
3338 2569 3571 2626 excepto

1984 2662 2092 2703 aere
2126 2654 2182 2701 et
2210 2645 2356 2702 ferro
2394 2647 2631 2717 copioso.
2672 2646 2903 2717 Lapides
2943 2647 3164 2717 insuper
3195 2649 3468 2717 pretiosos
3510 2650 3589 2704 in.

1987 2739 2297 2794 thesaurum
2318 2738 2508 2793 domus
2530 2738 2743 2795 Domini
2764 2738 3063 2802 dederunt,
3089 2739 3155 2794 de
3181 2740 3379 2808 quibus
3398 2740 3569 2795 etiam

1985 2828 2135 2898 prius
2168 2842 2266 2883 rex
2300 2842 2550 2898 magnam
2582 2835 2638 2882 et
2670 2827 2967 2897 pretiosam
3008 2827 3283 2882 obtulerat
3329 2829 3564 2898 copiam.

1985 2922 2310 2977 Convocavit
2335 2936 2465 2992 ergo
2490 2921 2656 2975 David
2680 2921 2950 2991 principes
2975 2922 3256 2976 universos
3285 2922 3341 2976 in
3368 2921 3565 2976 Hiero-

1987 3013 2248 3083 solymam
2270 3052 2285 3079 ,
2328 3020 2383 3067 et
2420 3012 2733 3068 sacerdotes
2762 3019 2819 3066 et
2845 3012 3091 3073 Levitas.
3126 3022 3184 3067 et
3212 3014 3568 3070 dinumerans

303 3116 529 3178 cis,'est
547 3112 801 3182 princeps
825 3107 1005 3162 factus
1027 3106 1253 3161 militiae.
1283 3103 1451 3175 Igitur
1478 3103 1765 3159 trucidatis
1789 3102 1880 3157 de-
1909 3112 1952 3172 ρ
1984 3119 2078 3157 eos
2098 3144 2111 3168 ,
2156 3105 2389 3173 primum
2441 3103 2645 3157 invenit
2689 3104 2758 3157 ab
2804 3119 2947 3156 anno
2988 3104 3266 3158 tricesimo
3302 3119 3477 3174 usque
3510 3106 3568 3161 in

302 3206 581 3277 pulsisque
604 3201 888 3265 Jebuszeis,
916 3199 1127 3254 colonis
1154 3196 1365 3253 scilicet
1391 3196 1661 3265 antiquis,
1691 3194 1880 3250 lliero-

303 3296 566 3368 solymam
609 3290 942 3355 nominavit,
986 3297 1254 3358 caputque
1300 3287 1454 3356 regni
1494 3285 1692 3340 effecit.
1741 3285 1884 3355 Ergo

300 3392 589 3457 postquam
615 3380 942 3436 mirabilium
972 3378 1243 3435 sociorum
1272 3375 1438 3431 fultus
1464 3374 1669 3429 auxilio
1698 3372 1883 3429 fortis-

304 3475 564 3530 simorum
586 3510 601 3536 ,
625 3486 849 3540 regnum
870 3469 1190 3522 dilataverat
1212 3481 1367 3521 suum
1389 3480 1418 3519 a
1443 3465 1663 3520 [lumine
1688 3480 1884 3536 magno

303 3562 527 3619 Eufrate
555 3576 726 3631 usque
760 3559 830 3614 ad
862 3557 1062 3613 ﬂumen
1092 3554 1345 3627 Egypti,
1379 3554 1672 3610 multorum
1698 3554 1885 3625 spoliis

304 3669 491 3722 regum
522 3667 586 3709 ac
615 3651 896 3706 civitatum
927 3648 1229 3703 ditissimus
1258 3646 1465 3711 factus,
1494 3647 1548 3701 in
1579 3662 1714 3701 auro
1738 3647 1884 3702 scili-

304 3750 423 3807 cet,
454 3725 681 3810 argento
709 3746 764 3793 et
795 3753 904 3793 :ere
922 3777 938 3803 ,
965 3752 1032 3792 ac
1057 3736 1326 3807 lapidibus
1354 3737 1641 3806 pretiosis,
1667 3737 1884 3793 demum

304 3842 427 3904 post
453 3832 595 3887 bella
622 3831 857 3901 plurima
882 3838 939 3885 et
964 3829 1304 3887 inimicorqu
1329 3838 1536 3899 strages
1561 3827 1886 3884 fortissimos

306 3940 425 3978 rum
447 3961 463 3988 ,
484 3922 612 3976 dum
635 3921 893 3990 templum
919 3920 1144 3975 Domino
1164 3920 1219 3975 in
1243 3918 1629 3990 Hierosolymis
1649 3921 1886 3977 condere

305 4013 500 4079 vellet,
522 4012 576 4067 in
602 4027 667 4067 eo
692 4011 903 4066 scilicet
924 4011 1065 4079 loco,
1083 4010 1136 4065 in
1161 4025 1269 4080 quo
1290 4010 1419 4065 olim
1438 4010 1713 4065 Abraham
1737 4011 1887 4066 Isaac

309 4104 477 4159 lilium
509 4102 853 4157 metendum
878 4101 989 4156 Deo
1020 4101 1322 4167 obtulerat,
1353 4110 1410 4156 et
1438 4101 1551 4171 ipse
1579 4100 1787 4157 hostias
1815 4102 1882 4156 li-

306 4196 470 4250 tando
494 4192 729 4265 gladium
758 4191 1128 4246 imminentem
1158 4191 1510 4260 percutientis
1539 4193 1714 4262 angeli
1743 4208 1773 4245 a
1803 4191 1883 4246 ci-

308 4289 475 4341 vitate
504 4293 559 4339 et
588 4283 784 4355 populo
820 4297 917 4337 suo
951 4290 1259 4346 averterat,
1290 4281 1399 4336 Deo
1429 4281 1734 4349 prohibitus
1769 4292 1881 4348 cst,

306 4376 561 4445 quoniam
589 4375 743 4428 hellis
766 4382 821 4428 et
843 4372 1105 4441 sanguine
1129 4371 1417 4427 multorum
1443 4370 1702 4439 pollutam
1728 4372 1886 4427 habe-

1985 3194 2493 3264 quinquagesimum
2520 3195 2836 3258 existentes,
2864 3193 3063 3258 58,000
3089 3195 3154 3249 de
3178 3211 3378 3266 genere
3402 3196 3565 3250 Levi-

1987 3294 2161 3338 tarum
2182 3301 2290 3361 ,‘ex
2320 3285 2514 3353 quibus
2545 3286 2780 3339 instituit
2806 3294 3088 3339 curatores
3125 3283 3347 3340 fabrica:
3378 3287 3565 3356 templi

1988 3373 2439 3439 10,000.1udices
2460 3384 2638 3429 autem
2661 3375 2838 3445 populi
2863 3384 2918 3429 et
2942 3375 3148 3431 scribas
3169 3392 3353 3431 eorum
3379 3377 3567 3442 6,000.

1985 3463 2260 3519 ianitores
2296 3472 2476 3519 autem
2521 3464 2711 3521 domus
2756 3464 2852 3518 Dei
2890 3464 3080 3531 4,000,
3124 3475 3183 3520 et
3212 3468 3438 3522 totidem
3473 3468 3569 3538 qui

1986 3556 2216 3626 hymnos
2246 3555 2490 3610 dicerent
2512 3555 2630 3610 ‘Deo
2646 3596 2659 3621 ,
2688 3565 2967 3611 cantantes
2994 3557 3048 3610 in
3074 3557 3296 3625 organis
3317 3572 3440 3626 quae
3464 3558 3572 3612 Da-

1986 3648 2073 3701 vid
2096 3648 2452 3717 peritissimus
2472 3648 2672 3717 psaltes
2693 3648 2943 3702 instituit.
2961 3647 3153 3702 Divisit
3172 3662 3268 3703 eos
3289 3650 3448 3703 etiam
3472 3663 3572 3719 per

1987 3737 2364 3808 generationes
2384 3777 2400 3804 ,
2431 3744 2486 3793 et
2515 3750 2808 3808 segregans
2845 3737 2913 3793 de
2947 3737 3195 3794 tribubus
3222 3739 3565 3804 sacerdotes,

1986 3826 2192 3881 invenit
2220 3826 2271 3879 in
2295 3825 2376 3880 eis
2396 3825 2773 3896 generationes
2803 3826 2986 3896 viginti
3014 3836 3266 3897 quatuor.
3297 3827 3378 3882 Ex
3408 3830 3577 3884 domo

1985 3916 2201 3986 quidem
2225 3914 2450 3969 Eleazar
2480 3917 2713 3971 sedecim
2731 3957 2745 3982 ,
2774 3926 2828 3970 et
2852 3917 2917 3971 de
2940 3917 3179 3972 lthamar
3197 3926 3344 3984 octo,
3366 3920 3569 3989 pratici-

1985 4008 2140 4076 piens
2179 4014 2237 4059 ut
2279 4021 2618 4076 unaquteque
2653 4010 2924 4079 generatio
2957 4009 3295 4065 ministraret
3329 4010 3444 4065 Deo
3472 4027 3571 4080 per

1986 4097 2100 4151 dies
2131 4107 2254 4151 octo
2279 4111 2310 4151 a
2341 4096 2580 4152 Sabbato
2610 4113 2780 4167 usque
2806 4097 2872 4152 ad
2904 4097 3223 4155 Sabbatum.
3253 4100 3322 4155 Et
3351 4102 3425 4155 ita
3451 4117 3571 4156 om-

1984 4186 2134 4240 nium
2156 4186 2531 4257 generationes
2568 4195 2767 4241 sortem
2802 4198 3130 4257 acceperunt
3160 4199 3432 4259 praesente
3465 4191 3568 4246 Da-

1985 4279 2072 4332 vid
2090 4318 2105 4341 ,
2137 4287 2192 4333 et
2213 4277 2422 4334 Sadoch
2443 4319 2459 4341 ,
2488 4287 2545 4334 et
2560 4278 2823 4334 Abiathar
2840 4282 3209 4336 sacerdotibus
3231 4290 3289 4337 et
3304 4285 3564 4353 principi-

1986 4367 2088 4423 bus
2101 4368 2385 4424 universis.
2404 4369 2471 4423 Et
2481 4369 2657 4439 prima
2672 4372 2887 4440 quidem
2900 4374 3181 4442 generatio
3194 4376 3569 4432 conscendens

308 4467 399 4519 bat
420 4466 718 4527 dexteram,
757 4472 938 4517 tamen
960 4462 1127 4516 tilium
1149 4461 1266 4541 ejus
1304 4463 1411 4516 hoc
1431 4478 1553 4518 esse
1592 4462 1879 4529 facturum,
1907 4455 1961 4514 Β
1986 4461 2185 4531 scripta
2211 4469 2294 4515 est
2315 4461 2508 4529 prima,
2531 4469 2587 4516 et
2611 4463 2844 4517 secunda
2869 4464 3073 4532 pariter
3095 4472 3151 4519 et
3174 4466 3335 4519 tertia
3357 4475 3415 4521 et
3436 4481 3569 4522 cou-

307 4557 399 4625 qui
427 4556 476 4610 ei
504 4568 853 4608 successurus
880 4560 1000 4606 erat
1026 4552 1079 4605 in
1105 4568 1328 4621 regnum
1346 4592 1363 4617 ,
1388 4554 1530 4607 Deus
1553 4554 1821 4622 praedixit.

928 4658 1155 4715 CAPUT
1204 4661 1269 4714 ll.

314 4754 392 4809 De
418 4754 666 4823 impensis
695 4764 853 4825 atque
875 4753 1306 4825 dispositionibus
1326 4793 1340 4817 ,
1361 4768 1461 4825 seu
1491 4753 1692 4825 ordine
1710 4770 1885 4807 mcer-

380 4822 590 4887 dotum,
619 4841 736 4895 qua:
763 4822 1077 4894 praspuravit
1105 4822 1275 4879 David
1300 4823 1368 4878 ad
1393 4822 1643 4893 templum
1670 4823 1883 4879 Domini

380 4895 768 4966 fabricandum.

380 5009 528 5077 Quas
549 5008 696 5064 enim
720 5006 832 5063 tilio
855 5014 1259 5076 praeparaverat
1283 5006 1351 5061 ad
1376 5020 1512 5076 opus
1534 5004 1756 5061 fabrica:
1782 5006 1885 5061 im-

312 5114 538 5169 pensas,
571 5106 630 5153 Ill
662 5113 767 5153 non
798 5106 929 5152 ιυηο
956 5112 1081 5153 eum
1110 5106 1257 5154 6858‘
1285 5113 1459 5153 [IOVUS
1486 5108 1542 5152 ει
1570 5098 1887 5166 inexpertus

308 5200 530 5262 propter
548 5198 760 5245 aetatem
778 5190 922 5245 circa
949 5188 1075 5243 talia
1097 5188 1391 5254 laboraret,
1412 5189 1530 5255 sed,
1552 5190 1758 5245 habens
1769 5191 1888 5245 haec

310 5289 609 5351 praeparata
629 5320 644 5345 ,
672 5280 835 5335 citius
869 5288 1148 5350 paternam
1176 5281 1243 5336 ad
1272 5279 1525 5335 effectum
1566 5281 1886 5349 perduceret

310 5369 662 5433 voluntatem,
689 5368 875 5437 paucis
900 5368 1262 5426 recitahimus.
1290 5369 1533 5424 instituit
1550 5383 1783 5437 namque
1809 5370 1886 5423 la-

310 5460 494 5529 pidum
513 5460 986 5524 caasore585,000;
1013 5459 1340 5529 quingentos
1355 5459 1724 5515 laborantibus
1744 5472 1886 5529 pra:-

309 5553 527 5622 posuit:
557 5552 757 5618 96,000
781 5552 870 5620 qui
898 5551 1102 5621 lapides
1125 5552 1384 5606 veherent
1410 5551 1706 5620 deputavit.
1738 5550 1884 5605 Prte-

311 5642 717 5709 paravitautem
739 5642 942 5697 ferrum
965 5641 1191 5698 multum
1213 5650 1268 5696 et
1288 5658 1363 5701 ωε
1385 5642 1451 5696 ad
1479 5658 1644 5712 opera
1663 5650 1719 5696 et
1739 5641 1883 5712 ligna

317 5730 532 5782 cedrina
563 5749 576 5784 :
608 5732 722 5786 haec
752 5734 1119 5798 mittentibus,
1151 5734 1345 5804 quibus
1376 5735 1721 5788 mandaverat
1747 5775 1761 5799 ,
1802 5733 1885 5789 Si-

1990 4557 2276 4617 sequenter
2302 4563 2471 4618 usque
2499 4551 2568 4604 ad
2594 4551 2905 4606 vicesimam
2935 4561 3205 4621 quartam.
3239 4554 3310 4609 Et
3334 4556 3453 4611 hinc
3478 4558 3565 4611 di—

1992 4639 2123 4694 visio
2158 4640 2457 4707 permansit
2493 4656 2661 4710 usque
2690 4642 2757 4696 ad
2787 4642 3206 4699 destructionem
3244 4647 3431 4717 templi
3464 4648 3565 4705 Sub

1987 4731 2321 4801 Vespasiano
2345 4741 2400 4789 et
2427 4734 2567 4790 Tito.
2600 4734 2709 4791 Eos
2726 4744 2906 4790 autem
2931 4736 3025 4806 qui
3051 4746 3208 4793 erant
3226 4753 3294 4793 ex
3319 4741 3566 4811 germine

1986 4822 2122 4878 Mosi
2154 4824 2481 4879 eminentius
2503 4825 2809 4880 honoravit.
2840 4826 2992 4882 Fecit
3015 4827 3161 4883 enim
3195 4842 3291 4883 eos
3314 4831 3567 4885 cubtodes

1991 4913 2366 4970 thesaurorum
2396 4915 2493 4973 Dei
2521 4925 2684 4985 atque
2711 4932 2996 4981 vasorum,
3022 4933 3143 4987 qua:
3168 4934 3326 4990 reges
3352 4921 3463 4975 Deo
3482 4921 3563 4973 di-

1986 5018 2113 5059 care
2149 5005 2519 5074 contingeret,
2544 5006 2814 5077 iussitque
2844 5009 3099 5064 omnibus
3126 5011 3196 5065 de
3225 5012 3369 5066 tribu
3404 5012 3559 5073 Levi,

1986 5094 2145 5149 simul
2179 5106 2235 5150 et
2272 5096 2675 5161 sacerdotibus,
2712 5105 2769 5152 ut
2801 5099 2889 5154 die
2925 5110 3196 5169 noctuque
3228 5099 3343 5155 Deo
3388 5102 3558 5155 servi-

1986 5194 2141 5253 rent,
2168 5188 2311 5242 sicut
2332 5187 2415 5242 eis
2436 5199 2766 5257 pueceperat
2795 5190 2989 5246 Moses.

2601 5298 2777 5353 CAPL’
2786 5299 2828 5353 T
2866 5300 2949 5354 Ill.

1991 5364 2067 5419 De
2089 5363 2393 5448 Salomone,
2406 5383 2577 5448 guunt
2597 5368 2836 5423 nobiliter
2855 5372 2923 5424 sit
2946 5371 3000 5425 in
3012 5386 3235 5448 regnant!
3253 5371 3555 5448 sublimatus

2056 5448 2105 5490 et
2132 5436 2637 5510 quqlitggditissime
2662 5450 2861 5507 patrem
2886 5436 3162 5510 sepelierit.
3193 5439 3348 5510 Quod
3372 5440 3553 5510 claruit

2056 5504 2566 5588 qudndo_llircanns
2596 5504 2913 5588 postunulta‘
2931 5504 3176 5588 tempore
3203 5504 3348 5588 illius
3386 5509 3551 5588 sipul-

2058 5590 2203 5646 cmm
2232 5575 2521 5646 effodiam
2548 5575 2795 5645 pecunias
2821 5575 3056 5646 inﬁnitas
3083 5578 3206 5633 inde
3232 5579 3369 5632 tulit.
3400 5575 3546 5633 Sinnio

2058 5644 2178 5698 liter
2203 5653 2251 5697 et
2284 5643 2519 5698 Herodes
2549 5643 2727 5715 postea
2764 5643 2906 5716 fecit.

2058 5735 2184 5790 Post
2210 5734 2323 5788 lucc
2347 5744 2527 5788 autem
2557 5735 2739 5791 divisit
2764 5739 3060 5794 exercitum
3086 5738 3140 5792 in
3165 5740 3413 5793 cohortes
3433 5738 3546 5791 duo
