3900 6178
297 258 366 312 ὩἾ
379 260 408 306 ἲὶ
1319 247 1702 303 FRECUI.PIII
1743 247 2196 303 LEXOVIENSIS
2235 246 2535 303 EPISCOI‘I

3463 249 3574 304 976

307 368 484 421 ctione
525 374 705 419 autem
748 362 929 432 templi
969 361 1412 431 quadragesimus
1451 369 1676 428 quartus
1706 375 1881 412 annus
1911 367 1957 423 Α
1987 360 2108 413 dam
2137 361 2397 430 prepheta
2419 359 2615 414 summi
2647 357 2760 424 Dei,
2793 357 2975 414 Helias
2998 358 3237 422 nomine,
3260 357 3325 414 de
3352 359 3583 414 civitate

307 467 443 512 erat.
478 455 576 509 IIic
603 469 834 523 namque
863 451 1192 506 dissonantia
1219 451 1394 504 oritur
1423 450 1772 504 historiarum
1789 489 1803 512 ,
1830 449 1885 501 in

307 549 465 604 annis
485 545 732 600 videlicet
753 545 901 616 regni
919 542 1243 604 Solomonis,
1260 541 1385 594 dum
1402 539 1471 594 40
1486 556 1610 595 eum
1632 553 1892 608 regnasse

308 641 466 694 annis
491 639 545 692 in
575 636 729 692 libris
751 635 946 706 legitur
971 633 1197 704 Regum.
1225 631 1491 701 Josephus
1516 641 1695 685 autem
1722 629 1812 693 80,
1836 638 1892 684 et

307 746 470 786 omne
491 729 613 783 vitae
636 727 778 782 illius
802 726 1034 796 spatium
1059 739 1230 778 annos
1251 723 1320 779 94
1347 723 1512 777 fuisse
1539 721 1755 776 asserit.
1781 719 1889 776 IIe—

306 823 575 876 brzuorum
593 819 706 890 jam
724 817 1014 872 Solomone
1033 825 1266 880 mortuo,
1284 829 1508 885 regnum
1526 821 1644 868 erat
1657 811 1891 865 divisum

310 911 450 965 inter
476 909 721 963 Roboam
744 916 799 962 et
822 905 1108 961 Jeroboam
1125 945 1141 968 ,
1172 920 1237 959 ac
1261 904 1518 972 deinceps
1543 901 1892 957 Hebraeorum

310 1003 403 1057 alii
432 1002 606 1057 vocati
639 1008 764 1055 sunt
791 996 961 1053 .Iudmi
982 1039 996 1064 ,
1029 997 1121 1051 alii
1154 995 1427 1051 Israelitte.
1458 993 1623 1049 Israel
1651 1005 1887 1062 namque

310 1093 602 1164 pristinum
645 1090 882 1144 retinens
918 1101 1146 1152 nomen,
1185 1100 1346 1140 causa
1387 1099 1518 1139 vero
1548 1098 1766 1153 regum,
1798 1081 1890 1152 qui

313 1202 378 1241 ex
407 1185 550 1242 tribu
585 1181 720 1237 Juda
751 1199 780 1236 a
815 1191 1057 1250 tempore
1084 1179 1254 1233 David
1279 1187 1332 1232 et
1359 1177 1612 1245 deinceps
1635 1175 1738 1230 orti
1767 1183 1892 1229 sunt

312 1277 652 1348 appellantur
680 1273 882 1328 .ludtei.
931 1271 1084 1328 Unde
1127 1278 1183 1326 et
1226 1269 1477 1322 universa
1521 1281 1653 1338 gens
1694 1281 1889 1319 nomen

310 1369 449 1424 Juda
472 1367 664 1424 sortita
692 1375 794 1421 est.
824 1365 900 1420 De
924 1363 1209 1419 Jeroboam
1232 1376 1362 1416 vero
1385 1357 1689 1414 Solomonis
1713 1371 1889 1421 servo,

312 1462 404 1531 qui
430 1477 525 1515 rex
554 1460 742 1514 decem
769 1457 1007 1512 tribuum
1031 1463 1114 1510 est
1140 1453 1468 1509 constitutus
1486 1491 1502 1517 ,
1533 1449 1766 1519 qualiter
1790 1465 1889 1518 po-

311 1554 498 1625 pulum
531 1569 561 1606 a
591 1551 704 1606 Deo
734 1549 1025 1614 averterit,
1057 1556 1112 1602 et
1137 1545 1425 1601 simulacra
1457 1543 1639 1599 colere
1669 1541 1890 1604 fecerit,

313 1659 438 1698 aras
467 1643 520 1697 in
551 1640 780 1696 excelsis
825 1637 1101 1693 montibus
1128 1635 1468 1692 constituens
1497 1632 1751 1703 populum
1786 1631 1895 1686 illic

1994 449 2207 504 'I‘esbon
2235 448 2553 504 Galaditidis
2576 448 2843 518 regionis,
2875 448 3098 503 veniens
3125 448 3193 502 ad
3218 447 3405 502 Achab
3433 449 3584 504 dixit

1991 541 2042 594 ei
2075 557 2088 593 :
2121 537 2256 607 Quia
2284 540 2490 595 diceret
2518 539 2694 604 Deus,
2725 553 2900 608 neque
2931 540 3159 595 imbrem
3188 555 3362 610 neque
3391 556 3587 596 rorem

1992 632 2099 687 illis
2132 631 2288 686 annis
2328 632 2383 685 in
2421 646 2486 686 ea
2524 630 2803 700 provincia
2849 645 2907 686 se
2949 631 3271 697 missurum,
3318 632 3417 687 nisi
3459 634 3590 702 ipse

1992 738 2182 778 rursus
2230 721 2604 791 apparuisset,
2646 730 2702 777 et
2736 722 2788 776 in
2830 723 2915 777 his
2951 722 3109 777 dictis
3135 723 3425 787 abscessit,
3453 724 3592 778 fue—

1996 823 2230 885 runtque
2256 814 2384 868 anni
2415 823 2526 869 tres
2555 823 2611 868 et
2645 829 2860 869 menses
2885 829 2978 869 sex
3013 814 3066 868 in
3096 815 3294 884 quibus
3316 815 3591 871 Israelita:

1993 905 2174 960 amicti
2197 912 2324 958 sunt
2347 903 2514 958 nimia
2533 903 2796 958 siccitate.
2821 902 3066 956 Meminit
3088 911 3266 956 autem
3291 903 3450 972 hujus
3470 904 3594 960 sic-

1993 997 2174 1052 citatis
2204 995 2500 1050 Menander
2527 995 2582 1049 in
2608 996 2775 1065 gestis
2796 992 3155 1050 Nalitbiorum
3185 994 3328 1064 regis
3349 995 3535 1049 dicens
3567 1014 3586 1049 :

1993 1089 2062 1143 Et
2090 1088 2310 1144 siccitas
2339 1102 2504 1158 super
2529 1102 2623 1142 eos
2657 1086 2799 1142 facta
2829 1095 2914 1142 est
2953 1101 2983 1140 a
3024 1101 3209 1141 mense
3245 1086 3587 1156 Hyperueri-

1995 1180 2157 1234 theon
2202 1191 2374 1247 usque
2420 1177 2486 1231 ad
2535 1177 2720 1230 alium.
2772 1176 2873 1243 Qui
2914 1176 3040 1230 dum
3076 1176 3186 1230 Deo
3224 1176 3586 1246 supplicaret,

1994 1273 2163 1329 multa
2193 1270 2414 1326 ﬁumina
2443 1280 2570 1326 sunt
2608 1271 2806 1324 emissa
2826 1309 2840 1332 ,
2878 1277 2934 1322 et
2971 1270 3084 1323 haec
3117 1269 3333 1338 quidem
3367 1269 3446 1322 ait
3471 1270 3588 1323 sub

1994 1365 2216 1430 Achab,
2260 1363 2458 1417 factam
2501 1361 2818 1432 signiﬁcans
2855 1361 3173 1415 siccitatem.
3207 1359 3324 1426 Quo
3349 1361 3400 1413 in
3435 1369 3590 1414 tem-

1995 1471 2126 1528 pore
2154 1455 2468 1510 Latinorum
2498 1452 2658 1522 Capis
2689 1450 2906 1522 Sylvius
2933 1449 3176 1521 Egypti,
3206 1449 3258 1504 id
3290 1460 3390 1515 est,
3419 1449 3596 1504 Athis

1997 1547 2292 1618 superioris
2337 1544 2478 1598 ﬁlius
2523 1558 2618 1597 rex
2660 1552 2809 1606 erat,
2851 1544 2940 1610 qui
2967 1541 3287 1610 Carpentem
3335 1539 3594 1614 Sylﬁum

2000 1638 2190 1693 habuit
2217 1648 2585 1690 successorem
2628 1632 2800 1702 regni.
2841 1632 3251 1688 Atheniensium
3292 1648 3379 1688 rex
3407 1635 3597 1688 Phor-

314 1735 626 1810 sacriﬁcare
653 1731 985 1796 instituerit,
1009 1737 1064 1785 et
1091 1729 1156 1784 de
1179 1725 1388 1783 Jaddun
1412 1726 1676 1795 propheta
1703 1723 1893 1778 Hiero-
1920 1722 1968 1780 B
1998 1728 2116 1792 bas,
2145 1727 2368 1796 ejusque
2406 1722 2556 1794 regni
2596 1736 2878 1776 successor
2919 1720 3021 1777 fuit
3056 1723 3338 1794 Megiales;
3381 1724 3594 1779 Corin-

315 1825 670 1896 solymitano,
714 1822 804 1892 qui
845 1819 1094 1892 pnedixit
1129 1834 1249 1888 qua:
1286 1825 1510 1872 ventura
1551 1823 1708 1871 erant
1739 1813 1892 1869 Jero—

315 1919 475 1972 boam
492 1957 507 1982 ,
539 1931 603 1970 ac
628 1914 936 1984 posteritati
963 1911 1080 1981 ejus
1105 1927 1129 1977 ,~
1150 1909 1386 1980 qualiter
1412 1909 1577 1963 etiam
1604 1922 1633 1960 a
1660 1906 1896 1976 maligno

317 2006 533 2060 seniore
564 2003 783 2058 homine
812 2001 1058 2071 falsoque
1087 2001 1350 2070 propheta
1375 2039 1390 2064 ,
1419 2013 1578 2068 quem
1605 1995 1896 2052 Jeroboam

317 2095 527 2166 magnis
567 2094 760 2150 studiis
807 2093 1140 2157 honorabat,
1187 2090 1312 2162 quia
1357 2091 1551 2144 crebro
1593 2088 1640 2143 ei
1683 2088 1898 2143 dicebat

315 2203 437 2257 quae
468 2187 542 2241 illi
574 2194 724 2257 grata
757 2184 965 2250 forent,
1001 2184 1258 2252 deceptus
1288 2182 1392 2246 sit,
1420 2181 1474 2234 in
1502 2178 1724 2249 Iosephi
1755 2178 1895 2232 libro

317 2283 508 2329 octavo
545 2275 684 2328 scire
723 2273 948 2344 cupiens
991 2271 1202 2342 plenius
1244 2270 1498 2325 inveniet.
1540 2268 1708 2340 Igitur
1753 2281 1897 2321 anno

316 2364 507 2433 quinto
541 2364 690 2432 regni
720 2361 963 2417 Roboam
992 2362 1086 2416 ﬁlii
1117 2361 1455 2425 Solomonis,
1485 2359 1768 2416 Susachim
1800 2374 1895 2413 rex

318 2453 535 2524 [Egypti
553 2492 570 2518 ,
598 2462 785 2508 contra
809 2451 1023 2508 Judaaos
1048 2452 1332 2515 dimicans,
1358 2450 1616 2519 templum
1642 2447 1899 2502 Hierusa-

273 2557 295 2570 ο
319 2541 424 2596 lem
455 2540 726 2610 spoliavit.
760 2539 1003 2594 Meminit
1046 2547 1227 2593 autem
1267 2536 1427 2606 hujus
1467 2535 1898 2606 depopulationis

318 2632 623 2687 Herodotus
662 2631 997 2686 Halicarnes.
1037 2630 1130 2684 Ait
1171 2629 1356 2684 enim:
1401 2627 1669 2695 Quoniam
1699 2635 1756 2683 et
1784 2636 1897 2682 sta-

320 2730 439 2776 tuas
462 2735 648 2777 eorum
675 2721 765 2792 qui
791 2736 849 2776 se
871 2721 990 2776 sine
1010 2719 1195 2791 prtulio
1222 2719 1556 2773 tradiderunt
1583 2719 1896 2788 reliquerit,

319 2821 375 2868 et
398 2812 685 2868 mulierum
712 2811 967 2882 genitalia
994 2810 1048 2864 in
1074 2810 1156 2865 eis
1178 2809 1454 2863 celaverit.
1484 2807 1728 2863 Roboam
1752 2808 1900 2862 enim

319 2904 596 2960 civitatem
627 2904 744 2959 sine
768 2903 950 2974 praelio
977 2901 1213 2957 tradidit.
1241 2901 1385 2955 Dixit
1410 2909 1590 2955 autem
1614 2909 1669 2955 et
1691 2899 1902 2954 Ethio-

323 3008 422 3066 pas
466 2993 536 3048 ab
579 2991 850 3064 Egyptiis
887 2991 1138 3046 didicisse
1172 2990 1488 3061 genitalium
1527 2990 1898 3046 circumcisio-

2001 1819 2235 1872 thiorum
2273 1831 2404 1871 vero
2442 1815 2672 1881 Bachis,
2702 1815 3236 1872 Lacedaemoniorum
3275 1818 3592 1888 Agesilaus.

1998 1909 2402 1980 Prophetabant
2445 1915 2626 1962 autem
2673 1908 2727 1962 in
2773 1909 2933 1964 Israel
2980 1908 3160 1964 Helias
3197 1920 3254 1964 et
3300 1909 3594 1975 Heliseus,

1997 2000 2219 2065 Abdias,
2246 1998 2470 2054 Azarias
2499 2008 2554 2054 et
2584 1998 2842 2055 Michea‘s.

2594 2134 2823 2191 CAPUT
2863 2134 2974 2188 VII.

1999 2246 2332 2317 Assyriorum
2368 2241 2608 2298 XXXIV
2644 2244 2944 2317 0frutenes,
2969 2262 3069 2317 quo
3094 2259 3339 2316 regnante
3369 2247 3600 2317 Tyberi-

2069 2332 2166 2368 nus
2197 2314 2510 2386 Latinorum
2547 2326 2658 2368 erat
2694 2332 2803 2386 rear.
2852 2316 2919 2369 Et
2960 2314 3218 2386 Homerus
3255 2327 3376 2371 tunc
3412 2314 3596 2386 fuisse

2069 2386 2316 2457 traditur.
2359 2383 2624 2457 Similiter,
2648 2395 2695 2457 et
2733 2385 2987 2456 Licurgus
3032 2385 3315 2457 legislator,
3352 2383 3594 2444 Joiadas

2071 2454 2226 2530 etiam
2259 2455 2441 2530 justus
2484 2456 2718 2525 pontifex
2761 2454 2968 2530 ιιῖηιρῖξἲ
3008 2454 3100 2530 qui
3140 2456 3242 2510 150
3277 2459 3434 2512 annis
3471 2470 3596 2530 post

2072 2524 2254 2578 Mosen
2283 2525 2431 2591 vixit,
2463 2534 2516 2579 ut
2549 2524 2702 2578 sacra
2731 2526 2886 2594 refert
2915 2524 3155 2580 historia.

2068 2635 2414 2705 Assyriorum
2446 2629 2664 2690 XXXIV
2693 2634 3000 2702 Ofratenes,
3028 2639 3186 2693 annis
3214 2638 3301 2703 50,
3335 2654 3364 2692 a
3394 2642 3597 2695 condi.

2004 2727 2149 2781 tione
2175 2735 2354 2782 autem
2384 2728 2569 2797 templi
2597 2729 2978 2799 nonagesimus
2999 2740 3224 2800 quartus
3249 2747 3421 2786 annus
3445 2744 3590 2788 erat.

2004 2817 2118 2873 Sub
2145 2833 2252 2889 quo
2279 2817 2481 2883 Joram,
2516 2819 2784 2883 Achazas,
2815 2829 2870 2874 et
2897 2820 3109 2876 Athalia
3132 2863 3146 2884 ,
3183 2832 3345 2892 atque
3374 2822 3506 2879 Ioas
3534 2827 3593 2880 in

2006 2906 2338 2962 Hierusalem
2365 2910 2693 2979 regnabant;
2720 2911 2774 2964 in
2812 2910 2975 2966 Israel
2999 2928 3130 2966 vero
3158 2913 3372 2979 Hozias,
3397 2912 3591 2968 Jnram

2005 3005 2063 3050 et
2101 2993 2222 3060 Jeu,
2254 2996 2577 3066 principatui
2622 3014 2761 3052 unus
2800 3008 2923 3068 post
2969 3001 3132 3056 alium
3182 3015 3590 3058 successerunt.

321 3100 474 3148 nem,
520 3084 647 3139 dum
695 3083 865 3153 liquet
903 3082 959 3136 in
999 3081 1284 3136 Palaestina
1308 3081 1618 3152 degentium
1660 3097 1768 3137 non
1807 3081 1898 3136 alii
1927 3085 1972 3147 C
2003 3085 2321 3139 Latinorum
2359 3101 2490 3140 vero
2527 3086 2752 3158 Tyberis
2801 3085 3053 3158 Sylvius,
3096 3089 3384 3161 Carpentis
3423 3091 3592 3159 ﬁlius,

323 3181 518 3243 praeter
541 3173 755 3229 Iudaeos
781 3171 1191 3228 circumcidant.
1221 3169 1594 3240 Defunctoque
1620 3170 1862 3226 Roboam
1884 3212 1898 3234 ,

321 3267 416 3337 qui
457 3265 705 3337 regnavit
747 3265 802 3319 in
845 3262 1180 3318 Hierusalem
1226 3275 1387 3332 super
1428 3261 1626 3315 tribum
1669 3259 1805 3314 Juda
1849 3267 1904 3315 et

323 3353 626 3425 Beniamin,
652 3354 915 3410 successit
933 3353 1092 3418 Ahia,
1115 3351 1206 3422 qui
1226 3353 1388 3406 etiam
1411 3351 1601 3406 habuit
1621 3366 1900 3407 successo-

323 3463 442 3504 rem
471 3447 657 3504 Asam.
689 3447 830 3518 Ergo
856 3444 1142 3501 Jeroboam
1161 3485 1175 3510 ,
1206 3444 1296 3514 qui
1327 3458 1489 3515 super
1513 3443 1700 3499 decem
1730 3443 1904 3499 tribus

324 3537 574 3607 regnavit
595 3537 648 3592 in
663 3536 908 3592 Samaria
930 3543 1163 3599 mortuo,
1183 3536 1450 3591 successit
1469 3536 1520 3590 in
1540 3551 1763 3606 regnum
1789 3533 1905 3603 ejus

328 3629 471 3683 ﬁlius
497 3626 706 3682 Nadab.
737 3626 944 3682 Latinis
969 3634 1098 3682 tunc
1123 3625 1393 3697 Egyptus
1415 3625 1653 3696 Sylvius,
1683 3625 1773 3695 qui
1799 3625 1905 3680 alio

327 3718 591 3774 vocabulo
627 3717 784 3772 Athis
827 3716 1042 3787 Sylvius
1071 3717 1394 3781 vocabatur,
1433 3714 1582 3770 Albae
1610 3715 1906 3786 superioris

329 3813 475 3884 regis
506 3811 647 3866 ﬁlius
681 3827 775 3867 rex
807 3809 927 3864 fuit.
959 3809 1365 3866 Corinthiorum
1397 3823 1492 3863 rex
1525 3809 1720 3864 Prunis
1750 3817 1903 3874 erat,

327 3900 860 3956 Lacedaemoniorum
907 3899 1181 3963 Doristus,
1227 3899 1640 3955 Atheniensium
1687 3898 1905 3969 Tersip-

325 4009 447 4064 pus.
477 3992 594 4058 Quo
635 3992 689 4046 in
733 4001 972 4062 tempore
1006 3990 1202 4046 Samus
1242 3990 1481 4055 condita,
1512 3997 1566 4044 et
1593 3988 1823 4060 Smyrna
1853 3989 1905 4043 in

327 4085 478 4140 urbis
509 4084 728 4139 modum
759 4083 1034 4153 ampliata.
1079 4081 1486 4152 Prophetabant
1512 4091 1694 4137 autem
1725 4082 1779 4136 in
1811 4079 1907 4134 Ju-

327 4175 444 4231 dzea
469 4173 660 4239 Azias,
688 4174 851 4228 Amos
909 4171 1063 4227 Jobel
1088 4181 1143 4226 et
1168 4171 1411 4227 Azarias.

337 4395 664 4465 Assyriorum
693 4391 950 4465 XXXIII
978 4390 1253 4465 Ofrateus,
1286 4391 1442 4465 cujus
1471 4398 1699 4465 tempore
1727 4389 1903 4465 Achab

403 4458 492 4544 rex
520 4479 741 4544 nequam.
765 4464 992 4544 in‘parte
1014 4458 1474 4544 .Israeflregn'abat
1494 4500 1508 4524 ,
1537 4458 1761 4544 suQIquo
1790 4458 1901 4544 Ille-

403 4530 520 4585 lias.
557 4527 622 4583 Et
653 4531 778 4601 quid
808 4527 871 4582 de
899 4531 1131 4582 siccitate
1157 4527 1301 4582 illius
1330 4528 1576 4598 temporis
1605 4527 1906 4582 Menander

399 4601 681 4669 scripserit.

401 4710 744 4781 Assyriorum
772 4709 988 4764 XXXIII
1019 4708 1269 4765 Ofrateus
1289 4750 1304 4775 ,
1336 4711 1492 4764 annis
1519 4708 1609 4762 20.
1640 4708 1681 4763 Α
1715 4711 1904 4769 condi-

331 4803 474 4856 tione
500 4815 628 4855 vero
654 4798 834 4870 templi
865 4799 1288 4870 septuagesimus
1317 4809 1543 4870 quartus
1572 4814 1744 4853 annus
1766 4807 1903 4854 erat.

330 4891 443 4947 Sub
471 4891 576 4945 isto
607 4890 751 4945 enim
784 4889 837 4943 in
869 4897 1020 4960 parte
1056 4888 1360 4944 Judteorum
1385 4887 1657 4958 Josaphat,
1689 4888 1904 4943 Israeli-

331 4992 506 5037 tarum
549 4995 677 5036 vero
719 4979 882 5034 celeri
932 4987 1104 5033 morte
1144 4978 1360 5043 Nadab,
1400 4987 1454 5033 et
1487 4978 1660 5043 Baaz,
1692 4978 1819 5044 Ela,
1850 4987 1906 5034 et

328 5069 545 5134 Ambri,
587 5069 939 5133 obeuntibus,
987 5068 1203 5122 tenebat
1242 5068 1482 5140 regimen
1518 5066 1730 5134 Achab,
1781 5084 1904 5122 cum

327 5160 582 5226 Iezabel,
619 5160 983 5231 nequissimus
1019 5174 1207 5229 regum
1245 5175 1410 5228 super
1442 5175 1630 5214 omnes
1673 5175 1904 5229 nequam

325 5259 700 5305 antecessores
746 5263 873 5303 suos
915 5263 1069 5319 reges
1116 5247 1314 5312 Israel;
1367 5247 1520 5317 cujus
1560 5263 1698 5302 uxor
1745 5248 1903 5317 longe

328 5342 593 5397 acerrima
619 5339 775 5395 simul
807 5347 861 5394 et
893 5338 1269 5403 audacissima,
1293 5353 1413 5406 quae
1432 5339 1499 5393 ad
1528 5345 1736 5392 tantam.
1755 5341 1905 5394 venit

328 5433 596 5487 luxuriam
622 5440 783 5503 atque
812 5431 1086 5486 vesaniam
1107 5471 1121 5494 ,
1153 5439 1215 5484 ut
1245 5430 1492 5486 civitates
1518 5431 1679 5487 Israel
1711 5433 1903 5487 statuis

326 5529 490 5589 atque
518 5521 629 5575 aris
656 5520 909 5590 repleret,
939 5521 1155 5590 rituque
1183 5519 1460 5590 gentilium
1491 5520 1757 5590 pollueret
1781 5539 1898 5577 om-

326 5614 440 5674 nia,
471 5612 690 5678 insuper
716 5611 1004 5680 prophetas
1028 5613 1238 5667 Domini
1262 5613 1575 5668 trucidaret.
1599 5613 1765 5683 Igitur
1785 5618 1902 5685 qui-

2003 3176 2250 3246 princeps
2276 3185 2428 3240 erat,
2457 3191 2488 3230 a
2523 3192 2630 3246 quo
2664 3185 2719 3232 et
2759 3176 2952 3233 ﬂuvius
2983 3178 3207 3250 Tyberis
3233 3191 3318 3235 est
3354 3183 3597 3251 appella-

2005 3275 2112 3330 tus,
2137 3266 2227 3335 qui
2256 3266 2408 3336 prius
2435 3265 2627 3320 Albula
2655 3269 2972 3332 vocabatur,
2999 3268 3150 3337 cujus
3182 3269 3324 3326 ﬁlius
3353 3273 3592 3343 Agrippa

2002 3365 2126 3426 post
2163 3370 2285 3410 eum
2330 3371 2500 3427 regno
2537 3357 2740 3427 potitus
2770 3367 2872 3413 est.
2912 3359 3028 3425 Quo
3072 3361 3211 3430 apud
3242 3361 3469 3417 Latinos
3507 3379 3597 3418 re-

2003 3454 2201 3516 gnante
2221 3486 2235 3510 ,
2268 3445 2536 3501 Homerus
2566 3453 2724 3515 poeta
2763 3447 2816 3500 in
2846 3446 3052 3503 Graecia
3083 3449 3298 3512 claruit,
3329 3460 3390 3504 ut
3420 3463 3593 3506 testa—

2005 3542 2094 3587 tur
2115 3533 2472 3603 Apollodorus
2499 3537 2919 3604 grammaticus,
2951 3545 3006 3592 et
3045 3537 3336 3594 Euforbius
3373 3542 3595 3596 histori-

2004 3643 2120 3691 cus,
2147 3635 2274 3700 ante
2305 3628 2493 3683 urbem
2521 3629 2796 3684 conditam
2827 3647 2968 3686 anno
2998 3633 3298 3688 centesimo
3330 3635 3593 3690 vicesimo

2005 3727 2220 3787 quarto,
2243 3726 2316 3781 et,
2344 3726 2403 3772 ut
2425 3719 2503 3773 ait
2531 3718 2814 3776 Cornelius
2842 3719 3041 3790 Nepos,
3070 3732 3197 3777 ante
3225 3724 3591 3795 Olympiadem

2005 3811 2235 3880 primam
2275 3825 2420 3864 anno
2459 3811 2779 3867 centesimo.
2822 3807 3016 3868 Iisdem
3057 3815 3220 3868 etiam
3255 3819 3593 3886 temporibus

2006 3895 2186 3952 Helias
2221 3899 2448 3968 rapitur,
2482 3898 2744 3971 Licurgus
2777 3916 2990 3971 quoque
3015 3903 3292 3975 legislator
3327 3906 3594 3975 Apollin's

2007 3987 2232 4057 insignis
2270 3987 2520 4042 habetur.
2553 3987 2741 4044 Joiada
2771 3991 2934 4045 etiam
2965 4000 3095 4047 tunc
3121 3994 3367 4062 pontifex
3405 3997 3591 4066 templi

2008 4078 2126 4144 fuit,
2160 4080 2250 4149 qui
2277 4089 2399 4149 post
2436 4081 2640 4146 Mosen,
2681 4092 2742 4138 ut
2773 4083 2940 4138 refert
2971 4100 3126 4140 sacra
3151 4086 3399 4153 historia,
3432 4092 3594 4145 annis

2009 4169 2111 4224 150
2137 4171 2340 4225 vixisse
2361 4171 2695 4240 perhibetur,
2719 4172 2897 4241 justus
2923 4183 2978 4229 et
3003 4189 3100 4244 per
3117 4179 3298 4232 omnia
3329 4195 3595 4235 veneran-

2007 4260 2138 4326 dus,
2169 4269 2225 4316 et
2249 4261 2490 4332 sepultus
2526 4271 2610 4318 est
2658 4263 2710 4318 in
2753 4264 3141 4337 Hierosolymis
3178 4268 3235 4321 in
3272 4270 3440 4341 regiis
3476 4287 3596 4326 mo-

2007 4351 2304 4416 numentis,
2332 4352 2586 4421 quoniam
2613 4355 2825 4422 generis
2848 4355 3016 4411 David
3037 4368 3254 4427 reparat
3277 4359 3589 4431 imperium.

1930 4426 1982 4485 D
2008 4440 2160 4496 Tunc
2187 4442 2353 4497 etiam
2384 4444 2626 4501 Thraces
2647 4447 2996 4503 obtinuerunt
3026 4426 3193 4506 mare.

2593 4578 2820 4636 CAPUT
2861 4581 2986 4636 VIII.

2006 4663 2578 4742 Assyriorum/XXX:
2605 4667 2900 4742 Acragzapes
2920 4711 2934 4735 ,
2974 4688 3075 4741 quo
3115 4683 3360 4742 regnante
3382 4672 3600 4728 Zacha-

2079 4735 2185 4788 rias
2213 4735 2460 4805 propheta
2493 4736 2634 4805 ﬁlius
2661 4735 2871 4792 Joiadte
2908 4735 3194 4795 sacerdoti}
3225 4745 3484 4796 occiditur
3507 4747 3597 4797 in-

2079 4814 2156 4858 ter
2178 4803 2423 4887 templum
2451 4803 2500 4858 et
2531 4807 2716 4887 nitore.
2747 4807 2956 4878 Sylvius
2978 4809 3229 4887 [longulus
3263 4823 3387 4887 tunc
3426 4815 3597 4869 etiam

2069 4875 2382 4944 prwsidium
2404 4876 2575 4946 posuit
2605 4877 2741 4931 inter
2767 4875 2987 4945 vitantes,
3016 4880 3104 4934 ubi
3131 4899 3270 4936 nunc
3291 4879 3462 4936 Roma
3487 4895 3596 4940 est.

2075 4981 2420 5054 Assyriorum
2452 4984 2648 5040 XXXV
2680 4987 3011 5059 Acrazapes,
3035 4991 3190 5046 annis
3216 4991 3308 5056 42,
3338 5008 3369 5046 a
3399 4994 3598 5063 templi

2007 5078 2185 5124 autem
2214 5074 2620 5129 constructione
2656 5077 2982 5132 centesimus
3013 5080 3382 5149 sexagesimus
3421 5097 3604 5151 quar-

2006 5166 2091 5213 tus
2113 5175 2285 5216 annus
2311 5171 2450 5217 erat.
2481 5160 2607 5217 Joas
2628 5165 2769 5234 parti
2797 5163 2994 5222 Judteze
3023 5169 3313 5236 regnabat,
3339 5171 3432 5239 qui
3463 5186 3600 5225 suc-

2004 5266 2274 5306 cessorem
2298 5253 2488 5307 habuit
2507 5253 2800 5310 Amasiam.
2827 5257 3012 5310 Israeli
3043 5272 3172 5312 vero
3199 5268 3325 5327 post
3352 5269 3602 5317 mortem

2001 5338 2120 5406 Jeu,
2162 5341 2402 5397 Joachab
2445 5352 2502 5397 et
2541 5343 2668 5399 Joas
2710 5360 2850 5398 unus
2889 5354 3011 5414 post
3051 5346 3217 5400 alium
3261 5349 3593 5419 regnabant.

2001 5429 2410 5489 Atheniensium
2447 5451 2540 5490 rex
2579 5435 2901 5506 Diognetus,
2939 5436 3345 5493 Corinthiorum
3393 5439 3602 5494 Eudae-

2003 5539 2145 5587 mus,
2170 5522 2487 5578 Latinorum
2523 5525 2810 5579 Aremulus
2839 5524 3072 5596 Sylvius.
3103 5524 3200 5581 His
3223 5527 3602 5583 existentibus

2002 5609 2281 5670 nationum
2312 5617 2558 5686 regibus,
2594 5616 2887 5672 Zacharias
2923 5617 3176 5673 sacerdos
3203 5627 3260 5673 et
3291 5619 3592 5688 propheta.
