3898 6178
363 274 469 331 979
1363 269 1746 326 FRECULPHI
1783 264 2242 323 LEXOVIENSIS
2280 259 2585 321 EPISCOPI
3516 262 3625 321 980

366 387 581 453 citium,
625 394 805 458 aptum
841 399 1035 439 munus
1071 382 1373 439 crudelitati
1423 383 1565 439 illius
1601 391 1782 446 ratus,
1824 388 1941 434 tau-
1970 386 2016 441 Α
2632 376 2860 433 CAPUT
2896 375 3010 432 XII.

362 498 487 537 rum
517 496 723 537 :eneum
754 479 903 543 fecit,
931 479 1015 533 cui
1046 478 1197 533 faber
1219 476 1440 547 januam
1466 493 1496 531 e
1528 477 1701 531 latere
1726 487 1943 543 compo-
2049 492 2323 547 ηεάοηηη
2340 490 2439 544 ιη
2453 489 2839 560 Madidus,un
2860 496 3104 559 τεθηαηιε
3122 489 3298 560 decem
3318 486 3629 560 muriqua-

367 573 494 636 suit,
522 586 642 640 qua:
670 569 736 623 ad
764 569 1163 624 contrudendos
1192 568 1474 622 damnatos
1505 566 1744 637 receptui
1782 563 1941 627 foret,

369 674 427 720 ut
453 680 575 720 cum
608 663 847 718 inclusus
876 662 1072 717 ibidem
1101 660 1355 731 subjectis
1386 659 1598 730 ignibus
1623 666 1942 720 torreretur,

366 771 557 811 sonum
587 758 735 809 vocis
768 762 971 809 exortae
999 753 1274 823 capacitas
1300 751 1524 806 concavi
1552 750 1675 805 asris
1700 756 1941 818 augeret,

288 896 297 905 ,
366 844 630 915 pulsuque
664 843 814 898 ferali
860 851 1171 912 competens
1200 841 1419 910 imagini
1462 854 1707 895 murmur
1734 838 1947 893 emitte-

366 943 473 1000 ret,
500 936 818 1003 nefarieque
844 933 1148 1005 spectaculo
1175 934 1413 1002 mugitus
1449 931 1669 1001 pecudis
1711 945 1816 984 non
1848 931 1947 985 ho-

369 1024 531 1081 minis
560 1026 791 1094 gemitus
822 1025 1113 1079 videretur.
1161 1022 1268 1077 Sed
1308 1022 1554 1077 Phalaris
1591 1021 1791 1077 factum
1827 1037 1945 1075 am-

368 1116 566 1187 plexus,
627 1105 891 1173 ‘Iactorem
928 1123 1276 1177 exsecratus,
1322 1124 1378 1170 et
1426 1114 1614 1171 ultioni
1662 1115 1944 1169 materiam

366 1203 597 1275 praebuit
638 1211 696 1257 et
728 1202 1055 1258 crudelitati.
1092 1201 1228 1257 Nam
1257 1202 1430 1273 ipsum
1465 1202 1715 1273 opiﬁcem
1739 1219 1837 1258 sua
1866 1203 1950 1256 in-

368 1297 621 1352 ventione
650 1295 876 1367 punivit.
917 1295 1069 1350 Tune
1104 1296 1268 1351 etiam
1298 1295 1747 1365 Peloponensinm
1780 1294 1948 1365 Athe-

368 1390 741 1459 niensiumque
782 1388 1079 1441 maximum
1110 1387 1305 1442 bellum
1343 1387 1470 1441 totis
1494 1386 1699 1441 viribus
1722 1386 1945 1441 animis-

370 1496 473 1550 que
507 1481 854 1535 commissum
880 1486 992 1543 est,
1024 1481 1077 1533 in
1104 1495 1213 1549 quo
1238 1479 1440 1533 mutuis
1475 1478 1712 1534 caedibus
1738 1478 1806 1533 ad
1843 1478 1949 1534 hoc

368 1573 542 1628 coacti
572 1580 714 1636 sunt,
753 1579 812 1625 ut
853 1572 996 1625 velut
1026 1571 1151 1625 victi
1182 1585 1240 1625 se
1265 1571 1333 1624 ab
1366 1569 1627 1624 alterutro
1657 1568 1946 1624 subtrahe-

373 1670 524 1727 rent,
553 1660 854 1730 bellumque
885 1662 1214 1716 desererent.
1241 1660 1393 1715 Tunc
1425 1660 1588 1715 etiam
1616 1659 1946 1714 Amazonum

2116 562 2435 617 vocabantur
2471 560 2640 615 Israel
2673 556 2946 613 translati:
2978 568 3100 612 sunt
3130 559 3186 613 in
3214 567 3413 612 manus
3443 556 3629 611 Medo—

2117 649 2266 698 τω,
2303 642 2353 687 et
2382 628 2589 701 Gaulum
2634 630 3035 701 (quigvocautur
3054 627 3391 701 βατανίων)
3419 644 3515 697 pro
3550 628 3629 701 eis

2115 704 2171 757 in
2208 696 2387 756 eorum
2432 696 2653 770 regione
2673 696 3015 770 co'locantur.
3044 696 3296 770 [lautulus
3332 696 3507 770 autem
3547 697 3631 770 in-

2116 772 2328 842 terfecto
2358 788 2453 842 avo
2479 764 2633 841 atque
2658 770 2840 841 fratre,
2870 767 3112 842 fundavit
3150 768 3406 842 Romam.
3424 764 3629 837 Sibylla

2119 836 2328 896 Eritrea
2349 841 2446 895 hoc
2469 842 2525 894 in
2547 836 2776 909 tempore
2801 836 2999 892 exstitit
3017 855 3036 892 :
3050 854 3168 908 qua:
3193 839 3258 891 de
3280 836 3491 892 Christo
3515 853 3633 889 ma-

2119 911 2301 981 nifeste
2328 911 2672 983 prophetavit.

2117 1022 2396 1077 Medorum
2423 1019 2488 1075 Ill
2515 1019 2767 1085 Maditus,
2798 1019 2955 1074 annis
2977 1018 3070 1084 l0,
3096 1033 3128 1073 a
3155 1019 3465 1075 conditione
3494 1027 3633 1073 tem-

2049 1113 2122 1185 pli
2147 1112 2274 1167 anni
2303 1111 2428 1166 264.
2457 1111 2575 1179 Quo
2613 1110 2783 1167 Medis
2818 1119 3078 1182 regnante
3097 1151 3111 1176 ,
3139 1109 3341 1165 Iudaeis
3367 1111 3631 1180 regnabat

2048 1205 2248 1270 Achar,
2289 1206 2373 1259 cui
2412 1204 2673 1260 successit
2707 1202 2848 1258 ﬁlius
2883 1201 2998 1271 ejus
3038 1203 3329 1267 Ezechias,
3374 1202 3633 1256 Israelitis

2050 1296 2187 1351 alius
2217 1295 2427 1350 Phacee
2460 1296 2667 1351 habens
2692 1309 3061 1351 successorem
3093 1293 3295 1351 Osiam.
3335 1293 3438 1349 Per
3461 1310 3527 1349 ea
3554 1296 3635 1349 vi-

2050 1388 2245 1443 delicet
2273 1395 2513 1457 tempora
2543 1397 2696 1442 erant
2725 1387 2968 1458 pnedicti
3004 1387 3299 1456 prophetas,
3331 1401 3469 1455 quos
3495 1401 3636 1462 pra:-

2050 1480 2318 1545 misimus,
2352 1479 2405 1534 id
2430 1487 2533 1544 est,
2558 1479 2745 1544 Amos,
2774 1479 2959 1544 Isaias,
2992 1479 3246 1545 Micheas,
3281 1488 3335 1534 et
3358 1478 3516 1535 Osee.
3541 1477 3637 1533 llis

2051 1572 2417 1641 adjunguutnr
2448 1571 2614 1627 Jonas
2650 1582 2705 1627 et
2744 1571 2890 1637 Joel,
2922 1589 3045 1627 cum
3078 1571 3192 1641 jam
3230 1583 3482 1643 regnaret
3510 1572 3635 1627 Joa-

2054 1663 2214 1729 than,
2238 1664 2329 1734 qui
2358 1665 2621 1720 successit
2643 1663 2809 1720 Ozize.
2847 1665 2953 1719 Sed
2990 1665 3214 1719 istorum
3245 1666 3637 1735 prophetarum

369 1768 501 1822 gens
541 1761 595 1805 et
636 1752 1008 1824 Cymeriorum
1048 1753 1100 1806 in
1150 1750 1276 1807 Asia
1317 1752 1606 1821 repentinis
1644 1751 1952 1806 incursibus
1978 1739 2026 1798 Β
2052 1756 2279 1811 duorum
2308 1765 2552 1828 tempora
2584 1758 2637 1812 in
2669 1757 2823 1813 libris
2859 1772 2965 1813 non
3005 1757 3248 1812 invenire
3283 1757 3434 1827 potui
3472 1773 3639 1811 cano-

368 1842 653 1913 piurimam
680 1842 767 1895 diu
793 1841 1005 1910 lateque
1027 1841 1228 1895 caedem
1253 1840 1439 1896 edidit.
1468 1839 1674 1908 Quibus
1700 1840 1950 1910 equidem

373 1932 703 2002 temporibus
740 1931 1128 1986 Lacedaemonii
1171 1938 1358 1987 contra
1399 1930 1694 1985 Messenios
1732 1937 1952 2000 propter

372 2024 608 2093 virgines
634 2039 760 2078 suas
793 2030 1006 2094 spretas
1032 2022 1084 2075 in
1120 2022 1343 2076 solemni
1370 2020 1756 2076 Messeniorum
1783 2020 1951 2075 sacri-

373 2115 534 2179 ficio,
574 2130 670 2185 per
710 2129 879 2167 annos
916 2113 1103 2183 viginti
1148 2111 1417 2167 indefesso
1452 2110 1634 2167 furore
1668 2111 1949 2177 bellantes,

376 2206 544 2261 ruinae
570 2222 680 2260 sua:
705 2213 848 2260 totas
870 2204 1089 2259 Graecia
1108 2204 1254 2259 vires
1275 2202 1672 2273 implicuerunt.
1697 2202 1799 2269 Qui
1827 2217 1953 2257 cum

371 2313 468 2367 per
492 2297 680 2353 decem
713 2312 885 2352 annos
913 2296 1070 2367 longa
1096 2293 1304 2367 fatigati
1335 2294 1643 2357 obsidione,
1679 2302 1736 2348 et
1759 2308 1955 2363 quere-

371 2388 439 2442 lis
468 2403 700 2443 uxorum
729 2403 890 2457 super
923 2388 1079 2457 longa
1111 2386 1371 2441 viduitate
1399 2393 1455 2439 et
1480 2383 1721 2455 periculo
1754 2382 1952 2438 sterili-

374 2478 501 2533 tatis
528 2478 967 2542 contestantium,
999 2478 1053 2531 ni
1078 2477 1343 2540 redirent,
1378 2491 1408 2530 a
1438 2475 1680 2529 ﬁnitimis
1699 2474 1954 2530 concubi-

373 2575 462 2624 tus
482 2569 767 2636 petituras,
783 2566 1035 2636 permoti,
1056 2574 1236 2621 tamen
1252 2580 1319 2619 ne
1332 2573 1735 2629 revocarentur,
1751 2562 1952 2618 electos

374 2656 432 2713 in
471 2656 713 2711 exercitu
752 2656 1030 2725 quosdam
1054 2653 1347 2723 Spartham
1395 2653 1708 2719 remittunt,
1757 2652 1953 2723 quibus

371 2748 709 2819 promiscuos
746 2748 990 2804 omnium
1031 2746 1353 2802 feminarum
1390 2743 1709 2801 concubitus
1753 2742 1952 2814 permi-

376 2854 515 2895 sere.
563 2838 857 2893 Sciendum
901 2846 1081 2893 tamen
1126 2844 1211 2891 est
1248 2836 1417 2907 ipsam
1467 2850 1588 2890 esse
1640 2833 1949 2904 Spartbam,

374 2943 537 2997 quam
562 2939 610 2981 et
641 2926 1101 2983 Lacedaemonium
1131 2926 1426 2990 civitatem,
1452 2932 1615 2993 atque
1642 2922 1766 2977 inde
1786 2922 1953 2977 Lace-

376 3017 668 3071 daemonios
699 3016 1032 3086 Sparthanos
1066 3016 1191 3071 dici.
1224 3016 1325 3083 Qui
1355 3015 1482 3069 dum
1510 3013 1799 3070 crudeliter
1823 3027 1953 3068 con-

2051 1847 2206 1903 nicis.
2238 1848 2340 1914 Qui
2368 1848 2610 1919 prtedicti
2640 1847 2918 1919 propheta:
2952 1848 3099 1903 velut
3125 1847 3302 1903 fontes
3339 1848 3639 1919 prophetia:

2050 1946 2347 2008 eruperunt
2382 1938 2603 2009 pariter,
2645 1939 2862 2009 quando
2899 1953 3124 2009 regnum
3152 1936 3352 1994 defecit
3386 1938 3641 2009 Assyrio-

2052 2046 2191 2097 rum,
2220 2031 2490 2102 coepitque
2515 2031 2836 2096 Romanum,
2868 2039 2929 2087 ut
2952 2031 3160 2087 scilicet
3180 2030 3638 2101 quemadmodum

2053 2121 2201 2192 regni
2244 2121 2588 2193 Assyriorum
2624 2122 2803 2193 primo
2839 2130 3078 2192 tempore
3110 2121 3319 2176 exstitit
3356 2120 3637 2175 Abraham

2052 2228 2174 2267 cum
2212 2212 2601 2282 promissiones
2629 2213 2971 2283 apertissime
3002 2211 3215 2277 ﬁerent,
3248 2210 3299 2265 id
3326 2219 3412 2265 est
3438 2209 3494 2264 in
3520 2210 3640 2280 ejus

2052 2302 2258 2357 semine
2286 2303 2692 2357 benedictiones
2719 2302 2957 2356 omnium
2984 2300 3246 2372 gentium,
3272 2299 3346 2353 ita
3371 2296 3640 2353 Occiden-

2053 2393 2174 2448 talis
2190 2394 2475 2465 Babylonis
2495 2394 2736 2460 exordio,
2753 2410 2859 2464 quo
2881 2392 3055 2449 fuerat
3071 2392 3319 2449 Christus
3338 2392 3640 2461 imperante

2052 2490 2311 2538 venturus
2331 2524 2345 2549 ,
2378 2483 2431 2537 in
2461 2498 2569 2553 quo
2608 2483 2962 2554 implerentur
2989 2481 3077 2537 illa
3113 2482 3380 2551 promissa
3416 2495 3517 2551 per
3541 2495 3639 2535 ora

2051 2574 2435 2644 prephctarum
2467 2575 2725 2645 praedicta
2750 2617 2763 2640 ,
2794 2591 2901 2631 non
2938 2575 3110 2631 solum
3146 2574 3484 2644 loquentium
3506 2615 3521 2640 ,
3546 2588 3640 2628 ve-

2054 2678 2171 2718 rum
2206 2665 2370 2718 etiam
2407 2665 2783 2721 scribentium.
2830 2665 2964 2721 Cum
3003 2665 3150 2721 enim
3188 2666 3469 2736 propheta!
3505 2680 3640 2719 nun-

2052 2768 2213 2827 quam
2246 2755 2361 2812 fere
2386 2756 2682 2813 defuissent
2709 2759 2905 2830 populo
2938 2757 3120 2823 Israel,
3155 2774 3221 2813 ex
3247 2758 3321 2812 ibi
3346 2773 3458 2826 quo
3482 2771 3638 2827 reges

2051 2863 2171 2904 esse
2199 2858 2508 2919 ceperunt,
2539 2851 2590 2905 in
2637 2867 2790 2906 usum
2831 2852 3202 2907 tantummodo
3233 2866 3423 2907 eorum
3464 2850 3637 2913 fuere,

2052 2956 2159 2996 non
2200 2941 2460 3010 gentium.
2505 2941 2731 3008 Quando
2769 2952 2947 3000 autem
2988 2944 3255 3014 scriptura
3292 2944 3641 2999 manifestius

2055 3033 2369 3105 prophetica
2418 3034 2749 3089 condehatur
2771 3076 2787 3103 ,
2837 3051 2957 3108 quas
3005 3036 3254 3107 gentibus
3312 3036 3641 3106 quandoque

379 3116 463 3165 tra
516 3106 807 3198 Messenios
858 3106 1153 3172 dimicant,
1204 3107 1458 3198 quamvis
1494 3106 1687 3175 εξερίας
1731 3104 1952 3198 ancipiti
1979 3092 2025 3154 C
2056 3092 2364 3194 ᾗτοξιθεεα,
2405 3135 2533 3181 "me
2559 3092 2944 3197 opormb'at'm
2973 3092 3234 3198 igciperet
3259 3092 3480 3198 (1,;me
3516 3092 3642 3183 θέω,

376 3196 627 3260 victoria,
656 3194 871 3249 demum
906 3202 1182 3264 superant.
1213 3194 1364 3248 Tunc
1389 3194 1552 3247 etiam
1578 3200 1764 3247 contra
1790 3193 1954 3249 Athe.

379 3285 595 3339 nienses
608 3297 767 3365 prma
799 3281 1248 3347 convertunt,diu
1277 3282 1439 3335 variae
1467 3288 1521 3336 et
1550 3296 1741 3352 graves
1767 3296 1956 3353 pugna:

377 3381 431 3428 et
468 3386 664 3442 anceps
700 3377 875 3426 status
906 3369 1180 3435 victoriae,
1221 3384 1285 3423 ac
1323 3379 1654 3439 postremum
1693 3370 1956 3441 pendente

379 3473 573 3519 eventu
615 3462 867 3532 utrinque
912 3461 1210 3517 discessum
1251 3470 1353 3517 est.
1394 3460 1537 3533 Ergo
1580 3470 1762 3517 tantus
1804 3461 1956 3517 furor

390 3554 818 3625 Sparthanorum
845 3562 982 3619 erat,
1011 3562 1090 3618 ut,
1121 3553 1328 3608 duobus
1358 3553 1512 3609 hellis
1539 3553 1804 3624 impliciti,
1833 3570 1954 3610 sus-

382 3646 560 3720 cipere
594 3646 811 3699 tertium
851 3660 956 3699 non
1013 3656 1345 3700 recusarent.
1382 3643 1533 3699 Tunc
1562 3646 1701 3700 enim
1730 3654 1848 3716 post
1873 3646 1956 3700 in.

380 3732 773 3796 numerabiles,
814 3740 873 3786 nt
907 3732 978 3785 ita
1010 3733 1183 3788 dicam
1204 3773 1219 3799 ,
1248 3732 1532 3787 Laurentis
1571 3732 1673 3788 loci
1710 3735 1762 3789 in
1800 3735 1955 3789 Latio

384 3838 534 3893 reges
558 3820 1160 3892 Sylvios,AIbanosque,
1178 3822 1267 3892 qui
1292 3836 1388 3893 per
1408 3836 1577 3877 annos
1597 3821 1701 3876 500
1728 3823 1780 3877 in
1802 3835 1956 3893 parte

380 3912 541 3968 Italiae
576 3913 832 3982 prasdicta
875 3920 1269 3984 regnaverunt,
1312 3913 1558 3981 quamvis
1592 3913 1950 3983 pauperrimo,

380 4003 626 4060 Amulius
656 4018 751 4058 rex
782 4002 967 4058 fratris
989 4002 1070 4058 sui
1102 4001 1397 4058 Numitoris
1428 4002 1590 4057 filiam
1620 4002 1823 4058 Rheam
1852 4020 1953 4059 no-

382 4093 553 4157 mine,
583 4107 701 4161 qua:
731 4099 785 4146 et
811 4091 905 4145 ilia
933 4092 1247 4156 vocabatur,
1280 4089 1551 4145 Vestalem
1577 4091 1840 4163 virginem
1878 4090 1956 4147 fe-

380 4191 548 4249 cerat,
579 4199 698 4253 qua:
726 4184 945 4254 gravida
974 4185 1210 4250 inventa,
1239 4184 1363 4238 dum
1391 4183 1565 4239 scelus
1591 4199 1747 4239 suum
1767 4185 1956 4240 nititur

382 4288 673 4336 excusare,
714 4289 743 4327 a
778 4272 947 4330 Marte
984 4289 1041 4329 se
1079 4291 1440 4344 compressam
1477 4275 1701 4329 mentita
1736 4284 1837 4331 est.
1877 4277 1953 4331 Ex

380 4379 481 4431 qua
525 4362 720 4433 genitis
755 4362 961 4417 duobus
997 4364 1254 4434 geminis,
1298 4380 1391 4419 rex
1441 4365 1633 4432 exponi
1678 4365 1949 4435 praecepit.

379 4452 525 4519 Quos
552 4454 823 4523 vagientes
854 4455 1103 4523 parvulos
1135 4452 1291 4521 juxta
1337 4454 1504 4523 ripam
1533 4455 1760 4525 Tyberis
1786 4470 1950 4527 expc.

379 4544 547 4609 sitos,
578 4543 865 4600 Faustulus
900 4547 1041 4616 regis
1079 4556 1261 4617 pastor
1298 4548 1365 4601 ad
1401 4548 1782 4604 Laurentinam
1819 4566 1952 4605 uxo-

379 4650 491 4688 rem
538 4651 689 4689 suam
728 4636 950 4700 detulit,
985 4653 1102 4706 qum
1145 4646 1363 4707 propter
1400 4638 1851 4709 pulchritudinem
1896 4651 1949 4697 et

379 4727 730 4795 rapacitatem
770 4727 1014 4796 corporis
1039 4727 1360 4797 qumstuosi,
1393 4743 1422 4781 a
1454 4728 1644 4783 vicinis
1678 4728 1824 4800 Lupa
1858 4748 1951 4803 ap-

373 4818 698 4891 pellabatur.
734 4818 884 4874 Unde
920 4819 1264 4873 meretricum
1294 4818 1536 4873 cubicula
1569 4818 1843 4890 lupanaria
1872 4823 1951 4876 di-

377 4922 588 4966 cuntur.
611 4910 710 4980 Qui
739 4910 933 4983 gemini
958 4911 1098 4965 inter
1125 4910 1259 4966 alios
1286 4919 1527 4980 pastores
1554 4912 1797 4977 enutriti,
1822 4930 1945 4968 cum

377 5001 769 5066 adolevissent,
804 5000 1026 5055 collecta
1062 4999 1329 5054 latronum
1361 5014 1521 5054 manu
1554 5006 1611 5053 et
1648 5009 1944 5069 pastorum,

378 5090 659 5145 interfecto
684 5089 824 5159 apud
850 5088 1039 5143 Albam
1073 5088 1303 5149 Amulio,
1335 5103 1492 5141 avum
1531 5086 1860 5143 Numitorem
1891 5090 1946 5145 in

368 5164 600 5251 'regnum
642 5181 963 5244 restituunt,
997 5187 1330 5247 matremque
1370 5179 1671 5242 vindicant,
1709 5194 1829 5248 qum
1857 5182 1949 5237 dc-

378 5272 518 5329 l'ossa
550 5275 701 5345 juxta
735 5273 903 5343 legem
942 5272 1059 5325 viva
1088 5271 1157 5325 ob
1201 5270 1371 5339 stupri
1412 5270 1715 5325 mercedem
1747 5269 1944 5326 fuerat.

378 5363 513 5419 Hinc
540 5365 919 5420 decedentibus
953 5371 1113 5434 atque
1150 5362 1494 5417 nascentibus
1532 5361 1743 5432 regnis.
1780 5378 1951 5421 novus

377 5455 508 5514 crdo
534 5457 827 5528 consurgit.

2056 3214 2285 3269 debatur
2311 3215 2427 3269 haec
2453 3216 2675 3282 civitas,
2711 3233 2830 3288 qua:
2855 3218 3106 3288 gentibus
3143 3218 3456 3288 imperaret.
3488 3218 3641 3274 Tunc

2054 3300 2459 3360 Atheniensium
2497 3314 2615 3361 erat
2654 3322 2746 3361 rex
2786 3306 3075 3371 Alemeon;
3113 3306 3470 3361 Macedonum
3501 3308 3644 3379 Thy-

2057 3392 2303 3460 rimmas,
2338 3394 2601 3451 Hesiodus
2630 3403 2685 3449 et
2717 3395 3037 3451 Aristoteles
3078 3394 3246 3450 fuisse
3279 3403 3410 3450 tunc
3443 3413 3640 3451 memo-

2057 3495 2267 3541 rantur.
2309 3485 2478 3559 lgitur
2506 3488 2656 3559 regni
2688 3486 2883 3543 Madidi
2920 3503 3061 3544 anno
3089 3488 3297 3543 decimo
3332 3489 3530 3558 quinto
3554 3506 3641 3543 ca-

2054 3577 2275 3647 ptivitas
2303 3580 2475 3649 prima
2505 3579 2689 3634 decem
2716 3579 2951 3633 tribuum
2975 3578 3138 3637 Israel
3162 3576 3306 3634 facta
3335 3589 3422 3634 est
3448 3596 3481 3633 a
3509 3579 3640 3635 Sen-

2056 3670 2346 3736 nacherib,
2386 3672 2476 3741 qui
2516 3679 2571 3727 et
2613 3670 3029 3735 Salmanansar,
3070 3686 3196 3742 rege
3236 3671 3635 3736 Chaldzeontm,

2054 3773 2175 3828 qua:
2212 3759 2485 3815 translata:
2515 3767 2640 3815 sunt
2674 3760 2729 3814 in
2768 3771 2978 3815 montes
3008 3758 3302 3815 Medorum.
3334 3758 3638 3833 Regnatum

2055 3859 2137 3905 est
2164 3851 2217 3905 in
2245 3848 2488 3905 Samaria
2516 3850 2672 3906 annis
2702 3850 2832 3917 2&0,
2858 3859 2913 3905 et
2937 3866 3151 3906 menses
3184 3851 3235 3916 7,
3266 3858 3323 3904 et
3347 3851 3469 3905 dies
3491 3852 3544 3913 7,
3572 3866 3637 3905 ex

2054 3958 2161 4013 quo
2186 3957 2245 3999 se
2270 3959 2300 3999 a
2329 3943 2489 4000 domo
2515 3941 2684 3998 David
2705 3951 2760 3999 et
2785 3943 2927 3999 tribu
2954 3941 3089 3998 Juda
3121 3951 3518 4013 separaverunt
3542 3958 3642 3997 cas.

2056 4040 2185 4087 tera:
2210 4033 2402 4088 tribus.
2432 4033 2478 4088 A
2516 4041 2759 4105 tempore
2796 4048 2903 4105 quo
2943 4033 3043 4089 sub
3071 4032 3315 4104 principe
3348 4031 3477 4088 Jesu
3508 4048 3636 4103 pm-

2054 4124 2289 4181 vinciam
2329 4126 2679 4181 obtinuerunt
2715 4125 2990 4189 eamdem,
3030 4132 3187 4180 erant
3216 4124 3345 4179 anni
3378 4125 3507 4180 947.
3542 4125 3642 4180 Eo-

2055 4216 2177 4272 dem
2225 4231 2440 4287 quoque
2489 4224 2728 4286 tempore
2770 4214 3009 4270 nonnulli
3059 4213 3317 4285 Sibyllam
3363 4213 3638 4271 Eritream

2055 4307 2396 4362 vaticinatam
2426 4304 2625 4360 ferunt.
2650 4304 2883 4379 Sibyllas
2907 4313 3087 4361 autem
3113 4304 3288 4361 Varro
3312 4306 3498 4375 prodit
3515 4305 3636 4375 plu.

2056 4416 2147 4455 res
2192 4399 2387 4466 fuisse,
2436 4415 2544 4455 non
2589 4414 2772 4455 unam.
2821 4398 2947 4454 [iam
2989 4413 3119 4454 sane
3165 4396 3379 4452 Eritrea
3428 4396 3637 4465 Sibylla

2053 4488 2296 4557 quaedam
2323 4485 2390 4541 de
2418 4486 2634 4543 Christo
2669 4487 2955 4541 manifesta
2981 4486 3305 4556 conscripsit
3337 4489 3586 4540 carmina
3619 4503 3634 4539 :

2053 4595 2173 4650 quae
2202 4580 2390 4634 beatus
2420 4579 2755 4651 Augustinus
2784 4594 2850 4633 ex
2879 4577 3067 4634 Crteco
3098 4578 3151 4633 in
3180 4577 3434 4632 Latinum
3470 4578 3638 4633 vertit

2051 4669 2345 4739 eloquium,
2370 4669 2460 4724 ubi
2482 4669 2715 4724 ostendit
2738 4668 2789 4723 in
2818 4669 3085 4739 capitibus
3106 4683 3358 4724 versuum
3383 4670 3638 4725 ordinem

2051 4760 2351 4814 litterarum
2381 4760 2453 4814 ita
2481 4775 2538 4814 se
2566 4760 2877 4825 habentem,
2903 4768 2963 4814 ut
2989 4761 3103 4815 haec
3132 4761 3183 4814 in
3205 4774 3272 4815 eo
3290 4760 3456 4815 verba
3489 4761 3641 4832 lege—

2052 4861 2266 4916 rentur,
2297 4851 2423 4907 .hzsu
2462 4853 2727 4917 Cumsre,
2760 4851 2969 4916 Tneos,
2999 4852 3177 4908 Sorsa
3198 4894 3212 4913 ,
3243 4852 3387 4921 quo!
3417 4860 3504 4907 est
3530 4851 3639 4906 La-

2052 4941 2180 5006 tine,
2203 4940 2329 4994 Iesu
2354 4939 2574 5004 Christe,
2598 4940 2693 4994 Dei
2715 4939 3186 5005 Filius,Salvalor.
3208 4940 3269 4993 lli
3300 4948 3480 4995 autem
3512 4956 3640 4994 ver-

2051 5046 2142 5083 sus
2173 5045 2400 5097 quorum
2437 5029 2624 5098 prima:
2664 5029 2856 5083 littera:
2896 5030 3056 5084 istmn
3096 5043 3317 5084 sensum
3358 5044 3524 5099 quem
3561 5028 3641 5084 di.

2051 5121 2227 5175 ximus
2261 5122 2507 5184 reddunt,
2536 5121 2611 5175 ita
2637 5121 2882 5176 translati
2909 5132 3052 5175 sunt.

2175 5234 2349 5298 iudicii
2372 5237 2585 5298 signum,
2614 5235 2759 5284 tellus
2779 5236 2960 5285 sudore
2977 5236 3252 5298 madeScet,

2174 5294 2213 5344 E
2238 5295 2360 5343 corio
2383 5294 2469 5343 rex
2498 5294 2745 5354 adveniet,
2765 5310 2854 5357 per
2878 5296 3017 5345 mla
3039 5294 3246 5352 futurus;

2174 5357 2375 5418 scilicet
2396 5359 2444 5404 in
2468 5369 2616 5406 carne
2635 5369 2856 5416 premens
2875 5364 2927 5406 ut
2940 5359 3123 5418 judicet
3148 5360 3340 5407 (rbem

2178 5417 2315 5481 [Julia
2339 5417 2397 5465 Dt
2414 5431 2493 5466 um
2515 5424 2721 5467 cerneut
2745 5420 3022 5475 incredulus
3046 5425 3192 5477 atque
3216 5419 3395 5481 ﬁdelis,

2174 5478 2365 5526 Celsum
2393 5491 2499 5525 eum
2524 5481 2702 5528 sanctis
2727 5482 2814 5527 τριεὶ
2836 5481 2926 5533 iam
2952 5488 3159 5529 termino
3182 5482 3227 5526 in
3251 5483 3374 5539 ipso.

2173 5543 2253 5587 Sic
2274 5542 2442 5602 a'itne
2461 5554 2568 5585 rum
2591 5553 2740 5587 carne
2766 5542 2973 5588 aderunt
2994 5542 3313 5600 quasjutﬁeet
3337 5542 3464 5602 ipse,

2175 5602 2289 5662 Cum
2310 5601 2434 5659 jacet
2467 5602 2673 5649 tm'ultus
2693 5602 2858 5650 densis
2878 5603 2923 5649 in
2951 5604 3180 5659 vepribus
3201 5603 3352 5662 urbis,

2174 5661 2408 5720 liminium
2435 5663 2571 5710 simul
2591 5676 2682 5710 .era
2705 5664 2805 5724 viri,
2837 5672 3054 5711 cunctam
3079 5677 3273 5726 quoque
3303 5675 3487 5727 gazam.
