3900 6178
307 310 405 363 981

436 422 624 471 Exuret
647 429 800 470 terras
816 421 966 482 ignis,
991 423 1286 482 pontumque
1310 417 1591 482 polumque.

435 481 694 543 Inquirens
718 478 1018 543 tetrifport'as
1041 478 1267 543 effringet
1295 478 1496 543 Averni,

435 541 739 600 Sanctorum,
759 542 849 590 sed
869 543 1000 592 enim
1023 544 1207 589 cunctae
1227 541 1305 587 lux
1330 542 1480 588 libera
1500 541 1635 587 carni

437 596 695 666 Tradetur,
714 596 880 652 sontes
906 611 1088 651 :eterna
1109 602 1292 649 ﬂauuua
1317 601 1568 666 cremabit.

437 665 660 714 OccuItOs
679 660 813 712 actus
831 671 1064 721 relegens
1087 669 1198 709 tunc
1217 667 1425 721 quisque
1448 660 1692 720 loquetur,

437 728 643 777 Secreta
661 734 806 783 atque
826 724 960 773 Deus
981 723 1215 771 reserabit
1240 730 1433 783 pectora
1460 721 1574 767 luci.

439 789 575 838 ’I'unc
599 789 695 838 erit
718 782 768 835 ct
793 784 966 846 luctus,
986 783 1260 846 stridebant
1279 782 1505 831 dentibus
1524 794 1711 846 omnes.

440 848 654 911 Eripitur
674 847 787 911 solis
805 847 945 911 jubar
971 851 1019 892 et
1038 845 1214 911 chorus
1231 845 1584 911 intetitastris,

443 904 666 961 Solvetnr
683 904 877 964 eaeluin,
899 906 1080 954 lunaris
1095 904 1324 965 splendor
1343 904 1515 954 obibit.

441 971 647 1030 Dejiciet
668 968 835 1025 colles,
859 962 1008 1030 valles
1030 962 1320 1030 extolletab
1345 967 1454 1013 imo.

440 1021 545 1082 Non
564 1034 652 1080 erit
680 1031 726 1077 in
754 1021 902 1078 rebus
924 1029 1168 1076 hominum
1188 1026 1399 1074 subliue
1423 1024 1499 1073 vel
1520 1021 1683 1071 altum.

439 1094 547 1141 Jam
569 1098 822 1151 aequantur
839 1092 1019 1151 campis
1040 1095 1231 1151 montes
1252 1094 1298 1135 et
1325 1086 1508 1151 CtBﬂIIa_
1529 1087 1683 1147 ponti,

441 1155 613 1202 Omnia
633 1144 911 1210 cessabunt,
932 1144 1078 1197 t'ellus
1098 1144 1339 1210 confracta,
1357 1144 1554 1210 peribit,

442 1216 522 1264 Sic
543 1215 725 1274 pariter
746 1207 907 1259 fontes
927 1215 1191 1274 torreatur,
1215 1209 1507 1274 fluminaque
1530 1207 1650 1274 igni,

446 1276 503 1324 Et
528 1267 639 1324 tuba
660 1281 775 1323 tunc
795 1274 1006 1322 sonitum
1030 1267 1214 1321 tristem
1233 1270 1448 1318 dimittet
1467 1268 1529 1316 ab
1552 1267 1649 1316 alto

442 1337 597 1395 Orbe,
617 1346 822 1396 gemens
840 1332 1019 1396 facinus
1036 1335 1284 1396 miserum,
1307 1330 1567 1396 variosque.
1585 1328 1793 1386 labores,

440 1389 827 1455 Tarta'rEumque
849 1392 993 1443 chaos
1010 1389 1289 1441 monstrabit
1308 1398 1437 1439 terra
1456 1389 1732 1455 dehiscens,

449 1460 506 1507 Et
524 1470 684 1508 eoer
710 1451 786 1503 hic
804 1453 1007 1504 Domino
1022 1465 1175 1515 reges
1194 1455 1431 1515 sistentur
1452 1451 1511 1499 ad
1535 1462 1704 1515 unum,

443 1519 646 1570 Recidet
670 1531 701 1568 e
724 1517 845 1568 creto
871 1511 1169 1578 ignisque'et
1189 1512 1434 1577 sulphuris
1457 1511 1625 1561 amnis.

318 1693 572 1752 Nonnulli
604 1699 781 1747 autem
805 1690 1111 1744 Erictheam
1138 1686 1395 1759 Sibyllam
1420 1701 1526 1741 non
1553 1685 1639 1740 his
1665 1697 1891 1754 regnan-

1372 300 1805 361 .CHRONICON.
1842 331 1909 339 —-
1946 300 2109 356 TOIII
2149 300 2189 354 I.
2229 299 2336 355 LIB
2375 299 2456 355 III.

3459 288 3564 345 982

1912 413 1960 471 Α
1989 411 2204 467 victima
2234 410 2382 465 urbis
2422 409 2540 464 fuit.
2586 407 2878 479 Imaginem
2916 424 3147 477 namque
3190 408 3339 462 urbis
3384 407 3558 476 potius

1984 517 2144 571 quam
2167 500 2353 555 urbem
2394 499 2594 554 fecerat
2626 498 2903 562 Romulus,
2950 499 3044 554 sed
3090 497 3277 552 inc-ohe
3316 497 3557 552 deerant.

1984 592 2119 646 Erat
2163 598 2341 644 tamen
2384 590 2438 643 in
2469 589 2717 658 proximo
2747 589 2915 653 locus,
2966 589 3109 641 hunc
3154 587 3363 657 asylum
3411 585 3559 647 facit,

1982 692 2037 737 et
2077 683 2257 737 statim
2290 682 2425 735 mira
2456 682 2535 735 vis
2576 681 2874 744 hominum,
2905 679 3103 744 Latini,
3131 679 3437 747 Thuscique
3467 693 3563 748 pa—

1983 782 2179 835 stores,
2208 771 2374 825 etiam
2412 768 2757 824 transmarini
2786 769 3044 839 Phryges,
3089 771 3179 837 qui
3226 769 3326 822 sub
3366 766 3564 831 IEnea,

1983 861 2280 923 Archades,
2307 860 2396 929 qui
2425 862 2525 915 sub
2552 860 2801 914 Evandro
2821 868 3082 913 venerant
3107 860 3262 924 duce,
3298 858 3565 915 conﬂuxe-

1986 959 2130 1005 runt.
2158 950 2249 1006 Sic
2277 966 2509 1019 namque
2534 966 2600 1005 ex
2629 951 2795 1005 variis
2840 951 2993 1019 quasi
3023 951 3301 1005 clementis
3343 964 3566 1017 congre-

1988 1045 2132 1115 gavit
2160 1060 2355 1116 corpus
2385 1059 2576 1109 unum,
2604 1044 2966 1115 populumque
2991 1043 3291 1099 Romanum
3318 1046 3389 1099 ita
3414 1043 3564 1099 fecit.

1987 1137 2238 1192 Virorum
2268 1137 2451 1206 itaque
2479 1136 2823 1190 matrimonia
2863 1151 2893 1189 a
2928 1136 3171 1191 ﬁnitimis
3209 1138 3396 1206 petita,
3438 1138 3562 1204 quia

1988 1242 2093 1281 non
2142 1227 2590 1296 impetrabantur,
2666 1241 2831 1280 manu
2881 1234 3039 1294 capta
3094 1234 3236 1280 sunt.
3286 1222 3567 1280 Simulatis

1988 1316 2183 1387 quippe
2219 1317 2361 1372 ludis
2387 1317 2749 1387 equestribus,
2780 1316 3019 1387 virgines
3045 1331 3108 1370 ac
3135 1316 3388 1371 mulieres
3415 1314 3569 1369 Sabi-

1988 1424 2202 1474 norum,
2230 1425 2349 1480 quae
2376 1411 2445 1465 ad
2494 1409 2864 1480 spectaculum
2894 1421 3178 1473 venerant,
3224 1406 3419 1476 praedae
3449 1404 3570 1461 fue-

1990 1511 2137 1556 runt.
2161 1502 2287 1559 Haec
2303 1505 2483 1559 statim
2507 1519 2670 1558 causa
2696 1503 2980 1559 bellorum.
3010 1502 3225 1557 Sabinis
3250 1512 3418 1573 portae
3438 1518 3567 1572 pro-

1992 1592 2115 1649 dita:
2140 1608 2235 1663 per
2249 1595 2508 1666 virginem
2526 1594 2831 1664 Tarpeiam.
2855 1592 2932 1649 Ita
2951 1593 3203 1648 admissis
3217 1580 3569 1647 intramoenia

1992 1685 2237 1741 hostibus
2265 1694 2417 1741 atrox
2457 1685 2509 1740 in
2541 1685 2654 1755 ipso
2682 1685 2796 1740 foro
2837 1699 3033 1754 pugna,
3063 1684 3199 1739 adeo
3226 1691 3285 1737 ut
3311 1682 3571 1737 Romulus

320 1787 486 1850 tibus,
532 1791 590 1838 ut
643 1780 1023 1852 praemisimus,
1077 1778 1170 1832 sed
1219 1753 1436 1847 Trojani
1477 1774 1599 1832 belli
1653 1753 1892 1845 tempore
1918 1753 1967 1813 Β
1997 1766 2195 1835 foedam
2219 1794 2439 1834 suorum
2468 1753 2575 1833 vix_
2600 1778 2814 1833 sisteret
2840 1753 3050 1846 fugam.
3081 1774 3319 1829 Tandem
3343 1775 3571 1828 interve-

319 1877 487 1931 fuisse
520 1873 868 1943 scripserunt.
895 1867 1179 1923 Eumclens
1218 1876 1399 1921 autem
1436 1874 1562 1920 tunc
1584 1863 1894 1920 Corinthius

319 1967 659 2023 versiﬁcator
723 1959 1049 2032 agnoscitur.
1101 1958 1157 2014 In
1208 1958 1391 2014 Sicilia
1436 1971 1562 2011 vero
1608 1954 1894 2026 Syracosia

317 2057 537 2114 condita
564 2063 667 2120 est,
718 2029 963 2108 similiter
990 2059 1045 2104 et
1086 2048 1333 2105 Cathina.
1385 2047 1431 2102 A
1475 2044 1895 2101 Lacedaemoniis

321 2169 595 2225 namque,
646 2165 707 2207 ut
758 2150 1125 2222 praediximus,
1170 2148 1309 2204 bella
1350 2154 1539 2203 contra
1603 2144 1896 2201 Messenios

318 2254 601 2325 geruntur,
631 2252 686 2297 et
724 2243 790 2296 ab
816 2241 897 2296 eis
923 2238 1147 2294 Messala
1176 2237 1406 2308 capitur.
1440 2235 1637 2291 Thales
1660 2235 1897 2289 Milesius

319 2339 579 2409 physicus
614 2333 963 2407 pbiIOSOphus
1004 2342 1129 2386 tunc
1171 2328 1500 2400 agnoscitur,
1545 2327 1636 2397 qui
1666 2343 1806 2381 unus
1830 2341 1895 2381 ex

321 2438 530 2499 septem
568 2426 898 2497 sapientibus
931 2422 1095 2478 fuisse
1120 2422 1449 2493 perhibetur,
1479 2419 1570 2489 qui
1617 2416 1896 2489 physicam

320 2521 531 2592 primus
559 2518 698 2588 apud
725 2516 942 2572 Graacos
968 2513 1186 2568 invenit.
1225 2512 1330 2566 Iste
1361 2510 1523 2565 etiam
1554 2507 1748 2563 Thales
1776 2523 1899 2562 suc-

322 2624 570 2664 cessores
611 2606 941 2678 propagavit,
973 2618 1151 2657 rerum
1182 2610 1431 2656 naturam
1470 2599 1656 2669 utique
1690 2606 1899 2653 scruta-

323 2710 437 2766 tus,
474 2713 704 2769 suasque
732 2692 1118 2765 disputationes
1158 2692 1352 2747 litteris
1388 2690 1651 2746 mandans
1690 2688 1899 2743 emuni-

322 2794 424 2858 vit,
450 2792 788 2859 maximeque
815 2785 1144 2844 admirabilis
1168 2783 1394 2848 exstitit,
1421 2782 1560 2852 qnod
1595 2779 1901 2851 astrologia:

326 2884 567 2939 numeris
591 2879 1013 2951 comprehensis,
1056 2875 1297 2932 defectus
1325 2873 1454 2929 solis
1490 2880 1546 2927 et
1570 2870 1710 2926 luna:
1735 2872 1897 2925 etiam

323 2975 622 3046 praedicare
657 2970 848 3042 potuit.
885 2968 1095 3038 Aquam
1125 2974 1306 3019 tamen
1340 2961 1548 3031 putavit
1572 2976 1752 3015 rerum
1779 2973 1899 3015 esse

323 3064 667 3136 principium,
695 3071 749 3116 et
775 3062 863 3116 hic
890 3056 1070 3114 omnia
1096 3054 1359 3110 elementa
1387 3049 1587 3115 mundi,
1618 3050 1899 3119 ipsumque

326 3155 587 3210 mundum
627 3161 682 3209 et
702 3166 823 3229 quae
866 3151 918 3205 in
946 3164 1010 3204 eo
1050 3146 1302 3202 videntur
1334 3144 1589 3199 existere.
1624 3140 1769 3195 Nihil
1808 3156 1898 3196 au—

331 3255 444 3300 tem
475 3244 578 3298 hoc
616 3257 777 3313 Opere
816 3239 957 3310 quod
1003 3237 1202 3293 mundo
1237 3234 1574 3292 considerato
1600 3239 1708 3286 tam
1740 3231 1903 3285 mira-

325 3334 437 3389 bile
462 3318 768 3403 aspicimu‘s,
817 3329 1011 3383 divinae
1036 3326 1201 3382 menti
1239 3322 1549 3395 praeposuit.
1584 3321 1701 3389 Quo
1738 3321 1902 3375 etiam

327 3427 386 3482 in
425 3436 684 3494 tempore,
707 3418 929 3477 Athenis
958 3419 1225 3490 principes
1251 3415 1343 3488 qui
1368 3428 1539 3483 usque
1572 3413 1640 3468 ad
1676 3420 1900 3466 mortem

327 3514 641 3585 reipublicae
688 3517 957 3581 praeerant
998 3507 1294 3570 desierunt,
1335 3511 1390 3558 et
1435 3503 1490 3556 in
1537 3502 1692 3556 annis
1719 3502 1905 3556 decem

327 3606 743 3676 magistratuum
795 3598 1241 3655 consuetudinem
1293 3594 1652 3649 Athenienses
1714 3598 1904 3645 tenue-

329 3704 480 3752 runt.
512 3692 643 3749 Post
677 3691 944 3762 principes
973 3702 1100 3744 vero
1121 3686 1405 3756 praedictos
1431 3680 1677 3753 regnavit
1700 3678 1905 3750 primus

328 3802 459 3843 cum
487 3785 566 3840 eis
602 3782 805 3839 Carobs
848 3780 1010 3841 Escili
1070 3778 1230 3833 filius.
1291 3775 1440 3830 Tunc
1491 3770 1683 3827 Aradis
1732 3767 1906 3823 insula

334 3876 577 3933 habitata
609 3883 713 3938 est,
753 3871 996 3927 Gizzecns
1036 3868 1271 3923 condita.
1326 3865 1492 3936 Igitur
1536 3877 1676 3916 anno
1708 3856 1904 3913 Madidi

335 3982 501 4031 nouo,
525 3972 647 4037 post
666 3961 994 4016 eversionem
1024 3969 1151 4013 vero
1178 3954 1351 4024 Troia:
1380 3948 1906 4024 quadringentesimo

334 4066 531 4128 quarto
551 4055 777 4119 decimo,
805 4058 957 4107 sexta
978 4047 1310 4119 Olympiade,
1341 4058 1459 4114 qua:
1479 4042 1667 4128 quinto
1692 4041 1906 4094 demum

336 4124 499 4215 anno,
531 4156 759 4217 quatuor
790 4146 842 4200 in
881 4143 1058 4198 medio
1084 4139 1331 4210 expletis,
1359 4135 1500 4205 apud
1527 4124 1731 4186 Elidem
1759 4128 1907 4183 Grac—

329 4222 430 4292 cTa:
454 4238 723 4293 cititatem
747 4249 917 4306 agone
936 4243 991 4288 et
1013 4233 1151 4287 Indis
1181 4226 1423 4285 exerceri
1448 4224 1672 4285 solebat,
1704 4219 1904 4272 Romu-

337 4332 426 4385 lus
450 4330 668 4400 ejusque
696 4340 984 4400 germanus
1026 4323 1250 4387 Remus,
1294 4331 1429 4391 quos
1468 4316 1609 4370 inter
1657 4318 1904 4382 pastores

1997 1887 2127 1927 nere
2152 1867 2431 1925 funeribus
2465 1877 2632 1940 raptae
2674 1869 2870 1924 laceris
2916 1867 3116 1932 comis;
3168 1866 3245 1921 sic
3284 1880 3385 1935 pax
3431 1865 3569 1919 facta

1996 1974 2117 2014 cum
2156 1958 2330 2023 Tatio,
2362 1957 2640 2027 foedusque
2661 1958 2971 2026 percussum
2996 1963 3096 2008 est.
3127 1953 3295 2021 Quem
3328 1962 3438 2007 tum
3461 1945 3568 2006 Ta—

1997 2049 2129 2103 tium
2160 2063 2341 2103 senem
2357 2047 2595 2102 honestis
2618 2045 2831 2116 pietatis
2855 2045 3034 2099 causis
3056 2044 3415 2106 insistentem,
3438 2057 3561 2097 mox

1996 2146 2054 2192 ut
2078 2138 2131 2191 in
2171 2137 2482 2191 societatem
2515 2136 2663 2206 regni
2692 2133 2953 2189 Romulus
2996 2133 3305 2203 assumpsit,
3349 2131 3566 2187 occidit.

1999 2226 2140 2298 Ergo
2169 2225 2307 2295 pulsi
2340 2223 2628 2296 fugatique
2664 2224 2905 2289 Vientes,
2948 2221 3308 2278 Cennensium
3353 2229 3571 2290 captum

1998 2312 2062 2371 ac
2103 2316 2338 2371 dirutum
2370 2322 2455 2369 est
2501 2314 2773 2385 oppidum,
2818 2312 2989 2383 spolia
3045 2312 3265 2382 insuper
3300 2311 3477 2380 opima
3507 2310 3572 2364 de

1998 2421 2123 2478 rege
2152 2406 2365 2476 Argone
2405 2405 2643 2461 Feretrio
2673 2420 2767 2459 rex
2809 2403 3123 2472 reportavit.
3160 2394 3387 2472 Tarpeia
3417 2416 3572 2456 nam-

2000 2512 2105 2568 quc
2133 2498 2284 2568 virgo
2316 2494 2571 2566 praedicta
2618 2495 2819 2566 clypeis
2859 2494 3182 2549 Sabinorum
3224 2494 3415 2547 obruta
3460 2500 3562 2547 est.

2003 2586 2155 2642 Unde
2185 2601 2339 2640 mons
2381 2584 2640 2654 Tarpeius
2692 2599 2885 2639 nomen
2937 2584 3150 2653 accipit,
3198 2583 3249 2636 in
3287 2597 3393 2651 quo
3429 2596 3572 2636 nunc

1998 2686 2082 2734 est
2113 2672 2452 2745 Capitolium.
2481 2673 2599 2730 Jam
2629 2674 2756 2729 hinc
2800 2673 3138 2729 incessabilia
3181 2672 3475 2728 certamina
3518 2680 3574 2726 et

1993 2768 2147 2840 juxta
2177 2768 2528 2837 quantitatem
2558 2766 2753 2820 virium
2795 2775 3013 2821 externa
3040 2775 3202 2835 atque
3224 2765 3399 2820 civilia
3427 2758 3573 2820 sem-

1997 2875 2096 2930 per
2123 2860 2306 2930 gravia
2329 2858 2562 2912 fuerunt.
2607 2856 2773 2927 Igitur
2798 2855 3055 2911 Romulus
3084 2856 3227 2911 hunc
3268 2856 3573 2926 reipublicze

2000 2949 2253 3019 imposuit
2282 2955 2501 3003 statum.
2534 2945 2794 3001 Inventus
2816 2946 2982 3001 divisa
3006 2961 3103 3016 per
3124 2946 3312 3011 tribus,
3346 2947 3397 3000 in
3421 2946 3574 3016 equis

2003 3048 2061 3095 et
2093 3039 2279 3103 armis,
2327 3042 2388 3092 n’t
2430 3037 2497 3092 ad
2525 3036 2702 3092 subita
2744 3036 2883 3093 bella
2927 3036 3238 3103 excubaret,
3286 3037 3571 3093 consilium

1926 3100 1970 3164 (ἶ
2002 3140 2183 3187 autem
2210 3129 2514 3199 reipublicae
2549 3144 2718 3199 penes
2743 3143 2900 3184 senes
2921 3138 3084 3194 esset,
3121 3100 3313 3199 quite:
3341 3129 3576 3184 auctori-

2004 3231 2116 3278 tate
2152 3230 2336 3292 patres
2375 3223 2727 3285 vocabantur,
2774 3220 2843 3277 ob
2871 3228 3084 3276 aetatem
3131 3228 3378 3288 senatus;
3411 3230 3467 3275 et
3507 3236 3573 3277 ex

2003 3313 2200 3386 populo
2240 3314 2385 3368 triIIe
2410 3312 2626 3384 collegit
2664 3312 2830 3379 viros,
2875 3310 2968 3382 qui
3006 3312 3202 3367 armati
3231 3313 3333 3367 sibi
3357 3312 3575 3367 assiste-

2003 3417 2126 3463 rent
2153 3407 2405 3477 expediti.
2436 3406 2591 3462 Unde
2613 3420 2644 3459 a
2678 3405 2825 3461 mille
2862 3404 3060 3460 milites
3086 3404 3233 3469 dicti,
3268 3403 3407 3459 sicut
3429 3418 3460 3457 a
3488 3417 3572 3457 se-

2004 3498 2162 3552 nibus
2191 3505 2489 3563 senatores,
2520 3504 2575 3551 et
2605 3512 2635 3550 a
2660 3496 2826 3551 curiis
2857 3493 3111 3562 Quirites.
3136 3493 3282 3549 Idem
3310 3493 3571 3548 Romulus

2005 3588 2143 3659 apud
2185 3585 2433 3657 paludem
2473 3602 2571 3657 per
2610 3592 2772 3655 caput
2808 3584 2958 3654 capri
2997 3583 3260 3646 sublatus,
3308 3582 3597 3652 nusquam'

2005 3676 2324 3747 comparuit.
2351 3674 2477 3740 Sed,
2499 3675 2759 3730 suadente
2775 3672 3022 3736 Proculo,
3048 3672 3276 3739 Quintus
3300 3681 3383 3728 est
3400 3674 3577 3727 nomi-

2005 3775 2185 3832 natus,
2228 3779 2386 3836 quem
2430 3774 2613 3821 tamen
2662 3780 2692 3818 a
2733 3773 2921 3819 senatu
2951 3772 3170 3834 propter
3206 3764 3387 3819 acrius
3421 3763 3574 3834 inge-

2006 3858 2155 3914 nium
2182 3858 2461 3927 deceptum
2486 3862 2752 3911 asserunt.
2796 3855 2995 3910 Eodem
3027 3863 3267 3924 tempore
3307 3853 3578 3909 Senache-

2005 3948 2088 4002 rib
2112 3962 2203 4003 rex
2225 3945 2598 4017 Chaldaeorum
2611 3946 2679 4001 ad
2700 3945 3103 4000 custodiendam
3124 3944 3393 4015 regionem
3408 3944 3577 3999 lsrac~

2004 4036 2218 4091 Iitarum
2248 4036 2459 4092 accolas
2480 4036 2728 4107 Assyrios
2748 4036 2915 4092 misit.
2948 4036 3050 4103 Qui
3069 4035 3404 4091 mmulatores
3428 4036 3577 4092 Idam

1998 4128 2137 4198 legis
2176 4127 2323 4194 facti,
2371 4127 2653 4182 Samaritae
2683 4128 2974 4198 nuncupati
3007 4135 3158 4193 sunt;
3207 4128 3347 4196 quod
3389 4126 3576 4181 Latina

2004 4218 2182 4290 lingua
2207 4219 2528 4289 exprimitur
2550 4218 2819 4283 custodes,
2850 4218 2941 4288 qui
2987 4218 3200 4289 proprie
3244 4218 3447 4272 Euthaai
3482 4232 3573 4272 vo-

2004 4319 2211 4373 cantur,
2241 4324 2272 4363 a
2294 4310 2527 4379 quodam
2552 4308 2770 4364 ﬂumine
2787 4310 2980 4373 Eutha,
3005 4310 3145 4381 quod
3173 4316 3256 4364 est
3282 4311 3335 4363 in
3357 4309 3547 4380 provin

338 4421 576 4476 diximus
599 4417 881 4482 enutritus,
904 4415 1231 4483 collectoque
1255 4418 1528 4481 pastorum
1557 4411 1717 4473 atque
1744 4401 1905 4454 latro-
1936 4441 1981 4499 ο
2006 4401 2088 4456 cia
2114 4401 2326 4466 Pesida,
2350 4402 2491 4458 unde
2529 4416 2624 4457 rex
2653 4416 2747 4457 eos
2787 4402 3019 4473 migrare
3058 4401 3262 4458 fecerat
3298 4403 3353 4457 in
3383 4401 3574 4457 Sama-

341 4526 473 4566 num
502 4509 858 4571 multitudine,
905 4507 1160 4561 Romana:
1211 4502 1359 4556 urbis
1407 4497 1634 4554 aedificia
1678 4494 1902 4548 inchoa-

337 4608 554 4665 vcrnnt,
618 4614 819 4668 suoque
858 4599 922 4652 de
969 4596 1183 4650 nomine
1214 4592 1416 4661 junior,
1458 4589 1549 4659 qui
1592 4597 1905 4657 germanum

337 4697 665 4763 peremerat,
715 4689 899 4743 urbem
938 4686 1121 4741 vocari
1161 4684 1431 4756 praecepit.
1478 4678 1646 4749 Cujus
1683 4688 1907 4747 regnum

337 4780 494 4836 urbis
518 4780 771 4835 continuo
805 4777 1062 4832 Romulus
1103 4774 1400 4831 fratricidio
1430 4770 1639 4834 imbuit,
1685 4767 1910 4838 parique

339 4886 599 4927 successu
643 4867 973 4924 crudelitatis
1001 4906 1014 4931 ,
1069 4864 1184 4920 sine
1232 4878 1382 4918 mora
1444 4867 1626 4930 raptas
1680 4855 1913 4911 Sabinas

338 4959 616 5024 mulieres,
640 4956 895 5029 improbis
919 4956 1119 5025 nuptiis
1138 4952 1554 5015 confmderatas,
1587 4948 1911 5003 maritorum

339 5062 401 5107 et
428 5057 707 5121 parentum
738 5062 931 5103 cruore
956 5046 1177 5101 dotavit.
1222 5044 1407 5113 Itaque
1453 5040 1713 5105 Romulus
1742 5039 1916 5092 inter-

342 5141 489 5196 fecto
522 5140 752 5209 primum
797 5152 898 5192 avo
942 5134 1241 5197 Numitore,
1288 5133 1485 5186 dehinc
1525 5130 1691 5184 Remo
1724 5127 1911 5194 fratre,

344 5234 574 5303 arripuit
594 5221 894 5302 imperium,
919 5228 1213 5294 urbemque
1234 5221 1527 5286 constituit,
1552 5235 1775 5289 regnum
1801 5220 1909 5283 avi,

345 5339 535 5380 muros
561 5320 763 5387 fratris,
800 5318 1073 5388 templum
1099 5314 1267 5370 soceri
1314 5313 1575 5381 sanguine
1620 5310 1907 5374 dedicavit,

346 5415 732 5471 sceleratorum
772 5426 987 5467 manum
1028 5406 1290 5478 promissa
1330 5403 1648 5471 impunitate
1675 5399 1911 5469 collegit.

347 5507 429 5559 Α]
460 5504 679 5558 tutelam
706 5517 834 5558 vero
864 5515 1012 5555 nova:
1052 5497 1220 5560 urbis,
1255 5493 1497 5549 sullicet'c
1540 5492 1734 5545 vallum
1765 5492 1914 5544 vide-

350 5598 531 5661 batur,
574 5596 725 5664 cujus
757 5594 880 5649 dum
912 5590 1186 5663 angustias
1232 5585 1427 5641 llcutns
1470 5584 1728 5649 increpat,
1778 5582 1915 5635 saltu

351 5690 660 5756 transilivit,
692 5689 781 5757 qui
803 5686 951 5757 jussu
978 5684 1155 5739 fratris
1194 5682 1404 5737 occisus
1438 5686 1548 5744 cst;
1576 5677 1745 5747 prima
1773 5683 1918 5731 certe

2009 4492 2166 4546 riam.
2701 4524 2709 4535 .

2597 4582 2824 4639 CAPUT
2862 4582 2996 4637 XIII.

2017 4694 2288 4750 Medorum
2317 4694 2344 4748 1
2364 4694 2698 4767 ννεηνάίεηε,
2728 4713 2827 4767 quo
2861 4704 3124 4767 regnante,
3159 4693 3332 4747 Numa
3363 4710 3451 4746 rex
3482 4692 3583 4767 Let-

2086 4767 2311 4847 tinorum
2338 4766 2462 4834 fuit,
2489 4767 2577 4822 aui
2602 4764 2767 4819 mum:
2802 4764 2938 4819 vanu
2984 4764 3206 4818 instituit
3247 4774 3292 4818 et
3335 4764 3583 4829 superstic

2085 4847 2239 4890 ιιοεα.

2091 4948 2253 5017 Igitur
2301 4945 2576 5000 Medorum
2623 4941 2686 4995 ιν
2733 4941 3009 5005 Cardicas,
3059 4941 3215 4994 anuis
3262 4940 3345 4992 15.
3376 4941 3421 4993 Α
3449 4956 3582 4993 con-

2021 5044 2316 5097 structione
2341 5054 2470 5095 vero
2516 5037 2696 5106 templi
2731 5036 3032 5090 tricesimus
3076 5042 3319 5102 quartus,
3350 5035 3448 5086 sub
3476 5048 3581 5101 qun

2020 5134 2282 5189 Ezechias
2322 5128 2579 5200 regnabat
2625 5127 2680 5181 in
2725 5125 2925 5181 Judaza.
2974 5124 3171 5179 Decem
3212 5140 3338 5178 vero
3389 5124 3579 5186 tribus,

2018 5239 2137 5294 qum
2181 5220 2508 5274 vocabantur
2551 5217 2733 5281 Israel,
2776 5215 2888 5285 jam
2930 5217 2979 5270 in
3032 5216 3395 5283 captivitatem
3434 5224 3584 5268 erant

2019 5316 2210 5367 ductae.
2255 5308 2599 5363 Macedonum
2627 5322 2718 5362 rex
2757 5305 2979 5362 Perdica
3018 5313 3153 5368 erat,
3182 5304 3583 5358 Atheniensium

2020 5402 2418 5471 Hippomenes,
2484 5398 2570 5452 cui
2620 5396 2905 5452 Lcocratcs
2962 5394 3219 5449 succedit.
3274 5393 3585 5456 Latinorum

2023 5491 2188 5545 Numa
2209 5531 2222 5553 ,
2253 5490 2341 5557 qni
2365 5498 2419 5541 et
2447 5488 2757 5556 Pompilius,
2786 5494 2906 5555 post
2931 5484 3213 5537 Romulum
3242 5483 3445 5537 exstitit
3468 5498 3586 5547 rex,

2022 5583 2112 5651 qui
2150 5580 2351 5634 nullum
2380 5593 2501 5631 cum
2532 5578 2769 5630 finitimis
2810 5575 2974 5644 gessit
3015 5573 3227 5626 bellum.
3262 5573 3404 5626 Duos
3444 5588 3589 5625 mcu-

2025 5688 2111 5728 ses
2140 5674 2184 5725 is
2217 5686 2356 5723 anno
2388 5668 2613 5733 addidit,
2653 5665 2964 5719 Ianuarium
2994 5673 3047 5717 ct
3070 5662 3437 5728 Ft'Itl‘tlltl‘Illltl,
3468 5677 3591 5739 cum
