3898 6178
303 289 410 345 98.3

1311 284 1702 341 FBECUIPIII
1743 282 2196 342 LEXOV'IENSIS
2235 285 2533 343 EPISCOPI

3474 287 3581 344 985

305 412 460 457 antea
497 399 682 456 decem
711 403 916 451 tantum
955 396 1096 466 apud
1139 396 1414 451 Romanos
1455 396 1683 452 fuissent
1727 412 1757 450 a
1791 396 1901 451 Ro-
1929 403 1974 460 Α
2006 400 2057 452 in
2088 398 2236 452 Italia
2278 397 2470 462 Locri;
2515 400 2566 452 in
2606 396 2993 452 lacedwmone
3021 409 3152 450 vero
3195 411 3431 465 primum
3464 407 3587 453 acta

309 492 456 546 mulo
506 490 756 544 instituti.
816 486 1142 556 Capitolium
1197 502 1411 556 quoque
1455 502 1485 540 a
1533 485 1894 541 fundamentis

309 582 611 644 mdiflcavit,
644 579 728 632 vir
751 579 804 632 in
844 577 1102 649 religione
1132 593 1411 632 sacrorum
1445 577 1770 648 praacipuus,
1800 576 1891 645 qui

309 687 463 728 sacra
491 678 545 725 et
583 668 933 723 caeremonias
955 683 1280 738 omnemque
1306 667 1508 722 cultum
1535 667 1757 722 deorum
1801 668 1895 720 do-

308 765 438 819 cuit.
488 761 802 826 Pontifices,
849 775 1106 832 augures,
1146 771 1456 830 cmteraque
1491 759 1794 814 sacerdotia
1841 767 1898 812 et

307 869 516 917 secreta
541 860 785 932 quzedam
814 858 1027 927 imperii
1067 857 1293 928 pignora
1336 853 1640 924 descripsit,
1671 851 1895 907 Ianum—

307 967 411 1021 que
455 952 766 1006 bifrontem.
810 948 902 1004 Ille
943 949 1147 1018 primus
1190 946 1368 1001 focum
1398 947 1576 1001 Vestae
1602 943 1899 1014 virginibus

307 1044 589 1099 colendum
640 1042 807 1107 dedit,
847 1049 905 1094 ut
943 1041 1011 1095 ad
1055 1039 1408 1094 simulacrum
1451 1047 1635 1093 custos
1685 1037 1895 1105 imperii

308 1135 608 1190 etelestium
631 1133 868 1189 siderum
899 1132 1111 1185 ﬂamma
1134 1131 1407 1201 vigilaret.
1431 1127 1488 1183 In
1517 1136 1725 1182 tantum
1753 1127 1896 1181 enim

309 1225 546 1279 vanitate
574 1223 830 1293 deceptus
858 1231 963 1286 est,
991 1230 1049 1274 ut
1069 1220 1223 1290 plura
1259 1217 1478 1274 diabolo
1497 1217 1736 1272 dictante
1763 1233 1896 1271 con-

309 1314 594 1379 scriberet,
623 1328 743 1384 quae
767 1319 952 1382 postea
979 1311 1024 1365 si
1056 1311 1122 1365 ad
1159 1309 1440 1364 hominum
1485 1307 1733 1362 notitiam
1770 1321 1896 1376 per-

312 1404 578 1468 venirent,
621 1403 847 1459 nimium
895 1402 1148 1458 obfutura
1193 1400 1464 1472 cognovit.
1514 1397 1620 1454 Sed
1656 1398 1781 1468 quia
1812 1397 1897 1451 in-

313 1496 542 1550 cendere
584 1508 649 1549 ea
695 1494 894 1558 timuit,
931 1493 1086 1564 juxta
1117 1507 1274 1548 suum
1311 1491 1542 1545 latenter
1571 1475 1894 1559 sepulcrum,

313 1586 403 1642 ubi
432 1585 702 1640 neminem
733 1575 1078 1640 accessurum
1127 1583 1375 1648 credidit,
1426 1581 1527 1636 sub
1574 1581 1737 1636 humo
1768 1578 1896 1634 abs-

313 1676 514 1733 condit.
558 1675 862 1732 Deccdente
905 1690 1033 1732 vero
1075 1686 1340 1744 tempore,
1389 1673 1610 1744 quidam
1657 1671 1898 1726 rusticus

313 1776 440 1823 dum
485 1768 539 1824 in
574 1770 764 1824 eodem
797 1768 1181 1839 agriculturam
1215 1773 1494 1822 exerceret
1537 1764 1676 1830 loco,
1719 1772 1900 1818 aratro

311 1859 574 1915 evellente
607 1861 711 1916 hoc
743 1861 1003 1931 scriptum
1032 1859 1254 1929 reperit,
1279 1857 1496 1928 praetori
1526 1841 1737 1921 obtulit,
1764 1870 1902 1925 prae-

313 1958 400 2006 tor
429 1965 556 2005 vero
596 1950 830 2005 senatui.
883 1949 1116 2005 Senatus
1146 1955 1328 2004 autem
1376 1956 1436 2003 ut
1473 1947 1628 2012 vidit,
1673 1946 1900 2000 nimium

310 2042 612 2098 detestatus
651 2043 953 2107 exhorruit,
1011 2051 1067 2098 et
1105 2041 1355 2098 incendio
1389 2040 1630 2103 tradens,
1671 2051 1898 2092 concre-

313 2133 503 2198 mavit,
531 2146 599 2186 ne
633 2131 813 2203 aliqua
866 2133 1180 2188 curiositate
1225 2132 1290 2185 ad
1323 2129 1604 2185 hominum
1649 2127 1900 2182 notitiam

315 2231 521 2277 tantum
562 2222 716 2279 nefas
760 2223 1083 2278 diabolicum
1126 2222 1454 2292 perveniret.
1487 2219 1691 2274 Bellum
1735 2218 1901 2272 etiam

312 2315 457 2383 quod
490 2315 545 2368 in
582 2315 743 2386 Tyria
797 2322 1008 2386 gestum
1057 2324 1141 2370 est
1195 2315 1338 2369 inter
1389 2313 1802 2368 Lacedaemones
1849 2319 1905 2366 et

312 2407 542 2476 Argivos
568 2423 712 2462 nunc
739 2406 905 2461 fuisse
925 2407 1168 2462 creditur
1200 2422 1213 2460 :
1262 2403 1486 2475 Sibylla,
1515 2417 1634 2472 quae
1668 2409 1722 2454 et
1765 2399 1900 2454 Ero-

312 2497 480 2568 phila,
513 2497 567 2550 in
609 2496 772 2552 Samo
803 2497 1030 2568 insignis
1069 2497 1388 2550 habebatur.
1436 2491 1744 2547 Nicomedia
1775 2500 1904 2546 tunc

313 2585 532 2642 condita
569 2595 674 2652 est,
719 2600 840 2659 quae
883 2586 1033 2655 prius
1072 2584 1304 2639 Astacus
1328 2585 1645 2648 vocabatur,
1693 2595 1801 2650 quo
1848 2580 1902 2634 in

319 2687 562 2748 tempore
583 2677 992 2748 prophetabant
1010 2676 1179 2732 Isaias
1209 2683 1262 2731 et
1285 2675 1444 2732 Osee.

907 2786 1136 2843 CAPUT
1171 2787 1312 2842 XIV.

315 2857 594 2912 Medorum
631 2856 674 2910 V
705 2857 948 2928 Dejores,
979 2858 1072 2911 sub
1100 2875 1203 2929 quo
1257 2857 1532 2929 Manasses
1575 2856 1631 2911 in
1669 2855 1900 2929 Babylo-

391 2929 533 2982 niam
558 2926 792 2999 captivus
822 2931 1041 2999 fluctus,
1069 2926 1122 2982 et
1156 2927 1532 2999 paenitentiam
1553 2926 1754 2996 agendo
1799 2943 1904 2999 me:

385 2999 489 3051 ruit
540 2995 757 3052 abiolvi.
811 2995 1169 3052 Romanorum
1222 3014 1339 3051 vero
1396 2995 1601 3050 Tullius
1654 3013 1766 3060 rex,
1813 2997 1904 3066 qui

385 3066 555 3121 multa
587 3067 884 3137 reipublicae
907 3067 976 3120 ad
1021 3067 1615 3137 decorentpertinentia
1654 3067 1900 3131 instituit,

388 3146 435 3190 et
456 3153 573 3207 qua:
599 3136 834 3190 civitates
864 3146 988 3190 tunc
1009 3145 1130 3190 sunt
1152 3136 1395 3190 conditaz.

389 3226 560 3298 Igitur
608 3224 887 3280 Medorum
925 3224 968 3280 ν
1007 3223 1253 3294 Dejoces,
1290 3225 1447 3280 annis
1483 3225 1572 3279 54.
1618 3225 1660 3278 Α
1689 3226 1908 3282 condito

318 3319 543 3390 templo,
582 3319 998 3374 trecentesimus
1025 3317 1286 3388 septimus
1329 3316 1572 3374 decimus
1611 3326 1747 3373 erat.
1797 3317 1909 3374 Sub

319 3425 426 3479 quo
454 3408 732 3464 Manasses
757 3409 901 3480 parti
927 3407 1125 3463 Iudaea:
1151 3407 1279 3462 dum
1330 3417 1602 3479 regnaret,
1631 3410 1824 3464 ductus
1853 3411 1906 3465 in

303 3500 647 3584 Babylonem
688 3503 955 3571 captivus,
1003 3499 1194 3556 ferreis
1240 3501 1471 3557 vinculis
1517 3501 1770 3573 illigatus,
1797 3502 1906 3558 fcr-

313 3602 406 3647 tur
439 3593 814 3664 ptenitentiam
837 3593 1034 3664 egisse,
1065 3591 1221 3662 cujus
1247 3601 1303 3648 et
1329 3593 1606 3649 canticum
1629 3594 1904 3664 pteniten-

318 3683 406 3739 tia:
435 3683 651 3754 legitur.
679 3683 869 3738 Postea
919 3700 1048 3739 vero
1085 3700 1334 3740 reversus
1385 3684 1438 3738 in
1478 3700 1723 3757 regnum,
1763 3686 1903 3740 mala

316 3775 594 3844 praeterita
617 3775 878 3829 damnans
898 3775 1226 3844 paenitendo,
1245 3776 1354 3830 Deo
1374 3775 1538 3830 etiam
1562 3759 1768 3844 gratias
1779 3791 1904 3847 age-

321 3865 414 3919 bat
451 3866 541 3935 qui
577 3863 694 3933 ejus
721 3866 996 3920 exaudixit
1025 3881 1233 3935 preces,
1262 3865 1497 3935 eripiens
1523 3880 1644 3920 eum
1667 3881 1696 3919 a
1726 3866 1900 3920 maxi-

321 3954 425 4009 mis
465 3955 749 4023 angnstiis,
786 3955 977 4010 deinde
1009 3955 1172 4010 vitam
1215 3955 1414 4010 ducens
1452 3955 1772 4020 mirabilem,
1819 3964 1901 4010 ta-

315 4061 439 4100 men
464 4046 682 4116 reliquit
708 4046 874 4102 ﬁlium
902 4061 1057 4102 suum
1085 4047 1378 4118 pessimum
1404 4046 1634 4102 Ammon
1682 4063 1902 4102 succes-

314 4151 513 4192 sorem.
549 4137 755 4204 Quibus
780 4137 969 4193 diebus
989 4138 1403 4193 Atheniensium
1425 4147 1545 4193 erat
1572 4153 1666 4193 rex
1691 4138 1900 4192 Absan-

316 4226 434 4291 der,
485 4228 571 4282 cui
621 4229 884 4284 successit
927 4229 1162 4284 Erixias.
1212 4227 1504 4299 Postquam
1560 4228 1902 4284 cessantibus

315 4315 532 4387 regibus
558 4318 836 4371 constituti
879 4325 1005 4373 sunt
1027 4318 1325 4388 principes,
1353 4317 1510 4373 electi
1553 4318 1764 4374 nobiles
1799 4334 1898 4374 no-

312 4419 436 4458 vem
481 4404 893 4461 Atheniensium
943 4407 1062 4462 urbi
1114 4408 1462 4478 praefuerunt,
1511 4408 1896 4479 rempublicam

313 4505 552 4564 agentes.
595 4495 946 4550 Macedonum
995 4495 1238 4566 Argacus
1277 4514 1292 4563 ;
1341 4497 1708 4553 Romanorum
1764 4514 1895 4554 vero

313 4583 521 4640 Tullius
550 4584 828 4652 Hostilius,
857 4586 945 4641 cui
989 4587 1059 4642 ob
1109 4588 1370 4642 honorem
1402 4590 1624 4644 virtutis
1672 4606 1897 4661 regnum

311 4674 454 4730 ultro
497 4677 684 4731 datum
726 4685 828 4732 est.
873 4676 975 4733 llic
998 4692 1214 4734 omnem
1239 4679 1528 4734 militarem
1558 4679 1895 4750 disciplinam

312 4774 595 4836 artemque
632 4765 866 4822 bellandi
902 4767 1155 4822 instituit.
1199 4768 1415 4822 Primus
1461 4783 1644 4839 regum
1696 4768 1894 4823 Roma-

309 4872 505 4912 norum
554 4872 792 4928 purpura
836 4868 892 4914 et
935 4858 1168 4915 fascibus
1214 4875 1344 4916 usus
1389 4868 1490 4924 est,
1549 4860 1638 4915 ille
1688 4861 1892 4914 ambitu

309 4949 466 5004 vallis
494 4951 682 5006 urbem
707 4951 1009 5021 ampliavit,
1049 4952 1260 5022 adjecto
1293 4961 1473 5007 monte
1509 4951 1674 5006 Celio.
1705 4951 1893 5022 Itaque

310 5041 546 5096 exercita
573 5039 859 5110 juventute
908 5042 1152 5097 intulisse
1181 5043 1404 5098 Albanis
1443 5043 1664 5108 bellum,
1703 5051 1757 5098 et
1801 5043 1890 5098 diu

308 5134 634 5190 altrinsecus
664 5149 759 5204 spe
801 5135 1004 5189 incerta
1032 5134 1202 5198 clade,
1239 5136 1450 5189 tandem
1480 5135 1744 5204 pessimus
1772 5135 1888 5188 exi-

309 5236 394 5282 tus
422 5236 479 5281 et
515 5227 710 5282 dubius
748 5235 996 5292 eventus,
1043 5227 1425 5295 compendiosa
1470 5227 1888 5296 tergeminorum

305 5321 687 5391 congressione
729 5319 912 5375 fuisse.
952 5320 1180 5386 Rursus,
1210 5333 1344 5388 pace
1375 5319 1637 5389 disrupta,
1670 5317 1889 5372 Metium

307 5409 588 5465 Suffetinm
633 5410 935 5466 Fidinatem
979 5409 1117 5465 bella
1157 5409 1524 5473 meditantem,
1567 5408 1730 5464 etiam
1761 5424 1889 5477 pro-

304 5499 507 5554 ditione
539 5515 858 5568 suspensum
877 5541 892 5566 ,
921 5501 1171 5556 curribus
1201 5500 1253 5554 in
1286 5500 1498 5556 diversa
1528 5501 1888 5570 raptantibus,

303 5587 531 5656 duplicis
564 5590 730 5643 animi
759 5605 958 5645 noxam
988 5605 1146 5661 paena
1179 5589 1378 5644 diversi
1407 5590 1650 5660 corporis
1677 5605 1887 5661 expen-

303 5676 469 5732 disse.
501 5679 706 5746 Quibus
750 5685 914 5738 etiam
962 5685 1154 5740 diebus
1199 5684 1413 5740 Cizicus
1457 5684 1672 5739 condita
1703 5693 1804 5749 est,
1837 5693 1890 5739 et

1998 487 2337 558 nudipedalia
2368 488 2661 542 dicuntur:
2708 485 2892 540 Musici
2923 500 3158 554 namque
3183 485 3508 557 Archilogus
3533 496 3588 542 et

1999 578 2344 649 Symonides,
2391 579 2852 646 Aristozenttsque
2879 617 2894 643 ,
2944 577 3179 632 illustres
3222 578 3587 633 habebantur.

1997 668 2183 739 Itaque
2228 669 2510 740 legislator
2561 669 2824 724 Zeleucus
2870 668 3239 737 frequentibus
3298 670 3594 739 praeouiis

1999 759 2380 814 celebrabatur
2419 775 2434 822 ;
2497 757 2751 829 Cypsilus
2793 758 2940 812 enim
2987 759 3038 812 in
3101 755 3344 812 Corintio
3395 767 3589 830 tyran-

1996 850 2177 904 nidem
2223 851 2530 905 exercebat.
2597 848 2748 904 Tunc
2783 849 3103 920 Byzantium
3157 850 3436 906 conditum
3481 862 3588 919 est,
3633 887 3644 892 -

1998 949 2054 997 et
2076 939 2309 1011 Hystriis
2328 941 2523 997 civitas
2551 941 2606 995 in
2641 940 2833 996 Ponto.

2607 1049 2834 1108 CAPUT
2873 1051 2985 1105 XV.

2001 1143 2275 1198 Medorum
2317 1142 2390 1197 VI
2422 1145 2731 1209 Phraortes,
2780 1145 2874 1200 sub
2911 1161 3012 1214 quo
3051 1143 3229 1198 Josias
3271 1143 3588 1200 Juda'orum

2251 1230 2365 1279 rex,
2391 1224 2438 1268 et
2478 1214 2835 1269 Romanon
2879 1216 3054 1268 Ancus
3081 1214 3330 1270 Martius.

2071 1305 2346 1361 Medorum
2375 1306 2443 1362 Vl
2470 1305 2784 1373 Phraortes,
2814 1307 2974 1362 annis
2993 1306 3084 1360 24.
3117 1307 3160 1361 A
3185 1307 3406 1363 condito
3429 1324 3588 1364 nam-

1999 1411 2104 1466 que
2143 1397 2342 1468 templo
2381 1400 2504 1454 anni
2536 1399 2658 1462 571,
2704 1400 2804 1454 sub
2831 1413 2938 1468 quo
2971 1397 3149 1453 Josias
3186 1413 3419 1468 regnare
3463 1413 3582 1454 co:—

1998 1488 2077 1558 pit
2129 1489 2269 1559 parti
2315 1489 2532 1557 Judzeae,
2586 1490 2705 1562 qui.
2736 1491 2886 1546 lucos
2934 1491 3185 1554 succidit,
3242 1499 3299 1545 et
3336 1492 3587 1563 gentium

2001 1579 2142 1633 iiola
2187 1579 2253 1635 de
2292 1596 2391 1635 suo
2426 1596 2595 1650 regno
2619 1582 2836 1652 abjecit,
2877 1581 3157 1651 Deumque
3202 1582 3327 1636 cteli
3378 1583 3592 1653 integre

2000 1671 2186 1726 coluit.
2217 1669 2351 1727 Ossa
2396 1673 2564 1728 etiam
2605 1672 2838 1727 humana
2877 1687 3040 1742 super
3091 1672 3262 1727 altare
3292 1673 3591 1728 combussit

1928 1745 1974 1804 Β
2002 1763 2143 1831 quod
2170 1763 2367 1833 impius
2392 1762 2680 1818 Ieroboam
2706 1764 2772 1818 ad
2806 1763 3211 1818 subversionem
3253 1764 3418 1819 Israel
3453 1779 3587 1819 con-

2001 1861 2296 1907 struxerat.
2338 1851 2666 1924 Adimplevit
2711 1869 2943 1924 namque
2970 1855 3112 1925 quod
3145 1857 3211 1910 de
3257 1870 3324 1910 eo
3352 1856 3589 1926 prophe-

2002 1951 2171 1997 tatum
2219 1943 2396 1999 fuerat
2423 1958 2520 2014 per
2563 1946 2739 1999 virum
2770 1945 2864 2000 Dei
2893 1945 3105 2002 Jaddun
3133 1947 3199 2001 de
3247 1945 3387 2002 Juda
3431 1945 3588 2002 «ιρι-ο-

2001 2035 2159 2090 boam
2193 2036 2538 2092 sacrificanti.
2589 2036 2869 2108 Philippus
2903 2039 3253 2094 Macedonum
3304 2055 3400 2094 rex
3457 2049 3586 2095 tunc

2001 2135 2136 2193 erat,
2164 2134 2219 2181 et
2254 2125 2436 2182 Ancus
2466 2126 2687 2182 Martius
2709 2127 3101 2193 Romanorum,
3134 2128 3382 2198 Pompilii
3420 2145 3589 2200 nepos

2000 2231 2065 2272 ex
2100 2215 2228 2270 filia.
2259 2215 2356 2271 Hic
2381 2216 2711 2272 Aventinum
2741 2226 2976 2273 montem
3013 2225 3069 2273 et
3106 2216 3411 2273 Ianiculum
3460 2219 3577 2274 urbi

2001 2308 2224 2372 addidit,
2251 2316 2306 2362 et
2325 2323 2480 2362 muro
2512 2308 2711 2364 mrenia
2734 2309 3014 2380 amplexus
3043 2317 3146 2375 est,
3182 2318 3237 2363 et
3264 2307 3576 2365 inﬂuentem

2002 2395 2328 2466 Tyberinum
2357 2397 2478 2451 urbi
2512 2406 2730 2466 pontem
2753 2397 3043 2452 commisit.
3077 2396 3250 2468 Supra
3283 2413 3438 2453 mare
3460 2413 3586 2452 vero

2002 2487 2164 2541 tertio
2200 2485 2411 2542 decimo
2443 2488 2511 2542 ab
2537 2488 2671 2543 urbe
2711 2488 2962 2544 milliaria
2988 2489 3042 2543 in
3067 2489 3184 2559 ipso
3205 2487 3444 2543 fluminis
3471 2505 3586 2543 ma—

2001 2580 2185 2650 risque
2225 2579 2460 2635 conﬁnio
2501 2580 2708 2637 Ostiam
2763 2581 3036 2636 civitatem
3085 2581 3345 2637 condidit.
3385 2581 3586 2649 Quibus

2003 2672 2193 2728 diebus
2237 2671 2320 2744 (ut
2360 2673 2578 2742 quidam
2619 2672 2820 2744 ferunt)
2851 2673 3048 2729 Thales
3089 2672 3340 2728 Melesius
3373 2673 3581 2743 primus

2000 2763 2255 2835 physicus
2274 2764 2625 2832 philosophus
2647 2764 2828 2819 clarus
2857 2765 3174 2830 habebatur,
3199 2765 3580 2835 prophetanti-

2001 2854 2102 2910 bus
2147 2856 2198 2910 in
2224 2853 2409 2910 Iudaea
2449 2855 2739 2920 Hieremia,
2771 2855 2905 2912 Olda
2931 2857 3153 2912 muliere
3195 2866 3251 2912 et
3281 2855 3577 2926 Sophonia.

2003 2945 2156 3002 Tunc
2185 2947 2422 3002 musicus
2463 2947 2778 3017 Tarpander
2821 2948 3048 3020 insignis
3087 2949 3407 3004 habebatur.
3445 2947 3581 3004 Ora-

2008 3038 2132 3093 culo
2179 3054 2417 3110 namque
2466 3041 2736 3095 Dodonzeo
2787 3041 3020 3111 primum
3072 3057 3167 3096 usa
3197 3054 3284 3097 est
3338 3041 3588 3098 Grmcia:

2011 3129 2288 3200 Myrtheus
2326 3130 2674 3186 Atheniensis
2709 3142 2865 3202 poeta
2897 3142 3028 3188 tunc
3055 3135 3424 3205 cognoscitur,
3457 3137 3588 3189 Dra-

2001 3223 2109 3303 ~cbo
2135 3223 2456 3294 legumlator
2493 3231 2622 3280 tunc
2649 3225 2810 3280 etiam
2851 3223 3017 3280 fuisse
3047 3225 3258 3280 fertur:
3292 3226 3592 3296 Epidaurus

2005 3312 2196 3368 civitas
2225 3314 2462 3382 condita,
2501 3332 2624 3386 qua:
2659 3324 2846 3386 postea
2878 3317 3020 3372 dicta
3056 3328 3138 3374 est
3173 3318 3523 3390 Dyrachium.

2593 3427 2823 3485 CAPUT
2861 3428 3000 3484 XVI.

2008 3513 2284 3589 Medorum
2326 3515 2430 3570 VII
2474 3516 2768 3589 (ἔραται-εειἱ
2807 3536 2909 3589 quo
2959 3529 3226 3588 regnante,
3272 3519 3461 3575 Josias
3508 3539 3593 3576 res

2074 3585 2386 3640 Judrrorum
2411 3585 2690 3652 occiditur,
2734 3585 2916 3643 Juda’i
2956 3585 3176 3643 diversis
3202 3590 3592 3645 calamitatibus

2078 3657 2471 3730 opprimuntur,
2524 3674 2770 3730 regesque
2813 3675 2993 3730 eorum
3041 3659 3178 3712 inter
3220 3660 3505 3730 ﬁgyptios
3547 3672 3592 3715 et

2127 3725 2435 3799 abylgm'ros
2456 3725 2654 3799 infelici
2680 3725 2825 3782 sorte
2854 3729 3188 3799 afﬂiguntur;
3229 3725 3590 3785 Romanorum

2074 3794 2206 3870 vero;
2245 3794 2580 3870 Tarquinius
2612 3796 2829 3852 Priscus
2875 3794 2988 3853 erat
3043 3815 3162 3863 rex,
3200 3801 3303 3870 qui
3353 3812 3590 3855 senatus!

2073 3866 2253 3942 auxit,
2277 3875 2340 3942 et
2368 3866 2534 3942 multa
2567 3869 2800 3942 insigniri
2827 3879 2874 3922 et
2902 3870 3093 3923 decora
3137 3866 3437 3937 adiurarit,
3477 3873 3592 3942 qui-

2076 3935 2168 3988 bus
2198 3936 2430 4005 dignitas
2462 3935 2909 4008 imperii'eminet.

2074 4045 2352 4102 Medorum
2377 4047 2464 4102 V‘II
2490 4047 2779 4119 Cyazares,
2815 4050 2973 4106 annis
3007 4051 3098 4105 52.
3124 4050 3207 4106 Ab
3232 4051 3591 4108 aediﬁcatione

2004 4156 2131 4194 vero
2176 4139 2361 4210 templi
2408 4141 2536 4194 anni
2570 4141 2697 4196 595.
2733 4141 2850 4209 Quo
2879 4158 2931 4196 III
2983 4150 3224 4214 tempore
3269 4141 3453 4198 Josias
3503 4161 3587 4198 rex

2001 4230 2481 4295 eratJudaeorum,
2515 4233 2606 4301 qui
2648 4247 2771 4287 cum
2817 4232 3103 4288 Nechaone
3135 4248 3260 4304 rege
3301 4233 3584 4306 Egyptio—

2002 4338 2121 4377 rum
2177 4337 2499 4393 congressus
2529 4363 2543 4387 ,
2588 4324 2855 4378 occiditur
2895 4339 2909 4378 :
2965 4325 3169 4380 habens
3217 4341 3585 4382 successorem

1926 4445 1976 4504 Ι)
2001 4414 2223 4480 Joacha,
2257 4430 2416 4486 quem
2451 4414 2668 4470 Neacho
2710 4417 2951 4470 vinctum
2983 4417 3134 4471 duxit
3181 4416 3234 4470 in
3265 4416 3583 4487 Egyptum,

2001 4515 2125 4575 jost
2162 4507 2302 4562 bella
2337 4516 2526 4563 contra
2574 4507 2897 4578 Babylonios
2949 4517 3093 4573 acta,
3138 4510 3591 4580 eonstituensque

2001 4598 2222 4653 fratrem
2259 4598 2377 4669 ejus
2407 4598 2696 4663 seniorem,
2727 4614 2795 4653 ex
2833 4598 3022 4654 eodem
3063 4608 3242 4669 patre,
3276 4615 3379 4669 pro
3404 4616 3471 4656 eo
3503 4617 3587 4654 re-

2000 4705 2142 4758 gem,
2173 4689 2390 4743 nomine
2412 4686 2679 4750 .Ioachim,
2723 4689 2817 4758 qui
2859 4697 2914 4744 et
2956 4689 3244 4754 Eliacbim,
3291 4691 3591 4760 provincia:

2001 4778 2257 4832 tributum
2313 4777 2587 4848 imposuit.
2640 4778 2811 4848 Igitur
2856 4777 3103 4833 Joachim
3157 4795 3280 4834 eum
3331 4789 3590 4836 octavum

2001 4869 2150 4941 regni
2194 4879 2378 4940 ageret
2399 4885 2624 4934 annum,
2652 4871 2901 4924 veniente
2932 4871 3437 4927 Nabuchodonosor
3464 4888 3591 4927 cum

1997 4975 2193 5029 magno
2223 4968 2480 5029 apparatu
2519 4970 2708 5014 contra
2739 4957 2974 5024 Judteos,
3001 4962 3090 5029 qui
3120 4975 3338 5015 omnem
3371 4960 3592 5033 Syriam

1995 5051 2060 5105 de
2093 5066 2250 5102 manu
2294 5048 2600 5104 Nechaonis
2633 5049 2775 5119 regis
2804 5049 3024 5120 {Egypti
3059 5050 3382 5114 abstulerat,
3422 5067 3590 5121 quem

1992 5139 2155 5193 etiam
2182 5139 2678 5194 Nabuchodonosor
2692 5140 2846 5209 juxta
2876 5141 3147 5194 Eufraten:
3181 5141 3234 5196 in
3265 5141 3411 5196 bello
3437 5142 3594 5198 vice-

1994 5239 2107 5296 rat,
2159 5232 2384 5302 ejusque
2431 5230 2849 5285 dominationem
2905 5231 2975 5286 ab
3019 5230 3242 5304 Assyria
3299 5233 3596 5303 depulerat

1992 5335 2216 5390 eamque
2240 5320 2339 5375 sibi
2372 5318 2709 5388 subjecerat;
2745 5320 2888 5375 hunc
2914 5337 3044 5375 vero
3072 5321 3594 5377 Nabuchodonosor

1992 5420 2240 5468 metuens
2275 5409 2536 5472 Joacbim,
2581 5411 2863 5480 minasque
2893 5409 3030 5478 ejus,
3062 5420 3118 5465 et
3161 5427 3350 5481 pacem
3380 5412 3597 5469 habere

1989 5502 2324 5565 desiderans,
2356 5503 2585 5570 praebuit
2619 5502 2667 5556 ei
2694 5501 2892 5554 tributa
2931 5517 3050 5571 qua:
3091 5512 3448 5572 prteceperat,
3481 5517 3595 5557 an-

1992 5595 2076 5649 nis
2106 5595 2310 5658 tribus;
2346 5594 2509 5648 tertio
2534 5608 2662 5647 vero
2694 5608 2836 5647 anno
2864 5609 2968 5647 non
3016 5593 3268 5657 reddidit,
3313 5593 3598 5663 deceptus

1992 5701 2084 5754 spe
2123 5683 2428 5754 Aigypliaci
2462 5683 2601 5737 belli.
2634 5683 2891 5738 Audierat
2920 5684 3061 5738 enim
3102 5700 3195 5740 eos
3240 5697 3429 5740 contra
3467 5683 3590 5741 Ba-
