3964 6172
316 329 422 387 985

1405 317 1814 377 CHRONICON.
1842 347 1913 360 --
1953 315 2116 374 TOHI
2155 315 2175 371 I
2212 314 2340 370 LIB.
2379 315 2465 370 III.

3465 313 3570 367 986

311 437 559 514 bylonios
585 436 778 490 iterum
808 444 1158 505 pugnaturos,
1194 433 1289 489 sed
1334 433 1436 487 hoc
1464 432 1687 485 minime
1715 429 1881 500 ASgy-
1913 431 1960 490 Α
1989 429 2168 490 auxit,
2201 425 2476 480 Romanos
2525 425 2678 480 ludos
2725 427 2956 480 instituit
2977 465 2992 488 ,
3022 441 3207 480 muros
3258 434 3313 480 et
3357 425 3569 480 cloacas

309 533 410 603 ptii
422 534 893 602 praesumpserunt.
909 525 1398 582 Nabuchodonosor
1414 539 1542 578 vero
1559 524 1751 577 iterum
1768 537 1890 576 cum

309 635 512 692 magno
534 617 774 674 exercitu
799 616 946 671 venit
969 624 1154 671 contra
1183 613 1397 670 Judreos
1422 631 1436 668 :
1458 629 1617 682 quem
1643 611 1889 668 Joachim

304 716 431 786 jure
453 712 672 769 hederis
708 708 963 779 suscepit.
993 709 1128 762 Dum
1174 722 1303 779 ergo
1326 721 1420 762 rex
1470 704 1776 776 Babylonia:
1805 703 1890 756 in-

311 812 513 860 trasset
559 804 612 857 in
639 801 936 863 civitatem,
967 798 1124 854 ﬁdem
1155 812 1491 868 nequaquam
1520 795 1771 856 servavit,
1797 793 1890 848 sed

301 897 535 967 juvenes
571 892 892 949 fortissimos
926 889 1530 960 Hierosolymitanorum
1560 885 1760 940 occidit
1784 898 1892 937 una

307 1007 433 1048 cum
468 1001 594 1059 rege
622 984 887 1047 Joachim,
919 997 1078 1052 quem
1129 981 1294 1036 etiam
1335 987 1459 1035 ante
1508 993 1693 1033 muros
1734 975 1894 1030 inhu-

309 1093 517 1140 matum
547 1078 732 1152 projici
753 1077 934 1148 jussit,
962 1082 1017 1130 et
1047 1073 1181 1129 alios
1210 1074 1264 1128 in
1287 1071 1637 1142 dignitatibus
1666 1068 1888 1139 positos,

310 1173 553 1244 captivos
601 1171 655 1225 in
687 1167 1032 1239 Babyloniam
1085 1165 1236 1218 duxit
1271 1181 1283 1216 :
1324 1162 1467 1217 inter
1505 1175 1642 1230 quos
1700 1159 1892 1213 ductus

310 1259 564 1316 Ezechiel
590 1257 852 1327 propheta
888 1254 1064 1308 adhuc
1106 1267 1241 1322 puer
1265 1258 1370 1306 est.
1398 1248 1590 1304 Filium
1618 1263 1747 1303 vero
1771 1247 1890 1317 ejus

309 1349 556 1405 Joachim
578 1345 858 1402 constituit
897 1357 1076 1414 regem
1118 1343 1381 1396 universa:
1408 1339 1718 1410 provincias,
1749 1338 1891 1407 quod

311 1456 438 1496 mox
477 1453 602 1493 eum
651 1435 904 1506 paenituit
956 1433 1169 1488 fecisse.
1228 1430 1570 1486 Formidatus
1620 1438 1704 1484 est
1747 1429 1891 1482 enim

312 1546 383 1586 ne
407 1529 562 1592 forte,
593 1529 800 1583 habens
833 1525 960 1580 mali
994 1523 1309 1579 memoriam
1349 1536 1449 1593 pro
1478 1535 1609 1577 nece
1633 1533 1855 1590 paterna
1875 1561 1890 1587 ,

311 1622 644 1692 provinciam
673 1618 789 1688 ejus
830 1616 1140 1682 invaderet;
1197 1624 1251 1671 et
1299 1615 1519 1670 mittens
1561 1614 1888 1678 exercitum,

314 1727 496 1783 regem
541 1709 784 1764 Joachim
836 1706 1222 1778 Hierosolymis
1264 1705 1546 1761 obsidebat
1575 1724 1587 1758 :
1617 1705 1707 1775 qui
1738 1719 1894 1760 accc—

1989 516 2315 577 eonstruxit,
2345 515 2412 568 ad
2442 524 2743 568 extremum
2773 516 2841 569 ab
2870 516 3005 570 Anci
3037 516 3164 571 ﬁliis
3205 517 3420 572 occisus
3463 527 3570 584 est,

1992 605 2136 676 regis
2163 605 2326 669 illius,
2354 605 2439 659 cui
2464 603 2578 674 ipse
2606 613 2963 660 successerat.

2558 697 2784 752 CAPUT
2836 698 2995 751 XVII.

1993 783 2269 839 Medorum
2306 783 2448 838 VIII
2480 785 2750 853 Astyages,
2787 801 2888 854 quo
2941 795 3189 854 regnante
3238 785 3565 840 Hierusalem

2062 865 2215 924 capta
2242 865 2349 916 est,
2381 854 2729 924 templumque
2756 853 3046 924 incensum.
3073 853 3251 908 Judaei
3288 857 3340 908 in
3389 856 3566 924 Baby-

2063 921 2257 994 loniam
2287 921 2623 994 captiviisunt
2644 921 2815 977 ducti.
2847 921 3072 994 Quantw
3109 925 3264 976 etiam
3297 921 3568 992 fortitudi-

2064 995 2143 1047 nis
2196 993 2682 1047 Nabuchodonosor
2723 993 3010 1056 exstiterit,
3037 1003 3083 1045 et
3129 995 3310 1062 qualia
3363 997 3568 1064 fortiter

2060 1065 2273 1133 gesserit
2306 1065 2490 1117 virtute
2529 1072 2577 1115 et
2622 1078 2803 1132 opere,
2834 1064 3091 1116 succincte
3135 1073 3254 1133 sunt
3293 1064 3565 1116 adnotata.

2066 1132 2205 1197 Quid
2243 1135 2398 1186 etiam
2431 1133 2493 1185 de
2516 1148 2574 1184 eo
2604 1133 2834 1200 gentium
2875 1133 3150 1200 scriptores
3183 1132 3430 1186 dixerint.
3457 1133 3569 1186 Ita-

2061 1220 2160 1274 que
2193 1202 2331 1274 quod
2351 1201 2662 1274 requiritur,
2680 1218 2796 1253 cum
2823 1201 3230 1274 Babyloniorum
3256 1219 3397 1272 reges
3422 1202 3569 1255 mira:

2065 1269 2387 1342 fortitudinis
2408 1269 2597 1334 essent,
2616 1287 2712 1342 cur
2735 1287 2825 1340 per
2846 1269 2995 1342 reges
3010 1269 3286 1342 edorum
3300 1269 3569 1342 annorum

2065 1339 2311 1395 numerus
2335 1340 2654 1394 observatur.
2671 1339 2750 1392 De
2769 1339 3096 1409 passionibus
3115 1341 3270 1393 etiam
3290 1339 3338 1392 Η
3345 1341 3570 1393 ieremia:

2061 1411 2341 1481 prophetae,
2369 1419 2416 1462 et
2447 1409 2572 1479 quid
2598 1408 2788 1481 invitas
2813 1411 2868 1462 in
2897 1408 3186 1481 ﬂgyptum
3223 1409 3569 1481 descenderit,

2062 1477 2110 1535 et
2140 1477 2510 1550 Egyptioruin
2540 1477 3225 1550 vastationemrpra'dixerit.
3269 1479 3346 1532 De
3374 1477 3574 1548 Pytha-

2062 1566 2190 1619 gora
2215 1546 2373 1603 sua»;
2399 1558 2446 1602 et
2473 1547 2538 1619 de
2565 1559 2755 1619 septem
2781 1546 3100 1617 sapientibus
3127 1546 3450 1613 Grarcorum',
3479 1550 3568 1618 qui

2061 1617 2155 1688 per
2173 1635 2235 1672 ea
2257 1629 2488 1688 tempora
2511 1617 2727 1686 fuerint.

2065 1707 2344 1762 Medorum
2371 1705 2479 1760 VIII
2506 1705 2789 1775 Astyages,
2816 1703 2974 1758 annis
2997 1703 3085 1760 58.
3109 1701 3192 1757 Ab
3216 1701 3573 1759 aediﬁcatione

310 1775 405 1871 pit
408 1798 781 1870 jusjurandum
809 1798 876 1852 ab
905 1797 984 1851 eis
1009 1775 1224 1850 ut'nihil
1253 1795 1380 1850 mali
1429 1803 1704 1866 pateretur
1727 1835 1743 1861 ,
1792 1810 1893 1851 nec
1922 1775 1967 1834 Β
1995 1813 2125 1853 vero
2154 1797 2370 1868 templi,
2404 1796 2530 1850 anni
2577 1795 2702 1860 427,
2748 1795 3095 1850 Macedonum
3145 1809 3241 1848 rex
3285 1794 3532 1863 Acr0pus
3555 1834 3571 1857 ,

312 1891 431 1960 ipse
463 1904 562 1944 nec
584 1889 792 1944 civitas.
820 1887 936 1943 Non
963 1895 1142 1942 autem
1180 1887 1417 1942 servavit
1443 1902 1562 1941 eam
1589 1887 1893 1959 Babylonia:

311 1997 432 2047 rex,
472 1981 566 2035 sed
602 1981 857 2050 prmcepit
899 1980 1232 2051 principibus
1274 1981 1387 2036 suis
1427 1989 1488 2036 ut
1518 1996 1737 2047 omnes,
1800 1981 1891 2050 qui

311 2079 472 2125 erant
503 2071 556 2123 in
589 2070 806 2124 civitate
824 2069 1070 2138 juvenes,
1099 2072 1338 2141 captivos
1367 2081 1662 2138 sumerent,
1690 2073 1896 2142 pariter

310 2168 368 2214 et
393 2158 652 2223 artifices,
675 2173 874 2228 eosque
901 2159 967 2213 ad
993 2175 1052 2215 se
1076 2159 1266 2230 ligatos
1290 2161 1636 2227 adducerent,
1667 2161 1758 2232 qui
1785 2177 1895 2216 om-

311 2264 412 2303 nes
446 2247 597 2303 fuere
631 2249 818 2303 decem
855 2248 1020 2303 millia
1064 2249 1356 2320 octingenti
1405 2251 1624 2322 triginta
1658 2261 1713 2306 et
1753 2253 1890 2318 duo,

311 2338 476 2394 simul
501 2347 557 2393 et
574 2337 840 2401 Joachim,
865 2355 988 2394 cum
1019 2349 1193 2396 matre
1219 2342 1422 2412 pariter
1445 2350 1501 2396 et
1519 2341 1730 2407 amicis,
1757 2356 1894 2412 quos

310 2428 573 2484 deductos
620 2428 689 2483 ad
732 2443 792 2484 se
839 2430 1021 2484 habuit
1058 2431 1110 2484 in
1140 2433 1402 2487 custodia.
1461 2432 1719 2488 Patruum
1764 2448 1894 2488 vero

311 2519 581 2585 Joachim,
615 2520 833 2575 nomine
862 2518 1209 2588 Sealechiam,
1261 2525 1540 2579 constituit
1574 2539 1776 2595 regem,
1803 2538 1893 2578 ac-

311 2613 520 2682 cipiens
539 2611 608 2665 ab
636 2625 702 2666 eo
719 2609 1117 2679 jusjurandum,
1143 2623 1199 2668 ut
1218 2615 1267 2669 ei
1299 2615 1628 2683 provinciam
1650 2613 1893 2670 custodi-

312 2712 421 2769 ret,
452 2710 505 2758 et
525 2700 656 2756 nihil
688 2701 955 2756 hostiliter
988 2712 1190 2774 ageret,
1223 2713 1276 2759 et
1307 2704 1576 2775 Egyptiis
1606 2721 1712 2759 non
1746 2704 1893 2758 fave-

311 2804 417 2850 ret.
447 2793 571 2847 Haac
585 2792 737 2862 juxta
767 2793 1118 2850 assertionem
1145 2794 1362 2864 Iosephi
1387 2795 1684 2850 retulimus.
1727 2795 1892 2849 Euse-

310 2886 441 2941 bius
477 2899 606 2940 vero
629 2890 683 2937 et
709 2884 879 2939 nostri
912 2892 1211 2954 temporum
1240 2886 1536 2954 scriptores
1575 2886 1647 2940 ita
1675 2885 1888 2940 ferunt:

308 2975 472 3031 Anno
487 2978 643 3033 tertio
654 2977 900 3034 Joachim
914 2974 1403 3030 Nabuchodonosor
1421 2973 1660 3030 Judzeam
1677 2986 1890 3045 captam

309 3065 654 3122 tributariam
670 3067 875 3133 fecit,et
891 3067 943 3120 in
958 3065 1212 3120 ditionem
1231 3079 1382 3119 suam
1395 3064 1632 3120 redactis
1643 3064 1892 3135 plurimis

1993 1890 2264 1960 Lydorum
2285 1888 2527 1942 Aliattes.
2557 1887 2724 1958 Igitur
2743 1903 2886 1942 anno
2905 1896 3096 1941 octavo
3114 1887 3386 1958 Astyagis,
3400 1885 3572 1942 Judaei

1995 1983 2061 2037 de
2087 1979 2459 2050 Hierosolyma
2489 1979 2832 2049 eaptivantur
2861 1993 2892 2032 a
2932 1977 3423 2034 Nabuchodonosor
3448 1995 3573 2049 rege

1993 2072 2433 2143 Babyloniorum.
2459 2069 2624 2140 Capta
2648 2079 2732 2125 est
2759 2085 2890 2125 vero
2916 2071 3110 2124 civilas
3130 2071 3412 2124 umlecimo
3431 2086 3574 2125 anno

1995 2163 2271 2219 Sedechias
2301 2163 2468 2234 regis,
2501 2172 2695 2232 quarto
2726 2179 2925 2226 mense,
2957 2164 3044 2218 die
3073 2178 3216 2218 nono
3248 2181 3260 2216 :
3289 2173 3574 2232 ceperunt-

1993 2273 2101 2328 que
2133 2273 2252 2312 eam
2285 2256 2560 2327 principes
2588 2255 3030 2326 Babyloniorum,
3061 2255 3256 2325 quibus
3281 2255 3521 2310 obsessio
3541 2271 3570 2308 a

1995 2365 2121 2422 rege
2145 2349 2642 2404 Nabuchodonosor
2664 2349 2950 2403 videbatur
2975 2362 3096 2403 esse
3121 2346 3426 2401 commissa.
3458 2345 3574 2415 Ipse

1994 2449 2174 2494 autem
2226 2440 2278 2493 in
2320 2439 2596 2492 Arabatha
2638 2439 2857 2493 civitate
2902 2438 3237 2492 morabatur.
3281 2435 3574 2491 Sedechias

1994 2543 2127 2583 vero
2153 2528 2279 2582 dum
2320 2535 2608 2594 caperetur
2647 2527 2794 2588 urbs,
2841 2525 2989 2580 illico
3037 2525 3159 2596 fuga
3205 2526 3420 2594 elapsus
3469 2534 3571 2590 est,

1994 2633 2152 2688 quem
2176 2617 2468 2688 fugientem
2491 2632 2590 2686 per
2612 2616 2884 2671 desertum
2905 2615 3424 2684 comprehendentes
3449 2630 3572 2670 cum

1997 2708 2256 2764 uxoribus
2279 2717 2439 2776 atque
2469 2707 2613 2764 ﬁliis.
2642 2707 2984 2761 adduxerunt
3003 2707 3070 2760 ad
3098 2720 3276 2776 regem
3303 2705 3574 2775 principes

1993 2798 2273 2869 Babylonii
2308 2798 2362 2851 in
2388 2796 2678 2851 Arabatha.
2708 2796 2862 2850 Hunc
2891 2811 3020 2866 ergo
3067 2797 3135 2850 ad
3170 2811 3229 2851 se
3267 2796 3572 2850 venientem

1993 2888 2488 2942 Nabuchodonosor
2516 2887 2737 2954 impium
2765 2896 2818 2939 et
2859 2885 3126 2940 infelicem
3156 2901 3353 2941 vocare
3384 2887 3571 2956 carpit,

1993 2987 2050 3034 et
2072 2976 2426 3047 jurisjurandi
2460 2976 2853 3040 immemorem,
2886 2978 3009 3046 quia
3040 2977 3164 3031 dum
3201 2977 3268 3032 ab
3289 2993 3354 3032 eo
3390 2992 3574 3048 perce-

1995 3069 2161 3140 pisset
2189 3067 2497 3137 imperium,
2521 3067 2663 3136 quod
2695 3067 2762 3120 ab
2788 3065 2907 3135 ejus
2936 3068 3102 3121 fratre
3146 3067 3364 3132 tulerat,
3396 3076 3453 3121 et
3495 3067 3572 3122 illi

308 3155 642 3225 Iudaeorum,
666 3168 871 3228 partem
896 3156 1057 3212 etiam
1089 3170 1340 3210 vasorum
1370 3153 1551 3225 templi
1579 3169 1703 3209 cum
1743 3154 1892 3208 iuva-
1919 3139 1962 3200 (ἶ
1995 3139 2277 3222 tribuerat,
2304 3165 2492 3212 contra
2523 3155 2837 3211 muniﬁcum
2868 3155 3182 3240 largitorem
3213 3157 3390 3226 egisse
3425 3156 3573 3210 vide-

310 3246 501 3313 sisset,
530 3248 813 3303 tributario
841 3245 1102 3301 Eliachim
1136 3242 1282 3300 facto
1321 3252 1377 3300 et
1417 3243 1684 3310 Joachim,
1714 3244 1892 3298 victor

312 3339 385 3393 ad
415 3354 541 3394 suos
567 3338 749 3394 rediit.
788 3338 866 3394 De
918 3338 1066 3408 regio
1112 3337 1317 3392 semine
1362 3351 1560 3407 pueros
1603 3349 1786 3390 secum
1838 3334 1891 3388 in

311 3431 666 3502 Babyloniam
693 3429 948 3494 deduxit,
979 3443 1116 3499 quos
1151 3428 1427 3483 eunuchos
1473 3425 1643 3482 factos
1691 3425 1891 3481 schola:

311 3522 563 3587 tradidit,
591 3536 714 3576 cum
741 3519 953 3577 catteris
981 3519 1353 3583 nobilioribus,
1382 3531 1518 3587 quos
1553 3532 1620 3572 ex
1665 3517 1892 3572 diversis

311 3613 629 3669 nationibus
654 3613 1078 3682 deprazdaverat,
1103 3618 1164 3664 ut
1189 3623 1406 3665 omnem
1431 3609 1702 3664 discerent
1728 3608 1888 3663 Chal-

311 3704 557 3758 daeorum
600 3701 943 3772 sapientiam,
978 3700 1118 3755 inter
1154 3714 1290 3769 quos
1334 3697 1561 3764 Daniel,
1611 3698 1888 3764 Ananias,

311 3793 575 3857 Azarias,
622 3791 847 3847 Misahel
901 3790 1034 3846 clari
1091 3791 1376 3846 habentur.
1429 3789 1580 3846 Tunc
1633 3792 1892 3860 temporis

319 3883 673 3938 Macedonum
701 3897 794 3937 rex
823 3880 1101 3952 Philippus
1128 3890 1277 3947 erat,
1304 3880 1575 3954 Lydorum
1599 3881 1889 3950 Sadiattes,

313 3974 683 4028 Romanorum
712 3987 842 4027 vero
868 3971 1198 4041 Tarquinius
1226 3973 1475 4037 Priscus,
1511 3975 1602 4043 qui
1641 3976 1890 4043 quamvis

315 4063 695 4118 transmarinae
719 4063 946 4132 originis
965 4072 1144 4129 esset,
1169 4077 1392 4135 regnum
1420 4065 1564 4122 ultro
1584 4077 1771 4136 petens
1800 4082 1890 4123 ac-

313 4156 485 4224 cepit,
511 4155 580 4211 ob
609 4156 928 4210 industriam
956 4162 1116 4226 atque
1147 4171 1300 4211 suam
1328 4157 1670 4228 elegantiam,
1695 4159 1890 4229 quippe

313 4247 413 4318 qui
439 4246 698 4302 oriundus
721 4245 982 4302 Corintho
1007 4247 1251 4303 Grzecum
1283 4248 1550 4318 ingenium
1580 4248 1778 4303 Italicis
1804 4266 1891 4303 ar-

316 4339 466 4394 tibus
499 4337 822 4393 miscuisset.
853 4336 952 4392 Hic
977 4346 1033 4392 et
1053 4346 1274 4394 senatus
1304 4339 1638 4409 majestatem
1664 4355 1890 4396 numero

316 4427 617 4498 ampliavit,
643 4437 698 4483 et
732 4428 989 4484 centuriis
1018 4429 1194 4484 tribus
1224 4430 1389 4493 auxit,
1433 4429 1681 4500 quamvis
1723 4429 1888 4485 Acius

314 4521 521 4578 Nevius
547 4536 830 4578 numerum
855 4521 1036 4593 augeri
1074 4521 1376 4591 prohibeat,
1409 4522 1492 4576 vir
1524 4536 1766 4576 summus
1793 4538 1888 4575 au-

316 4612 494 4682 gurio.
519 4611 688 4679 Quem
715 4625 809 4666 rex
846 4611 900 4666 in
929 4612 1360 4681 experimentum
1389 4613 1630 4683 rogavit,
1663 4613 1778 4668 ﬁeri
1823 4631 1891 4670 ne

317 4711 506 4774 posset
524 4704 667 4773 quod
691 4703 805 4773 ipse
827 4711 1005 4758 mente
1028 4712 1367 4774 conceperat.
1398 4704 1510 4768 Ille,
1540 4719 1652 4759 rem
1695 4719 1890 4774 exper-

317 4802 411 4849 tus
440 4793 690 4864 augurio;
707 4808 864 4862 posse
892 4793 1187 4863 respondit.
1211 4794 1292 4849 Ad
1312 4808 1471 4863 quem
1496 4813 1508 4847 :
1535 4794 1670 4860 Hoc,
1696 4794 1892 4866 inquit,

315 4884 851 4953 agitnrz'an'cutcm
879 4885 1023 4938 illam
1057 4900 1244 4940 secare
1275 4887 1536 4942 novacula
1573 4889 1782 4957 possit?
1827 4890 1896 4945 Et

318 4986 497 5042 augur
526 4990 540 5026 :
569 4969 772 5038 Potest,
803 4972 994 5042 inquit,
1023 4981 1076 5026 et
1107 4973 1296 5039 secuit,
1313 4975 1437 5030 inde
1462 4974 1719 5032 Romanis
1742 4993 1895 5034 sacer

319 5071 637 5130 auguratus.
663 5060 847 5131 Neque
869 5077 1000 5132 pace
1025 5062 1347 5130 Tarquinius
1369 5081 1530 5134 quam
1551 5066 1691 5122 bello
1714 5083 1896 5137 prom-

318 5153 486 5223 ptior.
518 5154 809 5210 Duodecim
839 5168 1069 5222 namque
1108 5153 1315 5209 Tuscia:
1342 5156 1566 5224 populos
1603 5157 1894 5228 frequenti-

321 5242 426 5295 bus
469 5243 634 5295 armis
681 5243 934 5312 subegit:
968 5243 1090 5297 inde
1130 5241 1332 5308 fasces,
1381 5244 1606 5312 trabeae,
1653 5248 1889 5313 curules,

319 5328 523 5392 annuli,
565 5330 820 5398 phalerae,
843 5332 1239 5402 paludamenta,
1273 5340 1568 5402 pnctextm,
1597 5336 1720 5391 inde
1749 5338 1892 5406 quod

319 5430 492 5470 aureo
517 5432 678 5471 curru
706 5429 938 5488 quatuor
971 5422 1125 5490 equis
1154 5422 1538 5492 triumphatur,
1555 5431 1690 5494 toga:
1715 5427 1891 5494 pictae,

321 5506 632 5576 tunicaque
663 5509 910 5578 palmatae
936 5529 949 5564 :
978 5512 1160 5567 omnia
1191 5513 1420 5582 denique
1449 5513 1642 5568 decora
1677 5523 1731 5569 et
1759 5516 1893 5569 insi-

322 5595 473 5662 gnia,
500 5597 694 5665 quibus
718 5598 929 5668 imperii
967 5599 1202 5672 dignitas
1239 5603 1460 5668 eminet,
1491 5612 1704 5673 sumpta
1749 5613 1893 5659 sunt.

324 5683 471 5740 Idem
501 5685 684 5742 Romae
715 5687 929 5744 Circum
958 5692 1260 5761 aediﬁcavit,
1285 5710 1563 5750 numerum
1587 5702 1894 5752 senatorum

1994 3251 2152 3305 batur
2179 3248 2466 3304 hostiliter.
2516 3245 2611 3301 His
2657 3247 2821 3318 igitur
2868 3246 3048 3301 verbis
3083 3261 3233 3308 usus,
3277 3245 3416 3300 ﬁlios
3456 3246 3574 3313 ejus

1987 3340 2150 3411 jussit
2171 3341 2376 3412 pariter
2399 3348 2456 3395 et
2483 3339 2687 3393 amicos
2717 3338 2972 3393 continuo
2998 3339 3212 3409 perimi,
3231 3338 3346 3408 ipso
3369 3338 3575 3393 scilicet

1994 3430 2255 3485 Sedcchia
2282 3437 2336 3484 et
2361 3429 2481 3484 aliis
2503 3428 2732 3498 captivis
2753 3427 3189 3496 inspicientibus.
3218 3427 3422 3482 Deinde
3445 3442 3574 3481 ocu-

1992 3519 2075 3575 los
2098 3533 2294 3573 eruens
2322 3517 2622 3581 Sedechirc,
2653 3532 2887 3586 eumque
2925 3517 3169 3571 vinciens
3221 3519 3472 3586 perduxit
3517 3519 3570 3572 in

1990 3608 2356 3679 Babyloniam.
2385 3606 2502 3659 Alia
2530 3605 2796 3674 siquidem
2825 3618 3098 3670 universa,
3123 3621 3360 3660 consona
3386 3623 3414 3659 a
3445 3621 3572 3674 pro-

1992 3699 2170 3768 phetis
2203 3696 2381 3750 edicta
2411 3703 2537 3750 sunt
2563 3712 2575 3748 :
2602 3701 2709 3763 quo
2735 3694 2894 3748 modo
2921 3702 2976 3749 et
3003 3695 3196 3750 civitas
3223 3702 3569 3760 vastaretur,

1991 3795 2048 3841 et
2078 3787 2191 3857 ipse
2215 3782 2511 3841 Sedechias
2531 3785 2823 3840 duceretur
2847 3785 3092 3854 captivus
3115 3784 3169 3838 in
3200 3783 3568 3855 Babyloniam.

1991 3875 2333 3931 Discordavit
2357 3883 2536 3928 autem
2562 3874 2615 3927 in
2642 3873 2746 3927 hoc
2775 3873 3025 3928 Ezechiel
3047 3873 3234 3928 dicens
3254 3874 3378 3943 quia
3406 3873 3573 3928 Sede-

1989 3967 2142 4022 chias
2165 3965 2519 4036 Babyloniam
2543 3980 2648 4019 non
2679 3965 2908 4029 videret,
2932 3979 3053 4019 cum
3082 3964 3382 4020 Hieremias
3406 3966 3572 4021 dixis-

1989 4065 2073 4112 set
2118 4057 2244 4127 quia
2297 4057 2537 4110 vinctum
2581 4069 2705 4110 eum
2750 4071 2844 4110 rex
2891 4055 3196 4126 Babylonia:
3243 4055 3371 4111 illuc
3411 4056 3574 4112 duce-

1989 4155 2093 4202 ret.
2126 4146 2252 4202 Haec
2281 4156 2463 4200 autem
2491 4155 2858 4215 provenerunt
2899 4145 2973 4210 ei,
3010 4161 3131 4215 qua:
3177 4146 3478 4202 Hieremias
3510 4155 3572 4201 et

1988 4237 2241 4293 Ezechiel
2267 4237 2749 4307 prophetaverunt,
2777 4236 2903 4305 quia
2949 4236 3374 4304 comprehensus
3411 4237 3571 4292 duee-

1991 4336 2141 4384 retur
2167 4329 2235 4382 ad
2271 4326 2628 4398 Babylonium
2677 4341 2878 4395 regem,
2919 4336 2974 4381 et
3020 4326 3332 4396 loqueretur
3374 4327 3425 4382 ei
3474 4342 3571 4382 ore

1993 4434 2114 4485 suo,
2141 4427 2195 4476 et
2219 4419 2430 4474 videret
2471 4417 2656 4473 oculos
2685 4417 2860 4487 regis,
2891 4417 3030 4471 sicut
3079 4417 3378 4471 Hieremias
3411 4416 3567 4482 dixit,

1992 4519 2225 4566 caecatus
2269 4517 2447 4563 autem
2487 4516 2542 4562 et
2569 4508 2761 4562 ductus
2809 4507 2863 4561 in
2914 4507 3260 4578 Babyloniam
3297 4522 3403 4562 non
3438 4507 3573 4562 vidit

1992 4618 2136 4666 eam,
2158 4602 2298 4656 sicut
2325 4599 2576 4654 Ezechiel
2605 4599 2879 4668 praedixit.
2922 4597 3092 4653 Porro
3119 4597 3444 4670 Babylonius
3475 4613 3569 4652 rex

1995 4693 2143 4749 misit
2175 4691 2472 4762 principem
2505 4689 2709 4744 militiae
2736 4705 2846 4743 sua:
2873 4687 3228 4745 Nabuzardan
3274 4690 3329 4744 in
3381 4687 3572 4743 Hiero-

1996 4783 2282 4854 solymam,
2295 4789 2355 4836 ut
2382 4780 2704 4850 exspoliaret
2725 4779 3002 4848 templum,
3022 4779 3340 4849 prmcipiens
3359 4787 3416 4832 ut
3440 4777 3568 4832 illud

1997 4877 2328 4941 incenderet,
2358 4881 2412 4928 et
2446 4873 2645 4945 regalia
2677 4872 2884 4941 pariter
2911 4882 2965 4927 ct
2987 4872 3259 4927 civitatem
3296 4874 3363 4927 ad
3415 4871 3566 4941 pavi-

1998 4975 2239 5022 mentum
2261 4978 2429 5034 usque
2451 4963 2760 5032 deponeret,
2777 4968 2835 5015 et
2854 4961 3106 5031 populum
3135 4962 3188 5016 in
3216 4962 3564 5032 Babyloniam

1998 5059 2308 5114 abduceret.
2334 5056 2436 5122 Qui
2473 5055 2599 5110 dum
2629 5055 2867 5109 venisset
2903 5054 2971 5109 ad
3017 5054 3440 5125 Hierosolymam
3471 5071 3569 5109 un-

1998 5151 2209 5207 decimo
2236 5165 2378 5205 anno
2409 5149 2554 5220 regis
2587 5149 2887 5213 Sedechias,
2915 5148 3174 5219 templum
3200 5148 3482 5210 subvertit,
3512 5156 3571 5203 et

1999 5259 2125 5299 vasa
2151 5244 2248 5299 Dei
2273 5258 2437 5297 aurea
2464 5250 2826 5313 argenteaque
2856 5242 2996 5307 tulit,
3029 5256 3126 5296 nec
3164 5258 3270 5296 non
3313 5248 3370 5296 et
3390 5241 3568 5294 maxi-

1995 5349 2142 5388 mum
2169 5334 2490 5389 cantharum
2534 5346 2692 5402 quem
2727 5333 2907 5403 posuit
2946 5334 3000 5387 in
3051 5332 3247 5402 templo
3291 5332 3565 5395 Solomon,

1997 5423 2216 5493 insuper
2239 5431 2294 5478 et
2317 5422 2596 5478 columnas
2625 5437 2804 5478 aeneas
2831 5433 2887 5478 et
2913 5423 3089 5493 capita
3117 5438 3324 5488 earum,
3350 5438 3568 5478 aureas.-

1998 5531 2103 5584 que
2132 5531 2348 5570 mensas
2384 5523 2438 5568 et
2475 5515 2818 5570 candelabra.
2857 5517 2925 5570 Et
2959 5516 3073 5569 haec
3119 5514 3369 5570 auferens
3429 5523 3568 5568 tem-

1999 5609 2143 5678 plum
2172 5623 2384 5678 quoque
2409 5605 2708 5670 succendit,
2735 5623 2919 5662 mense
2948 5608 3139 5678 quinto
3167 5607 3322 5662 initio
3369 5605 3574 5662 mensis

2001 5715 2144 5752 anulo
2172 5698 2457 5752 undecimo
2486 5697 2762 5752 Sedechias
2788 5698 2950 5768 regis,
2979 5708 3171 5752 octavo
3197 5697 3406 5753 decium
3427 5710 3575 5751 auito
