3964 6172
411 320 517 377 98Ἰ

1428 310 1813 369 FRECULPIH
1851 306 2305 366 LEXOVlENSlS
2342 307 2643 363 EPlSCOPl

3559 313 3683 370 98%

412 431 928 487 Nabuchodonosor.
965 428 1255 484 Succendit
1287 434 1469 481 autem
1494 435 1552 481 et
1578 424 1780 494 regalia
1803 424 1994 478 civita-
2020 425 2068 483 A
2095 436 2200 491 que
2229 421 2475 476 nationes
2504 437 2670 491 regno
2698 423 3037 493 Assyriorum
3070 437 3196 478 esse
3238 413 3535 494 subiectas.
3592 430 3683 483 Ει

410 533 633 593 temque
660 522 945 577 destruxit.
997 520 1276 589 Templum
1323 520 1397 572 ita
1455 523 1861 571 concrematam
1902 521 1993 568 est

413 623 536 685 post
562 621 832 668 trecentos
857 621 911 666 et
941 610 1277 679 septuaginta
1305 622 1494 671 annos,
1530 614 1587 660 et
1635 618 1851 663 menses
1893 617 1989 659 sex

414 705 637 772 diesque
678 702 886 766 decem,
915 717 982 754 ex
1033 715 1141 769 quo
1186 699 1237 753 id
1288 704 1499 752 constat
1548 695 1892 757 aediﬁcatum,
1922 691 1991 744 ab

410 806 634 864 egressu
663 800 842 846 autem
893 791 1075 861 pepuli
1115 805 1183 844 ex
1228 788 1464 859 Egypto
1503 795 1632 840 tunc
1672 793 1830 838 erant
1863 783 1989 837 anni

416 887 572 951 1062,
590 900 800 940 menses
816 884 866 948 6,
885 885 998 939 dies
1016 883 1099 937 lli.
1116 882 1161 936 A
1176 881 1373 936 diluvio
1396 893 1523 932 vero
1539 891 1710 946 usque
1733 876 1799 929 ad
1820 883 1995 928 vasta-

415 978 615 1032 tionem
668 975 869 1045 templi,
905 990 1064 1028 omne
1109 982 1320 1040 tempus
1366 969 1467 1027 luit
1510 980 1776 1023 annorum
1829 964 1989 1031 1957,

414 1068 677 1122 nteiisium
707 1066 758 1129 6,
784 1066 993 1119 dierum
1020 1064 1109 1120 l0.

484 1159 561 1212 Ex
595 1174 701 1227 quo
724 1172 852 1218 vero
882 1155 1059 1210 factus
1086 1160 1168 1209 est
1201 1153 1374 1207 Adam
1418 1165 1589 1219 usque
1640 1149 1707 1204 ad
1756 1163 1820 1203 ea
1868 1163 1990 1218 qua:

410 1255 773 1315 provenerunt
789 1245 1005 1315 templo,
1021 1243 1143 1297 anni
1165 1240 1458 1305 sunt35l5,
1476 1255 1687 1294 menses
1703 1238 1755 1302 6,
1771 1239 1885 1293 dies
1901 1238 1985 1291 ll).

413 1338 617 1393 Tantus
637 1354 765 1409 ergo
793 1352 1048 1391 numerus
1078 1350 1341 1389 annorum
1390 1332 1511 1387 fuit.
1566 1330 1765 1385 Mansit
1809 1340 1990 1384 autem

406 1427 513 1481 sub
538 1426 756 1496 regibus
777 1427 863 1481 hic
886 1425 1132 1496 populus,
1161 1439 1191 1479 a
1212 1424 1361 1487 Sani,
1393 1430 1447 1477 et
1473 1422 1662 1485 David,
1691 1429 1746 1476 et
1770 1422 1859 1489 qui
1881 1421 1992 1489 pri-

415 1518 485 1572 mi
518 1519 692 1589 gentis
714 1518 952 1573 Judaicm
1000 1517 1282 1588 imperium
1324 1521 1706 1584 susceperunt,
1741 1527 1835 1582 per
1887 1510 1994 1565 552

414 1623 605 1675 annos,
638 1625 850 1665 menses
875 1610 907 1663 6
959 1610 1075 1663 dies
1108 1608 1193 1673 10,
1226 1609 1325 1663 sub
1338 1606 1615 1674 judicibus
1658 1620 1791 1661 vero
1834 1603 1992 1658 annis

408 1700 530 1769 plus
559 1699 685 1763 500,
713 1709 833 1770 post
863 1708 1092 1755 mortem
1119 1698 1274 1761 Mosi,
1302 1707 1358 1751 et
1385 1696 1539 1751 ducis
1566 1693 1716 1750 Jesu.
1750 1695 1877 1751 Hazc
1912 1695 1985 1748 ita

2090 527 2201 581 quo
2230 505 2453 581 apparet
2476 513 2834 568 descendente
2859 512 3070 568 Arbace
3110 514 3177 567 ad
3225 514 3428 580 Metios,
3459 530 3683 587 partem

2090 602 2242 672 regni
2266 603 2555 656 maximam
2579 602 3002 674 dignitatemque
3029 603 3292 659 invasisse
3316 621 3382 660 ac
3408 622 3584 675 penes
3621 624 3686 662 se

2090 691 2149 745 in
2172 690 2341 747 Media
2379 690 2687 746 retinuisse.
2714 691 2949 745 Chaldaei
2995 707 3125 747 vero
3170 692 3517 761 Babyloniam
3570 696 3685 749 sibi

2095 783 2353 836 adversus
2386 781 2568 837 Medos
2601 780 3022 836 vindicaverunt.
3067 781 3145 836 lta
3187 783 3385 853 quippe
3425 793 3690 852 potestas

2092 868 2401 940 Babylonia:
2428 871 2567 940 apud
2595 869 2800 934 Medos,
2828 871 3129 940 praprietas
3165 886 3294 927 vero
3332 873 3484 942 regni
3524 875 3692 943 apud

2079 957 2373 1015 .Cbaldzeos
2391 959 2508 1014 fuit.
2538 958 2775 1015 Cbalda-i
2805 969 2985 1015 autem
3012 970 3231 1030 propter
3266 963 3549 1032 antiquam
3591 964 3689 1017 di-

2084 1050 2352 1121 gnitatem
2398 1050 2560 1120 regiae
2613 1051 2794 1114 urbis,
2837 1066 2943 1105 non
2988 1066 3143 1106 suam
3199 1053 3544 1122 dignitatem,
3578 1054 3691 1109 sed

2080 1140 2238 1199 .illius
2276 1156 2465 1196 vocare
2500 1141 2823 1196 maluerunt.
2860 1140 3011 1196 Unde
3049 1140 3248 1197 factum
3276 1152 3360 1198 est
3401 1156 3462 1199 ut
3486 1145 3691 1200 Nabu-

2084 1232 2432 1287 chodonosor
2477 1233 2769 1302 cmterique
2823 1242 2945 1302 pust
2985 1249 3109 1288 eum
3153 1250 3326 1306 reges,
3372 1253 3549 1308 usque
3604 1242 3686 1295 ad

2092 1319 2293 1390 Cyrum
2323 1331 2378 1376 et
2401 1321 2640 1386 Darium,
2671 1323 2763 1391 qui
2801 1322 3171 1378 Chaldaeorum
3212 1341 3433 1395 regnum
3461 1329 3688 1381 civita-

2096 1419 2311 1479 temque
2334 1410 2680 1482 Babyloniam
2705 1412 3107 1478 dcstruxerunt,
3122 1417 3371 1482 quamvis
3385 1416 3692 1473 Chaldae-

2094 1515 2211 1553 rum
2234 1500 2438 1554 viribus
2463 1510 2733 1568 potentes,
2764 1502 2980 1556 nomine
3008 1512 3185 1557 tamen
3204 1502 3504 1575 Babylonia:
3529 1507 3690 1563 clari

2092 1590 2357 1661 legantur.
2386 1592 2676 1648 Enimvero
2700 1609 2805 1648 non
2828 1594 3099 1649 immerito
3124 1595 3336 1649 beatum
3356 1599 3691 1666 apostolum

2091 1681 2312 1736 Petrqu
2338 1681 2565 1738 Romam
2596 1684 2790 1737 in'suis
2831 1684 3048 1753 scriptis
3095 1684 3436 1756 Babyloniam
3483 1691 3690 1744 nomi-

404 1803 472 1846 se
502 1789 697 1843 habent
716 1789 869 1857 juxta
898 1787 1117 1856 Josephi
1142 1788 1521 1842 assertionem.
1552 1784 1721 1840 Juxta
1759 1784 1986 1838 aliorum
2020 1770 2062 1830 Β
2092 1787 2251 1827 nasse
2278 1787 2423 1828 nunc
2458 1774 2656 1838 recole,
2693 1775 2947 1845 quoniam
2978 1785 3105 1832 tunc
3138 1778 3191 1832 in
3220 1777 3437 1836 Oriente
3480 1781 3687 1851 prima

408 1895 537 1935 vero
569 1880 1005 1950 supputationem
1050 1878 1306 1947 templum
1344 1877 1412 1932 ab
1449 1890 1591 1930 anno
1619 1875 1990 1930 aedilicationis

408 1984 519 2024 sua:
532 1967 1060 2038 quadringentesimo
1086 1965 1360 2020 tricesimo
1389 1964 1596 2033 quinto,
1624 1963 1709 2016 vel
1734 1962 1991 2032 quadrin-

411 2060 710 2130 gentesimo
769 2058 1181 2128 quadragesimo
1229 2056 1468 2111 secundo
1517 2069 1834 2108 succensum
1884 2060 1986 2106 est.

410 2151 553 2222 Ergo
580 2150 1071 2207 Nabuchodonosor
1096 2158 1259 2204 tanta:
1276 2148 1382 2203 fuit
1402 2147 1732 2202 fortitudinis
1753 2156 1810 2199 ut
1826 2148 1987 2200 etiam

414 2240 737 2312 Magestenis
772 2241 823 2295 in
853 2250 1047 2310 quarto
1077 2239 1381 2296 lndicorum
1415 2238 1553 2293 libro
1578 2238 1781 2292 nitatur
1803 2252 1990 2311 appro-

407 2331 540 2387 bare
565 2334 706 2389 hunc
728 2348 906 2403 regem
932 2331 1248 2386 fortitudine
1264 2340 1319 2386 et
1343 2340 1594 2386 octavum
1620 2329 1988 2400 magnitudine

413 2426 694 2480 Herculem
745 2426 1160 2482 transcendisse.
1212 2425 1351 2481 Dicit
1389 2426 1535 2479 enim
1574 2439 1697 2479 eum
1746 2433 1988 2477 vastasse

411 2515 591 2584 Libyae
606 2517 855 2572 civitates
867 2526 924 2571 et
942 2519 1237 2573 Hiberiam.
1254 2518 1423 2572 Porro
1443 2516 1656 2572 Diocles
1676 2515 1731 2569 in
1753 2515 1987 2571 secundo

409 2604 752 2659 Coloniarum
778 2606 915 2661 libro
945 2608 1185 2661 meminit
1221 2606 1380 2675 hujus
1406 2608 1566 2678 regis,
1604 2614 1660 2661 et
1689 2604 1985 2660 Philostra-

412 2703 498 2750 tus
526 2694 582 2749 in
611 2694 810 2752 Indicis
835 2705 890 2752 et
921 2695 1195 2752 Phwnicis
1240 2697 1482 2759 historiis
1529 2697 1661 2752 dicit
1712 2697 1837 2766 quia
1884 2696 1986 2751 iste

409 2799 502 2838 rex
533 2783 745 2839 obsedit
775 2785 996 2856 Tyrium
1019 2786 1174 2842 annis
1201 2787 1397 2849 tribus,
1427 2801 1550 2841 cum
1599 2786 1692 2840 illo
1741 2794 1986 2855 tempore

410 2876 553 2946 Tyro
580 2887 829 2945 regnaret
864 2877 1207 2933 Joathabula.
1259 2878 1376 2948 Ipse
1422 2894 1551 2933 vero
1601 2879 1666 2933 de
1718 2878 1987 2933 manuliis

411 2966 642 3021 hostium
671 2969 928 3039 templum
956 2968 1071 3024 Beli
1114 2980 1168 3023 et
1221 2968 1425 3039 reliqua
1473 2969 1775 3039 largissime
1823 2969 1986 3023 nimis

404 3058 638 3123 ornavit,
660 3068 715 3113 et
745 3060 980 3129 antiqua:
1016 3062 1220 3115 civitati
1251 3062 1353 3115 alia
1395 3075 1608 3131 quoque
1640 3059 1888 3121 contulit,
1928 3068 1985 3114 et

2090 1871 2250 1933 caput
2266 1864 2416 1919 orbis
2435 1874 2520 1919 est
2539 1864 2727 1922 eﬂ'ecta
2748 1866 3005 1938 Babylon,
3021 1870 3322 1939 mansitque
3343 1871 3686 1928 inconcussa

2089 1970 2261 2024 usque
2309 1956 2377 2011 ad
2433 1955 2880 2034 sardanapalnm.
2942 1960 3058 2026 Quo
3118 1959 3426 2024 interfecto,
3474 1965 3687 2018 amisit

2087 2058 2300 2120 partem
2356 2051 2647 2105 maximam
2696 2051 2965 2120 potentias,
3017 2062 3196 2106 tamen
3256 2062 3457 2123 partem
3502 2057 3685 2125 regni

2088 2157 2254 2211 penes
2278 2159 2339 2199 se
2365 2145 2705 2199 retinuerunt
2741 2144 2997 2206 Cbaldzei,
3026 2146 3120 2214 qni
3154 2145 3497 2216 Babyloniam
3564 2148 3683 2203 sibi

2088 2233 2371 2288 adversum
2419 2234 2601 2290 Medos
2648 2235 3078 2290 vindicaverunt.
3140 2235 3258 2302 Quo
3306 2236 3359 2289 in
3412 2244 3684 2305 tempore

2082 2321 2258 2377 Proca
2283 2339 2418 2379 avus
2446 2322 2610 2379 Rhea:
2636 2323 2831 2395 Sylviae
2878 2340 3000 2395 qua:
3051 2334 3225 2381 mater
3270 2325 3475 2381 Romuli
3519 2327 3680 2392 fuit,

2089 2427 2317 2482 regnare
2336 2416 2519 2483 cepit,
2536 2432 2566 2469 a
2590 2430 2698 2484 quo
2724 2416 2965 2471 historia:
2985 2415 3678 2482 Latinoruminchoantur,

2088 2501 2157 2556 ah
2183 2517 2247 2557 eo
2295 2513 2597 2559 semcntum
2647 2505 2832 2560 Romae
2879 2507 3085 2576 iactum
3130 2507 3372 2576 quamvis
3412 2509 3677 2562 nondum

2089 2608 2308 2665 germen
2340 2604 2647 2665 appareret,
2681 2594 2918 2666 Babylon
2949 2611 3078 2651 vero
3107 2596 3388 2653 novissime
3408 2612 3475 2651 eo
3514 2606 3681 2653 tem-

2080 2702 2217 2757 .pore
2246 2703 2277 2741 a
2307 2688 2451 2759 Cyro
2475 2702 2601 2759 rege
2621 2686 2898 2751 subversa,
2914 2703 3020 2756 quo
3039 2688 3267 2757 primum
3289 2689 3450 2743 Roma
3469 2706 3499 2743 a
3521 2689 3680 2744 Tar-

2088 2779 2273 2849 quinio
2314 2795 2499 2850 regum
2546 2778 2910 2835 dominatione
2960 2778 3185 2836 liberata
3228 2789 3328 2835 est.
3375 2778 3673 2849 Siquidem

2087 2873 2188 2927 sub
2226 2887 2330 2926 una
2374 2873 2669 2941 eademque
2706 2873 3078 2927 convenientia
3121 2881 3412 2944 temporum
3452 2874 3542 2928 illa
3612 2876 3672 2931 in

2084 2962 2308 3018 Oriente
2333 2963 2546 3029 cecidit,
2578 2963 2681 3018 ista
2722 2964 2774 3018 in
2809 2964 3088 3018 occidente
3114 2965 3363 3020 surrexit.
3393 2964 3484 3019 illa
3522 2974 3674 3020 tunc.

2088 3055 2244 3123 quasi
2285 3056 2524 3111 moriens
2548 3055 2749 3111 dimisit
2788 3054 3154 3110 baereditatem
3193 3055 3486 3111 alienorum
3525 3072 3674 3125 per-

407 3147 584 3215 prisca
612 3114 900 3219 superavit,
931 3150 1004 3204 ita
1030 3114 1462 3219 ut'nequaquain
1491 3114 1807 3205 obsidentes
1836 3147 1984 3203 vale-
2014 3114 2058 3176 C
2092 3160 2247 3214 pessa
2276 3145 2633 3210 dominatum,
2661 3146 2775 3201 haec
2820 3160 2950 3201 vero
2991 3146 3284 3216 pubescens
3333 3161 3389 3201 se
3437 3148 3679 3215 agnovit
3775 3199 3781 3202 ,

410 3247 527 3291 rent
552 3237 770 3295 ﬂuvium
800 3250 1114 3296 convertere
1156 3249 1211 3295 et
1230 3241 1435 3296 civitati
1460 3240 1640 3309 aliquo
1665 3242 1826 3297 modo
1847 3258 1989 3311 prte-

410 3327 610 3383 valere.
641 3328 935 3399 Erexitque
960 3339 1072 3385 tres
1095 3330 1335 3399 porticus
1372 3329 1716 3395 intrinsecus,
1764 3339 1820 3387 et
1874 3342 1988 3390 tres

409 3418 771 3483 extrinsecus,
803 3421 871 3475 de
905 3418 1074 3475 latere
1098 3427 1258 3475 cocto
1289 3419 1546 3474 decenter
1577 3421 1826 3478 muniens
1868 3439 1985 3490 eas,

411 3513 466 3560 et
500 3520 772 3564 exornans
798 3507 954 3563 valde
980 3508 1282 3579 magniﬁce.
1322 3507 1570 3564 Paternis
1594 3524 1810 3581 quoque
1834 3527 1988 3584 rega-

410 3595 553 3651 libus
585 3597 692 3652 alia
730 3599 975 3667 proxima
1020 3598 1224 3669 regalia
1270 3598 1563 3654 fabricatus
1606 3607 1708 3663 est,
1756 3616 1985 3672 quorum

410 3687 583 3754 spatia
610 3695 667 3742 et
694 3687 954 3759 reliquam
988 3689 1446 3760 pulchritudinem
1473 3689 1655 3745 dicere
1689 3692 1855 3747 credo
1897 3707 1988 3747 su-

410 3789 754 3843 pervacuum.
784 3777 1165 3834 Verumtamen
1211 3780 1313 3835 hoc
1357 3780 1657 3843 sciendum,
1690 3781 1817 3851 quia
1859 3782 1985 3836 dum

410 3878 594 3926 essent
627 3871 743 3926 hace
795 3886 987 3943 magna
1037 3880 1094 3926 et
1140 3872 1300 3926 nimis
1348 3872 1566 3938 eximia,
1625 3871 1814 3928 diebus
1862 3882 1987 3929 sunt

410 3961 717 4030 quindecim
746 3972 1140 4017 consummata.
1164 3962 1223 4017 ln
1242 3963 1377 4018 'istis
1398 3977 1530 4018 vero
1555 3963 1828 4034 regalibus
1853 3963 1990 4036 lapi-

406 4052 507 4108 des
552 4053 769 4122 posuit,
813 4069 1044 4124 quorum
1081 4054 1254 4109 instar
1301 4053 1479 4109 simile
1532 4062 1653 4110 erat
1696 4056 1886 4120 monti,
1932 4064 1990 4110 et

406 4145 676 4215 plantavit
731 4146 976 4202 diversas
1022 4148 1279 4212 arbores,
1324 4147 1561 4218 fecitque
1600 4148 1802 4203 ostium
1845 4150 1988 4219 quod

408 4238 619 4308 pensile
650 4237 949 4294 dicebatur.
1001 4238 1117 4294 Hoc
1175 4255 1305 4310 ergo
1364 4240 1525 4294 modo
1585 4240 1785 4295 diversi
1828 4239 1988 4309 huius

407 4328 552 4398 regis
579 4327 760 4384 fecere
804 4330 1140 4384 memoriam.
1190 4331 1359 4400 Igitur
1389 4331 1515 4385 dum
1568 4338 1681 4384 tam
1735 4338 1986 4400 potentes

402 4425 571 4487 atque
597 4417 786 4473 famosi
808 4417 1224 4488 Babyloniorum
1252 4420 1551 4475 existerent
1582 4433 1760 4489 reges,
1788 4419 1985 4486 quaeri-

404 4517 502 4563 tur
524 4525 767 4578 quaenam
797 4525 959 4565 causa
982 4512 1055 4564 sit
1076 4526 1172 4565 ωι-
1201 4528 1306 4564 non
1345 4512 1399 4565 in
1429 4527 1655 4566 numero
1684 4523 1739 4567 et
1763 4512 1982 4567 cardine

408 4597 696 4652 illustrium
723 4600 1024 4655 habeantur
1050 4602 1270 4670 regum?
1316 4600 1530 4655 Scimus
1555 4601 1700 4655 enim
1729 4602 1980 4671 quoniam

409 4700 633 4758 regnum
659 4688 1001 4760 Assyriorum
1027 4690 1171 4759 quod
1193 4705 1222 4744 a
1256 4689 1615 4746 Semiramide
1640 4690 1765 4745 Nini
1814 4706 1983 4747 uxore

398 4786 495 4834 est
522 4779 575 4833 in
605 4778 895 4851 Babylonia
927 4780 1238 4845 fundatum,
1268 4782 1525 4836 diuturno
1565 4790 1805 4851 tempore
1834 4782 1886 4836 in
1920 4799 1983 4839 ea

408 4878 467 4927 et
489 4886 659 4940 usque
681 4873 747 4926 ad
768 4871 1191 4943 Sardanapalum
1215 4889 1353 4944 peri
1368 4876 1527 4930 ansit.
1543 4873 1659 4942 Quo
1680 4875 1980 4941 interfecto,

402 4976 444 5015 ει
492 4961 747 5031 prml'ecto
786 4962 1062 5019 Medorum
1114 4963 1321 5018 Arbaee
1360 4979 1583 5034 regnum
1636 4965 1981 5037 Assyriorum

396 5052 469 5106 in
493 5051 675 5109 Medos
705 5056 1025 5110 translatum
1054 5063 1160 5119 est,
1188 5054 1572 5126 Medorumque
1600 5071 1755 5128 reges
1781 5056 1835 5111 in
1862 5072 1983 5115 car-

404 5143 534 5197 dine
558 5152 616 5199 et
646 5161 872 5201 numero
894 5147 965 5201 ab
990 5146 1436 5217 historiograpbis
1465 5147 1773 5213 traduntur,
1805 5149 1981 5204 donec

396 5235 477 5289 ad
508 5234 702 5290 Persas
728 5236 1047 5291 translatum
1075 5244 1180 5290 est.
1239 5236 1381 5306 Ergo
1426 5237 1474 5291 si
1526 5235 1847 5291 translatum
1897 5245 1983 5292 est

406 5325 754 5396 Assyriorum
780 5342 1002 5397 regnum
1025 5327 1092 5381 ad
1119 5325 1319 5392 Medos,
1346 5333 1402 5380 et
1429 5340 1552 5380 cum
1577 5326 1658 5380 eis
1686 5334 1975 5391 retentum,

399 5417 553 5473 sicut
573 5416 814 5472 biStorias
833 5417 1126 5481 declarant,
1152 5430 1295 5469 nunc
1314 5414 1728 5485 Babyloniorum
1754 5428 1979 5485 regnum

402 5507 553 5579 quod
578 5507 651 5560 sit
674 5506 719 5561 si
742 5506 864 5575 quis
892 5507 1033 5562 scire
1058 5505 1311 5569 voluerit,
1338 5504 1543 5560 recolat
1567 5503 1751 5559 Asiam
1781 5519 1812 5559 a
1841 5504 1980 5563 Nino

394 5605 749 5665 occupatam,
779 5601 1058 5666 totumque
1076 5595 1351 5653 Orientem
1395 5611 1563 5665 usque
1603 5596 1672 5651 ad
1720 5595 1978 5650 terminos

408 5682 595 5750 ludius,
620 5686 691 5741 ab
718 5701 885 5741 uxore
922 5700 1050 5741 vero
1076 5685 1213 5756 ejus,
1239 5685 1458 5754 insuper
1484 5684 1791 5753 Aithiopas,
1819 5685 1976 5740 alias-

2088 3237 2381 3300 haeredem,
2405 3244 2693 3305 aspernata
2720 3237 2884 3291 etiam
2912 3251 3129 3293 suorum
3165 3236 3450 3308 fastigium.
3503 3236 3677 3292 Tunc

2080 3327 2314 3382 orientis
2335 3327 2553 3391 occidit,
2579 3335 2637 3382 et
2665 3336 2844 3383 ortum
2882 3335 2967 3384 est
3007 3329 3302 3387 occidentis
3350 3328 3675 3399 imperium.

2078 3418 2205 3485 Qua
2232 3418 2299 3473 de
2331 3432 2388 3472 re
2417 3415 2488 3473 ab
2513 3417 2769 3487 Apostolo
2802 3417 2977 3474 Roma
2995 3416 3120 3486 jure
3160 3418 3397 3489 Babylon
3450 3433 3679 3473 nuncu-

2075 3517 2267 3580 patur.
2297 3507 2467 3579 Igitur
2489 3508 2846 3565 Nabuzardan
2871 3511 3124 3581 princeps
3145 3510 3347 3566 militia:
3367 3508 3676 3565 Nabucho-

2088 3598 2356 3665 donosor,
2404 3599 2497 3669 qui
2552 3599 2807 3668 templum
2856 3600 3068 3656 Domini
3112 3601 3405 3664 succendit,
3433 3600 3679 3669 ejusque

2085 3702 2217 3743 vasa
2229 3695 2284 3742 et
2294 3687 2612 3744 cantharum
2634 3689 2926 3745 maximum
2946 3705 2977 3744 a
3002 3689 3288 3747 Salomone
3310 3688 3530 3751 factum,
3546 3706 3669 3747 una

2088 3793 2212 3833 cum
2239 3778 2435 3848 populo
2458 3793 2489 3833 a
2520 3777 2857 3840 Hierusalem
2889 3780 3272 3851 transmigrare
3308 3778 3433 3833 fecit
3464 3781 3533 3834 ad
3568 3795 3673 3836 re—

2086 3883 2208 3936 gem
2237 3867 2614 3939 Babylonium,
2629 3868 2887 3939 reliquias
2910 3872 3167 3940 quasdam
3190 3869 3366 3940 populi
3390 3870 3444 3923 in
3471 3867 3675 3927 inda

2078 3960 2305 4031 reliquit
2328 3962 2396 4016 ad
2422 3961 2773 4017 excolendam
2803 3970 3026 4026 terram,
3059 3963 3365 4032 tributaque
3386 3962 3499 4032 regi
3526 3978 3674 4030 per-

2087 4051 2363 4117 solvenda,
2391 4051 2589 4121 quibus
2606 4052 2847 4122 praefecit
2874 4051 3224 4111 Godolielem.
3264 4054 3379 4120 Quo
3420 4052 3481 4107 in
3525 4061 3675 4109 tem-

2086 4158 2218 4213 pore
2244 4142 2386 4198 idem
2422 4141 2662 4198 Godoliel
2708 4142 2777 4197 ab
2825 4142 3066 4208 lsmaele,
3099 4144 3192 4212 qui
3237 4150 3355 4197 erat
3390 4142 3462 4197 de
3515 4144 3677 4214 regio

2088 4233 2313 4298 semine,
2339 4232 2678 4288 interﬁcitur.
2693 4234 2967 4289 Timentes
2986 4248 3116 4290 vero
3134 4232 3455 4305 Babylonios
3465 4233 3674 4299 luchi.

2087 4322 2178 4392 qui
2213 4333 2604 4388 remanserant,
2641 4332 2864 4393 propter
2890 4340 3082 4380 necem
3109 4324 3374 4389 Godolite,
3399 4326 3675 4394 quoniam

2089 4427 2118 4466 a
2168 4412 2479 4483 Babyloniis
2516 4411 2684 4481 judcx
2731 4415 2906 4469 fuerat
2951 4414 3294 4477 constitutus,
3320 4423 3676 4483 assumptum

2088 4501 2411 4559 Hieremiam
2426 4502 2745 4573 prophetam
2768 4503 2994 4559 invitum
3008 4513 3167 4573 atque
3178 4503 3675 4570 contradicentem,

2086 4610 2208 4651 cum
2239 4611 2336 4651 suo
2361 4595 2621 4664 discipulo
2648 4593 2882 4660 Baruch,
2906 4597 2973 4651 ad
3003 4595 3293 4667 Aigyptum
3324 4595 3678 4652 descenden-

2085 4693 2167 4741 tes
2201 4701 2381 4740 secum
2435 4686 2672 4740 trahunt.
2723 4685 2839 4740 Rex
2888 4684 3265 4758 Egyptiorum
3309 4683 3492 4740 Vah-is
3533 4695 3679 4745 tunc

2085 4785 2222 4830 erat.
2251 4775 2552 4830 Hieremias
2577 4791 2704 4830 vero
2726 4776 3011 4845 propheta,
3036 4790 3069 4828 a
3101 4775 3261 4830 tertio
3291 4775 3502 4833 decimo
3518 4792 3678 4834 anno

2083 4861 2227 4932 regis
2254 4860 2414 4919 Josiac
2441 4864 2766 4934 prophetare
2794 4878 2983 4928 orsus,
3007 4878 3176 4934 usque
3202 4864 3326 4918 dum
3349 4863 3548 4921 civitas
3570 4882 3679 4923 va—

2081 4961 2319 5008 staretur
2347 4961 2401 5008 et
2427 4953 2705 5024 templum,
2735 4968 2854 5024 qua:
2881 4961 3107 5011 ventura
3141 4953 3214 5011 illi
3258 4952 3454 5023 populo
3496 4966 3676 5011 erant

2070 5044 2450 5114 prophetando
2464 5045 2820 5115 praedicabat,
2835 5059 3067 5115 suasque
3094 5046 3404 5115 praphetias
3432 5045 3491 5100 in
3519 5045 3679 5102 libus

2081 5135 2312 5204 scriptas
2343 5134 2540 5205 populo
2568 5132 2820 5204 legendas
2855 5135 3020 5189 dedit.
3051 5134 3166 5202 Qua
3194 5136 3260 5189 de
3290 5150 3348 5189 re
3392 5135 3571 5189 multa
3635 5153 3677 5192 ι

2078 5224 2277 5282 Ιυιιωίε
2300 5226 2442 5281 mala
2461 5241 2768 5296 perpessus,
2795 5241 2986 5292 cursus,
3018 5226 3247 5281 vinculis
3293 5225 3525 5281 amictus
3551 5238 3675 5283 est.

2080 5316 2360 5385 Principes
2402 5316 2567 5370 etiam
2619 5329 2650 5369 e
2701 5328 2921 5375 carcere
2965 5315 3280 5385 prophetam
3321 5315 3674 5382 educentes.

2081 5424 2206 5478 rege
2229 5391 2866 5476 Zedechia'permittente
2890 5405 2944 5459 in
2976 5404 3262 5475 quemdam
3310 5403 3487 5460 lacum
3537 5405 3672 5474 ple-

2080 5516 2209 5555 num
2238 5514 2395 5556 emno
2418 5500 2800 5568 deposuerunt,
2829 5506 2889 5551 ut
2912 5505 3085 5551 morte
3113 5496 3329 5565 propria
3358 5495 3673 5553 suﬂ'ocatus

2079 5594 2530 5661 exstingueretnr.
2552 5588 2645 5644 llle
2672 5602 2801 5643 vero
2838 5602 3008 5657 usque
3034 5590 3101 5640 ad
3122 5593 3308 5655 guttur
3334 5585 3389 5639 in
3417 5585 3530 5641 luto
3553 5587 3673 5642 de-

2074 5683 2306 5754 positus,
2339 5681 2393 5736 in
2428 5680 2514 5736 bis
2549 5677 2778 5749 degebat
2824 5677 3108 5748 angustiis.
3151 5676 3197 5730 A
3238 5677 3474 5745 quodam
3520 5691 3670 5733 vero
