3964 6172
284 301 390 367 989

1332 334 1349 343 -
1379 290 1788 351 CIIRONICON.
1831 318 1900 330 —
1937 288 2100 344 TOMI
2139 287 2158 343 I
2197 287 2323 343 LIB.
2361 289 2446 343 Ill.

3431 295 3537 351 990

283 429 570 476 servorum
599 412 762 483 regis,
788 409 1084 466 honoribus
1102 407 1380 473 decorate,
1406 408 1496 477 qui
1520 420 1717 478 genere
1739 411 1856 461 erat
1885 404 1932 465 Α
1959 402 2305 470 profiteretur
2327 442 2342 464 .
2406 402 2779 472 philosOplium
2827 417 2883 456 se
2936 420 3057 460 esse
3120 409 3423 476 respondit,
3482 412 3537 467 id

286 507 569 577 Ethiops,
594 505 855 559 liberatus
878 509 982 555 est.

356 595 524 667 Igitur
566 594 693 647 dum
737 593 789 645 in
836 590 1070 660 Egypto
1105 590 1460 654 consisteret,
1496 586 1720 656 iubente
1752 586 1861 640 Deo

288 684 538 758 praedixit
590 682 786 751 populo
830 680 1063 751 Aigypto
1106 680 1340 733 futuram
1386 679 1779 749 captivitatem,
1806 684 1863 731 et

287 779 521 852 qualiter
544 777 599 831 in
628 774 974 845 Babyloniam
997 773 1195 841 captivi
1229 774 1577 835 ducerentur,
1602 779 1655 825 et
1689 769 1777 823 alii
1807 770 1863 824 in

286 867 510 940 propria
538 867 758 938 regione
781 866 851 919 ab
878 864 984 919 illis
1030 864 1451 918 trucidarentur.
1500 862 1569 916 Et
1619 862 1736 916 hmo
1790 861 1866 915 ita

289 958 558 1029 completa
606 965 773 1012 sunt:
801 956 992 1026 quinto
1027 955 1292 1025 siquidem
1348 969 1491 1008 anno
1535 953 1865 1024 captivitatis

286 1049 804 1121 Hierosolymorum.
849 1046 1090 1115 Cumque
1135 1045 1463 1101 subdidisset
1508 1042 1864 1097 Nabuchodo-

289 1157 455 1199 nosor
470 1140 808 1197 Ammonitas
826 1145 882 1194 et
901 1137 1181 1200 Moabitas,
1197 1136 1437 1207 perrexit
1461 1135 1527 1187 ad
1552 1133 1863 1205 .Egyptum,

288 1247 517 1303 eamque
540 1231 830 1294 subvertit,
854 1238 911 1283 et
944 1242 1124 1298 regem
1159 1227 1397 1296 quidem,
1420 1225 1512 1295 qui
1558 1233 1685 1279 tunc
1720 1232 1863 1288 erat,

288 1327 522 1391 occidit;
573 1324 846 1392 aliumque
871 1322 924 1377 in
954 1335 1017 1375 ea
1043 1319 1402 1385 constituens,
1431 1318 1608 1372 denuo
1650 1314 1868 1371 Iudaeos

290 1418 535 1488 captivos
577 1415 733 1471 duxit
766 1414 822 1468 in
860 1412 1224 1484 Babyloniam.
1256 1411 1427 1482 Igitur
1474 1426 1571 1480 per
1616 1408 1868 1479 Assyrios

289 1510 496 1568 corruit
518 1507 745 1579 populus
765 1506 950 1561 decem
973 1504 1209 1559 tribuum
1240 1505 1305 1558 de
1333 1502 1603 1567 Samaria,
1633 1516 1755 1555 cum
1783 1515 1869 1554 re-

289 1609 485 1673 gnaret
510 1580 649 1668 apud
674 1611 769 1652 eos
793 1595 966 1651 Osias.
987 1594 1190 1649 Deinde
1215 1594 1445 1649 duarum
1473 1592 1708 1646 tribuum
1730 1589 1869 1647 mul-

290 1690 466 1745 titudo
524 1704 553 1742 a
608 1685 1105 1742 Nabuchodonosor
1162 1700 1288 1756 rege
1336 1681 1754 1754 Babyloniorum
1815 1687 1870 1733 et

1961 501 2069 557 est,
2094 492 2391 547 studiosum
2446 491 2526 544 vel
2577 500 2873 545 amatorem
2921 495 3228 562 sapicntim,
3283 500 3537 567 quoniam

1963 586 2256 654 sapientem
2286 585 2529 654 proﬁteri
2555 587 3054 655 arrogmuissimuni
3091 588 3388 643 videbatur.
3434 590 3541 644 Per

1964 677 2107 733 idem
2164 684 2378 745 tempus
2426 674 2643 746 Sappho
2694 676 2886 729 mulier
2930 677 2981 729 in
3024 678 3239 732 diverso
3293 690 3541 748 poemate

1964 767 2177 823 claruit.
2214 766 2525 821 Fereehites
2558 766 2905 820 historiarum
2949 776 3005 821 et
3034 768 3376 839 Xenohipnes
3405 772 3539 841 pbyo

1964 860 2109 914 sicus
2147 858 2531 927 tragoediarum
2581 858 2719 912 clam
2778 859 3084 915 inventores
3125 862 3406 917 habentur.
3434 863 3541 917 Iin-

1964 962 2249 1002 mauorum
2305 962 2432 1001 vero
2478 945 2698 1002 Servius
2757 947 2960 1002 Tullius
3022 948 3378 1017 gubernacula
3434 967 3539 1021 quo

1966 1037 2022 1092 in
2087 1045 2330 1107 tempore
2404 1038 2652 1102 invadit,
2721 1052 2820 1092 nec
2888 1040 3190 1093 obscuritas
3263 1042 3540 1108 inhibuit,

1966 1126 2213 1196 quamvis
2264 1135 2434 1182 matre
2493 1143 2647 1181 serva
2692 1138 2905 1182 creatus
2949 1137 3052 1183 est.
3101 1128 3233 1183 Nam
3288 1132 3540 1186 eximiam

1967 1214 2198 1270 indolem
2248 1230 2384 1269 uxor
2424 1214 2704 1286 Tarquinii
2749 1217 3009 1288 Tanaquil
3064 1219 3357 1275 liberaliter
3413 1223 3544 1274 edu—

1966 1315 2206 1371 caverat,
2235 1314 2293 1362 et
2340 1306 2544 1362 clarum
2593 1306 2709 1363 fore
2762 1310 2875 1363 visa
2920 1310 3068 1365 circa
3123 1322 3284 1380 caput
3330 1310 3542 1366 ﬂamina

1966 1395 2310 1466 promiserat.
2340 1396 2481 1465 Ergo
2506 1406 2630 1466 post
2665 1398 2940 1467 Tarquinii
2989 1409 3219 1455 mortem
3267 1384 3544 1457 adnitente

1970 1487 2150 1558 regina
2185 1486 2506 1542 substitutus
2533 1488 2587 1542 in
2613 1487 2788 1543 locum
2824 1490 2983 1560 regis,
3031 1490 3184 1559 quasi
3227 1491 3295 1545 ad
3337 1500 3545 1560 tempus

1970 1592 2193 1647 regnum
2229 1576 2352 1633 dolo
2378 1586 2596 1648 partum
2627 1581 2705 1633 sic
2732 1580 2842 1651 egit
2867 1580 3153 1645 industrie,
3182 1591 3241 1635 ut
3261 1582 3385 1651 jure
3414 1584 3545 1636 ade—

1969 1677 2092 1738 ptus
2120 1669 2409 1723 videretur.
2445 1669 2528 1723 Ab
2566 1670 2668 1723 hoc
2694 1669 2920 1739 pepulus
2949 1669 3226 1724 Romanus
3257 1671 3455 1724 relatus
3488 1672 3540 1724 in

288 1779 661 1837 Chaldmorum
691 1777 864 1847 captis
901 1746 1289 1845 Hierosolymis
1336 1782 1419 1829 es:
1454 1746 1697 1828 ἤειδε.
1750 1769 1867 1825 sal-
1898 1746 1943 1808 Β
1972 1775 2223 1826 censum,
2247 1760 2486 1830 digestus
2513 1760 2567 1813 in
2596 1759 2824 1814 classem
2843 1799 2858 1824 ,
2894 1759 3018 1813 inde
3047 1759 3211 1814 curiis
3234 1767 3393 1828 atque
3437 1758 3549 1812 col-

289 1882 551 1922 manasar
582 1879 817 1935 namque
843 1864 1237 1935 transmigrans
1271 1861 1541 1917 Israelitas
1558 1901 1572 1927 ,
1599 1862 1654 1915 in
1680 1875 1869 1916 eorum

292 1960 515 2030 regione
542 1955 772 2012 instituit
794 1966 1029 2026 gentem,
1052 1968 1172 2024 quae
1200 1953 1350 2024 prius
1371 1953 1425 2006 in
1450 1950 1693 2007 interiori
1718 1957 1871 2020 parte

289 2048 527 2104 Persidze
549 2054 605 2100 et
631 2045 817 2103 Mediae
854 2045 1185 2099 morabatur.
1236 2043 1385 2098 Tunc
1413 2050 1591 2096 tamen
1639 2040 1871 2110 primum

290 2138 634 2195 Sammaritae
680 2136 856 2193 vocati
901 2144 1053 2201 sunt,
1080 2133 1398 2191 vocabulum
1446 2133 1737 2202 provinciae
1783 2146 1872 2185 su—

291 2238 523 2294 mentes,
552 2228 609 2282 in
638 2243 745 2298 qua
771 2226 1020 2285 habitare
1046 2225 1386 2290 videbantur,
1416 2224 1544 2279 dum
1569 2224 1719 2294 prius
1758 2223 1870 2277 Eu-

293 2319 420 2375 thaei
448 2318 776 2381 dicerentur,
818 2332 847 2369 a
883 2312 1100 2369 ﬂumine
1142 2312 1298 2383 juxta
1341 2314 1484 2383 quod
1532 2311 1869 2366 habitabant.

293 2409 711 2481 Babyloniorum
749 2422 878 2460 vero
926 2421 1053 2469 rex,
1081 2420 1202 2460 cum
1241 2404 1377 2459 duas
1420 2403 1588 2459 tribus
1634 2403 1874 2471 captivas

294 2500 562 2564 duxisset,
586 2511 760 2566 omne
783 2503 997 2567 gentem
1015 2495 1175 2550 aliam
1198 2495 1253 2550 in
1279 2509 1465 2550 eorum
1488 2493 1874 2549 fecithabitare

297 2590 596 2662 provincia,
635 2596 688 2644 et
732 2595 1019 2658 propterea
1061 2587 1303 2642 desolata
1345 2587 1521 2642 omnis
1573 2585 1778 2650 Iudaea,
1819 2593 1876 2641 et

297 2682 664 2754 Hierosolyma
686 2689 743 2737 et
771 2681 1024 2752 templum
1042 2721 1059 2747 ,
1081 2682 1240 2737 annis
1269 2679 1337 2736 70
1361 2681 1677 2751 permansit.
1702 2679 1874 2736 Omne

298 2775 563 2844 siquidem
592 2783 804 2844 tempus
825 2788 856 2827 a
881 2772 1193 2843 captivitate
1218 2771 1581 2827 Israelitarum
1611 2786 1779 2841 usque
1804 2772 1874 2827 ad

296 2866 527 2920 duarum
551 2863 784 2920 tribuum
802 2862 1329 2932 transmigrationem
1348 2861 1450 2915 fuit
1465 2876 1730 2917 annorum
1749 2862 1871 2926 I50,

298 2953 566 3010 mensium
602 2951 671 3018 6,
709 2952 917 3007 dierum
948 2950 1033 3004 I5.
1067 2950 1233 3021 Igitur
1278 2965 1342 3006 ea
1380 2965 1500 3020 qua:
1540 2948 1609 3004 de
1656 2948 1875 3007 Daniele

299 3052 355 3101 et
375 3043 538 3099 sociis
560 3040 674 3111 eius
695 3049 845 3110 gesta
874 3039 1196 3095 mirabiliter.
1214 3039 1354 3109 apud
1382 3053 1563 3108 regem
1590 3036 1873 3093 Nabucho-

1972 1849 2127 1921 legiis
2148 1851 2468 1905 distributus
2508 1858 2611 1907 est.
2649 1848 2977 1918 Summaque
3027 1848 3170 1920 regis
3210 1848 3426 1903 solertia
3471 1848 3546 1902 ita

1973 1954 2055 1996 est
2083 1942 2331 1996 ordinata
2354 1940 2676 2012 respublica,
2703 1948 2762 1995 ut
2778 1941 2958 1996 omnia
2983 1938 3308 2009 patrimonia
3328 1979 3342 2003 ,
3373 1938 3550 2008 digni-

1974 2041 2133 2096 tates,
2169 2040 2359 2086 aatates
2407 2031 2629 2098 artium,
2677 2030 3081 2100 olIiciorumque
3129 2028 3439 2084 discrimina
3492 2029 3547 2082 in

1974 2125 2171 2180 tabulis
2196 2123 2549 2189 referrentur,
2581 2139 2645 2178 ac
2669 2123 2749 2178 sic
2793 2123 3023 2177 maxima
3075 2122 3270 2175 civitas
3314 2121 3549 2175 minimae

1974 2218 2165 2273 domus
2210 2216 2487 2287 diligentia
2533 2216 2920 2270 contineretur.
2946 2214 3152 2281 Quibus
3171 2214 3334 2269 etiam
3361 2213 3550 2267 dictus

1976 2306 2105 2360 solis
2131 2305 2272 2361 facta
2302 2304 2531 2361 defectio
2553 2315 2655 2370 est,
2684 2321 2807 2362 cum
2833 2304 3066 2359 futuram
3090 2319 3213 2358 eam
3238 2302 3433 2357 Thales
3457 2319 3552 2358 an-

1976 2406 2060 2459 tea
2088 2399 2331 2457 dixisset.
2362 2396 2483 2465 Quo
2506 2398 2560 2454 in
2590 2406 2828 2467 tempore
2855 2397 3079 2452 Aliattes
3108 2403 3164 2451 et
3184 2396 3445 2465 Astyages
3469 2393 3550 2448 di-

1976 2490 2332 2544 micaverunt.
2362 2488 2515 2544 Tunc
2540 2488 2705 2544 etiam
2733 2487 3137 2542 Anaximander
3158 2485 3396 2539 Milesius
3420 2485 3553 2554 phy-

1975 2579 2120 2634 sicus
2158 2578 2496 2648 agnoscitur,
2526 2575 2680 2644 cujus
2722 2583 3018 2646 praeceptor
3067 2573 3263 2629 Thales
3316 2573 3553 2628 Milesius

1974 2670 2095 2736 fuit,
2120 2671 2213 2741 qui
2252 2685 2435 2725 rerum
2463 2676 2715 2724 naturam
2740 2676 3036 2732 scrutatus,
3054 2666 3292 2720 maxime
3318 2664 3553 2719 admira-

1973 2763 2098 2819 bilis
2122 2762 2351 2827 exstitit,
2367 2761 2511 2830 quod
2527 2758 2835 2830 astrologiae
2859 2756 3098 2812 numeris
3125 2754 3550 2826 comprehensis,

1975 2852 2215 2909 defectus
2240 2853 2371 2907 solis
2394 2859 2452 2907 et
2483 2850 2624 2904 luna:
2670 2849 2832 2904 etiam
2875 2847 3168 2918 praedicere
3211 2845 3417 2915 potuit,
3458 2845 3551 2912 qui

1978 2951 2157 3001 tamen
2186 2942 2396 3013 putavit
2420 2941 2522 2997 tale
2550 2956 2729 2995 rerum
2769 2953 2889 2994 esse
2932 2937 3277 3007 principium,
3323 2944 3378 2989 et
3420 2935 3548 2991 hinc

1976 3035 2155 3090 omnia
2184 3034 2450 3090 elementa
2478 3032 2684 3097 mundi,
2723 3032 3003 3099 ipsumque
3043 3028 3324 3091 mundum,
3361 3025 3553 3111 et‘qui

298 3138 534 3191 donosor
557 3134 796 3204 legimus,
830 3141 955 3187 tunc
986 3131 1244 3201 temporis
1264 3129 1432 3186 fuisse
1452 3145 1610 3186 nemo
1633 3129 1869 3185 ﬁdelium
1899 3096 1944 3158 θ
1978 3128 2313 3183 inevidenter
2339 3126 2594 3190 existere,
2625 3123 2677 3178 id
2699 3131 2814 3188 est,
2844 3138 2906 3177 ex
2940 3122 3183 3175 humore.

298 3227 550 3282 dubitare
584 3232 784 3295 potest,
831 3224 944 3280 sive
1001 3223 1161 3278 etiam
1212 3237 1332 3294 quae
1380 3222 1875 3281 Nabuchodonosor

294 3318 661 3389 contigerunt,
683 3326 738 3372 et
762 3332 792 3371 a
822 3324 1010 3371 sancto
1049 3315 1265 3370 Daniele
1300 3316 1404 3371 sibi
1451 3324 1576 3371 sunt
1599 3316 1875 3386 praedicta.

297 3408 509 3478 Quibus
541 3408 871 3479 temporibus
897 3407 950 3461 in
978 3422 1150 3476 agone
1184 3407 1517 3464 certantibus
1562 3415 1747 3478 tragus
1787 3406 1881 3463 da-

298 3502 463 3557 batur
494 3499 546 3554 in
570 3499 809 3568 praemio,
839 3498 891 3552 id
912 3506 1013 3563 est,
1040 3498 1239 3563 hircus,
1265 3499 1406 3554 unde
1425 3499 1579 3553 aiunt
1605 3500 1878 3569 tragoedos

300 3598 661 3658 nuncupatos.
702 3587 927 3643 Alcman
954 3595 1009 3642 et
1032 3586 1375 3653 Stesichorus
1413 3595 1587 3656 poetae
1619 3588 1751 3643 clari
1785 3589 1878 3643 ba-

296 3682 520 3742 bentur.
549 3680 819 3751 Pythacus
842 3679 1163 3743 Mitileneus,
1182 3680 1274 3750 qui
1299 3679 1368 3734 de
1395 3688 1600 3750 septem
1625 3680 1878 3748 sapienti-

301 3770 406 3824 bus
435 3769 554 3834 I’uit,
578 3785 700 3824 cum
723 3768 1024 3825 Phrzenone
1045 3768 1399 3835 Atheniensi,
1441 3769 1568 3824 olim
1598 3769 1875 3836 Pbtenice,

300 3875 650 3931 congressus,
665 3861 912 3916 eumdem
940 3859 1230 3919 interfecit.
1260 3859 1422 3916 Solon
1452 3861 1712 3916 Draconis
1734 3860 1878 3932 leges

301 3952 558 4023 antiquas
583 3961 735 4008 extra
763 3967 858 4008 eas
882 3968 1002 4023 quae
1054 3955 1123 4008 ad
1168 3953 1486 4025 sanguinem
1537 3954 1880 4024 pertinebant

302 4060 449 4103 novo
479 4045 916 4111 Atheniensibus,
938 4045 1133 4115 quibus
1156 4052 1406 4113 praeerat,
1429 4045 1553 4115 jure
1577 4045 1876 4100 constituit.

304 4134 530 4205 Septem
552 4150 681 4190 vero
707 4150 843 4206 quos
863 4135 1161 4205 antiquitas
1186 4135 1458 4205 sapientes
1471 4133 1663 4203 iactat,
1686 4135 1741 4189 hi
1764 4135 1880 4191 fue-

303 4238 438 4285 runt
467 4246 480 4282 :
512 4226 706 4283 Thales
749 4226 1017 4292 Milesius,
1043 4226 1315 4297 Pytbacus
1344 4225 1613 4281 Mitilenus
1633 4265 1649 4292 ,
1679 4224 1877 4281 Soalon

300 4317 689 4383 Atheniensis,
713 4316 885 4374 Chion
917 4315 1389 4381 Lacedaemonius,
1418 4314 1744 4371 Periandros
1769 4313 1876 4370 Co-

304 4408 568 4475 rinthius,
593 4408 875 4465 Cleobolus
892 4408 1111 4480 Lydius,
1131 4406 1259 4464 Bias
1292 4407 1570 4463 Pricaeus.
1602 4406 1803 4464 Omnes
1823 4408 1877 4462 hi
1906 4431 1959 4489 ι)

302 4512 517 4571 septem
538 4502 789 4573 appellati
804 4511 930 4559 sunt
941 4502 1227 4572 sapientes.
1243 4501 1334 4570 qui
1346 4508 1468 4570 post
1486 4508 1671 4569 poetas
1684 4499 1883 4555 theolo-

306 4607 411 4663 gos
431 4592 757 4658 claruerunt,
789 4593 1041 4662 quoniam
1066 4591 1314 4645 nonnulla
1338 4590 1646 4651 honestiora
1684 4603 1880 4658 prace-

306 4694 405 4757 pta
427 4702 635 4741 morum
658 4687 925 4743 brevitate
943 4687 1438 4756 sententiarumque
1452 4684 1716 4755 complexi
1733 4694 1878 4738 sunt.

385 4774 526 4829 Nihil
546 4783 726 4829 autem
754 4786 1221 4830 monumentorum
1257 4775 1399 4845 quod
1426 4774 1497 4831 ad
1522 4774 1735 4828 litteras
1755 4772 1883 4827 atti-

305 4874 444 4925 neat
473 4866 703 4935 posteris
733 4865 1086 4934 reliquerunt,
1099 4866 1203 4920 nisi
1233 4866 1377 4933 quod
1399 4863 1595 4920 Soalon
1619 4864 1880 4933 quasdam

306 4958 460 5027 leges
481 4957 894 5013 Atheniensibus
939 4958 1021 5027 (ut
1044 4955 1289 5027 praedixi)
1332 4956 1498 5021 dedit,
1531 4956 1726 5013 Thales
1753 4971 1882 5011 vero

308 5049 571 5118 physicus
591 5046 725 5113 fuit,
748 5056 805 5104 et
838 5062 1058 5102 suorum
1098 5046 1406 5113 dogmatum
1433 5045 1602 5100 libros
1643 5046 1878 5115 reliquit.

307 5139 646 5210 Pythagoras
672 5148 853 5195 autem
884 5137 1119 5202 Samius,
1153 5153 1185 5192 a
1212 5152 1317 5207 quo
1344 5139 1507 5192 etiam
1535 5138 1716 5192 ferunt
1762 5138 1883 5207 phi-

306 5230 573 5297 losophiae
595 5245 788 5289 nomen
815 5237 1082 5291 exorwm,
1113 5227 1206 5296 qui
1250 5236 1303 5282 et
1347 5229 1706 5283 arithmeticae
1748 5230 1882 5284 artis

308 5322 567 5376 iuventur
587 5318 756 5375 fuisse
780 5318 996 5382 dicitur,
1017 5317 1205 5372 eodem
1233 5324 1470 5385 tempore
1491 5317 1752 5371 claruisse
1776 5316 1884 5371 fer-

311 5421 429 5466 tur.
461 5410 594 5466 Natu
635 5425 759 5465 cum
803 5419 962 5464 antea
1012 5408 1285 5478 sapientes
1320 5407 1747 5477 appellarentur,
1790 5408 1884 5477 qui

306 5502 440 5559 aliis
494 5510 750 5571 praestare
800 5500 1135 5565 videbantur,
1188 5499 1288 5555 istc
1332 5498 1695 5567 interrogatus
1754 5501 1882 5569 quid

390 5630 417 5659 ι
454 5616 625 5674 Locus
651 5624 955 5685 corruptus.

2048 3218 2185 3274 Huic
2211 3218 2473 3273 successit
2498 3216 2616 3287 ejus
2655 3215 2869 3270 auditor
2913 3209 3335 3271 Anaximander,
3361 3207 3453 3276 qui
3485 3206 3551 3261 de

1973 3322 2170 3369 natura
2197 3325 2374 3367 rerum
2396 3309 2629 3365 mutavit
2648 3307 2892 3378 magistri
2911 3300 3382 3376 opinionem-Non
3406 3299 3550 3355 enim

1976 3420 2043 3461 ex
2071 3420 2175 3458 una
2203 3418 2286 3469 re,
2314 3402 2366 3457 id
2393 3410 2497 3465 est,
2533 3416 2600 3456 ex
2632 3399 2860 3454 humore
2901 3398 3042 3453 sicut
3070 3394 3283 3455 Thales,
3333 3392 3429 3447 sed
3485 3405 3549 3444 ex

1976 3496 2091 3550 suis
2121 3493 2353 3564 propriis
2380 3490 2660 3562 principiis
2700 3505 2942 3559 quasque
2992 3503 3080 3542 res
3126 3484 3277 3540 nasci
3320 3482 3549 3552 putavit.

1976 3585 2190 3639 Infinita
2214 3597 2397 3637 rerum
2425 3581 2688 3651 principia
2713 3579 3047 3649 singularum
3077 3591 3198 3633 esse
3222 3574 3470 3637 credidit,
3495 3580 3553 3626 et

1979 3671 2401 3730 innumerabiles
2429 3670 2657 3726 mundos
2682 3672 2919 3741 gignere,
2944 3679 3000 3724 et
3021 3679 3356 3737 quacunque
3383 3664 3437 3718 in
3472 3664 3554 3718 eis

1976 3765 2243 3829 oriuntur,
2270 3778 2470 3833 eosque
2494 3764 2743 3825 mundos,
2776 3762 2931 3815 modo
2960 3759 3216 3824 dissolvi,
3244 3758 3406 3812 modo
3453 3755 3554 3810 ite-

1978 3872 2096 3911 rum
2131 3855 2274 3926 gigni
2302 3854 2649 3910 existimavit.
2679 3866 2705 3892 ιι
2734 3852 2945 3919 Quanta
2970 3852 3194 3921 quisque
3232 3850 3302 3905 ab
3340 3847 3554 3918 Argivis

1978 3957 2148 4010 actus,
2176 3955 2301 4017 post
2325 3960 2449 4000 eum
2493 3945 2586 4014 qui
2635 3945 2734 3999 sub
2779 3942 3106 3999 Archeinero
3132 3941 3352 3997 afuerat.
3400 3939 3550 4008 Agon

1977 4037 2173 4107 quippe
2193 4034 2492 4107 gymnicus,
2506 4049 2669 4105 quem
2692 4034 3016 4105 pantathene
3028 4040 3218 4087 vocant
3236 4039 3364 4088 tunc
3376 4042 3549 4088 actus.

2539 4143 2768 4200 CAPUT
2807 4143 2989 4199 XVIII.

1978 4237 2149 4309 Cyrus
2177 4236 2341 4291 Persa
2352 4235 2591 4309 quam"
2620 4235 2889 4309 Medorum
2916 4234 3226 4309 destruxerit
3252 4235 3549 4309 antistium,

2049 4318 2096 4362 et
2138 4304 2452 4362 avunculum
2492 4322 2643 4361 suum
2680 4305 2923 4374 Astiagea
2960 4304 3094 4358 bello
3130 4305 3414 4373 superavit,
3445 4304 3583 4358 Βισ-

2053 4378 2313 4448 bylom’am
2364 4376 2627 4448 subvertit,
2675 4372 2905 4442 Gynden:
2935 4374 3160 4448 ﬂuuium
3196 4372 3259 4448 in
3300 4374 3553 4444 quadrin-

2056 4441 2231 4517 gimtos
2260 4446 2528 4515 sexaginta
2565 4441 3082 4517 alueosromminuit,
3116 4441 3335 4517 Lydiam
3366 4455 3552 4517 petens

2057 4461 2231 4517 gentos
2260 4461 2528 4515 sexaginta
2565 4461 2733 4498 aweos
2760 4461 3082 4507 rommmuu,
3116 4461 3335 4513 Lyamm
3412 4461 3552 4498 ctens

2057 4517 2289 4572 Crassum
2329 4529 2497 4584 regem
2535 4514 2684 4584 cepit.
2739 4514 2974 4575 Domum,
3006 4527 3121 4583 post
3160 4513 3333 4584 multa
3353 4461 3554 4584 [gruter

2057 4598 2232 4659 gesta,_
2265 4588 2321 4659 in
2364 4582 2743 4659 2Scytltialcum
2790 4584 2929 4659 omni
2963 4585 3190 4637 exercitu
3206 4583 3398 4659 _periit.
3443 4582 3552 4637 Sub

2057 4652 2158 4729 quo
2198 4654 2376 4729 Jugwi
2415 4671 2458 4729 α.
2495 4656 2791 4729 captivitate
2839 4652 3552 4729 relaxrgatur._Romanorum

2057 4721 2228 4781 autem
2266 4721 2598 4794 Tarquinius,
2628 4732 2966 4794 cognomento
2995 4721 3278 4794 Superbus,
3312 4723 3415 4794 illis
3437 4723 3552 4777 die-

2053 4802 2148 4852 bus
2180 4792 2390 4848 rexerat
2430 4808 2676 4862 regnum;
2733 4801 2780 4844 et
2831 4792 2966 4861 quod
3008 4792 3158 4862 idem,
3187 4792 3436 4862 depulsus
3476 4800 3553 4845 est

2049 4874 2260 4939 propter
2273 4880 2432 4939 suam
2468 4860 2803 4939 tyrannidem
2835 4860 3396 4939 atqueniusolentiam;
3432 4877 3551 4913 cum

2049 4928 2155 5009 quo
2167 4935 2364 5005 pariter
2377 4942 2424 4986 et
2446 4928 2640 5001 regiam
2660 4928 2962 4999 potestatem
2982 4928 3207 4983 Romani
3219 4929 3549 5000 pepulerunt.

2042 5047 2217 5118 Cyrus
2249 5044 2414 5098 Persa
2454 5041 2725 5095 Medorum
2756 5038 3022 5094 destruxit
3066 5041 3370 5108 imperium,
3406 5042 3551 5110 quod

1979 5144 2206 5192 steterat
2240 5148 2336 5203 per
2368 5144 2539 5186 annos
2581 5128 2799 5183 circiter
2840 5127 2964 5184 258.
3010 5128 3388 5197 Subvcrsoque
3426 5145 3557 5200 rege.

1984 5228 2202 5297 Astiage
2228 5222 2491 5278 avunculo
2516 5236 2634 5281 suo,
2660 5220 2866 5290 primus
2894 5219 3073 5275 Persis
3108 5219 3368 5289 regnavit,
3398 5221 3559 5275 annis

1982 5317 2193 5373 scilicet
2217 5314 2307 5368 50.
2335 5311 2576 5379 Qualiter
2598 5310 2743 5364 enim
2768 5309 3041 5365 Medorum
3071 5310 3139 5363 ad
3174 5309 3368 5364 Persas
3394 5324 3559 5365 vene-

1988 5410 2060 5463 rit
2079 5420 2321 5475 regnum,
2362 5401 2700 5472 pandendum
2724 5416 2867 5455 reor.
2900 5401 3068 5470 Igitur
3086 5399 3347 5469 Astyages
3374 5400 3558 5455 Medo-

1988 5514 2107 5553 rum
2136 5495 2357 5580 ultionis
2379 5508 2493 5558 rex,
2516 5491 2654 5546 virili
2679 5492 2827 5562 prole
2846 5506 3064 5572 vacuus,
3085 5491 3284 5562 Cyrum
3309 5502 3559 5565 nepotem
