3958 6172
418 333 512 389 991

1427 320 1813 380 FRECULPHI
1852 323 2304 379 LEXOVIENSIS
2340 322 2641 380 EPISCOPI

3549 319 3652 376 993

417 442 557 510 apud
583 440 776 495 Persas
801 436 1035 506 genitum
1069 436 1270 490 habuit.
1302 433 1406 490 Sed
1433 436 1603 506 Cyrus
1624 451 1747 488 mox
1778 443 1836 488 ut
1858 435 1985 489 ado-
2012 440 2058 497 Α
2088 436 2259 497 vadis,
2294 435 2371 489 sic
2394 451 2516 489 eum
2560 436 2720 490 etiam
2751 435 3059 504 patentibus
3088 433 3224 486 alvei
3273 433 3518 502 partibus
3553 435 3653 488 iter

420 528 566 590 levit,
595 533 913 594 congregata
958 523 1238 577 Persarum
1285 537 1464 584 manu,
1510 523 1774 577 avunculo
1803 531 1983 577 ccrta«

420 633 539 670 men
587 614 792 668 indixit.
844 613 1010 667 Porro
1061 613 1305 681 Astiages
1355 612 1550 666 oblitus
1597 612 1816 667 sceleris
1864 613 1981 677 sui,

418 703 557 772 quod
584 702 635 754 in
663 700 952 769 Harpalum
978 701 1171 753 dudum
1192 699 1504 764 admiserat,
1528 715 1650 752 cum
1681 700 1846 753 filium
1867 697 1983 766 ejus

418 791 630 844 unicum
658 799 712 844 et
737 789 1016 859 parvulum
1059 789 1347 851 interfecit,
1378 789 1808 857 cpulandumque
1841 789 1982 858 patri

418 880 684 948 apposuit,
711 894 774 933 ac
799 895 862 932 ne
888 879 1015 947 quid
1040 878 1419 932 infelicissima:
1444 877 1662 931 orbitati
1686 877 1810 931 felix
1833 879 1984 948 igno-

418 968 589 1022 rantia
611 969 969 1030 subtraheret,
993 967 1222 1021 infantes
1241 967 1426 1035 epulas
1446 967 1677 1022 ostensis
1699 968 1836 1037 patri
1860 983 1980 1023 cum

417 1059 590 1126 capite
632 1058 876 1111 manibus
909 1057 1308 1126 improperavit.
1341 1055 1514 1126 Hujus
1553 1072 1682 1128 ergo
1718 1056 1844 1110 facti
1883 1058 1984 1111 itu-

416 1164 643 1213 memor,
683 1149 780 1218 ipsi
827 1148 1059 1218 Harpalo
1087 1164 1348 1202 summam
1379 1148 1502 1202 belli
1553 1150 1860 1213 committit,
1892 1150 1982 1220 qui

417 1252 694 1309 acceptum
742 1241 1038 1294 exercitum
1083 1239 1266 1293 statim
1305 1239 1446 1310 Cyro
1488 1255 1585 1309 per
1625 1240 1982 1310 proditionem

417 1328 654 1381 trazlidit.
689 1327 803 1394 Quo
833 1331 1108 1396 comperto
1146 1327 1416 1398 Astiages,
1465 1329 1634 1397 raptis
1679 1344 1863 1385 secum
1891 1346 1984 1386 co-

416 1418 535 1484 piis,
566 1417 618 1470 in
643 1416 836 1470 Persas
865 1417 978 1485 ipse
1005 1417 1366 1486 proficiscitur
1393 1419 1678 1488 acriusque
1704 1429 1980 1475 certamen

418 1507 685 1560 instaurat
709 1524 721 1558 :
749 1507 1025 1576 proposito
1052 1508 1164 1561 suis
1189 1518 1352 1570 metu,
1385 1509 1430 1562 si
1463 1510 1585 1578 quis
1613 1525 1642 1565 e
1683 1511 1866 1580 praelio
1896 1528 1984 1567 ce-

419 1599 546 1650 dere
586 1597 884 1662 moliretur,
923 1596 1066 1652 ferro
1103 1599 1460 1668 exciperetur.
1502 1600 1614 1668 Qua
1662 1605 1984 1659 necessitate

417 1686 683 1740 instanter
697 1685 862 1740 Medis
888 1689 1268 1757 pugnantibus,
1293 1688 1444 1757 pulsa
1471 1689 1665 1744 iterum
1695 1691 1981 1747 Persarum

2083 525 2231 588 fecit,
2275 527 2521 595 cepitque
2575 526 2798 591 urbem;
2852 541 3012 594 quam
3062 525 3143 578 vel
3201 524 3434 577 humano
3486 539 3656 593 opere

2083 615 2286 670 exstrui
2318 617 2578 685 potuisse,
2618 616 2700 669 vel
2743 617 2978 669 humana
3002 616 3203 668 virtute
3232 615 3435 669 destrui
3470 629 3652 683 posse,

2083 713 2372 774 utrumque
2394 720 2532 774 pene
2557 705 2866 759 incredibile
2887 705 3026 774 apud
3058 704 3312 758 mortales
3336 713 3476 758 erat.
3518 703 3653 757 Nam

2081 795 2406 866 Babylonem
2454 812 2484 850 a
2515 795 2806 850 Nembroth
2851 797 3067 866 gigante
3101 795 3395 862 fundatam,
3439 811 3470 850 a
3515 795 3658 850 Nino

2082 887 2164 940 vel
2203 885 2556 942 Semiramide
2592 894 2918 956 reparatam,
2969 886 3117 941 multi
3163 887 3468 957 prodidere.
3529 887 3656 942 Haec

2082 977 2253 1046 campi
2283 977 2516 1046 planicie
2543 977 2780 1047 undique
2800 977 3106 1046 conspicua,
3134 986 3322 1031 natura
3351 976 3455 1033 loci
3487 975 3659 1031 lastis-

2082 1065 2237 1130 sima,
2279 1075 2580 1120 castrorum
2625 1066 2760 1120 facie
2797 1066 3064 1121 moenibus
3115 1068 3336 1137 paribus
3378 1081 3477 1137 per
3512 1082 3653 1136 qua-

2083 1157 2239 1212 drum
2267 1159 2552 1228 disposita;
2586 1173 2861 1213 murorum
2883 1156 3000 1226 ejus
3037 1158 3126 1212 vix
3156 1157 3435 1214 credibilis
3478 1157 3652 1212 relatu

2084 1251 2311 1306 ﬁrmitas
2338 1261 2393 1305 et
2427 1251 2754 1322 magnitudo,
2793 1251 2845 1305 id
2895 1257 2995 1312 est,
3030 1250 3314 1304 latitudine
3339 1251 3652 1304 cubitorum

2082 1341 2486 1412 quinquaginta,
2523 1340 2804 1395 altitudine
2831 1347 3022 1409 quater
3049 1347 3225 1404 tanta,
3253 1347 3508 1394 ueterum
3531 1357 3650 1396 am-

2082 1430 2226 1485 bitus
2277 1428 2392 1498 ejus
2433 1430 2688 1485 trecentis
2736 1428 2926 1484 stadiis
2970 1428 3409 1483 circumvenitur.
3461 1428 3656 1484 Murus

2084 1529 2236 1574 cocto
2274 1519 2442 1574 latere
2487 1527 2649 1588 atque
2693 1517 2956 1573 interfusa
3003 1518 3262 1572 bitumine
3313 1528 3653 1587 compactus,

2084 1611 2224 1666 fossa
2269 1611 2604 1666 extrinsecus
2642 1610 2748 1663 late
2775 1617 2986 1679 patens,
3032 1609 3150 1663 vice
3197 1609 3370 1662 amnis
3409 1610 3653 1664 circuiu-

2083 1700 2230 1756 fluita
2276 1701 2454 1757 fronte
2499 1716 2806 1766 murorum;
2834 1708 3051 1755 centum
3103 1707 3270 1767 ponte
3315 1714 3498 1754 tenete.
3532 1699 3651 1769 lpsa

418 1775 582 1838 acies,
621 1791 742 1830 cum
772 1777 1028 1846 paulatim
1073 1777 1304 1840 cederet,
1341 1788 1541 1833 matres
1573 1788 1628 1835 et
1659 1797 1856 1837 uxores
1883 1798 1971 1839 eo-

2081 1800 2260 1847 autem
2291 1791 2516 1846 latitudo
2547 1791 2599 1844 in
2630 1788 3150 1845 consummationem
3175 1787 3467 1857 pinnarum
3499 1795 3654 1841 utro-

419 1885 534 1922 rum
578 1869 790 1924 obviam
828 1879 1139 1935 occurrunt,
1169 1879 1328 1925 orant
1356 1881 1413 1925 ut.
1441 1873 1493 1926 in
1528 1875 1772 1944 praelium
1800 1891 1980 1932 rever-

418 1967 616 2019 tantur,
645 1961 1024 2015 cunctantibus
1048 1961 1256 2016 sublata
1286 1971 1436 2017 veste
1473 1965 1704 2019 obscena
1735 1970 1980 2038 corporis

416 2051 724 2114 ostendunt,
773 2061 1073 2119 quaerentes
1119 2070 1244 2108 num
1295 2055 1349 2108 in
1387 2065 1571 2111 uteros
1618 2066 1851 2114 matrum
1896 2061 1980 2116 vel

414 2153 641 2192 uxorum
673 2139 864 2194 vellent
909 2141 1172 2210 refugere.
1207 2143 1324 2210 Quo
1355 2144 1496 2200 facto
1518 2148 1898 2204 erubescentes
1925 2152 1978 2205 in

413 2227 658 2293 pnelittm
697 2228 921 2282 redeunt
949 2238 1005 2283 et
1042 2229 1184 2286 facta
1225 2233 1595 2302 impressione,
1641 2251 1775 2305 quos
1808 2236 1978 2308 fugie-

415 2316 546 2368 bant
580 2315 761 2385 fugere
805 2320 1148 2390 compcllunt.
1189 2322 1262 2376 lbi
1296 2331 1422 2379 tunc
1462 2325 1708 2398 Astiages
1747 2331 1976 2400 capitur,

415 2406 501 2458 cui
530 2406 700 2476 Cyrus
735 2409 865 2463 nihil
907 2411 1048 2465 aliud
1084 2427 1244 2480 quam
1279 2431 1503 2486 regnum
1545 2419 1784 2485 abstulit,
1828 2436 1980 2475 eum-

414 2512 517 2563 que
546 2500 776 2554 maxime
804 2500 1159 2557 Hircanorum
1198 2506 1343 2575 genti
1367 2509 1677 2577 praeposuit,
1704 2511 1770 2581 .in
1799 2511 1978 2569 Medos

412 2601 541 2640 vero
572 2588 685 2655 ipse
714 2589 912 2644 reverti
943 2592 1132 2647 noluit.

483 2677 533 2731 Is
559 2679 690 2735 finis
729 2680 935 2750 imperii
968 2683 1241 2740 Medorum
1273 2687 1391 2742 fuit.
1437 2688 1543 2744 Sed
1572 2690 1820 2747 civitates
1859 2709 1979 2763 quae

415 2767 709 2823 tributariae
749 2769 1021 2825 Medorum
1059 2781 1232 2840 erant,
1273 2791 1305 2829 a
1333 2775 1472 2848 Cyro
1497 2778 1828 2847 defecerunt,
1859 2799 1979 2853 quae

417 2870 501 2910 res
523 2856 662 2928 Cyro
693 2859 979 2914 multorum
1014 2861 1272 2919 bellorum
1303 2881 1462 2922 causa
1487 2879 1544 2922 et
1577 2869 1729 2941 origo
1748 2873 1974 2927 exstitit.

415 2946 532 3012 Quo
558 2947 610 3000 in
652 2957 891 3020 tempore
913 2949 1216 3008 Judacorum
1247 2957 1528 3026 captivitas
1565 2968 1701 3024 erat,
1739 2975 1858 3030 qua:
1881 2977 1980 3031 per

413 3051 584 3090 anuos
611 3041 950 3109 septuaginta
996 3043 1230 3098 duravit.
1264 3047 1431 3103 Porro
1459 3049 1514 3103 in
1552 3050 1822 3122 Babylone
1856 3069 1978 3123 pro-

413 3129 707 3196 phetabant
729 3132 913 3187 Daniel
939 3143 993 3188 et
1029 3136 1294 3192 Ezechiel.
1329 3139 1664 3209 Mortuojam
1701 3143 1979 3201 Nabucho-
2003 3125 2047 3187 C

416 3219 651 3274 donosor
690 3236 815 3292 rege
859 3223 1294 3295 Babyloniorum,
1333 3242 1642 3300 susceperat
1695 3233 1975 3303 imperium

413 3305 531 3372 ejus
570 3307 1000 3376 Evilmoradacb,
1031 3314 1120 3367 cui
1155 3317 1416 3372 successit
1461 3318 1762 3388 Balthasar,
1812 3323 1979 3381 frater

412 3393 548 3462 ejus.
599 3396 732 3453 Huic
771 3400 912 3453 enim
960 3402 1242 3458 Balthasar
1279 3406 1464 3461 Daniel
1499 3423 1618 3464 eam
1650 3414 1974 3482 scripturam

413 3500 532 3552 quae
564 3486 616 3539 iu
647 3487 853 3557 pariete
891 3503 1215 3561 apparuerat
1243 3495 1627 3567 interpretatus
1666 3510 1768 3567 est,
1807 3505 1976 3575 signi-

412 3576 662 3630 licantem
693 3577 977 3648 imperium
1008 3581 1149 3638 illius
1175 3584 1228 3638 in
1265 3584 1444 3642 Medos
1479 3597 1637 3644 :etate
1665 3606 1762 3646 sua
1799 3601 1974 3649 trans-

411 3666 711 3734 ferendum,
739 3679 794 3725 et
833 3673 936 3728 hoc
959 3675 1190 3742 qualiter
1209 3680 1470 3746 evenerit,
1494 3681 1842 3742 manifestare
1866 3705 1973 3744 non

411 3764 573 3833 piget.
618 3763 782 3834 Igitur
821 3765 1010 3837 Cyrus,
1064 3784 1159 3824 rex
1184 3770 1488 3838 Persarum,
1523 3789 1680 3844 quem
1728 3782 1976 3849 superius

411 3852 740 3922 explicandae
783 3855 1020 3912 historiae
1059 3873 1220 3914 causa
1270 3875 1834 3933 eommemoraveram,
1880 3872 1972 3940 qui

415 3952 542 3997 tunc
567 3943 749 3998 Asiam
776 3953 831 3999 et
869 3946 1142 4018 Scythiam
1184 3959 1461 4021 totumque
1501 3951 1773 4010 Orientem
1805 3961 1973 4017 armis

410 4036 822 4105 pervagabatur,
863 4053 985 4093 cum
1026 4041 1349 4111 Tarquinius
1393 4043 1666 4115 Superbus
1705 4049 1969 4120 Romam,

411 4121 493 4173 vel
521 4135 612 4175 rex
637 4123 720 4177 vel
762 4125 956 4193 hostis,
979 4137 1070 4182 aut
1113 4131 1334 4185 servitio
1366 4135 1646 4202 premebat
1675 4147 1769 4192 aut
1806 4140 1969 4206 bello,

409 4210 582 4281 Cyrus
610 4212 691 4283 (ut
725 4215 1092 4288 dixi)‘cunctis
1121 4221 1405 4277 adversum
1433 4238 1568 4294 quos
1598 4226 1736 4282 ierat
1771 4232 1970 4300 perdo-

409 4303 576 4370 mitis,
601 4304 850 4377 Assyrios
878 4318 934 4364 et
957 4311 1300 4382 Babyloniam
1323 4316 1457 4384 petit
1491 4325 1726 4388 gentem,
1756 4323 1973 4378 urbem-

409 4408 513 4460 que
560 4404 688 4451 tunc
734 4400 943 4454 cunctis
972 4402 1382 4470 opulentiorem.
1430 4405 1536 4462 Sed
1567 4409 1821 4480 impetum
1850 4413 1968 4484 ejus

410 4482 623 4552 Gyndes
651 4486 840 4542 fluvius
869 4491 1114 4545 secunda:
1138 4502 1256 4561 post
1302 4495 1557 4552 Eufraten
1587 4482 1972 4571 magnitudinis

409 4573 712 4644 intercepit.
751 4577 884 4632 Nam
913 4597 1074 4634 unum
1101 4584 1368 4651 regiorum
1390 4602 1648 4654 equorum
1678 4591 1786 4662 [ΑΙ.
1821 4597 1972 4664 equi-

361 4706 370 4717 .
408 4665 544 4736 tum]
592 4669 825 4723 candore
860 4670 1137 4741 formaque
1188 4675 1558 4746 excellentem,
1604 4689 1970 4743 transmeandi

410 4754 599 4810 fiducia
629 4772 965 4826 persuasum,
990 4778 1092 4832 qua
1138 4779 1232 4833 per
1258 4781 1502 4835 rapacem
1533 4769 1742 4827 alveum
1779 4774 1968 4832 offensi

407 4848 542 4902 vado
569 4849 794 4905 vertices
822 4853 1224 4920 attollebantur,
1253 4868 1525 4929 arreptum
1549 4865 1969 4934 praecipitatum-

405 4953 510 5007 que
541 4950 860 4997 merserunt.
895 4943 1008 4998 Rex
1047 4944 1236 5012 iratus,
1279 4948 1464 5005 ulcisci
1516 4968 1730 5009 amnem
1759 4961 1966 5028 statuit,

405 5036 718 5086 contestans
744 5047 867 5086 eum
897 5034 988 5103 qui
1032 5051 1176 5090 nunc
1201 5038 1516 5107 praeclarum
1539 5043 1776 5112 equitem
1815 5064 1972 5106 vora-

406 5118 602 5186 visset,
629 5121 863 5188 feminis,
895 5124 983 5178 vix
1008 5141 1179 5195 genua
1207 5129 1363 5182 undis
1402 5132 1810 5203 attingentibus,
1840 5154 1970 5208 per-

405 5209 687 5264 meabilem
737 5211 1162 5283 relinquendum.
1212 5217 1336 5273 Haec
1382 5225 1687 5289 peragendo
1727 5229 1967 5299 segnior,

405 5300 532 5354 totis
559 5303 728 5372 cepiis
752 5305 954 5373 perpeti
983 5322 1126 5362 anno
1146 5307 1367 5377 Gynden
1391 5310 1607 5369 fluvium
1628 5331 1726 5385 per
1746 5333 1969 5388 magnas

404 5392 678 5445 colicisutu
706 5392 1101 5465 deductumque
1127 5397 1302 5452 fossas
1323 5399 1378 5474 in
1400 5403 1794 5474 quadragentos
1819 5422 1970 5464 sexa-

401 5480 548 5548 ginta
576 5481 756 5538 alveos
805 5487 1140 5541 comminuit.
1179 5489 1257 5542 Eo
1298 5504 1461 5558 apere
1497 5496 1767 5563 pradicas
1793 5497 1968 5555 fosso-

405 5569 554 5624 ribus
577 5573 741 5626 etiam
770 5575 1024 5630 Eufraten
1066 5577 1219 5646 longe
1243 5579 1625 5637 validissimum
1651 5571 1706 5639 et
1733 5587 1965 5642 mediam

404 5657 728 5727 Babylonem
759 5663 1151 5722 interﬂuentem
1176 5666 1439 5723 derivavit
1477 5686 1542 5726 ac
1565 5671 1610 5726 si
1647 5675 1965 5732 meabilibus

2081 1895 2184 1949 que
2229 1880 2397 1936 latere
2443 1879 2763 1935 habitaculis
2793 1877 3136 1933 defensorum
3182 1892 3334 1946 teque
3372 1879 3651 1946 dispositis

2080 1974 2257 2029 media
2287 1972 2690 2042 intercapedine
2707 1969 2980 2040 sejunctas
2999 1969 3233 2038 quadras
3256 1969 3419 2037 capit.
3446 1967 3650 2024 Domus

2079 2068 2404 2122 intrinsecus
2429 2075 2621 2136 quater
2645 2065 2875 2136 geminae
2903 2061 3262 2118 habitationes
3303 2061 3501 2115 minaci
3529 2077 3651 2130 pro-

2081 2158 2304 2213 ceritate
2331 2157 2604 2211 mirabiles
2653 2155 2720 2208 Et
2746 2163 2923 2208 tamen
2947 2153 3037 2206 illa
3060 2165 3254 2220 magna
3273 2151 3537 2221 Babylon,
3564 2152 3650 2204 illa

2078 2252 2251 2321 prima
2294 2260 2418 2320 post
2457 2249 2846 2319 reparationem
2885 2244 3101 2300 humani
3146 2243 3360 2314 generis
3402 2245 3650 2306 condita,

2079 2358 2222 2397 nunc
2244 2355 2379 2412 pene
2411 2340 2632 2394 minima
2659 2353 2807 2394 mora
2839 2337 2999 2400 victa,
3022 2349 3078 2390 et
3107 2343 3285 2404 capta,
3313 2342 3367 2388 et
3394 2333 3654 2388 subversa

2078 2440 2181 2487 est.
2205 2431 2282 2485 lbi
2308 2440 2436 2485 tunc
2461 2429 2681 2485 Crwsus
2707 2443 2804 2483 rex
2835 2425 3130 2496 Lydorum,
3162 2424 3400 2477 famosus
3435 2425 3650 2493 opibus,

2077 2535 2198 2576 cum
2231 2522 2298 2575 ad
2332 2520 2697 2575 auxiliandum
2722 2519 3024 2590 Babyloniis
3050 2519 3308 2582 venisset,
3341 2519 3524 2573 victus
3548 2518 3652 2572 sol-

2076 2611 2221 2668 licite
2253 2613 2303 2666 in
2328 2627 2550 2684 regnum
2597 2610 2808 2682 refugit.
2841 2609 3014 2681 Cyrus
3054 2617 3230 2664 autem
3264 2617 3454 2678 postea
3487 2625 3654 2678 quam

2077 2704 2402 2775 Babylonem
2431 2711 2491 2758 ut
2518 2703 2690 2759 hostis
2711 2704 2925 2768 invasit,
2951 2713 3009 2757 ut
3037 2703 3208 2756 victor
3224 2701 3442 2764 evertit,
3475 2691 3534 2752 ut
3558 2715 3651 2754 rex

2078 2795 2360 2865 disposuit,
2408 2794 2606 2850 bellum
2645 2794 2917 2850 transtulit
2957 2793 3010 2848 in
3051 2793 3288 2863 Lydiam,
3319 2793 3411 2846 ubi
3438 2801 3656 2845 conter-

2080 2877 2244 2938 ritum
2272 2884 2549 2953 superiore
2569 2883 2682 2954 jam
2714 2883 2898 2952 praelio
2924 2883 3243 2946 exercitum,
3271 2882 3387 2936 sine
3419 2881 3530 2936 ullo
3558 2897 3653 2936 ne-

2078 2973 2225 3044 gotio
2267 2975 2562 3043 superavit,
2614 2975 2787 3044 ipsum
2841 2975 3004 3028 etiam
3060 2973 3304 3028 Croesum
3355 2973 3523 3043 cepit,
3567 2988 3655 3028 ca-

2083 3073 2341 3135 ptumque
2367 3073 2423 3120 et
2447 3064 2554 3119 vita
2584 3073 2640 3120 et
2665 3065 2990 3136 patrimonio
3012 3064 3250 3119 donavit.
3285 3062 3412 3118 Hzec
3453 3063 3650 3133 partim

2073 3155 2227 3226 juxta
2251 3154 2425 3210 Orosii
2455 3154 2733 3210 historiam
2775 3155 2941 3210 relata
2983 3165 3128 3210 sunt.
3168 3153 3475 3210 Secundum
3502 3154 3653 3210 lose-

2077 3246 2169 3315 pbi
2196 3262 2322 3302 vero
2350 3247 2718 3314 traditionem,
2749 3249 2866 3302 lucc
2895 3263 3012 3317 quae
3036 3258 3339 3318 sequuntur
3359 3247 3435 3300 ita
3456 3264 3520 3302 se
3554 3249 3650 3302 ha-

2075 3335 2206 3391 bent
2247 3337 2312 3391 de
2352 3337 2758 3394 successoribus
2805 3338 3303 3394 Nabuchodonosor
3347 3347 3516 3408 atque
3563 3341 3654 3394 de-

2075 3428 2372 3484 structione
2417 3429 2722 3501 Babylonis.
2755 3432 2897 3504 Ergo
2936 3440 3059 3503 post
3103 3442 3328 3488 mortem
3368 3433 3654 3490 Nabucho-

2076 3519 2310 3574 donosor
2340 3519 2870 3592 Almilmapadachus
2897 3524 3037 3579 filius
3062 3524 3179 3592 ejus
3202 3526 3447 3581 succedit
3475 3526 3530 3579 in
3576 3542 3653 3580 re-

2073 3621 2259 3676 gnum,
2309 3609 2400 3677 qui
2440 3624 2619 3679 regem
2666 3609 3274 3683 Hierosolymitanorum
3308 3613 3648 3678 Jechoniam,

2073 3701 2163 3770 qui
2190 3709 2243 3756 et
2269 3701 2532 3768 Joachim,
2557 3703 2717 3759 solvit
2739 3720 2770 3759 a
2805 3705 3053 3768 vinculis,
3077 3722 3310 3776 eumque
3347 3708 3493 3762 inter
3520 3708 3653 3762 ami-

2072 3807 2165 3847 cos
2197 3795 2530 3850 necessarios
2563 3795 2768 3862 habuit,
2798 3805 2854 3852 et
2893 3798 3058 3852 multa
3088 3798 3136 3853 ei
3171 3799 3308 3853 dona
3345 3801 3636 3855 concessit.

2071 3881 2206 3937 Nam
2231 3890 2386 3951 pater
2408 3884 2525 3954 ejus
2557 3885 2716 3941 fidem
2740 3903 2847 3942 non
2888 3897 3197 3942 servaverat
3217 3887 3513 3950 Jechonize.
3556 3889 3643 3960 qui

2072 3985 2131 4026 se
2157 3973 2342 4042 utique
2371 3988 2492 4028 eum
2518 3977 2776 4033 uxoribus
2800 3986 2855 4032 et
2892 3978 3014 4058 filiis
3053 3989 3109 4034 et
3135 3981 3279 4034 omni
3321 3983 3644 4052 cognatione

2071 4070 2260 4130 sponte
2303 4063 2598 4120 tradiderat
2637 4081 2736 4134 pro
2785 4067 3002 4124 civitate
3046 4084 3163 4124 sua.
3214 4068 3478 4126 Moriente
3511 4087 3638 4127 vero

2072 4149 2544 4222 Amilmapadaclto
2587 4165 2709 4225 post
2759 4173 2928 4214 annos
2976 4161 3275 4216 octodecim
3328 4163 3483 4234 regni
3532 4163 3644 4227 sui,

2071 4239 2357 4311 Egesarius
2402 4244 2542 4300 filius
2585 4244 2701 4313 ejus
2731 4249 2900 4303 tenuit
2938 4249 3297 4320 principatum
3342 4251 3417 4306 40
3455 4255 3640 4316 annis;

2071 4344 2243 4400 eoque
2286 4341 2518 4400 mortuo,
2547 4337 2614 4390 ad
2655 4337 2774 4407 ejus
2813 4338 2979 4394 filium
3014 4339 3493 4396 Naborsadachum
3534 4359 3648 4413 per-

2072 4423 2219 4477 venit
2262 4424 2566 4493 ituperium.
2613 4425 2766 4494 Quod
2819 4430 2944 4485 dum
2992 4446 3183 4486 novem
3238 4434 3522 4488 mensibus
3557 4435 3647 4489 ba.

2076 4513 2297 4578 buisset,
2324 4529 2390 4570 eo
2423 4514 2694 4584 defuncto,
2728 4519 2942 4575 transiit
2978 4520 3047 4576 ad
3074 4519 3376 4586 Balthasar,
3406 4525 3503 4594 qui
3541 4523 3647 4578 Na-

2074 4602 2208 4658 boar
2229 4615 2585 4675 nuncupatur.

2144 4693 2345 4750 Contra
2381 4697 2526 4752 hunc
2551 4697 2732 4766 itaque
2759 4713 2939 4770 regem
2977 4701 3344 4756 eastrametati
3384 4712 3515 4756 sunt
3543 4703 3647 4773 Cy-

2074 4799 2169 4839 rus
2190 4784 2476 4840 Persarum
2504 4802 2619 4853 rex,
2646 4796 2701 4842 et
2721 4788 2914 4844 Darius
2943 4789 3237 4846 Medorum.
3271 4792 3374 4858 Qui
3401 4793 3530 4847 dum
3553 4795 3651 4848 ob-

2074 4875 2314 4930 siderent
2333 4891 2456 4930 eum
2494 4877 2548 4931 in
2586 4877 2899 4949 Babylonia,
2943 4881 3191 4935 mirabile
3223 4883 3498 4951 quoddam
3526 4899 3654 4954 pro-

2071 4961 2273 5032 digium
2298 4964 2588 5034 contigisse
2629 4966 2977 5035 dignoscitur.
3006 4968 3290 5024 Balthasar
3326 4971 3474 5024 enim
3519 4973 3651 5026 dum

2070 5067 2199 5107 vasa
2235 5052 2352 5116 Dei,
2379 5070 2500 5123 quze
2520 5063 2674 5124 pater
2700 5057 2818 5127 ejus
2840 5058 2906 5113 de
2935 5059 3131 5128 templo
3156 5059 3655 5133 Hierosolymitauo

2070 5150 2441 5212 asportaverat
2491 5145 2544 5199 in
2587 5145 2932 5218 Babyloniam
2987 5158 3043 5205 et
3095 5151 3148 5204 in
3189 5154 3412 5222 proprio
3448 5153 3656 5228 templo

2073 5232 2447 5299 constituerat,
2492 5251 2620 5290 usus
2646 5238 2860 5306 quidem
2892 5253 2997 5293 non
3032 5237 3208 5294 fuerat
3234 5242 3336 5295 eis.
3373 5241 3482 5298 lste
3517 5258 3657 5298 vero

2074 5323 2321 5390 superbia
2351 5323 2543 5379 ductus
2563 5335 2668 5389 est,
2699 5335 2758 5380 ut
2788 5327 2869 5382 eis
2902 5337 3145 5383 uteretur
3177 5331 3245 5384 ad
3271 5332 3488 5400 pocula,
3518 5333 3657 5390 dum

2071 5410 2125 5465 in
2155 5428 2307 5467 caena
2333 5414 2485 5470 laetus
2511 5432 2632 5471 cum
2653 5419 2969 5476 concubinis
2997 5429 3054 5474 et
3079 5422 3295 5491 regibus
3315 5423 3507 5478 amicis
3532 5425 3658 5480 suis

2069 5511 2323 5558 aestuaret
2372 5505 2515 5571 vino,
2569 5517 2625 5562 et
2667 5508 2769 5563 hoc
2815 5510 2974 5564 modo
3007 5510 3410 5578 blasphemaret
3451 5511 3656 5568 Deum.

2070 5589 2222 5645 Tunc
2261 5593 2440 5664 itaque
2460 5596 2594 5650 vidit
2623 5599 2688 5652 de
2715 5614 2870 5653 muro
2897 5600 3199 5654 venientem
3236 5616 3480 5666 manum,
3505 5612 3558 5656 ct
3594 5603 3658 5659 in

2067 5679 2270 5749 pariete
2291 5687 2547 5752 quasdam
2579 5687 2784 5743 litteras
2809 5690 3162 5754 scribentem;
3196 5700 3248 5746 et
3278 5702 3494 5756 caetera,
3520 5709 3657 5762 quae
