3964 6172
225 260 332 316 997

1327 262 1739 319 CHRONICON.
1780 294 1829 304 -—
1886 262 2049 319 ΤΟΜΙ
2088 265 2105 319 l
2147 265 2272 320 LIB.
2317 267 2402 321 IV.

3380 280 3484 333 998

221 380 385 443 sedit,
409 386 462 434 et
492 378 594 433 nisi
621 377 828 432 hostem
856 377 1053 432 Mutins
1076 378 1344 433 constanti
1372 378 1592 433 urendae
1616 394 1808 433 manus
1835 381 1882 439 A
1909 378 2294 445 personabant,
2331 378 2528 434 clausa:
2562 379 2767 451 ubique
2811 377 2989 464 ianum
3021 390 3251 451 cunctae,
3282 383 3487 458 privata

222 468 488 538 patientia
517 466 900 532 submovisset,
926 483 1049 522 mox
1071 468 1261 523 urbem
1285 476 1522 538 caperet,
1554 478 1649 523 aut
1667 468 1803 540 jugi,

222 568 446 628 recepto
495 572 641 628 rege,
673 559 925 613 servituti
975 567 1122 613 esset
1167 559 1430 629 subjecta.
1472 558 1618 613 Idem
1662 559 1807 629 enim

223 646 446 711 Mutius,
474 645 800 702 fortissimus
828 647 1215 712 Romanorum,
1244 663 1420 717 regem
1449 664 1546 719 per
1584 648 1810 706 insidias

221 736 279 790 in
312 737 509 792 castris
548 736 719 805 ipsius
749 737 1089 807 aggreditur;
1129 739 1224 794 sed
1261 739 1352 793 ubi
1395 738 1658 793 frustrato
1697 739 1807 795 ictu

221 831 370 886 circa
403 838 567 899 caput
608 830 753 900 regis
803 838 1033 895 tenetur,
1081 830 1394 885 ardentibus
1445 829 1580 886 focis
1628 828 1810 884 intulit

223 936 480 985 manum,
514 927 886 989 terroremque
929 919 1053 973 dolo
1101 920 1475 990 geminat:0!
1509 920 1714 989 inquit,
1751 927 1811 973 ut

222 1014 367 1068 scias
385 1028 546 1084 quem
565 1011 820 1079 etl‘ugeris
842 1014 1040 1077 virum,
1064 1014 1204 1067 idem
1228 1014 1453 1069 trecenti
1470 1014 1805 1082 juravimus;

227 1109 328 1158 hoc
358 1119 595 1174 namque
642 1103 804 1169 facto,
852 1105 942 1159 hic
989 1104 1271 1159 interritus
1302 1112 1666 1178 perseverat;
1714 1120 1806 1158 rex

224 1212 356 1251 vero
384 1196 706 1266 trepidabat,
730 1197 883 1264 quasi
909 1194 1027 1263 ejus
1049 1198 1264 1252 arderet
1290 1213 1501 1252 manus.
1531 1197 1809 1268 Siquidem

224 1297 279 1342 et
308 1303 414 1342 una
438 1287 707 1357 virginum
733 1302 798 1340 ex
825 1288 1104 1343 obsidibus
1133 1289 1245 1358 regi
1284 1290 1406 1342 data
1435 1288 1637 1345 Cloelia
1675 1289 1806 1362 [Al.,

222 1375 431 1448 Clylia]
484 1377 667 1446 elapsa
722 1378 962 1432 custodia
1012 1380 1271 1434 audacter
1320 1379 1519 1437 ﬂumen
1573 1383 1806 1451 patrium

224 1467 600 1522 transmeavit.
647 1467 789 1538 Ergo
818 1475 900 1521 tot
946 1469 1215 1538 tantisque
1255 1471 1517 1526 virtutum
1552 1474 1813 1529 monstris

222 1573 320 1611 rex
351 1556 579 1613 territus
605 1557 886 1612 abscessit.
922 1558 1200 1628 Tarquinii
1232 1567 1416 1615 tamen
1458 1559 1552 1615 ditt
1584 1563 1835 1618 dimica-A

220 1656 443 1712 verunt,
466 1647 638 1703 donec
672 1647 936 1703 Aruntem
973 1648 1143 1704 ﬁlium
1179 1651 1322 1721 regis
1348 1668 1512 1706 manu
1552 1668 1648 1708 sua
1676 1654 1812 1708 Bru-

1912 465 2233 537 publicaque
2261 467 2433 522 olIicia
2461 467 2713 523 damnata
2740 488 2753 524 :
2786 471 3023 527 universi
3059 475 3129 528 ad
3157 485 3366 545 portum
3399 480 3492 535 de-

1909 565 2154 620 currunt,
2180 557 2624 628 cgredientesque
2648 561 2715 616 de
2740 561 2965 618 navibus
2987 579 3211 634 paucos,
3237 568 3329 637 qui
3350 551 3491 625 cladi

1909 645 2315 715 superfuerant,
2361 647 2426 701 de
2474 649 2587 703 suis
2636 659 3040 717 percontantur.
3087 653 3381 725 Postquam
3424 658 3492 713 dc

1910 735 2061 791 clade
2090 752 2331 801 suorum,
2361 737 2666 792 tacentibus
2690 738 2793 793 illis
2814 741 2896 794 vel
2922 744 3278 811 gementibus,
3308 745 3490 801 miseri

1909 828 2214 899 intelligunt
2244 836 2373 884 tunc
2402 837 2513 884 toto
2541 829 2725 889 littore
2758 831 3124 902 plangentium
3154 852 3333 903 voces,
3364 847 3491 894 tune

1911 918 2208 973 infelicium
2238 928 2471 973 matrum
2494 921 2728 976 ululatus
2756 932 2811 975 et
2830 922 3032 978 ﬂebiles
3057 927 3290 994 querelze
3309 930 3492 984 audie-

1910 1013 2125 1067 bantur.
2147 1012 2294 1067 lnter
2323 1014 2436 1067 haec
2462 1015 2704 1083 procedit
2726 1024 2779 1071 et
2805 1015 2917 1085 ipse
2944 1016 3010 1071 de
3039 1018 3160 1071 navi
3189 1035 3286 1073 sua
3316 1020 3487 1087 impe-

1917 1113 2085 1167 rator,
2111 1103 2327 1157 sordida
2371 1105 2660 1173 servilique
2688 1105 2865 1159 tunica
2895 1107 3218 1174 discinctus;
3249 1110 3511 1179 adcujus.

1911 1202 2259 1261 conspectum
2286 1193 2590 1264 plangentia
2615 1194 2917 1265 junguntur
2943 1198 3180 1266 agmina.
3222 1199 3339 1268 Ipse
3361 1217 3496 1270 quo-

1912 1298 2016 1351 que
2045 1298 2238 1337 manus
2265 1284 2332 1337 ad
2358 1282 2552 1338 cmlum
2579 1284 2826 1350 tendens,
2853 1302 2994 1340 nunc
3020 1302 3197 1354 suam,
3226 1305 3371 1345 nunc
3403 1306 3495 1359 pu-

1854 1382 1860 1389 ’
1900 1372 2105 1427 blicam
2129 1372 2496 1428 infelicitatem
2523 1383 2742 1429 accusat
2765 1382 2818 1429 et
2846 1374 3023 1431 deﬂet.
3048 1376 3130 1432 Ad
3160 1386 3492 1448 postremum

1915 1467 2217 1523 vociferans
2256 1483 2355 1537 per
2394 1466 2611 1531 urbem,
2656 1468 2873 1523 tandem
2922 1469 3196 1541 ingressus
3243 1472 3499 1538 domum,

1911 1569 2141 1615 cunctos
2167 1560 2259 1629 qui
2290 1558 2651 1631 lacrymantes
2678 1562 3163 1630 prosequebantur,
3189 1563 3379 1619 ultimo
3410 1566 3495 1620 di-

1910 1647 2059 1703 misit
2106 1648 2360 1718 alloquio.
2405 1647 2484 1702 Ac
2514 1647 2706 1703 deinde
2748 1650 3015 1707 obseratis
3054 1651 3259 1724 januis,
3309 1654 3497 1710 exclu—

220 1745 311 1791 tus
337 1737 631 1804 occideret,
656 1751 929 1807 superque
963 1738 1142 1807 ipsum
1183 1749 1371 1795 mutuo
1410 1741 1632 1797 vulnere
1658 1743 1810 1813 expi-
1838 1727 1886 1786 Β
1912 1741 2094 1812 sisque
2120 1740 2285 1796 etiam
2313 1740 2460 1807 filiis,
2492 1740 2668 1810 gladio
2698 1740 2939 1797 dolorem
2964 1742 3237 1814 vitamque
3268 1743 3463 1801 finivit.

219 1828 382 1882 ravit.
414 1827 607 1892 Porro,
630 1826 870 1897 depulsis
900 1829 969 1884 ab
996 1830 1132 1884 urbe
1160 1830 1399 1900 regibus,
1425 1832 1516 1887 vix
1541 1850 1716 1905 usque
1739 1836 1807 1890 ad

218 1917 742 1987 quintumdecimum
786 1918 1021 1988 lapidem
1058 1918 1228 1975 Roma
1258 1923 1476 1978 tenebat
1500 1922 1827 1992 imperium-

217 2007 354 2063 Post
379 2023 538 2079 reges
565 2024 798 2080 namque
823 2010 1074 2066 consules
1097 2026 1128 2064 a
1154 2010 1323 2066 Bruto
1344 2027 1469 2068 esse
1491 2025 1804 2084 emperunt;

220 2099 419 2155 deinde
460 2099 658 2157 tribuni
690 2100 864 2170 plebis
891 2108 947 2155 et
977 2101 1293 2166 dictatores,
1336 2112 1393 2157 et
1426 2119 1643 2159 rursum
1687 2120 1813 2161 con-

218 2188 373 2244 sules
392 2189 749 2245 obtinuerunt
774 2205 860 2245 res
888 2190 1147 2260 publicas,
1187 2206 1284 2262 per
1324 2206 1496 2248 annos
1540 2193 1656 2250 fere
1683 2210 1811 2264 qua-

220 2282 537 2350 dringentos
561 2281 842 2352 sexaginta
876 2290 1128 2350 quatuor,
1161 2296 1333 2351 usque
1360 2283 1428 2338 ad
1453 2281 1656 2341 Iulium
1684 2285 1808 2341 Cae-

220 2386 427 2435 sarem,
448 2371 537 2439 qui
569 2370 779 2439 primus
799 2370 1073 2441 singulare
1098 2371 1331 2441 arripuit
1356 2374 1663 2442 imperium.
1691 2375 1811 2442 Quo

220 2463 276 2517 in
316 2472 560 2531 tempore
595 2459 839 2517 Valerius
862 2461 1015 2515 Bruti
1041 2460 1268 2532 collega,
1300 2462 1436 2518 adeo
1460 2478 1666 2533 panper
1694 2481 1810 2520 mo-

221 2556 386 2619 ritur,
412 2562 475 2608 ut
506 2561 723 2623 sumptu
757 2552 974 2622 publico
1015 2553 1355 2622 sepeliretur.
1405 2553 1583 2611 Censu
1625 2556 1811 2613 item

221 2648 452 2717 agitato,
478 2646 699 2700 inventa
741 2652 870 2701 sunt
902 2645 1183 2701 hominum
1209 2655 1425 2702 centum
1455 2648 1645 2719 viginti
1690 2651 1809 2705 mil-

220 2736 314 2791 lia.
366 2737 505 2807 Ergo
542 2751 685 2790 anno
717 2750 864 2791 nono
910 2744 1033 2806 post
1064 2743 1287 2791 exactos
1320 2751 1494 2808 reges,
1543 2752 1683 2792 nova
1722 2739 1839 2793 di-.

218 2815 404 2899 gnitas
422 2835 507 2882 est
528 2835 732 2892 creata,
757 2826 1022 2883 dictatura
1046 2825 1275 2892 scilicet,
1300 2834 1355 2882 et
1380 2828 1641 2897 magister
1664 2828 1810 2898 equi-

219 2930 373 2983 tum,
415 2919 506 2988 qui
554 2916 805 2973 dictatori
853 2917 1261 2985 obsequeretur.
1314 2916 1559 2973 Dictator
1600 2918 1810 2988 primus

218 3009 453 3080 Largius
499 3007 632 3081 [Αι.,
676 3008 890 3063 Marcus
930 3005 1220 3078 Valerius],
1267 3007 1527 3076 magister
1565 3009 1808 3078 equitum

1910 1938 2255 2016 De__Esdra_,«
2281 1941 2508 2014 qualiter
2550 1943 2780 2012 gratiam
2830 1940 3024 2016 xerazis
3063 1943 3199 2016 regis
3246 1943 3491 2016 adeptus,

1983 2009 2405 2083 Hierosolymam
2434 2009 2766 2083 cum'magna
2796 2011 2947 2067 turba
2970 2009 3279 2068 Judw'orum
3304 2009 3358 2069 ei
3382 2009 3493 2069 mu?-

1979 2080 2189 2135 neribus
2214 2080 2456 2151 plurimis
2482 2082 2548 2136 sit
2583 2080 2834 2136 reversus.

1979 2191 2190 2252 Xerxes
2216 2194 2379 2249 Dario
2403 2195 2544 2265 patri
2577 2195 2630 2249 in
2658 2210 2881 2268 regnum
2911 2198 3210 2254 succedens
3239 2199 3396 2257 annis
3423 2199 3494 2255 20

1909 2283 2226 2355 imperavit,
2257 2286 2413 2358 juxta
2463 2287 2745 2341 historiam
2791 2286 3013 2359 Iosephi
3052 2290 3143 2344 25.
3184 2290 3230 2343 A
3269 2291 3496 2347 reaedili-

1909 2376 2123 2431 catione
2164 2392 2292 2431 vero
2337 2377 2520 2447 templi
2552 2377 2941 2450 Hierosolymis
2967 2389 3085 2434 erat
3130 2395 3304 2434 annus
3350 2380 3496 2450 vige-

1908 2466 2078 2521 simus
2109 2470 2387 2539 septimus.
2418 2469 2620 2526 Esdras
2664 2482 2866 2537 autem,
2897 2471 3096 2526 Xerxis
3122 2472 3348 2542 adeptus
3373 2487 3496 2543 gra-

1910 2556 2071 2621 tiam,
2122 2573 2245 2612 cum
2295 2558 2794 2614 munificentissima
2840 2559 2985 2614 illius
3030 2559 3280 2627 largitate
3334 2567 3496 2628 atque

1909 2646 2209 2701 amicorum
2236 2646 2354 2716 ejus
2381 2649 2634 2719 dirigitur
2682 2647 3132 2718 Hierosolymam,
3161 2659 3216 2703 et
3244 2663 3342 2718 per
3368 2662 3492 2702 eum

1909 2738 2076 2792 multa
2105 2753 2135 2791 a
2166 2752 2292 2809 rege
2328 2739 2615 2792 mittuntur
2643 2739 2710 2792 ad
2757 2737 3016 2807 templum
3047 2748 3273 2791 munera
3302 2751 3317 2790 :
3346 2737 3469 2792 insu

1908 2843 2005 2900 per
2034 2830 2297 2884 concessit
2328 2843 2421 2883 rex
2452 2837 2512 2882 ut
2539 2842 2727 2884 omnes
2753 2829 3066 2898 quicunque
3097 2826 3291 2882 vellent
3319 2824 3494 2881 Judaei

1911 2919 1966 2975 in
1993 2919 2109 2987 ejus
2140 2920 2449 2975 habitantes
2479 2933 2666 2988 regno,
2701 2919 2901 2974 reverti
2934 2934 3060 2973 cum
3093 2933 3161 2973 eo
3187 2917 3496 2989 Hierosoly-

1912 3025 2078 3076 mam,
2106 3011 2171 3064 ad
2200 3009 2544 3080 patriumque
2581 3008 2788 3072 solum,
2831 3008 2979 3062 nullo
3020 3009 3341 3079 prohibente
3377 3023 3495 3074 eos,

219 3103 466 3173 Spiritus
491 3099 764 3174 [Spurius]
794 3098 1016 3156 Cassius
1042 3100 1159 3155 fuit.
1191 3100 1343 3156 Tunc
1378 3100 1687 3157 Hellanicus
1724 3103 1808 3156 hi—
1832 3087 1878 3148 C
1909 3101 2075 3157 licere
2098 3118 2222 3157 cum
2247 3100 2498 3156 omnibus
2543 3114 2665 3170 quae
2702 3099 2983 3170 possidere
3029 3101 3375 3164 videbantur,
3412 3115 3499 3156 re-

217 3195 651 3265 storiographus,
682 3200 740 3248 et
771 3191 1141 3248 Democretius
1164 3190 1519 3261 philosophus
1544 3199 1600 3246 et
1635 3191 1808 3247 Hera-

217 3284 386 3339 clitns
412 3290 768 3353 cognomento
794 3281 1157 3347 Tenebrosus,
1183 3291 1241 3337 et
1279 3281 1634 3355 Anaxagoras
1672 3284 1809 3355 phy-

216 3374 371 3428 sicus
402 3372 534 3427 clari
563 3371 853 3429 habentur.
894 3370 1232 3441 Pythagoras
1268 3386 1400 3427 vero
1428 3372 1677 3439 moritur,
1708 3372 1809 3428 Es-

216 3469 410 3539 chyles
434 3468 817 3538 tragtediarum
846 3466 1079 3536 scriptor
1102 3466 1433 3536 agnoscitur.
1466 3465 1619 3523 Tunc
1641 3467 1806 3521 etiam

214 3561 447 3626 bellum,
470 3558 616 3630 quod
640 3560 695 3614 in
724 3558 1059 3614 Marathonia
1086 3565 1296 3629 gestum
1326 3566 1431 3624 est,
1455 3566 1515 3612 ut
1547 3557 1806 3626 praemissi,

216 3658 279 3705 et
300 3665 370 3705 ea
392 3665 515 3719 quae
533 3650 602 3704 de
629 3648 923 3705 Melchiade
947 3650 1258 3705 scribuntur
1277 3657 1334 3703 et
1358 3648 1613 3714 Aristide,
1640 3648 1809 3705 fuisse

217 3743 555 3799 scribuntur.
579 3741 733 3798 Tune
751 3740 937 3797 Romae
955 3742 1109 3812 virgo
1128 3739 1391 3810 Pontpilia
1415 3738 1547 3811 [Αι.,
1571 3739 1807 3812 Porphy-

220 3832 329 3905 ria]
357 3834 692 3903 deprehensa
725 3833 780 3887 in
824 3840 1037 3901 stupro,
1062 3832 1189 3887 viva
1233 3830 1447 3887 defossa
1485 3839 1591 3886 est.
1637 3831 1808 3901 Igitur

215 3925 573 3995 Anaxagoras
612 3923 827 3979 auditor
888 3922 1271 3988 Anaxamenis,
1320 3938 1506 3979 rerum
1564 3924 1805 3979 omnium

216 4030 365 4086 quas
392 4016 655 4081 videmus,
692 4013 1007 4070 electorem
1040 4014 1281 4070 divinum
1314 4015 1557 4071 animum
1602 4015 1803 4079 sensit,

216 4113 281 4159 et
305 4105 446 4159 dixit
475 4118 543 4160 ex
566 4104 775 4159 inlicita
818 4104 1048 4160 materia
1066 4112 1321 4160 constare
1357 4106 1570 4169 omnia;
1615 4105 1804 4160 simili-

215 4196 329 4249 bus
366 4194 509 4248 inter
534 4206 594 4249 se
618 4194 921 4262 particulis,
956 4194 1154 4265 quibus
1181 4195 1296 4249 suis
1334 4195 1570 4264 propriis
1592 4194 1805 4265 singula

215 4284 443 4348 ﬁerent,
486 4285 580 4340 sed
623 4285 804 4343 animo
841 4284 1075 4339 faciente
1108 4284 1319 4341 divino.
1362 4284 1631 4355 Diogenes
1673 4301 1807 4354 quo-

1908 3191 2083 3263 gredi.
2121 3189 2411 3260 Exemplar
2433 3191 2600 3246 etiam
2646 3189 2913 3260 epistolae,
2943 3190 2999 3245 in
3026 3206 3135 3263 qua
3169 3192 3285 3247 haec
3326 3194 3501 3247 conti-

1908 3281 2192 3344 nebantur,
2223 3281 2293 3337 ad
2319 3279 2592 3337 lsraelitas
2619 3280 2794 3337 Media
2827 3281 3139 3338 habitantes
3168 3283 3516 3339 transmisit.

1908 3369 1976 3426 Hi
2001 3386 2131 3427 vero
2158 3380 2551 3443 cognoscentes
2594 3374 2741 3444 regis
2765 3373 2913 3428 circa
2953 3373 3125 3430 Deme
3439 3385 3501 3432 et

1906 3461 2147 3519 favorem
2177 3479 2337 3534 quem
2365 3464 2422 3519 in
2450 3464 2621 3520 Esdra
2653 3466 2908 3532 habebat,
2937 3466 3091 3522 multi
3113 3467 3382 3537 siquidem
3410 3469 3497 3524 fa-

1907 3554 2135 3610 cultates
2162 3570 2289 3609 suas
2327 3555 2677 3625 deportantes
2709 3558 2777 3611 ad
2807 3557 3161 3628 Babyloniam
3204 3571 3492 3626 venerunt,

1905 3654 1967 3699 ut
1990 3646 2821 3718 escenderent-Hierosolymam
2858 3664 2984 3703 cum
3031 3651 3222 3718 Esdra,
3252 3653 3494 3722 pariter-

1907 3750 2011 3805 que
2052 3735 2368 3791 sacerdotes
2394 3743 2451 3792 et
2479 3734 2681 3791 Levita:
2727 3744 2799 3801 et,
2821 3736 3091 3805 janitores
3134 3749 3496 3811 centonesque

1907 3840 1974 3880 ac
1996 3826 2139 3882 servi
2164 3827 2329 3883 sacri.
2356 3825 2503 3893 Quos
2526 3842 2867 3898 congregans
2886 3829 2954 3885 de
2977 3831 3313 3900 captivitate,
3343 3844 3495 3891 trans

1906 3915 2235 3985 Euphratem
2265 3917 2436 3975 tribus
2464 3918 2657 3974 diebus
2687 3929 2949 3986 moratus,
2973 3920 3177 3991 jejunia
3208 3923 3290 3979 eis
3321 3925 3495 3996 impo-

1907 4008 2036 4075 suit,
2064 4017 2122 4063 ut
2156 4009 2266 4064 Deo
2291 4016 2415 4065 vota
2443 4025 2543 4080 pro
2567 4011 2742 4067 salute
2776 4012 3030 4079 solveret,
3060 4031 3130 4071 ne
3157 4016 3287 4085 quid
3316 4018 3373 4071 in
3400 4019 3488 4073 via

1905 4108 2221 4169 paterentur
2254 4100 2567 4156 adversum.
2615 4101 2708 4157 Ila:
2743 4117 2978 4173 namque
3003 4104 3121 4160 date
3149 4105 3344 4171 tribus,
3372 4123 3497 4177 quae

1905 4204 2004 4258 per
2021 4189 2518 4251 Nabuchodonosor
2535 4193 2902 4261 captivitatem
2926 4202 3051 4249 sunt
3076 4209 3367 4265 perpessa,
3390 4198 3492 4253 sub

1906 4278 2182 4348 praedictis
2208 4280 2545 4350 principibus
2580 4281 2637 4336 in
2677 4279 2920 4337 Judteam
2962 4294 3088 4338 sunt
3127 4299 3380 4340 reversae.
3410 4286 3492 4341 Ex

215 4390 335 4446 que
380 4375 522 4431 iuius
567 4376 746 4432 socius
788 4390 972 4430 aerem
1019 4375 1239 4444 quidem
1280 4375 1416 4430 dixit
1461 4390 1645 4431 rerum
1685 4389 1806 4431 esse
1838 4436 1878 4446 __
1910 4384 2018 4438 quo
2047 4369 2295 4423 videlicet
2332 4377 2595 4438 tempore,
2622 4386 2654 4425 a
2680 4370 2958 4443 Babylone
2989 4374 3217 4444 profecti
3260 4387 3406 4442 sunt,
3435 4385 3496 4433 et

214 4436 531 4532 materiam,
557 4467 625 4524 de
650 4480 759 4535 quo
781 4467 962 4521 omnia
990 4436 1204 4530 ﬁerent,
1233 4466 1328 4521 sed
1352 4479 1476 4521 eum
1510 4480 1632 4522 esse
1658 4481 1806 4522 com-
1834 4436 1884 4495 υ
1912 4436 2013 4529 ipsi
2052 4465 2108 4514 et
2151 4436 2775 4528 provincia—vocitantur
2796 4436 3016 4519 ⁷ιῐιισλειξῖ.
3067 4465 3263 4522 Decem
3309 4436 3493 4525 autem

214 4565 409 4631 potem
442 4557 637 4613 divina:
680 4557 933 4624 rationis,
972 4556 1089 4612 sine
1131 4570 1239 4625 qua
1289 4556 1424 4611 nihil
1466 4571 1536 4612 ex
1579 4571 1644 4613 eo
1690 4557 1808 4614 fieri

213 4657 432 4722 posset.

844 4738 1072 4795 CAPUT
1104 4737 1190 4793 lli.

207 4851 317 4920 De,
350 4847 556 4904 Melcho
596 4865 713 4920 rege
749 4849 1266 4920 Carthaginensium,
1298 4850 1388 4919 qui
1433 4847 1710 4918 infeliciter
1752 4851 1809 4904 in

290 4919 485 5001 Sicilia
508 4919 794 5001 dedicavit,
813 4919 1126 4990 domumque
1148 4924 1382 4974 reversus
1405 4921 1620 4990 propria
1644 4935 1806 4975 manu

295 5007 354 5045 88
383 5000 638 5044 interemit
646 5028 661 5043 η

294 5100 508 5157 “ciebo
538 5116 632 5157 rex
661 5099 1189 5170 Carthaginensium,
1219 5114 1345 5156 cum
1387 5100 1444 5155 in
1474 5100 1657 5158 Sicilia
1694 5103 1807 5160 bel-

210 5198 335 5252 lum
363 5203 600 5265 gereret,
625 5202 848 5264 repente
876 5192 1123 5249 horribili
1152 5200 1306 5261 peste
1331 5195 1632 5249 exerciutm
1671 5196 1808 5251 ami-

210 5293 316 5348 sit.
368 5288 480 5344 Nec
525 5303 695 5354 mora,
725 5289 916 5343 morbo
956 5284 1154 5356 populo
1194 5287 1514 5340 catervatim
1556 5288 1802 5353 cadente,

210 5385 335 5440 cito
361 5382 593 5452 quisque
616 5388 919 5450 correptus,
952 5392 1080 5433 mox
1113 5385 1359 5431 mortuus
1379 5376 1493 5444 jam
1526 5392 1627 5432 nec
1653 5392 1806 5447 sepe-

210 5477 480 5530 liebatur.
507 5472 674 5543 Cujus
703 5472 829 5527 mali
868 5471 1088 5526 nuntius
1131 5482 1257 5525 cum
1300 5469 1585 5522 attonitam
1617 5484 1809 5538 repen-

211 5567 343 5619 tino
374 5562 522 5617 luctu
547 5561 931 5633 Carthaginem
960 5559 1296 5630 replevisset,
1343 5574 1450 5614 non
1477 5573 1636 5614 secus
1663 5575 1730 5615 ac
1759 5562 1806 5615 si

210 5663 393 5725 capta
431 5663 594 5718 esset,
626 5652 841 5709 turbata
884 5652 1076 5707 civitas
1114 5650 1229 5705 fuit.
1276 5648 1467 5705 Omnia
1515 5648 1806 5706 ululatibus

1909 4550 2108 4614 tribus,
2136 4565 2257 4619 qua:
2288 4549 2440 4618 prius
2465 4549 2519 4604 in
2548 4551 2914 4620 captivitatem
2942 4554 3117 4608 ducite
3139 4565 3288 4624 sunt,
3315 4565 3374 4612 et
3395 4573 3492 4614 vo—

1909 4642 2171 4695 cabantur
2195 4639 2378 4704 Israel,
2407 4640 2669 4697 hactenus
2700 4650 2850 4699 trans
2885 4644 3219 4714 Euphratem
3247 4663 3488 4707 commo-

1910 4730 2022 4787 rari
2062 4731 2385 4801 prtﬂmnlur.
2409 4730 2612 4787 Esdras
2638 4748 2770 4789 vero
2796 4741 2854 4790 et
2876 4735 2973 4805 qui
2997 4750 3121 4791 cum
3152 4752 3218 4794 eo
3253 4749 3494 4798 reverte-

1909 4821 2127 4887 bantur,
2172 4829 2461 4890 postquam
2506 4829 2634 4876 vota
2674 4822 3061 4891 perfecerunt,
3106 4827 3174 4882 ab
3216 4827 3493 4898 Euphrate

1908 4920 2212 4981 surgentes,
2239 4912 2327 4967 die
2352 4912 2670 4967 duodecimo
2694 4913 2854 4982 primi
2880 4916 3105 4981 mensis,
3133 4919 3364 4988 septimo
3389 4921 3490 4975 im-

1907 5003 2042 5073 perii
2089 5019 2231 5057 anno
2272 5003 2471 5060 Xerxis
2507 5004 2576 5058 ad
2622 5002 3051 5076 Hierosolymam
3090 5022 3485 5079 pervenerunt,

1908 5094 2098 5163 quinto
2125 5109 2312 5150 mense
2349 5095 2592 5166 ejusdem
2627 5096 2777 5162 anni,
2810 5095 3048 5154 ferentes
3075 5112 3260 5154 secum
3303 5116 3490 5159 sacras

1906 5184 2194 5253 pecunias,
2239 5185 2450 5254 argenti
2501 5184 2700 5240 talenta
2750 5194 3004 5243 sexcenta
3056 5189 3484 5261 quinquaginta,

1908 5291 2037 5330 vasa
2067 5286 2325 5347 argentea
2373 5275 2695 5330 talentorum
2739 5285 2975 5343 centum,
3017 5294 3145 5334 vasa
3190 5296 3356 5338 aurea
3409 5291 3513 5338 tam

1906 5366 2176 5423 lentarum
2202 5367 2411 5437 viginti,
2439 5376 2494 5421 et
2519 5381 2644 5423 vasa
2670 5383 2814 5423 aerea
2841 5382 2977 5425 auro
3002 5371 3245 5439 meliora,
3272 5373 3481 5431 haben-

1908 5458 1982 5512 tia
2026 5458 2205 5527 pondo
2253 5457 2453 5511 talenta
2496 5457 2800 5513 duodecim.
2849 5459 2976 5516 Htec
3021 5475 3255 5532 namque
3300 5480 3397 5519 rex
3432 5478 3486 5521 et

1906 5551 2201 5606 consiliarii
2228 5550 2345 5620 ejus
2369 5559 2423 5604 et
2452 5548 2707 5607 Israelitte
2732 5550 3037 5621 Babyloniae
3065 5554 3373 5613 habitantes
3395 5560 3492 5611 ilo-

1907 5653 2191 5708 naverunt,
2216 5656 2337 5711 qua:
2365 5640 2568 5697 Esdras
2600 5643 2975 5700 sacerdotibus
2997 5660 3062 5700 ac
3095 5647 3275 5717 templi
3303 5660 3485 5705 custo-
3504 5670 3513 5679 ἠ
