3964 6172
475 252 579 306 999

471 364 628 418 dibus
655 360 894 416 tradidit.
925 360 1184 431 Prmeepit
1212 362 1374 415 etiam
1411 377 1504 414 rex
1549 360 1754 423 Esdra‘,
1786 374 1946 430 quem
1992 359 2044 410 in
2073 363 2122 420 Α
2151 356 2301 410 mina
2335 353 2447 407 fore
2491 371 2504 406 :

472 453 586 524 lege
635 452 727 506 Dei
774 451 1226 520 sapientissimum
1256 449 1686 519 deprehenderat
1747 457 1804 502 ut
1833 447 2048 501 lacteos

471 544 732 602 erudiret,
762 558 828 595 ne
855 542 906 594 in
938 540 1116 609 alique
1140 555 1237 610 per
1263 540 1618 610 ignorantiam
1645 539 1699 592 in
1727 539 1930 608 legibus
1960 552 2050 606 pa-

473 631 642 685 ternis
669 629 1066 698 delinquerent.

1093 737 1319 794 CAPUT
1362 737 1424 792 V.

470 833 548 886 De
577 832 814 895 Neemia,
843 832 930 902 qui
959 831 1287 898 rra’diﬁcavit
1320 846 1498 882 muros
1528 826 1882 902 Hierusalem,
1915 835 1963 881 et
1993 827 2050 881 in

866 919 927 954 ea
955 902 1270 954 habitatores
1300 900 1646 969 congregavit.

543 1015 619 1068 Eo
659 1023 898 1083 tempore
941 1011 1185 1066 Joachim
1233 1010 1482 1066 defuncto
1511 1011 1752 1079 principe
1799 1010 2050 1065 sacerdo—

473 1119 605 1172 tum,
650 1107 788 1161 filius
815 1107 931 1175 ejus
960 1105 1262 1173 Eliasippus
1291 1103 1345 1156 in
1387 1102 1751 1172 principatum
1799 1102 2050 1156 sacerdo-

473 1201 631 1254 talem
659 1198 945 1253 successit.
977 1196 1227 1250 Neemias
1251 1195 1412 1249 etiam
1443 1193 1640 1249 Xerxis
1668 1194 1927 1263 pincerna
1953 1209 2045 1246 au-

471 1293 691 1346 xiliante
732 1291 948 1345 domino
983 1289 1179 1343 meruit
1220 1287 1465 1342 obtinere
1494 1295 1552 1340 ut
1587 1302 1708 1342 cum
1750 1287 1953 1341 honore
1979 1285 2047 1340 ad

470 1384 701 1452 patriam
739 1391 1102 1436 reverteretur
1128 1394 1342 1450 magno,
1372 1388 1427 1433 et
1455 1377 1729 1433 civitatem
1760 1375 2051 1431 reediflca-

472 1483 553 1528 ret
582 1473 836 1526 dirutam.
874 1471 972 1538 Qui
1008 1471 1229 1525 veniens
1272 1468 1697 1538 Hierosolymam
1726 1482 1851 1522 cum
1879 1465 2045 1521 multa

470 1580 688 1619 suorum
722 1564 904 1626 turba,
936 1577 1120 1617 muros
1150 1561 1385 1615 civitatis
1433 1560 1758 1614 restauravit
1800 1563 2044 1621 everSus,

471 1655 833 1725 populumque
882 1654 937 1707 in
987 1668 1051 1707 ea
1106 1667 1471 1723 congregans,
1518 1666 1615 1704 sua
1667 1649 2042 1704 benevolentia

471 1750 712 1805 habitare
754 1747 896 1812 fecit,
921 1748 1004 1801 vir
1030 1747 1293 1817 benignus
1330 1759 1458 1816 erga
1487 1744 1759 1814 propriam
1805 1750 2040 1813 gentem.

469 1840 582 1895 Sub
627 1841 728 1894 hoc
783 1848 1022 1908 tempore
1065 1836 1322 1906 Pompilia
1369 1835 1498 1907 ML,
1539 1831 1863 1904 Porphyria]
1897 1833 2047 1902 virgo

468 1931 537 1984 ob
579 1930 784 1983 crimen
824 1928 995 1998 stupri
1043 1926 1228 1981 Romae
1271 1927 1390 1979 viva
1435 1924 1650 1980 defossa
1690 1932 1794 1978 est.
1837 1923 2046 1978 Eschil-

469 2018 566 2083 les,
620 2017 912 2082 Pindarus,
962 2015 1278 2086 Sophocles,
1319 2023 1375 2071 et
1418 2014 1704 2084 Euripides
1753 2013 2048 2085 tragtedia-

470 2126 589 2163 rum
616 2111 909 2179 scriptores
934 2109 1278 2164 celebrantur
1301 2108 1556 2178 insignes,
1584 2105 1888 2162 Herodotus
1915 2121 2050 2176 quo-

469 2215 574 2268 que
623 2199 971 2254 historiarum
1014 2199 1264 2268 scriptor,
1309 2206 1365 2252 et
1417 2197 1611 2253 Zeuxis
1657 2196 1832 2266 pictor
1877 2211 2047 2267 agno-

472 2297 714 2342 εειυιιυτ.

1085 2375 1314 2434 CAPUT
1353 2375 1440 2432 Vl.
1487 2439 1491 2443 ε

473 2485 713 2552 Qualiter
733 2486 935 2558 Xerxes
964 2487 1223 2558 deregno
1258 2487 1577 2557 septingenta
1614 2486 1782 2541 millia
1819 2494 2052 2542 armato-

545 2573 681 2622 rum,
706 2567 754 2609 et
793 2557 858 2609 de
898 2555 1390 2620 aaxiliis’trecenta,
1425 2555 1680 2610 rostratas
1707 2558 1863 2611 etiam
1893 2571 2050 2609 naves

542 2627 684 2679 mille
709 2627 978 2688 ducentas,
1001 2634 1244 2678 oneratas
1267 2641 1386 2678 vero
1413 2626 1516 2678 tria
1541 2626 1707 2679 millia
1727 2626 1970 2680 habuisse
1995 2625 2052 2679 in

539 2697 769 2749 exercitu
799 2695 986 2764 fertur,
1013 2695 1098 2746 cui
1130 2693 1360 2748 Leonida
1391 2694 1774 2764 Spartanorum
1798 2697 1908 2750 dua:
1931 2711 2051 2749 cum

573 2775 763 2818 uatuor
793 2763 1020 2818 millibus
1050 2763 1266 2828 obstitit,
1295 2773 1342 2818 et
1371 2763 1498 2834 pene
1527 2781 1643 2818 eum
1675 2766 1816 2819 vicit.
1851 2765 2052 2819 Deinde

575 2833 907 2906 ‘hemistocles
941 2835 1330 2906 Atheniensium
1359 2834 1468 2906 dua:
1497 2834 1670 2888 nauali
1698 2835 1879 2906 prwlio
1908 2851 2054 2906 exer-

539 2906 698 2958 citum
725 2903 838 2970 eius
861 2903 1141 2976 superavit.
1175 2901 1377 2976 Xerxes
1406 2905 1591 2971 victus,
1629 2901 1836 2961 amissis
1865 2903 2048 2976 copiis,

541 2977 754 3046 turpiter
787 2973 977 3045 refugit
1003 2975 1056 3026 in
1081 2975 1329 3044 patriam.

541 3089 708 3160 Igitur
727 3087 936 3142 Xerxes
962 3089 1298 3158 sextingenta
1322 3086 1487 3140 millia
1517 3094 1848 3141 armatorum
1875 3084 1942 3140 de
1966 3101 2052 3141 re—

471 3194 577 3250 gno
600 3185 656 3233 et
683 3187 926 3230 trecenta
961 3177 1028 3230 de
1062 3175 1295 3240 auxiliis,
1332 3183 1633 3244 prostratas
1675 3175 1838 3230 etiam
1888 3188 2051 3229 naves

472 3267 614 3322 mille
643 3267 919 3329 ducentas,
944 3265 1224 3319 onerarias
1259 3272 1440 3318 autem
1482 3263 1587 3318 tria
1613 3263 1781 3318 millia
1825 3278 2050 3320 numero

471 3358 722 3414 habuisse
756 3364 1030 3421 narratur,
1058 3364 1113 3410 ut
1145 3356 1336 3410 merito
1366 3355 1642 3426 inopinato
1666 3355 1930 3410 exercitui
1953 3355 2053 3410 im-

470 3463 773 3518 mensasque
801 3448 959 3504 classi
990 3447 1077 3502 vix
1123 3449 1202 3525 ad.
1236 3456 1418 3518 potum
1465 3446 1708 3512 ﬂumina,
1739 3446 1829 3500 vix
1877 3455 2050 3503 terras

471 3541 538 3595 ad
569 3540 894 3610 ingressum,
922 3538 1008 3592 vix
1041 3538 1210 3592 maria
1253 3538 1320 3592 ad
1361 3552 1580 3592 cursum
1618 3536 1894 3592 suffecisse
1938 3551 2051 3594 me-

468 3638 737 3685 moratum
767 3631 854 3686 sit.
890 3629 1023 3684 Huic
1053 3637 1232 3684 tamen
1267 3628 1565 3684 incredibili
1595 3628 1927 3698 temporibus
1953 3641 2052 3684 no-

467 3723 596 3778 stris
645 3721 877 3793 agmini,
920 3720 1074 3790 cujus
1122 3734 1405 3774 numerum
1457 3734 1601 3774 nunc
1647 3718 1914 3774 difﬁcilius
1965 3729 2050 3776 est

467 3814 658 3879 astrui,
686 3828 848 3883 quam
883 3820 1011 3867 tunc
1044 3810 1144 3866 fuit
1169 3811 1336 3876 vinci,
1363 3811 1604 3866 Leonida
1632 3826 1726 3866 rex
1754 3810 2050 3881 Spartano-

469 3922 588 3960 rum
630 3919 754 3959 cum
798 3913 1028 3972 quatuor
1076 3903 1311 3958 millibus
1355 3902 1633 3958 hominum
1682 3902 1738 3957 in
1787 3897 2050 3973 angustiis

478 3994 932 4065 l‘hermopilarum
977 3993 1205 4050 obstitit.
1253 3993 1464 4049 Xerxes
1507 4000 1687 4048 autem
1737 4001 2050 4064 contemptu

469 4090 753 4162 paucitatis
773 4087 997 4156 objecta:
1026 4087 1150 4142 iniri
1182 4102 1438 4158 pugnam,
1463 4087 1674 4142 conseri
1707 4101 1923 4140 manum
1951 4086 2050 4140 im-

467 4189 639 4250 perat.
667 4179 835 4234 Porro
862 4177 959 4243 illi,
983 4193 1213 4248 quorum
1241 4177 1453 4249 cognati
1481 4185 1534 4232 et
1561 4175 2050 4245 eommanipulares

469 4269 523 4325 in
569 4269 774 4340 campis
819 4267 1170 4323 Marathoniis
1215 4270 1604 4333 occubuerant,
1633 4274 1688 4322 et
1734 4265 2050 4322 certaminis

468 4360 626 4415 simul
654 4368 712 4414 et
737 4360 908 4416 cladis
944 4361 1204 4415 exstitere
1244 4359 1590 4429 principium.
1625 4358 1828 4412 Deinde
1856 4372 2045 4412 succe-

469 4453 604 4506 dens
623 4452 724 4505 sibi
754 4452 910 4506 turba
937 4450 1107 4518 major
1131 4465 1195 4505 ac
1222 4450 1457 4520 segnior,
1485 4465 1606 4504 cum
1631 4449 1744 4519 jam
1775 4463 1950 4519 neque
1979 4448 2047 4503 ad

469 4539 892 4610 procurrendum
931 4539 1123 4603 libera,
1154 4554 1331 4608 neque
1374 4540 1441 4593 ad
1487 4540 1832 4608 pugnandum
1879 4552 2047 4608 expe-

470 4631 603 4694 dita,
643 4643 818 4698 neque
846 4629 914 4682 ad
949 4627 1260 4699 fugiendum
1293 4636 1562 4696 prompta,
1611 4627 1739 4682 solis
1781 4628 2047 4683 mortibus

470 4722 828 4794 subigeretur,
855 4721 1034 4776 triduo
1059 4721 1312 4774 continuo
1335 4735 1439 4774 non
1470 4719 1698 4772 duorum
1725 4733 1925 4788 pugna,
1953 4719 2048 4773 sed

471 4813 635 4868 caedis
670 4812 829 4867 unius
857 4811 1034 4882 populi
1080 4809 1200 4865 fuit.
1229 4810 1435 4878 Quarto
1469 4817 1649 4865 autem
1679 4809 1766 4864 die
1808 4823 1931 4863 cum
1970 4810 2051 4864 vi-

471 4904 625 4958 deret
653 4901 889 4958 Leonida
926 4902 1162 4972 undique
1202 4902 1408 4956 hostem
1454 4899 1836 4966 circumfundi,
1865 4901 2050 4955 horta-

472 5004 561 5050 tur
611 4995 902 5050 auxiliares
945 4993 1120 5049 soeios
1163 5001 1222 5048 ut
1251 4994 1633 5066 subtraherent
1659 5007 1718 5048 se
1745 5007 1959 5063 pugnae,
1993 4991 2048 5046 in

470 5100 729 5140 cacumen
760 5085 956 5140 montis
984 5085 1234 5148 evadant,
1267 5098 1330 5138 ac
1363 5099 1423 5140 se
1453 5083 1520 5137 ad
1546 5083 1771 5138 meliora
1803 5091 2047 5152 tempora

474 5184 767 5241 reservent,
794 5176 898 5231 sibi
925 5189 1057 5231 vero
1093 5190 1216 5230 cum
1257 5175 1540 5246 Spartanis
1576 5175 1688 5230 suis
1729 5175 1891 5229 aliam
1932 5189 2051 5230 sor-

478 5281 582 5323 tem
608 5283 728 5324 esse
755 5269 1107 5333 subeundam,
1134 5267 1255 5337 plus
1283 5284 1342 5322 se
1369 5266 1558 5337 patria:
1586 5281 1748 5336 quam
1779 5266 1923 5321 vitm.
1961 5265 2050 5319 Di-

477 5359 656 5413 missis
702 5359 881 5421 sociis,
930 5358 1228 5428 Spartanos
1267 5358 1519 5412 admonet
1564 5358 1629 5412 de
1673 5357 1840 5426 gloria
1884 5355 2052 5425 pluri-

477 5463 645 5512 mum,
676 5449 740 5504 de
765 5449 873 5502 vita
904 5448 1036 5502 nihil
1063 5448 1410 5517 sperandum,
1433 5462 1606 5515 neque
1626 5443 2047 5516 exspectandum

477 5537 562 5590 vel
591 5539 797 5594 hostem
828 5538 909 5592 vel
956 5539 1121 5603 diem,
1164 5537 1258 5591 sed
1285 5538 1568 5592 occasione
1595 5537 1768 5590 noctis
1803 5549 2047 5604 perrum-

478 5627 654 5694 penda
680 5636 880 5692 castra,
909 5625 1307 5682 commiseenda
1339 5640 1510 5689 arma,
1556 5624 1923 5678 conturbantla
1953 5637 2046 5691 ag-

1469 201 1855 302 FRECCl..Plll
1899 241 2352 301 LEXOVlEN‘SlS
2393 240 2692 298 EPlSCOPl

3587 244 3742 298 1000

2551 366 2814 420 nusquam
2858 350 3094 405 victores
3140 351 3419 406 honestius
3459 367 3623 420 quam
3687 355 3741 406 in

2149 448 2342 504 castris
2373 447 2605 500 hostium
2633 461 2754 499 esse
2784 446 3072 515 perituros.
3109 443 3356 499 Persuasi
3395 447 3556 516 igitur
3586 450 3741 501 mori

2151 536 2326 600 malle,
2355 536 2407 589 in
2431 536 2686 589 ultionem
2716 534 2908 588 futura:
2931 534 3120 589 mortis
3142 545 3442 600 armantur,
3470 547 3742 607 tanquam

2151 630 2251 699 ipsi
2282 629 2554 684 interitum
2580 643 2734 682 suum
2759 635 2815 681 et
2835 627 3111 697 exigerent
3139 636 3195 680 et
3223 626 3556 683 vindicarent
3580 646 3595 682 :
3635 632 3748 682 mi-

2157 737 2270 777 rum
2297 722 2442 776 dictu
2471 721 2711 775 sexcenti
2745 720 2846 774 viri
2882 728 3057 774 castra
3090 731 3466 776 sexcentorum
3497 725 3742 778 millium

2151 811 2472 882 irrumpunt.
2498 810 2782 864 Tumultus
2804 810 2930 864 totis
2956 811 3150 865 castris
3174 812 3366 866 oritur.
3398 812 3577 867 Persa:
3605 829 3747 883 quo-

2152 917 2255 971 que
2284 900 2383 970 ipsi
2429 899 2727 970 Spartanos
2770 898 3024 968 adjuvant
3072 901 3277 956 mutuis
3319 904 3556 958 czedibus
3594 907 3745 960 suis.

2152 990 2403 1061 Spartani
2447 999 2752 1059 quaerentes
2787 1005 2968 1061 regem
2997 1006 3097 1045 nec
3136 991 3472 1047 invenientes
3518 992 3750 1047 caedunt

2150 1087 2504 1149 sternuntque
2531 1081 2736 1144 omnia,
2771 1089 2951 1134 castra
2980 1089 3344 1151 pervagantur
3373 1083 3652 1145 universa,
3691 1097 3750 1138 et

2150 1169 2290 1224 inter
2315 1168 2512 1223 densas
2536 1177 2715 1224 strues
2737 1185 3046 1239 corporum,
3085 1186 3240 1226 raros
3267 1173 3511 1228 homines
3534 1174 3626 1228 vix
3654 1191 3750 1228 se-

2149 1267 2406 1328 quuntur,
2449 1261 2686 1314 victores
2729 1261 2844 1314 sine
2883 1260 3068 1320 dubio,
3116 1260 3218 1314 nisi
3249 1263 3385 1316 mori
3413 1262 3745 1332 elegissmit.

2148 1351 2397 1407 Prtelium
2424 1366 2456 1404 a
2483 1351 2746 1420 principio
2775 1351 2971 1414 noctis,
3001 1351 3052 1405 in
3098 1352 3356 1422 majorem
3383 1363 3593 1424 partem
3630 1356 3749 1410 dici

2149 1451 2400 1507 tractum,
2426 1442 2493 1496 ad
2527 1451 2859 1511 postremum
2901 1441 3165 1496 vincendo
3195 1443 3422 1512 fatigati,
3459 1445 3550 1499 ubi
3583 1446 3754 1514 quis-

2147 1548 2254 1603 que
2281 1547 2467 1588 eorum
2495 1531 2868 1587 deficientibus
2894 1533 3152 1588 membris
3176 1533 3327 1589 visus
3346 1544 3428 1588 est
3453 1536 3558 1590 sibi
3591 1552 3752 1589 mor-

2148 1623 2220 1678 tis
2259 1619 2609 1677 sute'ultione
2655 1621 2905 1687 satiatus,
2946 1623 3024 1677 ibi
3071 1623 3449 1693 impedimenta
3499 1627 3752 1680 cadave-

2072 1707 2119 1767 B
2147 1730 2289 1780 rum,
2316 1728 2500 1769 crasso
2527 1721 2583 1768 et
2613 1713 2928 1784 semigelato
2963 1715 3222 1784 sanguine
3263 1714 3578 1785 palpitando
3623 1717 3751 1786 lap-

2148 1823 2240 1862 sus
2263 1815 2318 1861 et
2346 1814 2590 1861 mortuus
2617 1813 2718 1860 est.
2748 1805 2958 1860 Xerxes
2997 1805 3082 1860 bis
3124 1806 3299 1862 victus
3337 1809 3391 1861 in
3429 1816 3598 1871 terra,
3637 1825 3748 1862 na—

2146 1897 2266 1952 vale
2312 1895 2554 1968 prtclium
2598 1903 2776 1966 parat.
2823 1893 2929 1950 Sed
2978 1895 3368 1951 Themistocles
3408 1895 3515 1950 dux
3563 1898 3749 1952 Athe-

2147 1985 2440 2051 niensium,
2467 1999 2591 2040 cum
2615 1984 2989 2050 intellexisset,
3017 1984 3174 2040 Ionas
3197 1986 3392 2055 quibus
3424 1987 3554 2041 dum
3583 1989 3746 2041 auxi-

2147 2079 2281 2134 lium
2319 2078 2602 2148 superiore
2635 2077 2776 2133 bello
2809 2078 3035 2148 praibet,
3062 2077 3116 2131 in
3141 2091 3203 2134 se
3226 2075 3517 2132 Persarum
3567 2078 3749 2148 impe-

2151 2180 2264 2227 tum
2286 2178 2525 2227 verterat
2549 2169 2603 2224 in
2629 2168 2887 2224 auxilium
2918 2168 3116 2224 Xerxis
3142 2168 3461 2223 instructam
3492 2168 3740 2224 classem

2155 2263 2445 2329 deducere,
2474 2260 2766 2317 sollicitare
2789 2274 2883 2314 eos
2912 2261 3087 2329 parti,
3135 2258 3382 2328 hostique
3410 2259 3749 2313 subtrahere

2151 2354 2358 2419 statuit,
2389 2361 2446 2409 et
2484 2353 2612 2424 quia
2637 2351 2978 2420 colloquendi
3022 2349 3252 2406 facultas
3299 2350 3447 2421 signa
3474 2352 3636 2422 negal
3659 2362 3746 2414 at,

2150 2445 2283 2501 locis
2307 2446 2504 2516 quibus
2526 2443 2682 2500 Iones
2706 2443 2980 2499 accessuri
3014 2443 3237 2499 navibus
3261 2443 3586 2499 videbantur
3612 2459 3752 2514 pro-

2149 2536 2276 2607 poni
2303 2535 2545 2607 symbolo
2589 2535 2842 2604 saxisque
2879 2533 3018 2606 alligi
3055 2534 3232 2606 jubet,
3259 2536 3435 2591 socios
3460 2538 3750 2605 quondam

2150 2633 2206 2680 et
2248 2625 2540 2696 participes
2577 2625 2960 2695 periculorum,
2999 2641 3143 2682 nunc
3189 2634 3370 2682 autem
3414 2625 3614 2694 injuste
3644 2629 3748 2682 de-

2151 2715 2294 2772 sides
2329 2723 2454 2786 apta
2497 2715 2864 2794 increpatione
2909 2717 3234 2787 corripiens,
3263 2725 3426 2788 atque
3471 2717 3542 2771 ad
3589 2719 3749 2772 anti-

2151 2821 2380 2877 quorum
2410 2805 2534 2876 jura
2577 2815 2632 2862 et
2675 2807 2880 2862 foedera
2919 2808 3170 2878 religiosa
3197 2809 3580 2863 adhortatione
3613 2825 3750 2878 per.

2152 2898 2408 2965 suadens,
2446 2898 2822 2969 praecipueque
2847 2899 3145 2954 admonens
3169 2899 3248 2954 uti
3275 2901 3571 2955 commisso
3603 2915 3751 2970 pra:-

2155 2990 2247 3055 lio,
2297 2990 2614 3045 caedentium
2673 2990 2851 3046 vicum
2908 2989 3190 3046 inhibeant
3245 3006 3454 3056 remos,
3505 3007 3749 3061 seseque

2155 3082 2294 3138 bello
2321 3079 2589 3136 auferant.
2631 3080 2800 3152 Igitur
2831 3094 2925 3137 rex
2954 3091 3163 3152 partem
3208 3083 3428 3136 navium
3458 3083 3567 3138 sibi
3599 3087 3747 3141 deti-

2150 3191 2309 3242 nens,
2335 3183 2609 3244 spectator
2634 3189 2825 3246 pugna:
2853 3174 2904 3228 in
2934 3173 3115 3229 littore
3150 3183 3352 3228 manet.
3395 3174 3601 3230 Contra
3647 3194 3747 3231 au.

2149 3275 2256 3322 tem
2301 3264 2676 3331 Arcemidora,
2715 3265 2902 3336 regina
2940 3265 3267 3329 Halicarnis,
3313 3279 3436 3334 quae
3480 3267 3536 3320 in
3583 3270 3747 3322 auxi-

2148 3357 2279 3412 lium
2321 3356 2489 3412 Xerxi
2531 3366 2774 3423 venerat,
2825 3358 2965 3413 inter
3007 3357 3213 3428 primos
3255 3357 3422 3412 duces
3468 3361 3743 3416 acerrime

2147 3449 2286 3506 bello
2320 3449 2674 3515 immiscetur,
2711 3450 2786 3504 ita
2830 3458 2888 3504 ut
2924 3465 3080 3506 versa
3118 3451 3234 3506 vice
3261 3451 3318 3505 in
3346 3451 3470 3506 viro
3497 3453 3738 3508 feminea

2147 3540 2374 3606 cautela,
2404 3541 2458 3595 in
2502 3539 2701 3596 femina
2732 3540 2902 3596 virilis
2941 3543 3166 3596 audacia
3207 3551 3562 3611 spectaretur.
3601 3543 3742 3599 Cum

2147 3639 2327 3687 autem
2373 3646 2570 3701 anceps
2599 3646 2776 3701 pugna
2804 3640 2964 3696 esset,
2995 3633 3168 3697 lentes,
3201 3633 3357 3702 juxta
3402 3645 3741 3706 prateeptum

2147 3721 2547 3785 Themistoclis,
2573 3721 2832 3792 paulatim
2861 3737 2921 3777 se
2956 3723 3240 3777 certamini
3268 3724 3595 3778 subtrahere
3620 3739 3739 3779 eue-

2146 3821 2362 3884 perunt.
2395 3811 2635 3879 Quorum
2663 3811 2895 3867 defectio
2923 3811 3116 3867 Persas
3155 3828 3184 3866 a
3216 3822 3374 3883 parte
3400 3813 3591 3885 fugere
3616 3831 3744 3884 per-

2148 3901 2341 3968 suasit,
2367 3902 2421 3956 in
2450 3916 2556 3972 qua
2587 3901 2968 3972 trepidatione,
3009 3902 3193 3956 multa;
3234 3917 3402 3959 naves
3432 3918 3625 3959 merste
3650 3920 3744 3960 ca-

2146 4001 2360 4063 ptaeque
2389 4001 2533 4048 sunt.
2567 3991 2758 4048 Plures
2784 4000 2962 4047 tamen
2994 3993 3256 4048 minam
3284 3995 3432 4065 regis
3455 3995 3602 4048 velut
3637 3999 3747 4049 im-

2149 4084 2466 4139 manitatem
2512 4085 2684 4140 hostis
2731 4084 2982 4140 timentes
3019 4099 3119 4155 per
3162 4085 3352 4141 domos
3398 4086 3739 4142 dilabuntur.

2100 4224 2108 4232 .
2149 4176 2292 4246 Ergo
2341 4177 2560 4232 anxium
2610 4183 2689 4232 tot
2733 4175 2892 4230 malis
2947 4189 3130 4246 regem
3183 4175 3499 4230 Mardonius
3541 4191 3742 4246 aggre-

2149 4269 2315 4333 ditur,
2352 4268 2585 4324 suadens
2630 4280 2813 4338 regem
2857 4267 2912 4321 in
2963 4282 3188 4338 regnum
3233 4265 3416 4321 redire
3460 4275 3740 4336 oportere,

2071 4385 2124 4445 D
2150 4360 2463 4427 priusquam
2494 4357 2719 4411 adversa
2748 4356 2889 4410 fama
2923 4371 3093 4412 novas
3129 4370 3218 4411 res
3253 4356 3396 4411 domi
3429 4357 3740 4421 moliretur,

2148 4464 2205 4504 se
2234 4457 2412 4504 autem
2441 4449 2486 4504 si
2523 4448 2752 4504 residuae
2772 4448 2874 4503 sibi
2907 4449 3076 4518 copia:
3100 4449 3464 4513 traderentur,
3489 4460 3549 4503 et
3577 4450 3743 4504 ultio-

2147 4553 2271 4593 nem
2316 4539 2384 4594 ab
2417 4539 2575 4593 hoste
2619 4548 2962 4603 exacturum,
2992 4547 3049 4594 et
3077 4539 3430 4610 ignominiam
3479 4540 3745 4594 domestio

2149 4645 2268 4684 eam
2311 4629 2780 4699 propulsaturum,
2827 4639 2922 4684 aut
2963 4631 3008 4685 si
3055 4630 3284 4686 adversa
3317 4629 3444 4685 belli
3487 4645 3743 4700 per-sere

2151 4729 2388 4785 rassent,
2417 4734 2696 4776 cessurum
2727 4735 2787 4775 se
2811 4720 3026 4790 quidem
3061 4721 3228 4786 hosti,
3260 4721 3354 4776 sed
3396 4728 3582 4775 tamen
3620 4721 3745 4774 sine

2152 4809 2294 4879 regis
2340 4807 2585 4863 infamia.
2622 4807 2858 4864 Probato
2883 4809 3132 4874 consilio,
3153 4809 3424 4864 exercitus
3456 4809 3743 4864 Ilardonio

2152 4897 2404 4963 traditur,
2441 4912 2539 4953 rex
2567 4896 2824 4959 Abidum,
2851 4897 2942 4952 ubi
2974 4907 3193 4966 pontem
3222 4898 3386 4951 veluti
3416 4899 3596 4953 victor
3619 4913 3740 4951 ωδε

2148 4995 2227 5050 ris
2258 5001 2633 5057 conseruerat,
2666 5007 2791 5048 cum
2833 4992 3022 5061 paucis
3054 4978 3439 5062 proficiscitur.
3473 4991 3580 5046 Sed
3610 5007 3741 5045 cum

2148 5094 2367 5158 pontem
2406 5085 2648 5140 hibernis
2690 5085 3100 5154 tempestatibus
3129 5083 3452 5138 dissolutum
3481 5083 3740 5138 offend?s-

2156 5184 2269 5239 set,
2298 5175 2589 5244 piscatoria
2637 5175 2837 5244 scapha
2883 5174 3123 5242 trepidus
3161 5174 3397 5228 transiit.
3431 5174 3563 5227 Erat
3603 5187 3742 5226 stunc

2153 5269 2295 5338 quod
2327 5276 2575 5337 spectare
2619 5267 2914 5321 humanum
2941 5279 3111 5336 genus
3143 5275 3200 5320 et
3225 5266 3408 5320 dolere
3451 5265 3702 5319 debuerit
3721 5303 3739 5322 .

2155 5358 2482 5412 mutationes
2511 5371 2693 5410 rerum
2719 5356 2822 5409 hac
2852 5355 2936 5409 vel
2967 5355 3202 5409 maxime
3227 5355 3493 5408 varietate
3522 5366 3742 5422 perm

2157 5449 2312 5510 tiens,
2349 5448 2544 5518 exiguo
2571 5455 2883 5503 contentum
2918 5447 3091 5501 latere
3116 5445 3351 5516 navigio,
3378 5446 3480 5501 sub
3507 5458 3612 5513 quo
3645 5443 3736 5510 ip-

2151 5553 2268 5592 sum
2301 5538 2517 5609 pelagus
2539 5545 2663 5592 ante
2693 5537 2957 5600 latuisset,
2982 5545 3038 5589 et
3055 5534 3242 5606 jugnm
3264 5535 3595 5605 captivitatis
3615 5545 3738 5585 sua

2151 5628 2332 5682 vincto
2357 5629 2519 5697 ponte
2546 5635 2834 5698 portasset,
2862 5626 3122 5681 vilissimo
3149 5625 3310 5681 unius
3337 5624 3536 5680 servuli
3563 5634 3733 5693 egere
