3964 6172
283 178 411 236 1031

1377 178 1793 234 ClliiONlthN.
1834 211 1902 219 —
1945 183 2109 236 TUM-1
2148 185 2164 236 l
2208 185 2334 238 LIB.
2379 186 2463 239 ιν.

3367 193 3542 249 ’141οξ

277 290 602 352 ministerio,
634 288 783 357 cujus
831 290 1077 357 potentim
1105 288 1229 342 dum
1267 300 1476 345 montes
1505 293 1852 356 exciduntur,
1885 297 1930 352 Α
1960 295 2142 362 templi
2167 294 2267 349 fuit
2291 295 2555 359 loachim,
2588 299 2841 368 Eliasippi
2895 300 3053 364 fiiius,
3087 318 3247 370 quem
3277 305 3544 378 Josephus

272 384 447 437 valles
493 380 781 449 replentur,
826 397 1011 434 amnes
1071 381 1485 444 exhauriuntur,
1530 383 1642 450 ipsa
1693 383 1854 436 etiam

273 489 460 529 rerum
508 480 699 524 natura
750 471 1018 524 cessisset.
1075 471 1357 526 Pedestres
1405 487 1618 540 quoque
1667 472 1853 540 copiae,

271 579 396 634 qua:
443 561 668 616 ducibus
712 560 1011 614 commissa:
1060 559 1292 623 fuerant,
1343 561 1548 624 labore,
1601 560 1740 613 fame
1795 578 1857 614 ac

229 636 240 643 ’
272 663 423 709 metu
469 653 773 714 tabuerunt,
803 661 856 704 et
887 653 1237 706 crudescente
1277 652 1486 715 morbo,
1518 661 1662 705 tanta
1694 653 1858 721 pestis

271 754 534 813 tantaque
567 741 780 797 fmditas
809 743 1151 796 morientium
1192 751 1379 796 exorta
1410 752 1510 802 est,
1544 750 1602 795 ut
1632 742 1731 794 via:
1770 757 1858 795 ca-

229 815 240 822 ’
269 834 568 889 daveribus
617 831 954 901 replerentur
979 849 990 884 :
1021 832 1153 884 dira:
1180 833 1342 886 etiam
1371 832 1527 885 alites
1556 841 1714 900 atque
1758 832 1858 884 im-

267 924 457 993 probae
505 921 708 984 bestiae,
750 936 993 975 escarum
1041 919 1306 976 illecebris
1341 921 1660 984 sollicitaue,
1692 921 1855 974 mori-

266 1012 514 1065 bundum
547 1019 904 1079 sequerentur
925 1009 1242 1064 exercitum.
1269 1009 1337 1064 At
1367 1026 1495 1063 vero
1525 1011 1852 1074 Mardonius,

265 1102 359 1157 cui
395 1100 594 1168 reliqua
641 1099 777 1153 bella
808 1100 1155 1153 commiserat
1181 1099 1407 1161 Xerxes,
1438 1099 1648 1154 afﬂatus
1685 1099 1855 1171 [infla-

264 1191 382 1264 tus]
413 1193 648 1261 primum
693 1207 943 1246 successu
985 1193 1154 1255 brevi,
1188 1207 1310 1245 mox
1343 1191 1392 1246 in
1422 1198 1663 1246 extrema
1705 1192 1851 1261 deje-

265 1294 390 1338 ctus
414 1293 514 1338 est.
545 1281 794 1354 Olyntum
842 1282 1104 1350 siquilem
1127 1281 1359 1363 .Gt'wcize
1403 1282 1653 1350 oppidum
1682 1296 1851 1350 expu-

265 1377 474 1447 gnavit.
502 1376 857 1431 Atheuienses
899 1376 1045 1429 varia
1088 1375 1465 1428 sollicitatione
1494 1373 1760 1428 adducere
1792 1373 1846 1426 iu

266 1484 424 1537 spem
467 1468 614 1537 pacis
655 1482 959 1537 aggressus,
1007 1466 1096 1520 ubi
1144 1463 1612 1536 inexpugnabilem
1660 1479 1848 1518 eorum

265 1558 576 1612 libertatem
607 1558 779 1620 videt,
830 1558 1049 1610 incensa
1088 1557 1238 1610 urbis
1288 1564 1461 1624 parte,
1507 1555 1562 1608 in
1607 1555 1844 1609 Boetiam

1957 381 2150 436 ludam
2192 385 2449 438 nominat.
2492 386 2750 441 Defuncto
2795 398 2974 444 autem
3031 401 3084 445 et
3127 392 3260 456 hoc,
3309 395 3545 450 Joannes

1959 470 2098 524 filius
2162 473 2278 542 ejus
2348 471 2607 528 honorem
2673 480 2909 548 suscepit
2957 481 3367 537 sacerdotalem.
3425 488 3542 552 Quo

1957 561 2120 615 etiam
2151 563 2203 616 in
2234 565 2829 632 temporeAristarchus
2865 571 3383 642 tragmdiographus,
3413 577 3545 630 (ὲιίι-

1959 651 2123 716 tinus,
2146 663 2201 706 et
2238 655 2394 708 Pilato
2417 696 2431 720 ,
2470 660 2858 714 comoediarum
2903 662 3226 732 scriptores,
3278 667 3458 723 Zenon
3485 683 3544 724 ct

1958 743 2260 802 Heraclitus
2305 758 2687 816 agnoscuntur.
2736 752 3022 808 Ferecides
3071 758 3338 813 secundus
3373 761 3541 815 histu-

1958 835 2159 890 riarum
2177 841 2432 908 scriptor,
2457 851 2618 909 atque
2645 841 2937 911 Sophocles
2953 851 3008 898 et
3022 844 3408 919 Aristophanes
3433 861 3541 906 tm~

1956 928 2256 996 gmdiarum
2287 932 2580 1001 scriptores
2610 934 2780 988 habiti
2808 945 2951 990 sunt.

2028 1016 2330 1074 Herodotus
2356 1036 2483 1074 vero
2512 1038 2634 1077 cum
2658 1022 2884 1078 Athenis
2910 1025 3078 1083 iibros
3106 1043 3233 1085 suos
3269 1033 3321 1086 in
3355 1037 3538 1089 conci-

1957 1103 2028 1159 lio
2064 1106 2312 1174 legisset,
2379 1109 2672 1166 honoratus
2716 1122 2818 1168 est.
2872 1116 3186 1189 Pythagora:
3233 1133 3409 1177 autem
3458 1142 3544 1182 so-

1955 1199 2148 1268 phista;
2174 1201 2339 1256 libros
2359 1201 2576 1258 decreto
2600 1206 2816 1274 publico
2843 1206 3201 1266 Athenienses
3230 1217 3545 1271 combusse-

1955 1298 2098 1353 runt,
2133 1307 2199 1344 eo
2235 1293 2381 1361 quod
2407 1295 2645 1364 magicas
2675 1307 2819 1351 artes
2848 1307 3009 1368 atque
3040 1307 3465 1360 uecromantiam
3492 1309 3542 1360 in

1953 1380 2033 1434 eis
2069 1381 2414 1449 reperissent.
2467 1383 2818 1453 Empedocles
2863 1399 3043 1444 autem
3075 1401 3238 1462 atque
3265 1394 3546 1450 Parmeni-

1952 1469 2053 1523 des
2080 1470 2406 1542 philosophi,
2437 1471 2674 1528 Milesius
2697 1476 2857 1530 etiam
2892 1477 3154 1548 Physicus
3175 1482 3306 1537 clari
3337 1485 3539 1540 haben-

1955 1570 2062 1615 tur.
2093 1560 2198 1616 lste
2227 1571 2404 1617 autem
2437 1563 2650 1630 Thales,
2679 1577 2737 1620 ut
2782 1582 3127 1625 successores
3153 1573 3317 1650 etiam
3347 1591 3542 1644 propa-

262 1661 484 1701 omnem
513 1645 640 1699 belli
679 1654 995 1715 apparatum
1041 1645 1273 1699 deducit.
1313 1645 1443 1698 Illuc
1483 1660 1697 1714 quoque
1725 1661 1846 1700 etim
1878 1637 1924 1696 Β
1952 1661 2126 1720 εει-οι,
2157 1669 2337 1708 rerum
2373 1665 2621 1710 naturam
2665 1666 2939 1715 scrutatus
2964 1702 2978 1725 ,
3036 1639 3270 1732 ευῃείμῇθ
3300 1637 3542 1735 ἀίδριίιθ-

262 1750 487 1794 centum
519 1739 681 1793 millia
706 1739 1015 1794 Gnecorum
1047 1739 1283 1792 insecuta
1311 1747 1457 1802 sunt,
1483 1748 1538 1792 et
1558 1741 1852 1794 commisso

262 1830 387 1884 sine
420 1845 569 1883 mora
600 1829 804 1898 praelio,
837 1829 1189 1892 Mardonium,
1222 1829 1412 1884 deletis
1457 1830 1628 1899 copiis
1659 1830 1850 1899 ipsius,

263 1920 417 1975 velut
451 1936 480 1974 e
509 1920 788 1991 naufragio
833 1922 1034 1976 nudum
1081 1937 1204 1977 cum
1247 1922 1436 1992 paucis
1482 1923 1667 1994 fugere
1709 1939 1852 1978 com-

263 2015 535 2084 pulerunt.
577 2017 797 2082 Castra,
844 2018 1009 2088 regiis
1050 2017 1244 2088 Opibus
1289 2018 1506 2082 referta,
1557 2020 1848 2090 ceperunt,

263 2121 375 2161 non
421 2121 587 2175 parvo
617 2107 835 2176 quidem
875 2108 1110 2176 antiquae
1151 2107 1428 2162 industria:
1461 2109 1677 2163 damno.
1718 2109 1851 2165 Nam

261 2208 390 2268 post
414 2199 570 2254 istqu
593 2201 786 2269 prtedte
810 2199 1127 2254 divisionem
1153 2215 1344 2252 aurum
1375 2199 1649 2255 Persicum
1679 2202 1849 2270 prima

265 2287 493 2342 Grzecize
524 2288 741 2343 virtutis
768 2289 1042 2358 corruptio
1067 2287 1187 2342 fuit.
1224 2288 1386 2359 Urget
1417 2290 1581 2359 igitur
1607 2291 1851 2361 inceptus

265 2383 499 2435 miseros
526 2390 766 2435 extrema
791 2381 1043 2450 perditio.
1074 2379 1208 2434 Nam
1255 2379 1394 2436 forte
1419 2383 1607 2436 eodem
1633 2383 1719 2436 die
1744 2399 1851 2451 quo

264 2473 321 2526 in
354 2471 536 2526 Boetia
584 2472 842 2526 Mardonii
879 2472 1047 2540 copiae
1084 2471 1274 2526 deleta:
1302 2480 1445 2536 sunt,
1479 2487 1604 2542 pars
1647 2472 1849 2528 Persici

261 2562 540 2616 exercitus
584 2561 636 2614 iu
678 2561 804 2615 Asia
847 2562 948 2616 sub
993 2569 1175 2615 monte
1215 2559 1402 2616 Micale
1447 2562 1622 2616 navali
1666 2562 1850 2632 praalio

265 2652 575 2720 dimicabat.
607 2651 680 2704 lbi
727 2665 896 2705 novus
922 2662 1142 2721 repente
1173 2667 1357 2706 rumor
1384 2653 1669 2721 utriusque
1713 2653 1851 2708 clas-

263 2743 344 2796 sis
385 2752 438 2795 et
461 2742 640 2812 populi
667 2741 908 2810 implevit
940 2757 1120 2808 aures,
1149 2742 1408 2796 Mardonii
1436 2743 1734 2798 exstinctas
1761 2759 1852 2799 co-

257 2833 408 2902 pias,
433 2831 649 2887 ercos
676 2833 951 2888 exstitisse
981 2834 1234 2889 victores.
1276 2833 1408 2887 Mira
1453 2835 1621 2888 divini
1657 2834 1849 2904 judicii

260 2923 556 2986 ordinatio,
585 2923 637 2976 in
674 2923 856 2978 Boetia
887 2924 1096 2978 oriente
1129 2924 1230 2978 sub
1273 2925 1385 2978 sole
1429 2925 1626 2979 bellum
1679 2925 1845 2982 fuisse

261 3014 632 3075 commissum,
665 3014 718 3068 in
745 3015 870 3068 Asia
894 3014 1204 3069 meridianis
1232 3016 1378 3070 horis
1403 3016 1504 3070 sub
1523 3017 1711 3072 eadem
1736 3017 1842 3083 die,

261 3107 437 3162 tantis
487 3107 674 3176 Spatiis
718 3106 883 3160 maris
920 3114 1186 3176 terrmque
1212 3106 1676 3174 interjacentibus,
1710 3125 1848 3164 nun-

258 3201 462 3254 tiatum
483 3209 584 3254 est.

336 3289 439 3356 Qui
471 3306 650 3344 rumor
678 3290 756 3344 vel
790 3290 1036 3346 maxima:
1073 3291 1150 3346 rei
1193 3291 1516 3362 astipulatus
1554 3304 1656 3358 est,
1705 3297 1849 3364 quod

257 3381 482 3447 Persas,
512 3383 693 3437 audita
723 3383 875 3438 clade
903 3385 1171 3438 sociorum
1199 3424 1214 3449 ,
1255 3385 1487 3454 primum
1511 3386 1726 3452 dolore,
1757 3389 1848 3441 de-

258 3473 398 3527 hinc
420 3473 793 3542 desperatione
826 3483 1122 3543 correptos,
1149 3489 1250 3529 nec
1275 3474 1416 3530 bello
1437 3476 1732 3546 expeditos,
1750 3493 1849 3532 nec

259 3566 410 3637 fugae
435 3567 638 3622 habiles
671 3568 921 3632 reddidit,
951 3577 1112 3637 atque
1144 3568 1219 3622 ita
1259 3576 1636 3625 consternatos
1665 3571 1849 3640 profli-

255 3669 531 3729 gatosque
561 3660 896 3715 constantior
923 3659 1097 3714 factus
1137 3659 1312 3715 hostis
1350 3674 1604 3714 successu
1627 3661 1852 3716 felicita-

261 3752 363 3812 tis,
390 3750 602 3804 invasit.
624 3749 1006 3816 Xerxes,bello
1031 3749 1318 3806 infeliciter
1341 3758 1514 3822 gesto,
1529 3753 1850 3822 contempti-

258 3840 396 3896 l:ilis
409 3841 519 3894 suis
536 3838 728 3906 factus,
739 3857 840 3910 per
851 3841 1184 3896 Artabanum
1198 3841 1511 3911 praefectum
1525 3857 1680 3897 suum
1695 3842 1750 3896 in
1771 3858 1852 3898 τρα-

256 3934 356 3999 gia
383 3932 777 3986 circumventus
797 3929 1077 3986 occiditur.
1102 3930 1220 3998 Quo
1242 3932 1296 3985 iu
1321 3939 1561 4001 tempore
1585 3933 1849 4002 Diogenes

258 4021 490 4091 agnosci
499 4030 672 4087 tur,et
697 4030 993 4077 sectatores
1017 4021 1134 4089 ejus
1144 4022 1353 4092 physici
1368 4022 1691 4092 philosophi.
1710 4023 1851 4078 The-

259 4112 547 4170 mistocles
564 4121 741 4166 autem
761 4113 812 4166 iu
827 4112 1018 4168 Persas
1032 4112 1188 4184 fugit.
1205 4112 1471 4168 Pindarus
1490 4113 1668 4168 clarus
1691 4114 1851 4169 habe-

258 4214 380 4258 tur.
390 4203 682 4272 Sophocles
697 4202 1075 4272 tragoediarum
1093 4203 1345 4273 scriptor,
1361 4213 1415 4258 et
1427 4203 1707 4274 Euripides
1719 4204 1849 4259 clari

256 4296 558 4350 habentur.
578 4292 878 4348 Herodotus
899 4293 1248 4348 historiarum
1263 4291 1497 4362 scriptor
1515 4293 1845 4362 agnoscitur.

255 4382 576 4441 Bachilides
603 4393 656 4436 et
683 4383 939 4452 Diagoras
963 4382 1194 4451 plurimo
1216 4395 1463 4436 sermone
1485 4381 1845 4438 celebrantur.

840 4491 1114 4547 CAPUT
1174 4491 1301 4545 VH.

256 4605 565 4658 Artaxerxe
604 4614 847 4671 regnante
886 4602 1005 4655 libri
1054 4601 1366 4671 Pythagora:
1413 4602 1609 4656 incensi
1635 4613 1756 4656 sunt
1784 4604 1849 4657 ab

341 4670 763 4743 Atheniensibus.
799 4673 892 4743 rEt
942 4670 1254 4743 memoriale
1292 4670 1713 4742 philosophorum
1762 4675 1852 4743 qui

339 4757 468 4796 tunc
494 4742 720 4811 fuerunt,
750 4742 806 4796 id
833 4751 928 4806 est,
957 4741 1173 4806 Milesii,
1207 4740 1538 4811 Hippocratis
1572 4744 1757 4798 medici
1773 4740 1850 4796 ’σε

343 4813 602 4868 Socratis.

341 4924 696 4988 Artaxerxes,
725 4923 815 4994 qui
847 4923 1052 4979 Machir
1078 4923 1377 4987 dicebatur,
1424 4923 1671 4992 regnavit
1695 4924 1851 4978 annis

254 5019 359 5079 40,
393 5025 517 5086 post
556 5016 910 5081 Artabanum,
945 5016 1034 5084 qui
1063 5017 1092 5068 7
1119 5028 1329 5069 menses
1377 5025 1732 5085 regnaverat:
1783 5019 1850 5068 ab

256 5106 691 5163 rczedificatione
743 5120 874 5160 vero
939 5103 1118 5173 templi
1174 5119 1348 5158 annus
1407 5105 1852 5176 quadragesimus

256 5197 542 5266 septimus
566 5207 701 5250 erat.
729 5196 846 5263 Quo
866 5203 1146 5264 regnante,
1176 5194 1416 5248 llezdras
1445 5195 1698 5250 sacerdos
1743 5195 1852 5248 cla-

257 5304 367 5344 rus
429 5286 570 5354 apud
620 5285 872 5340 Hebraeos
929 5284 1254 5350 habebatur;
1309 5285 1565 5355 magister
1614 5288 1850 5341 omnium

256 5381 474 5450 quippe
515 5379 566 5432 in
618 5378 822 5448 legibus
867 5377 1074 5441 sacris,
1130 5377 1220 5447 qui
1259 5379 1485 5446 regressi
1539 5377 1752 5432 fuerant
1802 5379 1854 5431 in

255 5469 517 5526 Judmam
545 5468 608 5521 de
629 5469 960 5536 captivitate.
997 5466 1214 5522 Neemia
1254 5483 1384 5522 vero
1415 5483 1597 5522 muros
1627 5469 1858 5523 civitatis

263 5558 772 5630 Hierosolymorum
828 5557 1069 5628 perfecit.
1120 5557 1365 5614 Pontifex
1419 5574 1547 5613 vero
1591 5561 1857 5615 maximus

691 5651 954 5711 ΡΑτιιοι..
993 5650 1150 5711 Cl'l.

1956 1745 2127 1799 tiones
2169 1743 2362 1801 litteris
2388 1747 2649 1804 mandans
2699 1751 3003 1807 emunivit:
3046 1755 3389 1824 maximeque
3449 1761 3545 1811 azi-

1955 1836 2218 1892 mirabilis
2251 1839 2475 1905 exstitit,
2505 1842 2646 1910 quod
2675 1844 2978 1915 astrologia:
3021 1850 3262 1904 numeris
3293 1865 3543 1921 compre-

1954 1926 2159 1991 hensis,
2182 1926 2425 1983 defectus
2447 1929 2575 1984 solis
2599 1940 2653 1986 et
2682 1927 2820 1989 Iun-.e
2839 1937 3003 1990 etiam
3027 1939 3322 2007 praedicere
3345 1945 3538 2010 potuit.

1951 2013 2162 2084 Aquam
2196 2025 2374 2071 tamen
2406 2023 2613 2087 putavit
2642 2037 2821 2077 rerum
2841 2039 2960 2081 esse
2980 2027 3396 2098 principium,et
3418 2033 3542 2087 hinc

1952 2106 2133 2159 omnia
2156 2105 2420 2161 elementa
2448 2110 2633 2164 mundi
2669 2112 2954 2185 ipsumque
2975 2118 3234 2174 mundum
3257 2129 3310 2175 et
3343 2138 3462 2192 qua:
3482 2124 3538 2178 in

1953 2209 2020 2248 eo
2043 2195 2346 2267 junguntur
2361 2199 2627 2268 existere;
2663 2203 2796 2258 nihil
2825 2214 3004 2261 autem
3034 2209 3158 2264 huic
3187 2212 3538 2283 operi,quod,

1952 2286 2152 2341 mundo
2177 2289 2519 2346 considerato
2563 2299 2670 2345 tam
2707 2294 2950 2351 mirabile
2977 2299 3299 2368 aspicimus,
3346 2304 3542 2358 divina:

1953 2376 2119 2430 tuenti
2170 2381 2476 2448 praeposuit.
2511 2382 2706 2438 Zeuxis
2768 2395 2948 2440 autem
3008 2389 3300 2456 praeclarus
3361 2393 3535 2462 pictor

1951 2468 2279 2536 agnoscitur.
2315 2469 2390 2523 Ex
2425 2472 2577 2541 cujus
2616 2475 2854 2528 nonnulli
2884 2476 3225 2544 imaginibus,
3253 2497 3388 2550 quas
3416 2484 3537 2552 plu-

1952 2555 2118 2610 rimas
2143 2559 2284 2628 apud
2307 2560 2549 2615 diversos
2597 2561 2823 2628 fecerat,
2852 2565 3128 2622 lavacrum
3156 2570 3537 2640 Byzantiorum

1951 2648 2286 2704 arbitrantur
2336 2653 2682 2722 appellatum.
2727 2654 2934 2722 Quibus
2984 2659 3175 2716 diebus
3213 2662 3537 2733 principium
3617 2685 3623 2692 ’

1940 2734 2148 2806 jubiltei
2177 2744 2556 2813 septuagesimi
2593 2753 2711 2799 erat
2737 2747 3032 2801 secundum
3067 2749 3340 2807 Hebraeos.

2023 2831 2172 2888 Tunc
2207 2834 2343 2903 lapis
2369 2851 2401 2889 e
2423 2836 2562 2890 ccelo
2585 2839 2693 2891 ruit
2724 2840 2774 2893 in
2797 2838 3018 2894 fluvium
3041 2841 3212 2912 IEgis.
3240 2843 3536 2914 Hippocra-

1953 2935 2034 2980 tes
2058 2942 2273 2996 quoque
2304 2927 2565 2992 medicus,
2592 2944 2657 2984 ac
2693 2929 2947 2985 Socrates
3011 2931 3362 3002 philosophus
3410 2935 3540 2989 insi-

1950 3031 2081 3086 gues
2117 3016 2402 3082 habentur,
2428 3017 2720 3088 Sophocles
2745 3029 2900 3090 poeta
2946 3022 3184 3092 tragicus
3235 3033 3398 3093 atque
3425 3025 3532 3079 De-

1946 3108 2210 3163 mocritus
2230 3119 2610 3178 agnoscuntur,
2641 3110 2908 3164 Pindarus
2930 3113 3094 3166 etiam
3125 3122 3251 3168 tunc
3282 3115 3535 3170 innotuit.

2545 3241 2769 3296 CAPUT
2812 3240 2940 3295 Vill.

1952 3327 2028 3382 De
2063 3330 2355 3408 Mummilio
2383 3332 2514 3386 duce
2555 3331 2884 3408 Tusculano,
2921 3334 3010 3405 qui
3040 3334 3255 3408 Latinos
3292 3338 3492 3408 subegit
3522 3379 3537 3402 ,

2021 3417 2082 3476 uc
2106 3401 2170 3476 de
2209 3402 2572 3476 primo_agone
2601 3401 2778 3476 Romae
2804 3401 2941 3476 acto'
2961 3415 3008 3458 et
3040 3404 3105 3457 de
3135 3422 3325 3474 magna
3377 3401 3535 3476 péstié

2022 3469 2182 3522 lentia
2210 3487 2328 3539 quae
2363 3469 2624 3524 Romanas
2678 3473 2807 3525 vires
2847 3473 2954 3540 fere
3004 3469 3431 3544 consumpserat,
3482 3483 3538 3531 el

2023 3551 2209 3592 ca'tera
2242 3555 2358 3609 qua:
2386 3551 2509 3593 tunc
2543 3550 2687 3610 gesta
2715 3551 2835 3594 sunt
2868 3543 3009 3612 apud
3039 3541 3318 3598 Romanos.

2023 3647 2226 3714 Quibus
2253 3647 2444 3704 diebus
2462 3664 2490 3702 a
2521 3648 2835 3716 Mammilio,
2868 3651 3171 3707 Tusculano
3197 3654 3353 3719 duce,
3385 3655 3530 3708 Lati—

1953 3740 2007 3794 ni
2037 3738 2180 3808 apud
2201 3737 2393 3810 Regilli
2425 3739 2599 3794 lacum
2636 3748 3031 3810 expugnantur,
3059 3743 3347 3798 vincuntur
3374 3753 3536 3814 atque

1953 3829 2308 3899 subjiciuntur
2328 3873 2342 3896 ,
2393 3841 2609 3887 exstant
2645 3840 2699 3887 et
2748 3841 2904 3902 parta
2934 3833 3147 3890 deontia
3186 3835 3302 3906 (sic)
3332 3837 3497 3906 spolia
3519 3878 3533 3896 .

1953 3931 2081 3978 tunc
2100 3930 2154 3978 et
2179 3938 2316 3994 agon
2346 3923 2531 3978 Romae
2550 3923 2728 3980 clarus
2767 3924 3067 3981 habebatur
3093 3928 3319 3997 primus.
3352 3928 3537 3984 Romae

1951 4029 2080 4085 ergo
2113 4029 2372 4084 suspenso
2401 4016 2469 4072 ad
2514 4015 2782 4070 modicum
2812 4015 2981 4083 bello,
3013 4019 3190 4089 gravis
3231 4021 3536 4088 pestilentia

1952 4107 2323 4175 subsequitur,
2347 4123 2467 4176 qua:
2491 4122 2590 4177 per
2618 4109 2923 4164 universam
2950 4111 3223 4166 civitatem
3271 4112 3534 4168 violenter

1953 4197 2249 4264 incanduit,
2278 4207 2339 4252 ut
2359 4199 2552 4253 merito
2581 4199 2914 4269 praecedente
2933 4201 3198 4272 prodigio,
3224 4201 3420 4256 coelum
3448 4217 3536 4255 ar-

1953 4289 2082 4344 dere
2102 4289 2278 4344 visum
2311 4290 2399 4353 sit,
2436 4291 2651 4359 quando
2675 4300 2838 4359 caput
2875 4292 3114 4362 gentium
3139 4301 3289 4348 tanto
3319 4295 3531 4348 morbo.

1956 4396 2075 4434 rum
2103 4379 2210 4451 igni
2238 4379 2504 4451 flagravit.
2534 4380 2667 4436 Nam
2697 4397 2762 4436 eo
2793 4397 2934 4436 anno
2972 4383 3220 4438 Ebutium
3251 4392 3308 4440 et
3350 4384 3534 4440 Servi-

1955 4472 2085 4526 lium
2120 4471 2309 4526 ambos
2333 4472 2582 4528 consules
2616 4473 2920 4542 pestilentia
2973 4477 3344 4545 consumpsit,
3397 4478 3534 4532 mili-

1955 4571 2099 4616 tares
2124 4561 2303 4631 copias
2327 4562 2556 4631 plurima
2594 4577 2661 4618 ex
2687 4572 2840 4634 parte
2867 4565 3129 4630 confecit,
3161 4567 3356 4624 multos
3385 4569 3538 4624 nobi-

1954 4653 2032 4707 les
2053 4652 2422 4722 praacipueque
2452 4653 2658 4722 plebem
2687 4653 2827 4710 fmda
2860 4657 2985 4711 tabe
3019 4656 3214 4711 delevit
3239 4677 3252 4711 :
3289 4659 3536 4728 quamvis

1951 4741 2064 4809 jam
2096 4743 2259 4798 etiam
2289 4744 2566 4812 superiore
2589 4755 2782 4813 quarto
2831 4761 2972 4801 anno
2995 4747 3182 4801 oborta
3222 4749 3357 4813 lues,
3386 4764 3534 4803 eum-

1964 4833 2077 4888 tlem
2106 4833 2356 4904 pepulum
2385 4835 2703 4904 dep0pulata
2738 4837 2828 4890 sit.
2863 4837 3111 4892 Proximo
3147 4839 3343 4894 dehinc
3395 4855 3536 4892 anno

1955 4926 2100 4980 cives
2129 4925 2340 4980 exsules
2368 4927 2615 4993 servique
2643 4925 2874 4994 fugitivi,
2902 4927 3038 4981 duce
3084 4927 3376 4992 llerbonio,
3408 4929 3528 4980 viro

1958 5016 2174 5079 Sabino,
2210 5017 2524 5071 invaserunt
2549 5015 3008 5084 incenderuntque
3049 5015 3394 5086 Capitolium.
3429 5015 3490 5070 Ul
3519 5016 3531 5068 i

1959 5105 2251 5160 fortissime
2271 5105 2507 5174 quidem,
2545 5103 2759 5158 Valerio
2787 5105 3006 5159 consule
3027 5113 3080 5160 et
3104 5105 3430 5174 imperatore
3456 5104 3534 5157 di-

1959 5197 2215 5251 micatum
2259 5203 2370 5258 est;
2415 5193 2506 5248 sed
2547 5193 2681 5247 adeo
2721 5202 2873 5248 atrox
2911 5204 2966 5248 et
3027 5209 3189 5264 grave
3246 5193 3534 5249 discrimm

1956 5285 2124 5354 praelii
2154 5283 2270 5347 fuit,
2301 5291 2361 5336 ut
2397 5283 2508 5351 ipse
2536 5297 2746 5352 quoque
2785 5282 2970 5337 consul
3001 5283 3246 5338 Valerius
3275 5281 3345 5338 ibi
3378 5280 3538 5334 fuerit

1956 5376 2187 5439 occisus,
2233 5384 2288 5428 et
2334 5375 2604 5444 indignam
2651 5375 2716 5428 de
2761 5374 2944 5429 servis
2983 5373 3262 5428 victoriam
3316 5373 3540 5440 insuper

1958 5471 2121 5524 etiam
2143 5485 2238 5523 sua
2269 5476 2440 5522 morte
2461 5466 2694 5522 foedarit.
2726 5468 2984 5538 Sequitur
3011 5482 3183 5521 annus
3209 5467 3261 5522 in
3285 5482 3391 5537 quo
3416 5481 3537 5520 cum

1962 5563 2103 5616 victo
2131 5561 2366 5614 exercitu
2393 5560 2582 5614 consul
2631 5559 2883 5616 obsessus
2919 5569 3022 5614 est.
3086 5557 3218 5612 Nam
3253 5559 3531 5613 Minutium
