  <div class='ocr_page' id='page_1' title='image "/cluster/home/n/w/nwhite01/storage/ocr_20150623/106/hvd.32044054759717/508.png"; bbox 0 0 3964 6172; ppageno 0'>
   <div class='ocr_carea' id='block_1_1' title="bbox 257 211 405 273">
    <p class='ocr_par' dir='ltr' id='par_1_1' title="bbox 257 211 405 273">
     <span class='ocr_line' id='line_1_1' title="bbox 257 211 405 273; baseline -0.014 0"><span class='ocrx_word' id='word_1_1' title='bbox 257 211 405 273; x_wconf 71' lang='lat' dir='ltr'><strong>I005</strong></span> 
     </span>
    </p>
   </div>
   <div class='ocr_carea' id='block_1_2' title="bbox 1366 208 2436 268">
    <p class='ocr_par' dir='ltr' id='par_1_2' title="bbox 1366 208 2436 268">
     <span class='ocr_line' id='line_1_2' title="bbox 1366 208 2436 268; baseline -0.003 0"><span class='ocrx_word' id='word_1_2' title='bbox 1366 208 1775 268; x_wconf 75' lang='lat' dir='ltr'><strong>CIIIIONICON.</strong></span> <span class='ocrx_word' id='word_1_3' title='bbox 1816 241 1887 251; x_wconf 92' lang='lat'>—</span> <span class='ocrx_word' id='word_1_4' title='bbox 1923 208 2087 268; x_wconf 72' lang='grc' dir='ltr'><strong>ἘΟΜΙ</strong></span> <span class='ocrx_word' id='word_1_5' title='bbox 2124 210 2142 266; x_wconf 93' lang='lat' dir='ltr'><strong>l</strong></span> <span class='ocrx_word' id='word_1_6' title='bbox 2183 210 2309 265; x_wconf 84' lang='lat' dir='ltr'><strong>LIB.</strong></span> <span class='ocrx_word' id='word_1_7' title='bbox 2351 211 2436 266; x_wconf 84' lang='lat' dir='ltr'><strong>IV.</strong></span> 
     </span>
    </p>
   </div>
   <div class='ocr_carea' id='block_1_3' title="bbox 3375 217 3513 271">
    <p class='ocr_par' dir='ltr' id='par_1_3' title="bbox 3375 217 3513 271">
     <span class='ocr_line' id='line_1_3' title="bbox 3375 217 3513 271; baseline -0.014 -1"><span class='ocrx_word' id='word_1_8' title='bbox 3375 217 3513 271; x_wconf 70' lang='lat' dir='ltr'><strong>I006</strong></span> 
     </span>
    </p>
   </div>
   <div class='ocr_carea' id='block_1_4' title="bbox 259 330 3507 407">
    <p class='ocr_par' dir='ltr' id='par_1_4' title="bbox 259 330 3507 407">
     <span class='ocr_line' id='line_1_4' title="bbox 259 330 3507 407; baseline 0.001 -17"><span class='ocrx_word' id='word_1_9' title='bbox 259 350 437 399; x_wconf 91' lang='lat' dir='ltr'><strong>scere,</strong></span> <span class='ocrx_word' id='word_1_10' title='bbox 459 334 726 389; x_wconf 68' lang='lat' dir='ltr'><strong>discordia</strong></span> <span class='ocrx_word' id='word_1_11' title='bbox 766 332 1027 387; x_wconf 76' lang='lat' dir='ltr'><strong>maximas</strong></span> <span class='ocrx_word' id='word_1_12' title='bbox 1055 331 1388 394; x_wconf 74' lang='lat' dir='ltr'><strong>labefactari,</strong></span> <span class='ocrx_word' id='word_1_13' title='bbox 1420 340 1720 400; x_wconf 88' lang='lat' dir='ltr'><strong>cunctaque</strong></span> <span class='ocrx_word' id='word_1_14' title='bbox 1747 330 1828 385; x_wconf 88' lang='lat' dir='ltr'><strong>vel</strong></span> <span class='ocrx_word' id='word_1_15' title='bbox 1858 332 1906 391; x_wconf 75' lang='grc' dir='ltr'><strong>Α</strong></span> <span class='ocrx_word' id='word_1_16' title='bbox 1935 338 2060 385; x_wconf 88' lang='lat' dir='ltr'><strong>tunc</strong></span> <span class='ocrx_word' id='word_1_17' title='bbox 2104 331 2483 399; x_wconf 78' lang='lat' dir='ltr'><strong>componenda:</strong></span> <span class='ocrx_word' id='word_1_18' title='bbox 2528 330 2668 385; x_wconf 89' lang='lat' dir='ltr'><strong>inter</strong></span> <span class='ocrx_word' id='word_1_19' title='bbox 2705 345 2798 385; x_wconf 85' lang='lat' dir='ltr'><strong>eos</strong></span> <span class='ocrx_word' id='word_1_20' title='bbox 2846 333 2996 402; x_wconf 80' lang='lat' dir='ltr'><strong>pacis</strong></span> <span class='ocrx_word' id='word_1_21' title='bbox 3025 334 3197 405; x_wconf 82' lang='lat' dir='ltr'><strong>gratia</strong></span> <span class='ocrx_word' id='word_1_22' title='bbox 3226 350 3507 407; x_wconf 84' lang='lat' dir='ltr'><strong>venerant,</strong></span> 
     </span>
    </p>
   </div>
   <div class='ocr_carea' id='block_1_5' title="bbox 258 419 1831 493">
    <p class='ocr_par' dir='ltr' id='par_1_5' title="bbox 258 419 1831 493">
     <span class='ocr_line' id='line_1_5' title="bbox 258 419 1831 493; baseline -0.004 -12"><span class='ocrx_word' id='word_1_23' title='bbox 258 427 401 481; x_wconf 84' lang='lat' dir='ltr'><strong>bona</strong></span> <span class='ocrx_word' id='word_1_24' title='bbox 448 424 532 479; x_wconf 88' lang='lat' dir='ltr'><strong>vel</strong></span> <span class='ocrx_word' id='word_1_25' title='bbox 581 424 743 479; x_wconf 84' lang='lat' dir='ltr'><strong>etiam</strong></span> <span class='ocrx_word' id='word_1_26' title='bbox 778 424 915 478; x_wconf 87' lang='lat' dir='ltr'><strong>mala</strong></span> <span class='ocrx_word' id='word_1_27' title='bbox 956 439 1075 492; x_wconf 64' lang='lat' dir='ltr'><strong>quae</strong></span> <span class='ocrx_word' id='word_1_28' title='bbox 1116 423 1249 478; x_wconf 85' lang='lat' dir='ltr'><strong>foris</strong></span> <span class='ocrx_word' id='word_1_29' title='bbox 1293 430 1555 493; x_wconf 81' lang='lat' dir='ltr'><strong>geruntur</strong></span> <span class='ocrx_word' id='word_1_30' title='bbox 1604 419 1831 474; x_wconf 90' lang='lat' dir='ltr'><strong>internis</strong></span> 
     </span>
    </p>
   </div>
   <div class='ocr_carea' id='block_1_6' title="bbox 255 511 1834 584">
    <p class='ocr_par' dir='ltr' id='par_1_6' title="bbox 255 511 1834 584">
     <span class='ocr_line' id='line_1_6' title="bbox 255 511 1834 584; baseline -0.004 -14"><span class='ocrx_word' id='word_1_31' title='bbox 255 529 383 570; x_wconf 85' lang='lat' dir='ltr'><strong>esse</strong></span> <span class='ocrx_word' id='word_1_32' title='bbox 412 515 653 569; x_wconf 86' lang='lat' dir='ltr'><strong>radicata</strong></span> <span class='ocrx_word' id='word_1_33' title='bbox 691 522 747 568; x_wconf 89' lang='lat' dir='ltr'><strong>et</strong></span> <span class='ocrx_word' id='word_1_34' title='bbox 770 514 966 569; x_wconf 86' lang='lat' dir='ltr'><strong>emissa</strong></span> <span class='ocrx_word' id='word_1_35' title='bbox 1015 513 1296 584; x_wconf 83' lang='lat' dir='ltr'><strong>principiis</strong></span> <span class='ocrx_word' id='word_1_36' title='bbox 1314 551 1329 576; x_wconf 93' lang='lat'><strong>,</strong></span> <span class='ocrx_word' id='word_1_37' title='bbox 1358 511 1834 566; x_wconf 79' lang='lat' dir='ltr'><strong>domi-abstersere</strong></span> 
     </span>
    </p>
   </div>
   <div class='ocr_carea' id='block_1_7' title="bbox 242 605 1833 675">
    <p class='ocr_par' dir='ltr' id='par_1_7' title="bbox 242 605 1833 675">
     <span class='ocr_line' id='line_1_7' title="bbox 242 605 1833 675; baseline -0.005 -12"><span class='ocrx_word' id='word_1_38' title='bbox 242 607 381 663; x_wconf 81' lang='lat' dir='ltr'><strong>odia</strong></span> <span class='ocrx_word' id='word_1_39' title='bbox 406 616 461 663; x_wconf 92' lang='lat' dir='ltr'><strong>et</strong></span> <span class='ocrx_word' id='word_1_40' title='bbox 493 606 625 661; x_wconf 83' lang='lat' dir='ltr'><strong>foris</strong></span> <span class='ocrx_word' id='word_1_41' title='bbox 650 606 785 661; x_wconf 87' lang='lat' dir='ltr'><strong>bella</strong></span> <span class='ocrx_word' id='word_1_42' title='bbox 814 614 1143 675; x_wconf 88' lang='lat' dir='ltr'><strong>presserunt,</strong></span> <span class='ocrx_word' id='word_1_43' title='bbox 1177 605 1614 674; x_wconf 87' lang='lat' dir='ltr'><strong>reliqueruntquc</strong></span> <span class='ocrx_word' id='word_1_44' title='bbox 1655 610 1833 672; x_wconf 81' lang='lat' dir='ltr'><strong>poste-</strong></span> 
     </span>
    </p>
   </div>
   <div class='ocr_carea' id='block_1_8' title="bbox 255 691 1831 766">
    <p class='ocr_par' dir='ltr' id='par_1_8' title="bbox 255 691 1831 766">
     <span class='ocr_line' id='line_1_8' title="bbox 255 691 1831 766; baseline -0.006 -13"><span class='ocrx_word' id='word_1_45' title='bbox 255 699 334 753; x_wconf 87' lang='lat' dir='ltr'><strong>ris</strong></span> <span class='ocrx_word' id='word_1_46' title='bbox 355 698 469 752; x_wconf 84' lang='lat' dir='ltr'><strong>suis</strong></span> <span class='ocrx_word' id='word_1_47' title='bbox 499 697 565 751; x_wconf 89' lang='lat' dir='ltr'><strong>de</strong></span> <span class='ocrx_word' id='word_1_48' title='bbox 602 696 754 750; x_wconf 89' lang='lat' dir='ltr'><strong>ruina</strong></span> <span class='ocrx_word' id='word_1_49' title='bbox 786 697 867 751; x_wconf 90' lang='lat' dir='ltr'><strong>sui</strong></span> <span class='ocrx_word' id='word_1_50' title='bbox 912 696 1239 766; x_wconf 77' lang='lat' dir='ltr'><strong>exemplum.</strong></span> <span class='ocrx_word' id='word_1_51' title='bbox 1281 695 1345 749; x_wconf 89' lang='lat' dir='ltr'><strong>de</strong></span> <span class='ocrx_word' id='word_1_52' title='bbox 1382 693 1717 762; x_wconf 86' lang='lat' dir='ltr'><strong>reparatione</strong></span> <span class='ocrx_word' id='word_1_53' title='bbox 1749 691 1831 745; x_wconf 91' lang='lat' dir='ltr'><strong>sui</strong></span> 
     </span>
    </p>
   </div>
   <div class='ocr_carea' id='block_1_9' title="bbox 250 782 1831 841">
    <p class='ocr_par' dir='ltr' id='par_1_9' title="bbox 250 782 1831 841">
     <span class='ocr_line' id='line_1_9' title="bbox 250 782 1831 841; baseline -0.004 0"><span class='ocrx_word' id='word_1_54' title='bbox 250 786 594 841; x_wconf 80' lang='lat' dir='ltr'><strong>consilium:</strong></span> <span class='ocrx_word' id='word_1_55' title='bbox 640 785 684 839; x_wconf 90' lang='lat' dir='ltr'><strong>si</strong></span> <span class='ocrx_word' id='word_1_56' title='bbox 743 792 920 839; x_wconf 84' lang='lat' dir='ltr'><strong>tamen</strong></span> <span class='ocrx_word' id='word_1_57' title='bbox 971 785 1040 841; x_wconf 92' lang='lat' dir='ltr'><strong>ob</strong></span> <span class='ocrx_word' id='word_1_58' title='bbox 1104 783 1526 838; x_wconf 84' lang='lat' dir='ltr'><strong>infirmissimam</strong></span> <span class='ocrx_word' id='word_1_59' title='bbox 1584 782 1831 836; x_wconf 70' lang='lat' dir='ltr'><strong>humana:</strong></span> 
     </span>
    </p>
   </div>
   <div class='ocr_carea' id='block_1_10' title="bbox 251 871 1829 943">
    <p class='ocr_par' dir='ltr' id='par_1_10' title="bbox 251 871 1829 943">
     <span class='ocr_line' id='line_1_10' title="bbox 251 871 1829 943; baseline -0.005 -12"><span class='ocrx_word' id='word_1_60' title='bbox 251 875 454 932; x_wconf 86' lang='lat' dir='ltr'><strong>mentis</strong></span> <span class='ocrx_word' id='word_1_61' title='bbox 476 874 912 940; x_wconf 85' lang='lat' dir='ltr'><strong>mutabilitatem,</strong></span> <span class='ocrx_word' id='word_1_62' title='bbox 933 875 1074 943; x_wconf 89' lang='lat' dir='ltr'><strong>quod</strong></span> <span class='ocrx_word' id='word_1_63' title='bbox 1095 874 1306 930; x_wconf 74' lang='lat' dir='ltr'><strong>salictis</strong></span> <span class='ocrx_word' id='word_1_64' title='bbox 1328 874 1488 928; x_wconf 87' lang='lat' dir='ltr'><strong>rebus</strong></span> <span class='ocrx_word' id='word_1_65' title='bbox 1512 871 1829 938; x_wconf 84' lang='lat' dir='ltr'><strong>consulitur,</strong></span> 
     </span>
    </p>
   </div>
   <div class='ocr_carea' id='block_1_11' title="bbox 240 964 1831 1038">
    <p class='ocr_par' dir='ltr' id='par_1_11' title="bbox 240 964 1831 1038">
     <span class='ocr_line' id='line_1_11' title="bbox 240 964 1831 1038; baseline -0.003 -16"><span class='ocrx_word' id='word_1_66' title='bbox 240 968 309 1023; x_wconf 82' lang='lat' dir='ltr'><strong>in</strong></span> <span class='ocrx_word' id='word_1_67' title='bbox 336 967 613 1038; x_wconf 83' lang='lat' dir='ltr'><strong>prosperis</strong></span> <span class='ocrx_word' id='word_1_68' title='bbox 645 975 970 1023; x_wconf 88' lang='lat' dir='ltr'><strong>servaretur.</strong></span> <span class='ocrx_word' id='word_1_69' title='bbox 995 966 1100 1022; x_wconf 86' lang='lat' dir='ltr'><strong>Sed</strong></span> <span class='ocrx_word' id='word_1_70' title='bbox 1124 967 1258 1022; x_wconf 87' lang='lat' dir='ltr'><strong>adeo</strong></span> <span class='ocrx_word' id='word_1_71' title='bbox 1279 967 1382 1021; x_wconf 86' lang='lat' dir='ltr'><strong>hoc</strong></span> <span class='ocrx_word' id='word_1_72' title='bbox 1405 966 1544 1020; x_wconf 89' lang='lat' dir='ltr'><strong>idem</strong></span> <span class='ocrx_word' id='word_1_73' title='bbox 1575 964 1831 1034; x_wconf 88' lang='lat' dir='ltr'><strong>placitum</strong></span> 
     </span>
    </p>
   </div>
   <div class='ocr_carea' id='block_1_12' title="bbox 251 1054 1831 1128">
    <p class='ocr_par' dir='ltr' id='par_1_12' title="bbox 251 1054 1831 1128">
     <span class='ocr_line' id='line_1_12' title="bbox 251 1054 1831 1128; baseline -0.003 -16"><span class='ocrx_word' id='word_1_74' title='bbox 251 1058 399 1113; x_wconf 87' lang='lat' dir='ltr'><strong>inter</strong></span> <span class='ocrx_word' id='word_1_75' title='bbox 427 1059 539 1128; x_wconf 89' lang='lat' dir='ltr'><strong>ipsa</strong></span> <span class='ocrx_word' id='word_1_76' title='bbox 564 1072 699 1127; x_wconf 89' lang='lat' dir='ltr'><strong>pene</strong></span> <span class='ocrx_word' id='word_1_77' title='bbox 723 1057 899 1127; x_wconf 78' lang='lat' dir='ltr'><strong>placiti</strong></span> <span class='ocrx_word' id='word_1_78' title='bbox 940 1058 1103 1112; x_wconf 86' lang='lat' dir='ltr'><strong>verba</strong></span> <span class='ocrx_word' id='word_1_79' title='bbox 1146 1066 1457 1126; x_wconf 88' lang='lat' dir='ltr'><strong>corruptum</strong></span> <span class='ocrx_word' id='word_1_80' title='bbox 1503 1064 1606 1116; x_wconf 89' lang='lat' dir='ltr'><strong>est.</strong></span> <span class='ocrx_word' id='word_1_81' title='bbox 1636 1064 1693 1109; x_wconf 91' lang='lat' dir='ltr'><strong>ut</strong></span> <span class='ocrx_word' id='word_1_82' title='bbox 1741 1054 1831 1108; x_wconf 82' lang='lat' dir='ltr'><strong>vix</strong></span> 
     </span>
    </p>
   </div>
   <div class='ocr_carea' id='block_1_13' title="bbox 234 1146 1829 1216">
    <p class='ocr_par' dir='ltr' id='par_1_13' title="bbox 234 1146 1829 1216">
     <span class='ocr_line' id='line_1_13' title="bbox 234 1146 1829 1216; baseline -0.001 -15"><span class='ocrx_word' id='word_1_83' title='bbox 234 1147 624 1204; x_wconf 83' lang='lat' dir='ltr'><strong>intercedente</strong></span> <span class='ocrx_word' id='word_1_84' title='bbox 651 1149 887 1212; x_wconf 85' lang='lat' dir='ltr'><strong>biennio,</strong></span> <span class='ocrx_word' id='word_1_85' title='bbox 918 1147 1173 1204; x_wconf 82' lang='lat' dir='ltr'><strong>Socrates</strong></span> <span class='ocrx_word' id='word_1_86' title='bbox 1213 1148 1301 1203; x_wconf 90' lang='lat' dir='ltr'><strong>ille</strong></span> <span class='ocrx_word' id='word_1_87' title='bbox 1329 1147 1664 1203; x_wconf 83' lang='lat' dir='ltr'><strong>clarissimus</strong></span> <span class='ocrx_word' id='word_1_88' title='bbox 1706 1146 1829 1216; x_wconf 86' lang='lat' dir='ltr'><strong>phi-</strong></span> 
     </span>
    </p>
   </div>
   <div class='ocr_carea' id='block_1_14' title="bbox 246 1237 1832 1309">
    <p class='ocr_par' dir='ltr' id='par_1_14' title="bbox 246 1237 1832 1309">
     <span class='ocr_line' id='line_1_14' title="bbox 246 1237 1832 1309; baseline -0.001 -16"><span class='ocrx_word' id='word_1_89' title='bbox 246 1237 622 1308; x_wconf 75' lang='lat' dir='ltr'><strong>losophorum,</strong></span> <span class='ocrx_word' id='word_1_90' title='bbox 652 1238 876 1295; x_wconf 85' lang='lat' dir='ltr'><strong>adactus</strong></span> <span class='ocrx_word' id='word_1_91' title='bbox 901 1238 1055 1293; x_wconf 90' lang='lat' dir='ltr'><strong>malis</strong></span> <span class='ocrx_word' id='word_1_92' title='bbox 1083 1238 1223 1309; x_wconf 89' lang='lat' dir='ltr'><strong>apud</strong></span> <span class='ocrx_word' id='word_1_93' title='bbox 1269 1253 1384 1304; x_wconf 89' lang='lat' dir='ltr'><strong>eos,</strong></span> <span class='ocrx_word' id='word_1_94' title='bbox 1406 1237 1508 1292; x_wconf 88' lang='lat' dir='ltr'><strong>sibi</strong></span> <span class='ocrx_word' id='word_1_95' title='bbox 1532 1237 1698 1292; x_wconf 89' lang='lat' dir='ltr'><strong>vitam</strong></span> <span class='ocrx_word' id='word_1_96' title='bbox 1742 1250 1832 1291; x_wconf 86' lang='lat' dir='ltr'><strong>ve-</strong></span> 
     </span>
    </p>
   </div>
   <div class='ocr_carea' id='block_1_15' title="bbox 249 1330 724 1387">
    <p class='ocr_par' dir='ltr' id='par_1_15' title="bbox 249 1330 724 1387">
     <span class='ocr_line' id='line_1_15' title="bbox 249 1330 724 1387; baseline -0.004 0"><span class='ocrx_word' id='word_1_97' title='bbox 249 1345 397 1387; x_wconf 87' lang='lat' dir='ltr'><strong>neno</strong></span> <span class='ocrx_word' id='word_1_98' title='bbox 415 1330 724 1386; x_wconf 74' lang='lat' dir='ltr'><strong>extorserit.</strong></span> 
     </span>
    </p>
   </div>
   <div class='ocr_carea' id='block_1_16' title="bbox 842 1417 1220 1474">
    <p class='ocr_par' dir='ltr' id='par_1_16' title="bbox 842 1417 1220 1474">
     <span class='ocr_line' id='line_1_16' title="bbox 842 1417 1220 1474; baseline -0.005 0"><span class='ocrx_word' id='word_1_99' title='bbox 842 1417 1068 1474; x_wconf 82' lang='lat' dir='ltr'><strong>CAPUT</strong></span> <span class='ocrx_word' id='word_1_100' title='bbox 1105 1417 1220 1472; x_wconf 76' lang='lat' dir='ltr'>XII.</span> 
     </span>
    </p>
   </div>
   <div class='ocr_carea' id='block_1_17' title="bbox 242 1505 1829 1577">
    <p class='ocr_par' dir='ltr' id='par_1_17' title="bbox 242 1505 1829 1577">
     <span class='ocr_line' id='line_1_17' title="bbox 242 1505 1829 1577; baseline -0.004 -13"><span class='ocrx_word' id='word_1_101' title='bbox 242 1509 494 1577; x_wconf 73' lang='lat' dir='ltr'><strong>Qualiter</strong></span> <span class='ocrx_word' id='word_1_102' title='bbox 529 1509 846 1563; x_wconf 73' lang='lat' dir='ltr'><strong>Artaxerxes</strong></span> <span class='ocrx_word' id='word_1_103' title='bbox 907 1517 1088 1562; x_wconf 86' lang='lat' dir='ltr'><strong>contra</strong></span> <span class='ocrx_word' id='word_1_104' title='bbox 1124 1508 1341 1575; x_wconf 79' lang='lat' dir='ltr'><strong>fratrem</strong></span> <span class='ocrx_word' id='word_1_105' title='bbox 1382 1522 1573 1571; x_wconf 74' lang='lat' dir='ltr'><strong>suum,</strong></span> <span class='ocrx_word' id='word_1_106' title='bbox 1631 1505 1829 1577; x_wconf 57' lang='lat' dir='ltr'><strong>scilicet</strong></span> 
     </span>
    </p>
   </div>
   <div class='ocr_carea' id='block_1_18' title="bbox 322 1564 1829 1662">
    <p class='ocr_par' dir='ltr' id='par_1_18' title="bbox 322 1564 1829 1662">
     <span class='ocr_line' id='line_1_18' title="bbox 322 1564 1829 1662; baseline -0.005 -26"><span class='ocrx_word' id='word_1_107' title='bbox 322 1581 541 1662; x_wconf 53' lang='lat' dir='ltr'><strong>Cyrum,</strong></span> <span class='ocrx_word' id='word_1_108' title='bbox 561 1579 882 1662; x_wconf 68' lang='lat' dir='ltr'><strong>dimicauerit</strong></span> <span class='ocrx_word' id='word_1_109' title='bbox 920 1585 975 1658; x_wconf 67' lang='lat' dir='ltr'><strong>et</strong></span> <span class='ocrx_word' id='word_1_110' title='bbox 998 1564 1207 1662; x_wconf 54' lang='lat' dir='ltr'><strong>vicerit;</strong></span> <span class='ocrx_word' id='word_1_111' title='bbox 1249 1587 1303 1662; x_wconf 61' lang='lat' dir='ltr'><strong>et</strong></span> <span class='ocrx_word' id='word_1_112' title='bbox 1318 1578 1382 1630; x_wconf 82' lang='lat' dir='ltr'><strong>de</strong></span> <span class='ocrx_word' id='word_1_113' title='bbox 1406 1564 1708 1662; x_wconf 53' lang='lat' dir='ltr'><strong>terminata</strong></span> <span class='ocrx_word' id='word_1_114' title='bbox 1737 1564 1829 1630; x_wconf 58' lang='lat' dir='ltr'><strong>St&quot;-</strong></span> 
     </span>
    </p>
   </div>
   <div class='ocr_carea' id='block_1_19' title="bbox 321 1644 1826 1720">
    <p class='ocr_par' dir='ltr' id='par_1_19' title="bbox 321 1644 1826 1720">
     <span class='ocr_line' id='line_1_19' title="bbox 321 1644 1826 1720; baseline -0.003 -17"><span class='ocrx_word' id='word_1_115' title='bbox 321 1644 459 1720; x_wconf 64' lang='lat' dir='ltr'><strong>cilt&#39;a:</strong></span> <span class='ocrx_word' id='word_1_116' title='bbox 495 1644 645 1720; x_wconf 78' lang='lat' dir='ltr'><strong>atque</strong></span> <span class='ocrx_word' id='word_1_117' title='bbox 674 1658 804 1702; x_wconf 62' lang='lat' dir='ltr'><strong>metu</strong></span> <span class='ocrx_word' id='word_1_118' title='bbox 829 1647 975 1720; x_wconf 76' lang='lat' dir='ltr'><strong>gravi</strong></span> <span class='ocrx_word' id='word_1_119' title='bbox 998 1646 1244 1720; x_wconf 47' lang='lat' dir='ltr'><strong>xiii/intr;</strong></span> <span class='ocrx_word' id='word_1_120' title='bbox 1269 1645 1333 1699; x_wconf 87' lang='lat' dir='ltr'><strong>de</strong></span> <span class='ocrx_word' id='word_1_121' title='bbox 1371 1654 1512 1720; x_wconf 58' lang='lat' dir='ltr'><strong>peste</strong></span> <span class='ocrx_word' id='word_1_122' title='bbox 1531 1644 1685 1698; x_wconf 86' lang='lat' dir='ltr'><strong>etiam</strong></span> <span class='ocrx_word' id='word_1_123' title='bbox 1708 1661 1826 1715; x_wconf 71' lang='lat' dir='ltr'><strong>qua:</strong></span> 
     </span>
    </p>
   </div>
   <div class='ocr_carea' id='block_1_20' title="bbox 320 1713 1821 1787">
    <p class='ocr_par' dir='ltr' id='par_1_20' title="bbox 320 1713 1821 1787">
     <span class='ocr_line' id='line_1_20' title="bbox 320 1713 1821 1787; baseline -0.004 -14"><span class='ocrx_word' id='word_1_124' title='bbox 320 1713 719 1773; x_wconf 70' lang='lat' dir='ltr'><strong>Atheniensibus</strong></span> <span class='ocrx_word' id='word_1_125' title='bbox 746 1713 954 1787; x_wconf 55' lang='lat' dir='ltr'><strong>contigit</strong></span> <span class='ocrx_word' id='word_1_126' title='bbox 979 1758 994 1781; x_wconf 90' lang='lat'><strong>,</strong></span> <span class='ocrx_word' id='word_1_127' title='bbox 1041 1713 1404 1785; x_wconf 70' lang='lat' dir='ltr'><strong>laboribusque</strong></span> <span class='ocrx_word' id='word_1_128' title='bbox 1445 1713 1821 1769; x_wconf 74' lang='lat' dir='ltr'><strong>Romanorum.</strong></span> 
     </span>
    </p>
   </div>
   <div class='ocr_carea' id='block_1_21' title="bbox 319 1807 1819 1879">
    <p class='ocr_par' dir='ltr' id='par_1_21' title="bbox 319 1807 1819 1879">
     <span class='ocr_line' id='line_1_21' title="bbox 319 1807 1819 1879; baseline -0.001 -15"><span class='ocrx_word' id='word_1_129' title='bbox 319 1810 682 1869; x_wconf 78' lang='lat' dir='ltr'><strong>Artaxerxes.</strong></span> <span class='ocrx_word' id='word_1_130' title='bbox 735 1809 824 1879; x_wconf 89' lang='lat' dir='ltr'><strong>qui</strong></span> <span class='ocrx_word' id='word_1_131' title='bbox 866 1818 921 1863; x_wconf 93' lang='lat' dir='ltr'><strong>et</strong></span> <span class='ocrx_word' id='word_1_132' title='bbox 967 1807 1197 1864; x_wconf 85' lang='lat' dir='ltr'><strong>Mennon</strong></span> <span class='ocrx_word' id='word_1_133' title='bbox 1249 1807 1659 1878; x_wconf 88' lang='lat' dir='ltr'><strong>cognominatus</strong></span> <span class='ocrx_word' id='word_1_134' title='bbox 1705 1815 1819 1874; x_wconf 87' lang='lat' dir='ltr'><strong>est,</strong></span> 
     </span>
    </p>
   </div>
   <div class='ocr_carea' id='block_1_22' title="bbox 242 1898 1824 1965">
    <p class='ocr_par' dir='ltr' id='par_1_22' title="bbox 242 1898 1824 1965">
     <span class='ocr_line' id='line_1_22' title="bbox 242 1898 1824 1965; baseline -0.002 -8"><span class='ocrx_word' id='word_1_135' title='bbox 242 1898 398 1958; x_wconf 80' lang='lat' dir='ltr'><strong>Darii</strong></span> <span class='ocrx_word' id='word_1_136' title='bbox 441 1911 495 1956; x_wconf 91' lang='lat' dir='ltr'><strong>et</strong></span> <span class='ocrx_word' id='word_1_137' title='bbox 520 1900 819 1956; x_wconf 89' lang='lat' dir='ltr'><strong>Parisitidis</strong></span> <span class='ocrx_word' id='word_1_138' title='bbox 844 1899 1016 1965; x_wconf 82' lang='lat' dir='ltr'><strong>filius,</strong></span> <span class='ocrx_word' id='word_1_139' title='bbox 1061 1899 1216 1954; x_wconf 89' lang='lat' dir='ltr'><strong>annis</strong></span> <span class='ocrx_word' id='word_1_140' title='bbox 1244 1898 1334 1964; x_wconf 67' lang='lat'><strong>40,</strong></span> <span class='ocrx_word' id='word_1_141' title='bbox 1371 1914 1401 1953; x_wconf 88' lang='lat' dir='ltr'><strong>a</strong></span> <span class='ocrx_word' id='word_1_142' title='bbox 1427 1899 1824 1954; x_wconf 89' lang='lat' dir='ltr'><strong>restauratione</strong></span> 
     </span>
    </p>
   </div>
   <div class='ocr_carea' id='block_1_23' title="bbox 242 1990 1825 2063">
    <p class='ocr_par' dir='ltr' id='par_1_23' title="bbox 242 1990 1825 2063">
     <span class='ocr_line' id='line_1_23' title="bbox 242 1990 1825 2063; baseline -0.001 -15"><span class='ocrx_word' id='word_1_143' title='bbox 242 2009 379 2050; x_wconf 92' lang='lat' dir='ltr'><strong>vero</strong></span> <span class='ocrx_word' id='word_1_144' title='bbox 411 1992 591 2063; x_wconf 89' lang='lat' dir='ltr'><strong>templi</strong></span> <span class='ocrx_word' id='word_1_145' title='bbox 614 1993 737 2047; x_wconf 91' lang='lat' dir='ltr'><strong>anni</strong></span> <span class='ocrx_word' id='word_1_146' title='bbox 768 1998 924 2047; x_wconf 88' lang='lat' dir='ltr'><strong>erant</strong></span> <span class='ocrx_word' id='word_1_147' title='bbox 946 1991 1066 2046; x_wconf 68' lang='lat'><strong>105.</strong></span> <span class='ocrx_word' id='word_1_148' title='bbox 1095 1991 1214 2063; x_wconf 91' lang='lat' dir='ltr'><strong>Ipse</strong></span> <span class='ocrx_word' id='word_1_149' title='bbox 1242 1999 1327 2047; x_wconf 91' lang='lat' dir='ltr'><strong>est</strong></span> <span class='ocrx_word' id='word_1_150' title='bbox 1357 1992 1448 2062; x_wconf 90' lang='lat' dir='ltr'><strong>qui</strong></span> <span class='ocrx_word' id='word_1_151' title='bbox 1489 1992 1558 2046; x_wconf 89' lang='lat' dir='ltr'><strong>ab</strong></span> <span class='ocrx_word' id='word_1_152' title='bbox 1580 1990 1825 2047; x_wconf 65' lang='lat' dir='ltr'><strong>Hebraeis</strong></span> 
     </span>
    </p>
   </div>
   <div class='ocr_carea' id='block_1_24' title="bbox 244 2078 1820 2151">
    <p class='ocr_par' dir='ltr' id='par_1_24' title="bbox 244 2078 1820 2151">
     <span class='ocr_line' id='line_1_24' title="bbox 244 2078 1820 2151; baseline -0.001 -14"><span class='ocrx_word' id='word_1_153' title='bbox 244 2082 519 2137; x_wconf 84' lang='lat' dir='ltr'><strong>Assuerus</strong></span> <span class='ocrx_word' id='word_1_154' title='bbox 544 2080 761 2146; x_wconf 90' lang='lat' dir='ltr'><strong>dicitur,</strong></span> <span class='ocrx_word' id='word_1_155' title='bbox 794 2082 893 2136; x_wconf 91' lang='lat' dir='ltr'><strong>sub</strong></span> <span class='ocrx_word' id='word_1_156' title='bbox 920 2095 1025 2151; x_wconf 90' lang='lat' dir='ltr'><strong>quo</strong></span> <span class='ocrx_word' id='word_1_157' title='bbox 1045 2080 1181 2136; x_wconf 89' lang='lat' dir='ltr'><strong>liber</strong></span> <span class='ocrx_word' id='word_1_158' title='bbox 1202 2080 1394 2136; x_wconf 83' lang='lat' dir='ltr'><strong>Hester</strong></span> <span class='ocrx_word' id='word_1_159' title='bbox 1419 2078 1697 2136; x_wconf 85' lang='lat' dir='ltr'><strong>confectus</strong></span> <span class='ocrx_word' id='word_1_160' title='bbox 1717 2087 1820 2137; x_wconf 88' lang='lat' dir='ltr'><strong>est.</strong></span> 
     </span>
    </p>
   </div>
   <div class='ocr_carea' id='block_1_25' title="bbox 239 2169 1823 2240">
    <p class='ocr_par' dir='ltr' id='par_1_25' title="bbox 239 2169 1823 2240">
     <span class='ocr_line' id='line_1_25' title="bbox 239 2169 1823 2240; baseline -0.001 -13"><span class='ocrx_word' id='word_1_161' title='bbox 239 2171 441 2227; x_wconf 80' lang='lat' dir='ltr'><strong>Iisdem</strong></span> <span class='ocrx_word' id='word_1_162' title='bbox 479 2171 669 2227; x_wconf 90' lang='lat' dir='ltr'><strong>diebus</strong></span> <span class='ocrx_word' id='word_1_163' title='bbox 692 2171 891 2227; x_wconf 88' lang='lat' dir='ltr'><strong>bellum</strong></span> <span class='ocrx_word' id='word_1_164' title='bbox 946 2169 1103 2226; x_wconf 83' lang='lat' dir='ltr'><strong>civile</strong></span> <span class='ocrx_word' id='word_1_165' title='bbox 1133 2170 1223 2224; x_wconf 79' lang='lat' dir='ltr'><strong>vix</strong></span> <span class='ocrx_word' id='word_1_166' title='bbox 1248 2169 1541 2240; x_wconf 90' lang='lat' dir='ltr'><strong>parricidio</strong></span> <span class='ocrx_word' id='word_1_167' title='bbox 1565 2170 1823 2225; x_wconf 90' lang='lat' dir='ltr'><strong>termina-</strong></span> 
     </span>
    </p>
   </div>
   <div class='ocr_carea' id='block_1_26' title="bbox 238 2261 1824 2334">
    <p class='ocr_par' dir='ltr' id='par_1_26' title="bbox 238 2261 1824 2334">
     <span class='ocr_line' id='line_1_26' title="bbox 238 2261 1824 2334; baseline 0 -15"><span class='ocrx_word' id='word_1_168' title='bbox 238 2273 362 2319; x_wconf 76' lang='lat' dir='ltr'><strong>tum</strong></span> <span class='ocrx_word' id='word_1_169' title='bbox 394 2273 478 2319; x_wconf 89' lang='lat' dir='ltr'><strong>est</strong></span> <span class='ocrx_word' id='word_1_170' title='bbox 518 2264 656 2334; x_wconf 84' lang='lat' dir='ltr'><strong>apud</strong></span> <span class='ocrx_word' id='word_1_171' title='bbox 683 2264 891 2320; x_wconf 78' lang='lat' dir='ltr'><strong>Persas.</strong></span> <span class='ocrx_word' id='word_1_172' title='bbox 922 2262 1132 2318; x_wconf 82' lang='lat' dir='ltr'><strong>Mortuo</strong></span> <span class='ocrx_word' id='word_1_173' title='bbox 1158 2263 1301 2320; x_wconf 90' lang='lat' dir='ltr'><strong>enim</strong></span> <span class='ocrx_word' id='word_1_174' title='bbox 1340 2277 1467 2333; x_wconf 88' lang='lat' dir='ltr'><strong>rege</strong></span> <span class='ocrx_word' id='word_1_175' title='bbox 1494 2261 1675 2330; x_wconf 87' lang='lat' dir='ltr'><strong>Dario,</strong></span> <span class='ocrx_word' id='word_1_176' title='bbox 1698 2279 1824 2320; x_wconf 89' lang='lat' dir='ltr'><strong>cum</strong></span> 
     </span>
    </p>
   </div>
   <div class='ocr_carea' id='block_1_27' title="bbox 240 2354 1821 2428">
    <p class='ocr_par' dir='ltr' id='par_1_27' title="bbox 240 2354 1821 2428">
     <span class='ocr_line' id='line_1_27' title="bbox 240 2354 1821 2428; baseline 0 -17"><span class='ocrx_word' id='word_1_177' title='bbox 240 2357 574 2412; x_wconf 73' lang='lat' dir='ltr'><strong>Artaxerxes</strong></span> <span class='ocrx_word' id='word_1_178' title='bbox 610 2364 663 2412; x_wconf 93' lang='lat' dir='ltr'><strong>et</strong></span> <span class='ocrx_word' id='word_1_179' title='bbox 693 2354 864 2428; x_wconf 89' lang='lat' dir='ltr'><strong>Cyrus</strong></span> <span class='ocrx_word' id='word_1_180' title='bbox 913 2355 1005 2411; x_wconf 86' lang='lat' dir='ltr'><strong>filii</strong></span> <span class='ocrx_word' id='word_1_181' title='bbox 1035 2355 1152 2427; x_wconf 86' lang='lat' dir='ltr'><strong>ejus</strong></span> <span class='ocrx_word' id='word_1_182' title='bbox 1181 2356 1247 2411; x_wconf 91' lang='lat' dir='ltr'><strong>de</strong></span> <span class='ocrx_word' id='word_1_183' title='bbox 1272 2370 1438 2427; x_wconf 88' lang='lat' dir='ltr'><strong>regno</strong></span> <span class='ocrx_word' id='word_1_184' title='bbox 1466 2356 1821 2427; x_wconf 83' lang='lat' dir='ltr'><strong>ambigerem,</strong></span> 
     </span>
    </p>
   </div>
   <div class='ocr_carea' id='block_1_28' title="bbox 240 2447 1823 2520">
    <p class='ocr_par' dir='ltr' id='par_1_28' title="bbox 240 2447 1823 2520">
     <span class='ocr_line' id='line_1_28' title="bbox 240 2447 1823 2520; baseline -0.001 -17"><span class='ocrx_word' id='word_1_185' title='bbox 240 2450 462 2503; x_wconf 78' lang='lat' dir='ltr'><strong>tandem</strong></span> <span class='ocrx_word' id='word_1_186' title='bbox 489 2448 696 2520; x_wconf 80' lang='lat' dir='ltr'><strong>magnis</strong></span> <span class='ocrx_word' id='word_1_187' title='bbox 715 2449 1059 2519; x_wconf 85' lang='lat' dir='ltr'><strong>apparatibus</strong></span> <span class='ocrx_word' id='word_1_188' title='bbox 1081 2447 1398 2519; x_wconf 82' lang='lat' dir='ltr'><strong>magnisque</strong></span> <span class='ocrx_word' id='word_1_189' title='bbox 1423 2448 1823 2518; x_wconf 83' lang='lat' dir='ltr'><strong>provinciarum</strong></span> 
     </span>
    </p>
   </div>
   <div class='ocr_carea' id='block_1_29' title="bbox 241 2537 1824 2608">
    <p class='ocr_par' dir='ltr' id='par_1_29' title="bbox 241 2537 1824 2608">
     <span class='ocr_line' id='line_1_29' title="bbox 241 2537 1824 2608; baseline 0.001 -16"><span class='ocrx_word' id='word_1_190' title='bbox 241 2553 309 2593; x_wconf 91' lang='lat' dir='ltr'><strong>ac</strong></span> <span class='ocrx_word' id='word_1_191' title='bbox 331 2537 648 2608; x_wconf 89' lang='lat' dir='ltr'><strong>populorum</strong></span> <span class='ocrx_word' id='word_1_192' title='bbox 678 2537 848 2593; x_wconf 91' lang='lat' dir='ltr'><strong>ruinis</strong></span> <span class='ocrx_word' id='word_1_193' title='bbox 899 2538 1150 2608; x_wconf 88' lang='lat' dir='ltr'><strong>utrinque</strong></span> <span class='ocrx_word' id='word_1_194' title='bbox 1180 2545 1446 2593; x_wconf 91' lang='lat' dir='ltr'><strong>certatum</strong></span> <span class='ocrx_word' id='word_1_195' title='bbox 1495 2546 1599 2593; x_wconf 86' lang='lat' dir='ltr'><strong>est.</strong></span> <span class='ocrx_word' id='word_1_196' title='bbox 1631 2538 1689 2592; x_wconf 90' lang='lat' dir='ltr'><strong>In</strong></span> <span class='ocrx_word' id='word_1_197' title='bbox 1721 2537 1824 2594; x_wconf 89' lang='lat' dir='ltr'><strong>hoc</strong></span> 
     </span>
    </p>
   </div>
   <div class='ocr_carea' id='block_1_30' title="bbox 237 2624 1825 2683">
    <p class='ocr_par' dir='ltr' id='par_1_30' title="bbox 237 2624 1825 2683">
     <span class='ocr_line' id='line_1_30' title="bbox 237 2624 1825 2683; baseline 0.001 -2"><span class='ocrx_word' id='word_1_198' title='bbox 237 2624 496 2681; x_wconf 79' lang='lat' dir='ltr'><strong>conflictu</strong></span> <span class='ocrx_word' id='word_1_199' title='bbox 524 2640 646 2681; x_wconf 89' lang='lat' dir='ltr'><strong>cum</strong></span> <span class='ocrx_word' id='word_1_200' title='bbox 675 2640 707 2681; x_wconf 91' lang='lat' dir='ltr'><strong>e</strong></span> <span class='ocrx_word' id='word_1_201' title='bbox 737 2625 952 2683; x_wconf 85' lang='lat' dir='ltr'><strong>diverso</strong></span> <span class='ocrx_word' id='word_1_202' title='bbox 968 2636 1351 2683; x_wconf 85' lang='lat' dir='ltr'><strong>concurrentes</strong></span> <span class='ocrx_word' id='word_1_203' title='bbox 1378 2627 1480 2682; x_wconf 90' lang='lat' dir='ltr'><strong>sibi</strong></span> <span class='ocrx_word' id='word_1_204' title='bbox 1502 2627 1691 2683; x_wconf 88' lang='lat' dir='ltr'><strong>ambos</strong></span> <span class='ocrx_word' id='word_1_205' title='bbox 1717 2627 1825 2682; x_wconf 85' lang='lat' dir='ltr'><strong>fra-</strong></span> 
     </span>
    </p>
   </div>
   <div class='ocr_carea' id='block_1_31' title="bbox 240 2714 1825 2786">
    <p class='ocr_par' dir='ltr' id='par_1_31' title="bbox 240 2714 1825 2786">
     <span class='ocr_line' id='line_1_31' title="bbox 240 2714 1825 2786; baseline 0.001 -16"><span class='ocrx_word' id='word_1_206' title='bbox 240 2723 359 2770; x_wconf 86' lang='lat' dir='ltr'><strong>tres</strong></span> <span class='ocrx_word' id='word_1_207' title='bbox 390 2723 577 2770; x_wconf 89' lang='lat' dir='ltr'><strong>mutuo</strong></span> <span class='ocrx_word' id='word_1_208' title='bbox 624 2730 783 2771; x_wconf 86' lang='lat' dir='ltr'><strong>casus</strong></span> <span class='ocrx_word' id='word_1_209' title='bbox 831 2714 1209 2785; x_wconf 84' lang='lat' dir='ltr'><strong>objectavisset</strong></span> <span class='ocrx_word' id='word_1_210' title='bbox 1238 2756 1253 2782; x_wconf 90' lang='lat'><strong>,</strong></span> <span class='ocrx_word' id='word_1_211' title='bbox 1305 2716 1457 2786; x_wconf 88' lang='lat' dir='ltr'><strong>prior</strong></span> <span class='ocrx_word' id='word_1_212' title='bbox 1494 2714 1825 2771; x_wconf 74' lang='lat' dir='ltr'><strong>Artaxerxes</strong></span> 
     </span>
    </p>
   </div>
   <div class='ocr_carea' id='block_1_32' title="bbox 238 2805 1826 2878">
    <p class='ocr_par' dir='ltr' id='par_1_32' title="bbox 238 2805 1826 2878">
     <span class='ocr_line' id='line_1_32' title="bbox 238 2805 1826 2878; baseline 0.001 -16"><span class='ocrx_word' id='word_1_213' title='bbox 238 2806 556 2863; x_wconf 81' lang='lat' dir='ltr'><strong>vulneratus</strong></span> <span class='ocrx_word' id='word_1_214' title='bbox 590 2822 619 2862; x_wconf 89' lang='lat' dir='ltr'><strong>a</strong></span> <span class='ocrx_word' id='word_1_215' title='bbox 650 2805 817 2863; x_wconf 86' lang='lat' dir='ltr'><strong>fratre</strong></span> <span class='ocrx_word' id='word_1_216' title='bbox 852 2807 978 2878; x_wconf 88' lang='lat' dir='ltr'><strong>equi</strong></span> <span class='ocrx_word' id='word_1_217' title='bbox 1018 2807 1304 2863; x_wconf 79' lang='lat' dir='ltr'><strong>velocitate</strong></span> <span class='ocrx_word' id='word_1_218' title='bbox 1351 2807 1511 2862; x_wconf 88' lang='lat' dir='ltr'><strong>morti</strong></span> <span class='ocrx_word' id='word_1_219' title='bbox 1544 2816 1826 2877; x_wconf 83' lang='lat' dir='ltr'><strong>exemptus</strong></span> 
     </span>
    </p>
   </div>
   <div class='ocr_carea' id='block_1_33' title="bbox 237 2878 1821 2966">
    <p class='ocr_par' dir='ltr' id='par_1_33' title="bbox 237 2878 1821 2966">
     <span class='ocr_line' id='line_1_33' title="bbox 237 2878 1821 2966; baseline 0 -16"><span class='ocrx_word' id='word_1_220' title='bbox 237 2894 435 2950; x_wconf 84' lang='lat' dir='ltr'><strong>evasit.</strong></span> <span class='ocrx_word' id='word_1_221' title='bbox 468 2878 638 2966; x_wconf 51' lang='lat' dir='ltr'><strong>Cy&#39;rus</strong></span> <span class='ocrx_word' id='word_1_222' title='bbox 664 2900 841 2948; x_wconf 87' lang='lat' dir='ltr'><strong>autem</strong></span> <span class='ocrx_word' id='word_1_223' title='bbox 873 2909 1000 2949; x_wconf 81' lang='lat' dir='ltr'><strong>mox</strong></span> <span class='ocrx_word' id='word_1_224' title='bbox 1039 2910 1069 2948; x_wconf 93' lang='lat' dir='ltr'><strong>a</strong></span> <span class='ocrx_word' id='word_1_225' title='bbox 1091 2894 1312 2949; x_wconf 85' lang='lat' dir='ltr'><strong>cohorte</strong></span> <span class='ocrx_word' id='word_1_226' title='bbox 1342 2895 1491 2966; x_wconf 86' lang='lat' dir='ltr'><strong>regia</strong></span> <span class='ocrx_word' id='word_1_227' title='bbox 1513 2910 1821 2965; x_wconf 88' lang='lat' dir='ltr'><strong>oppressus,</strong></span> 
     </span>
    </p>
   </div>
   <div class='ocr_carea' id='block_1_34' title="bbox 235 2983 1821 3056">
    <p class='ocr_par' dir='ltr' id='par_1_34' title="bbox 235 2983 1821 3056">
     <span class='ocr_line' id='line_1_34' title="bbox 235 2983 1821 3056; baseline 0 -15"><span class='ocrx_word' id='word_1_228' title='bbox 235 2986 408 3041; x_wconf 81' lang='lat' dir='ltr'><strong>ﬁnem</strong></span> <span class='ocrx_word' id='word_1_229' title='bbox 448 2984 734 3041; x_wconf 88' lang='lat' dir='ltr'><strong>certamini</strong></span> <span class='ocrx_word' id='word_1_230' title='bbox 782 2983 948 3041; x_wconf 90' lang='lat' dir='ltr'><strong>dedit.</strong></span> <span class='ocrx_word' id='word_1_231' title='bbox 983 2983 1314 3040; x_wconf 78' lang='lat' dir='ltr'><strong>Artaxerxes</strong></span> <span class='ocrx_word' id='word_1_232' title='bbox 1359 2999 1511 3056; x_wconf 88' lang='lat' dir='ltr'><strong>ergo,</strong></span> <span class='ocrx_word' id='word_1_233' title='bbox 1542 2992 1600 3039; x_wconf 91' lang='lat' dir='ltr'><strong>et</strong></span> <span class='ocrx_word' id='word_1_234' title='bbox 1642 2985 1821 3055; x_wconf 81' lang='lat' dir='ltr'><strong>praeda</strong></span> 
     </span>
    </p>
   </div>
   <div class='ocr_carea' id='block_1_35' title="bbox 1934 420 3513 494">
    <p class='ocr_par' dir='ltr' id='par_1_35' title="bbox 1934 420 3513 494">
     <span class='ocr_line' id='line_1_35' title="bbox 1934 420 3513 494; baseline 0.007 -20"><span class='ocrx_word' id='word_1_235' title='bbox 1934 420 1986 475; x_wconf 92' lang='lat' dir='ltr'><strong>in</strong></span> <span class='ocrx_word' id='word_1_236' title='bbox 2013 422 2129 476; x_wconf 89' lang='lat' dir='ltr'><strong>acie</strong></span> <span class='ocrx_word' id='word_1_237' title='bbox 2170 422 2454 476; x_wconf 78' lang='lat' dir='ltr'><strong>adversum</strong></span> <span class='ocrx_word' id='word_1_238' title='bbox 2489 436 2555 476; x_wconf 89' lang='lat' dir='ltr'><strong>se</strong></span> <span class='ocrx_word' id='word_1_239' title='bbox 2569 422 2821 477; x_wconf 88' lang='lat' dir='ltr'><strong>viderunt</strong></span> <span class='ocrx_word' id='word_1_240' title='bbox 2865 434 3185 494; x_wconf 83' lang='lat' dir='ltr'><strong>pugnantes.</strong></span> <span class='ocrx_word' id='word_1_241' title='bbox 3215 425 3326 494; x_wconf 83' lang='lat' dir='ltr'><strong>Qua</strong></span> <span class='ocrx_word' id='word_1_242' title='bbox 3374 428 3513 485; x_wconf 87' lang='lat' dir='ltr'><strong>iudi-</strong></span> 
     </span>
    </p>
   </div>
   <div class='ocr_carea' id='block_1_36' title="bbox 1931 498 3509 585">
    <p class='ocr_par' dir='ltr' id='par_1_36' title="bbox 1931 498 3509 585">
     <span class='ocr_line' id='line_1_36' title="bbox 1931 498 3509 585; baseline 0.006 -21"><span class='ocrx_word' id='word_1_243' title='bbox 1931 512 2184 579; x_wconf 84' lang='lat' dir='ltr'><strong>gnationc</strong></span> <span class='ocrx_word' id='word_1_244' title='bbox 2222 498 2471 580; x_wconf 76' lang='lat' dir='ltr'><strong>permoti,</strong></span> <span class='ocrx_word' id='word_1_245' title='bbox 2508 511 2708 566; x_wconf 88' lang='lat' dir='ltr'><strong>Elusini</strong></span> <span class='ocrx_word' id='word_1_246' title='bbox 2737 514 2915 583; x_wconf 89' lang='lat' dir='ltr'><strong>oppidi</strong></span> <span class='ocrx_word' id='word_1_247' title='bbox 2955 514 3234 571; x_wconf 87' lang='lat' dir='ltr'><strong>obsidione</strong></span> <span class='ocrx_word' id='word_1_248' title='bbox 3265 517 3509 585; x_wconf 83' lang='lat' dir='ltr'><strong>dimissa,</strong></span> 
     </span>
    </p>
   </div>
   <div class='ocr_carea' id='block_1_37' title="bbox 1931 602 3511 671">
    <p class='ocr_par' dir='ltr' id='par_1_37' title="bbox 1931 602 3511 671">
     <span class='ocr_line' id='line_1_37' title="bbox 1931 602 3511 671; baseline 0.006 -15"><span class='ocrx_word' id='word_1_249' title='bbox 1931 603 2060 671; x_wconf 81' lang='lat' dir='ltr'><strong>totis</strong></span> <span class='ocrx_word' id='word_1_250' title='bbox 2103 603 2310 657; x_wconf 86' lang='lat' dir='ltr'><strong>viribus</strong></span> <span class='ocrx_word' id='word_1_251' title='bbox 2352 602 2575 656; x_wconf 80' lang='lat' dir='ltr'><strong>Romam</strong></span> <span class='ocrx_word' id='word_1_252' title='bbox 2602 605 2953 659; x_wconf 88' lang='lat' dir='ltr'><strong>contendunt.</strong></span> <span class='ocrx_word' id='word_1_253' title='bbox 2989 605 3098 662; x_wconf 90' lang='lat' dir='ltr'><strong>IIos</strong></span> <span class='ocrx_word' id='word_1_254' title='bbox 3128 607 3202 661; x_wconf 88' lang='lat' dir='ltr'><strong>ita</strong></span> <span class='ocrx_word' id='word_1_255' title='bbox 3237 608 3511 666; x_wconf 81' lang='lat' dir='ltr'><strong>irruentes</strong></span> 
     </span>
    </p>
   </div>
   <div class='ocr_carea' id='block_1_38' title="bbox 1931 676 3511 761">
    <p class='ocr_par' dir='ltr' id='par_1_38' title="bbox 1931 676 3511 761">
     <span class='ocr_line' id='line_1_38' title="bbox 1931 676 3511 761; baseline 0.006 -18"><span class='ocrx_word' id='word_1_256' title='bbox 1931 676 2129 744; x_wconf 84' lang='lat' dir='ltr'><strong>Fabius</strong></span> <span class='ocrx_word' id='word_1_257' title='bbox 2152 705 2272 744; x_wconf 93' lang='lat' dir='ltr'><strong>cum</strong></span> <span class='ocrx_word' id='word_1_258' title='bbox 2291 692 2530 744; x_wconf 77' lang='lat' dir='ltr'><strong>exercitu</strong></span> <span class='ocrx_word' id='word_1_259' title='bbox 2552 690 2739 745; x_wconf 88' lang='lat' dir='ltr'><strong>consul</strong></span> <span class='ocrx_word' id='word_1_260' title='bbox 2766 692 2997 761; x_wconf 81' lang='lat' dir='ltr'><strong>excepit,</strong></span> <span class='ocrx_word' id='word_1_261' title='bbox 3017 708 3117 749; x_wconf 90' lang='lat' dir='ltr'><strong>nec</strong></span> <span class='ocrx_word' id='word_1_262' title='bbox 3133 705 3317 752; x_wconf 77' lang='lat' dir='ltr'><strong>tamen</strong></span> <span class='ocrx_word' id='word_1_263' title='bbox 3339 698 3511 753; x_wconf 91' lang='lat' dir='ltr'><strong>obsti-</strong></span> 
     </span>
    </p>
   </div>
   <div class='ocr_carea' id='block_1_39' title="bbox 1930 779 3505 854">
    <p class='ocr_par' dir='ltr' id='par_1_39' title="bbox 1930 779 3505 854">
     <span class='ocr_line' id='line_1_39' title="bbox 1930 779 3505 854; baseline 0.006 -21"><span class='ocrx_word' id='word_1_264' title='bbox 1930 780 2019 845; x_wconf 87' lang='lat' dir='ltr'><strong>tit,</strong></span> <span class='ocrx_word' id='word_1_265' title='bbox 2065 780 2173 833; x_wconf 92' lang='lat' dir='ltr'><strong>imo</strong></span> <span class='ocrx_word' id='word_1_266' title='bbox 2212 779 2391 848; x_wconf 90' lang='lat' dir='ltr'><strong>potius</strong></span> <span class='ocrx_word' id='word_1_267' title='bbox 2442 780 2653 835; x_wconf 83' lang='lat' dir='ltr'><strong>hostilis</strong></span> <span class='ocrx_word' id='word_1_268' title='bbox 2698 781 2787 835; x_wconf 92' lang='lat' dir='ltr'><strong>ille</strong></span> <span class='ocrx_word' id='word_1_269' title='bbox 2826 782 3055 851; x_wconf 89' lang='lat' dir='ltr'><strong>impetus</strong></span> <span class='ocrx_word' id='word_1_270' title='bbox 3094 787 3250 854; x_wconf 87' lang='lat' dir='ltr'><strong>quasi</strong></span> <span class='ocrx_word' id='word_1_271' title='bbox 3298 787 3505 843; x_wconf 88' lang='lat' dir='ltr'><strong>aridam</strong></span> 
     </span>
    </p>
   </div>
   <div class='ocr_carea' id='block_1_40' title="bbox 1929 870 3509 941">
    <p class='ocr_par' dir='ltr' id='par_1_40' title="bbox 1929 870 3509 941">
     <span class='ocr_line' id='line_1_40' title="bbox 1929 870 3509 941; baseline 0.006 -16"><span class='ocrx_word' id='word_1_272' title='bbox 1929 878 2164 941; x_wconf 75' lang='lat' dir='ltr'><strong>segetem</strong></span> <span class='ocrx_word' id='word_1_273' title='bbox 2193 870 2444 934; x_wconf 85' lang='lat' dir='ltr'><strong>succidit,</strong></span> <span class='ocrx_word' id='word_1_274' title='bbox 2484 871 2673 925; x_wconf 88' lang='lat' dir='ltr'><strong>stravit</strong></span> <span class='ocrx_word' id='word_1_275' title='bbox 2710 880 2765 925; x_wconf 92' lang='lat' dir='ltr'><strong>et</strong></span> <span class='ocrx_word' id='word_1_276' title='bbox 2791 873 3028 928; x_wconf 85' lang='lat' dir='ltr'><strong>transiit.</strong></span> <span class='ocrx_word' id='word_1_277' title='bbox 3072 874 3328 931; x_wconf 88' lang='lat' dir='ltr'><strong>Testatur</strong></span> <span class='ocrx_word' id='word_1_278' title='bbox 3366 879 3509 935; x_wconf 90' lang='lat' dir='ltr'><strong>hanc</strong></span> 
     </span>
    </p>
   </div>
   <div class='ocr_carea' id='block_1_41' title="bbox 1929 960 3510 1027">
    <p class='ocr_par' dir='ltr' id='par_1_41' title="bbox 1929 960 3510 1027">
     <span class='ocr_line' id='line_1_41' title="bbox 1929 960 3510 1027; baseline 0.006 -13"><span class='ocrx_word' id='word_1_279' title='bbox 1929 960 2080 1022; x_wconf 78' lang='lat' dir='ltr'><strong>Fabii</strong></span> <span class='ocrx_word' id='word_1_280' title='bbox 2119 960 2324 1016; x_wconf 89' lang='lat' dir='ltr'><strong>cladem</strong></span> <span class='ocrx_word' id='word_1_281' title='bbox 2368 960 2560 1015; x_wconf 83' lang='lat' dir='ltr'><strong>ﬂuvius</strong></span> <span class='ocrx_word' id='word_1_282' title='bbox 2607 961 2797 1027; x_wconf 88' lang='lat' dir='ltr'><strong>IIallia,</strong></span> <span class='ocrx_word' id='word_1_283' title='bbox 2848 963 2987 1018; x_wconf 85' lang='lat' dir='ltr'><strong>sicut</strong></span> <span class='ocrx_word' id='word_1_284' title='bbox 3028 961 3284 1021; x_wconf 86' lang='lat' dir='ltr'><strong>Cremara</strong></span> <span class='ocrx_word' id='word_1_285' title='bbox 3316 967 3510 1024; x_wconf 78' lang='lat' dir='ltr'><strong>Fabio-</strong></span> 
     </span>
    </p>
   </div>
   <div class='ocr_carea' id='block_1_42' title="bbox 1932 1051 3507 1124">
    <p class='ocr_par' dir='ltr' id='par_1_42' title="bbox 1932 1051 3507 1124">
     <span class='ocr_line' id='line_1_42' title="bbox 1932 1051 3507 1124; baseline 0.004 -17"><span class='ocrx_word' id='word_1_286' title='bbox 1932 1069 2073 1108; x_wconf 88' lang='lat' dir='ltr'><strong>rum.</strong></span> <span class='ocrx_word' id='word_1_287' title='bbox 2107 1051 2221 1108; x_wconf 88' lang='lat' dir='ltr'><strong>Non</strong></span> <span class='ocrx_word' id='word_1_288' title='bbox 2251 1053 2396 1108; x_wconf 88' lang='lat' dir='ltr'><strong>enim</strong></span> <span class='ocrx_word' id='word_1_289' title='bbox 2429 1052 2586 1108; x_wconf 82' lang='lat' dir='ltr'><strong>facile</strong></span> <span class='ocrx_word' id='word_1_290' title='bbox 2619 1053 2816 1124; x_wconf 87' lang='lat' dir='ltr'><strong>aliquis</strong></span> <span class='ocrx_word' id='word_1_291' title='bbox 2861 1054 3093 1110; x_wconf 89' lang='lat' dir='ltr'><strong>similem</strong></span> <span class='ocrx_word' id='word_1_292' title='bbox 3140 1057 3353 1113; x_wconf 90' lang='lat' dir='ltr'><strong>ruinam</strong></span> <span class='ocrx_word' id='word_1_293' title='bbox 3401 1059 3507 1114; x_wconf 85' lang='lat' dir='ltr'><strong>Ro-</strong></span> 
     </span>
    </p>
   </div>
   <div class='ocr_carea' id='block_1_43' title="bbox 1930 1144 3510 1222">
    <p class='ocr_par' dir='ltr' id='par_1_43' title="bbox 1930 1144 3510 1222">
     <span class='ocr_line' id='line_1_43' title="bbox 1930 1144 3510 1222; baseline 0.004 -23"><span class='ocrx_word' id='word_1_294' title='bbox 1930 1160 2105 1200; x_wconf 71' lang='lat' dir='ltr'><strong>mante</strong></span> <span class='ocrx_word' id='word_1_295' title='bbox 2155 1144 2358 1200; x_wconf 78' lang='lat' dir='ltr'><strong>militia:</strong></span> <span class='ocrx_word' id='word_1_296' title='bbox 2385 1147 2737 1212; x_wconf 88' lang='lat' dir='ltr'><strong>recensuerit,</strong></span> <span class='ocrx_word' id='word_1_297' title='bbox 2772 1146 2936 1201; x_wconf 88' lang='lat' dir='ltr'><strong>etiam</strong></span> <span class='ocrx_word' id='word_1_298' title='bbox 2977 1148 3023 1202; x_wconf 92' lang='lat' dir='ltr'><strong>si</strong></span> <span class='ocrx_word' id='word_1_299' title='bbox 3072 1147 3244 1203; x_wconf 77' lang='lat' dir='ltr'><strong>Roma</strong></span> <span class='ocrx_word' id='word_1_300' title='bbox 3289 1150 3510 1222; x_wconf 87' lang='lat' dir='ltr'><strong>insuper</strong></span> 
     </span>
    </p>
   </div>
   <div class='ocr_carea' id='block_1_44' title="bbox 1932 1235 3507 1311">
    <p class='ocr_par' dir='ltr' id='par_1_44' title="bbox 1932 1235 3507 1311">
     <span class='ocr_line' id='line_1_44' title="bbox 1932 1235 3507 1311; baseline 0.004 -20"><span class='ocrx_word' id='word_1_301' title='bbox 1932 1235 2147 1293; x_wconf 87' lang='lat' dir='ltr'><strong>incensa</strong></span> <span class='ocrx_word' id='word_1_302' title='bbox 2171 1252 2275 1292; x_wconf 92' lang='lat' dir='ltr'><strong>non</strong></span> <span class='ocrx_word' id='word_1_303' title='bbox 2307 1245 2467 1292; x_wconf 84' lang='lat' dir='ltr'><strong>esset.</strong></span> <span class='ocrx_word' id='word_1_304' title='bbox 2494 1238 2774 1293; x_wconf 87' lang='lat' dir='ltr'><strong>Patentem</strong></span> <span class='ocrx_word' id='word_1_305' title='bbox 2801 1237 2940 1294; x_wconf 88' lang='lat' dir='ltr'><strong>Galli</strong></span> <span class='ocrx_word' id='word_1_306' title='bbox 2978 1238 3177 1296; x_wconf 88' lang='lat' dir='ltr'><strong>Urbem</strong></span> <span class='ocrx_word' id='word_1_307' title='bbox 3199 1250 3507 1311; x_wconf 87' lang='lat' dir='ltr'><strong>penetrant,</strong></span> 
     </span>
    </p>
   </div>
   <div class='ocr_carea' id='block_1_45' title="bbox 1930 1322 3514 1398">
    <p class='ocr_par' dir='ltr' id='par_1_45' title="bbox 1930 1322 3514 1398">
     <span class='ocr_line' id='line_1_45' title="bbox 1930 1322 3514 1398; baseline 0.004 -16"><span class='ocrx_word' id='word_1_308' title='bbox 1930 1328 2203 1383; x_wconf 88' lang='lat' dir='ltr'><strong>trucidant</strong></span> <span class='ocrx_word' id='word_1_309' title='bbox 2223 1327 2458 1398; x_wconf 83' lang='lat' dir='ltr'><strong>rigentes</strong></span> <span class='ocrx_word' id='word_1_310' title='bbox 2484 1329 2892 1384; x_wconf 88' lang='lat' dir='ltr'><strong>simulacrorum</strong></span> <span class='ocrx_word' id='word_1_311' title='bbox 2916 1331 3079 1386; x_wconf 90' lang='lat' dir='ltr'><strong>modo</strong></span> <span class='ocrx_word' id='word_1_312' title='bbox 3104 1332 3160 1387; x_wconf 90' lang='lat' dir='ltr'><strong>in</strong></span> <span class='ocrx_word' id='word_1_313' title='bbox 3191 1322 3303 1388; x_wconf 78' lang='lat' dir='ltr'><strong>suis</strong></span> <span class='ocrx_word' id='word_1_314' title='bbox 3334 1333 3514 1392; x_wconf 89' lang='lat' dir='ltr'><strong>sedili-</strong></span> 
     </span>
    </p>
   </div>
   <div class='ocr_carea' id='block_1_46' title="bbox 1930 1420 3509 1491">
    <p class='ocr_par' dir='ltr' id='par_1_46' title="bbox 1930 1420 3509 1491">
     <span class='ocr_line' id='line_1_46' title="bbox 1930 1420 3509 1491; baseline 0.001 -15"><span class='ocrx_word' id='word_1_315' title='bbox 1930 1420 2031 1478; x_wconf 88' lang='lat' dir='ltr'><strong>bus</strong></span> <span class='ocrx_word' id='word_1_316' title='bbox 2051 1430 2349 1484; x_wconf 88' lang='lat' dir='ltr'><strong>senatores,</strong></span> <span class='ocrx_word' id='word_1_317' title='bbox 2371 1435 2573 1491; x_wconf 91' lang='lat' dir='ltr'><strong>cosque</strong></span> <span class='ocrx_word' id='word_1_318' title='bbox 2614 1420 2863 1476; x_wconf 89' lang='lat' dir='ltr'><strong>incendio</strong></span> <span class='ocrx_word' id='word_1_319' title='bbox 2910 1422 3192 1478; x_wconf 87' lang='lat' dir='ltr'><strong>domorum</strong></span> <span class='ocrx_word' id='word_1_320' title='bbox 3218 1432 3509 1490; x_wconf 88' lang='lat' dir='ltr'><strong>crematos,</strong></span> 
     </span>
    </p>
   </div>
   <div class='ocr_carea' id='block_1_47' title="bbox 1929 1506 3512 1583">
    <p class='ocr_par' dir='ltr' id='par_1_47' title="bbox 1929 1506 3512 1583">
     <span class='ocr_line' id='line_1_47' title="bbox 1929 1506 3512 1583; baseline 0.003 -18"><span class='ocrx_word' id='word_1_321' title='bbox 1929 1506 2083 1582; x_wconf 73' lang='lat' dir='ltr'><strong>lapsu</strong></span> <span class='ocrx_word' id='word_1_322' title='bbox 2111 1511 2404 1566; x_wconf 89' lang='lat' dir='ltr'><strong>culminum</strong></span> <span class='ocrx_word' id='word_1_323' title='bbox 2435 1526 2656 1566; x_wconf 91' lang='lat' dir='ltr'><strong>suorum</strong></span> <span class='ocrx_word' id='word_1_324' title='bbox 2695 1512 2983 1583; x_wconf 89' lang='lat' dir='ltr'><strong>sepeliunt.</strong></span> <span class='ocrx_word' id='word_1_325' title='bbox 3036 1513 3357 1569; x_wconf 83' lang='lat' dir='ltr'><strong>Universum</strong></span> <span class='ocrx_word' id='word_1_326' title='bbox 3387 1515 3512 1569; x_wconf 87' lang='lat' dir='ltr'><strong>reli-</strong></span> 
     </span>
    </p>
   </div>
   <div class='ocr_carea' id='block_1_48' title="bbox 1929 1599 3509 1671">
    <p class='ocr_par' dir='ltr' id='par_1_48' title="bbox 1929 1599 3509 1671">
     <span class='ocr_line' id='line_1_48' title="bbox 1929 1599 3509 1671; baseline 0.004 -19"><span class='ocrx_word' id='word_1_327' title='bbox 1929 1615 2091 1671; x_wconf 88' lang='lat' dir='ltr'><strong>quam</strong></span> <span class='ocrx_word' id='word_1_328' title='bbox 2113 1599 2447 1669; x_wconf 79' lang='lat' dir='ltr'><strong>iuventutem</strong></span> <span class='ocrx_word' id='word_1_329' title='bbox 2467 1642 2481 1666; x_wconf 95' lang='lat'><strong>,</strong></span> <span class='ocrx_word' id='word_1_330' title='bbox 2512 1614 2673 1671; x_wconf 85' lang='lat' dir='ltr'><strong>quam</strong></span> <span class='ocrx_word' id='word_1_331' title='bbox 2700 1610 2914 1657; x_wconf 89' lang='lat' dir='ltr'><strong>constat</strong></span> <span class='ocrx_word' id='word_1_332' title='bbox 2941 1600 3030 1657; x_wconf 82' lang='lat' dir='ltr'><strong>vix</strong></span> <span class='ocrx_word' id='word_1_333' title='bbox 3060 1603 3204 1657; x_wconf 80' lang='lat' dir='ltr'><strong>mille</strong></span> <span class='ocrx_word' id='word_1_334' title='bbox 3231 1605 3509 1659; x_wconf 85' lang='lat' dir='ltr'><strong>hominum</strong></span> 
     </span>
    </p>
   </div>
   <div class='ocr_carea' id='block_1_49' title="bbox 1854 1688 3511 1761">
    <p class='ocr_par' dir='ltr' id='par_1_49' title="bbox 1854 1688 3511 1761">
     <span class='ocr_line' id='line_1_49' title="bbox 1854 1688 3511 1761; baseline 0.002 -15"><span class='ocrx_word' id='word_1_335' title='bbox 1854 1700 1900 1760; x_wconf 82' lang='grc' dir='ltr'><strong>Β</strong></span> <span class='ocrx_word' id='word_1_336' title='bbox 1929 1699 2057 1746; x_wconf 90' lang='lat' dir='ltr'><strong>tunc</strong></span> <span class='ocrx_word' id='word_1_337' title='bbox 2091 1688 2256 1746; x_wconf 88' lang='lat' dir='ltr'><strong>fuisse</strong></span> <span class='ocrx_word' id='word_1_338' title='bbox 2288 1690 2341 1745; x_wconf 92' lang='lat' dir='ltr'><strong>in</strong></span> <span class='ocrx_word' id='word_1_339' title='bbox 2368 1704 2495 1746; x_wconf 90' lang='lat' dir='ltr'><strong>arce</strong></span> <span class='ocrx_word' id='word_1_340' title='bbox 2518 1690 2804 1761; x_wconf 81' lang='lat' dir='ltr'><strong>Capitolini</strong></span> <span class='ocrx_word' id='word_1_341' title='bbox 2832 1692 3033 1748; x_wconf 88' lang='lat' dir='ltr'><strong>montis</strong></span> <span class='ocrx_word' id='word_1_342' title='bbox 3059 1692 3335 1760; x_wconf 86' lang='lat' dir='ltr'><strong>latentem,</strong></span> <span class='ocrx_word' id='word_1_343' title='bbox 3364 1695 3511 1750; x_wconf 86' lang='lat' dir='ltr'><strong>obsi-</strong></span> 
     </span>
    </p>
   </div>
   <div class='ocr_carea' id='block_1_50' title="bbox 1925 1780 3504 1853">
    <p class='ocr_par' dir='ltr' id='par_1_50' title="bbox 1925 1780 3504 1853">
     <span class='ocr_line' id='line_1_50' title="bbox 1925 1780 3504 1853; baseline 0.001 -17"><span class='ocrx_word' id='word_1_344' title='bbox 1925 1782 2086 1838; x_wconf 91' lang='lat' dir='ltr'><strong>dione</strong></span> <span class='ocrx_word' id='word_1_345' title='bbox 2132 1780 2489 1845; x_wconf 87' lang='lat' dir='ltr'><strong>concludunt;</strong></span> <span class='ocrx_word' id='word_1_346' title='bbox 2525 1781 2707 1851; x_wconf 88' lang='lat' dir='ltr'><strong>ibique</strong></span> <span class='ocrx_word' id='word_1_347' title='bbox 2753 1780 2996 1838; x_wconf 83' lang='lat' dir='ltr'><strong>infelices</strong></span> <span class='ocrx_word' id='word_1_348' title='bbox 3037 1782 3293 1853; x_wconf 86' lang='lat' dir='ltr'><strong>reliquias</strong></span> <span class='ocrx_word' id='word_1_349' title='bbox 3341 1782 3504 1848; x_wconf 85' lang='lat' dir='ltr'><strong>fame,</strong></span> 
     </span>
    </p>
   </div>
   <div class='ocr_carea' id='block_1_51' title="bbox 1924 1871 3471 1945">
    <p class='ocr_par' dir='ltr' id='par_1_51' title="bbox 1924 1871 3471 1945">
     <span class='ocr_line' id='line_1_51' title="bbox 1924 1871 3471 1945; baseline 0.001 -16"><span class='ocrx_word' id='word_1_350' title='bbox 1924 1882 2103 1945; x_wconf 88' lang='lat' dir='ltr'><strong>peste,</strong></span> <span class='ocrx_word' id='word_1_351' title='bbox 2159 1873 2571 1943; x_wconf 89' lang='lat' dir='ltr'><strong>desperatione,</strong></span> <span class='ocrx_word' id='word_1_352' title='bbox 2621 1871 2909 1929; x_wconf 79' lang='lat' dir='ltr'><strong>formidine</strong></span> <span class='ocrx_word' id='word_1_353' title='bbox 2963 1881 3179 1940; x_wconf 90' lang='lat' dir='ltr'><strong>terunt,</strong></span> <span class='ocrx_word' id='word_1_354' title='bbox 3215 1875 3471 1944; x_wconf 74' lang='lat' dir='ltr'><strong>subigunt</strong></span> 
     </span>
    </p>
   </div>
   <div class='ocr_carea' id='block_1_52' title="bbox 1924 1963 3504 2037">
    <p class='ocr_par' dir='ltr' id='par_1_52' title="bbox 1924 1963 3504 2037">
     <span class='ocr_line' id='line_1_52' title="bbox 1924 1963 3504 2037; baseline 0.002 -18"><span class='ocrx_word' id='word_1_355' title='bbox 1924 1965 2166 2020; x_wconf 90' lang='lat' dir='ltr'><strong>vendunt</strong></span> <span class='ocrx_word' id='word_1_356' title='bbox 2196 1983 2209 2019; x_wconf 93' lang='lat'><strong>:</strong></span> <span class='ocrx_word' id='word_1_357' title='bbox 2244 1980 2368 2020; x_wconf 91' lang='lat' dir='ltr'><strong>nam</strong></span> <span class='ocrx_word' id='word_1_358' title='bbox 2394 1964 2542 2021; x_wconf 89' lang='lat' dir='ltr'><strong>mille</strong></span> <span class='ocrx_word' id='word_1_359' title='bbox 2576 1963 2731 2020; x_wconf 88' lang='lat' dir='ltr'><strong>libris</strong></span> <span class='ocrx_word' id='word_1_360' title='bbox 2751 1965 2866 2020; x_wconf 82' lang='lat' dir='ltr'><strong>auri</strong></span> <span class='ocrx_word' id='word_1_361' title='bbox 2895 1964 3245 2022; x_wconf 89' lang='lat' dir='ltr'><strong>discessionis</strong></span> <span class='ocrx_word' id='word_1_362' title='bbox 3272 1968 3504 2037; x_wconf 88' lang='lat' dir='ltr'><strong>pretium</strong></span> 
     </span>
    </p>
   </div>
   <div class='ocr_carea' id='block_1_53' title="bbox 1924 2052 3507 2127">
    <p class='ocr_par' dir='ltr' id='par_1_53' title="bbox 1924 2052 3507 2127">
     <span class='ocr_line' id='line_1_53' title="bbox 1924 2052 3507 2127; baseline 0.002 -19"><span class='ocrx_word' id='word_1_363' title='bbox 1924 2055 2301 2125; x_wconf 89' lang='lat' dir='ltr'><strong>paciscuntur;</strong></span> <span class='ocrx_word' id='word_1_364' title='bbox 2354 2069 2461 2110; x_wconf 92' lang='lat' dir='ltr'><strong>non</strong></span> <span class='ocrx_word' id='word_1_365' title='bbox 2506 2054 2649 2124; x_wconf 92' lang='lat' dir='ltr'><strong>quod</strong></span> <span class='ocrx_word' id='word_1_366' title='bbox 2700 2054 2841 2125; x_wconf 91' lang='lat' dir='ltr'><strong>apud</strong></span> <span class='ocrx_word' id='word_1_367' title='bbox 2891 2052 3075 2111; x_wconf 84' lang='lat' dir='ltr'><strong>Gallos</strong></span> <span class='ocrx_word' id='word_1_368' title='bbox 3131 2055 3303 2110; x_wconf 79' lang='lat' dir='ltr'><strong>Roma</strong></span> <span class='ocrx_word' id='word_1_369' title='bbox 3351 2057 3507 2127; x_wconf 87' lang='lat' dir='ltr'><strong>parvi</strong></span> 
     </span>
    </p>
   </div>
   <div class='ocr_carea' id='block_1_54' title="bbox 1925 2142 3506 2215">
    <p class='ocr_par' dir='ltr' id='par_1_54' title="bbox 1925 2142 3506 2215">
     <span class='ocr_line' id='line_1_54' title="bbox 1925 2142 3506 2215; baseline 0.001 -16"><span class='ocrx_word' id='word_1_370' title='bbox 1925 2142 2159 2199; x_wconf 89' lang='lat' dir='ltr'><strong>nominis</strong></span> <span class='ocrx_word' id='word_1_371' title='bbox 2181 2143 2363 2208; x_wconf 86' lang='lat' dir='ltr'><strong>fuerit,</strong></span> <span class='ocrx_word' id='word_1_372' title='bbox 2386 2143 2481 2199; x_wconf 89' lang='lat' dir='ltr'><strong>sed</strong></span> <span class='ocrx_word' id='word_1_373' title='bbox 2502 2144 2646 2215; x_wconf 91' lang='lat' dir='ltr'><strong>quod</strong></span> <span class='ocrx_word' id='word_1_374' title='bbox 2676 2143 2823 2199; x_wconf 87' lang='lat' dir='ltr'><strong>illam</strong></span> <span class='ocrx_word' id='word_1_375' title='bbox 2850 2144 2931 2200; x_wconf 91' lang='lat' dir='ltr'><strong>sic</strong></span> <span class='ocrx_word' id='word_1_376' title='bbox 2952 2142 3065 2213; x_wconf 87' lang='lat' dir='ltr'><strong>jam</strong></span> <span class='ocrx_word' id='word_1_377' title='bbox 3094 2153 3220 2201; x_wconf 91' lang='lat' dir='ltr'><strong>ante</strong></span> <span class='ocrx_word' id='word_1_378' title='bbox 3268 2146 3506 2201; x_wconf 90' lang='lat' dir='ltr'><strong>detrive-</strong></span> 
     </span>
    </p>
   </div>
   <div class='ocr_carea' id='block_1_55' title="bbox 1925 2233 3510 2305">
    <p class='ocr_par' dir='ltr' id='par_1_55' title="bbox 1925 2233 3510 2305">
     <span class='ocr_line' id='line_1_55' title="bbox 1925 2233 3510 2305; baseline 0.003 -17"><span class='ocrx_word' id='word_1_379' title='bbox 1925 2234 2056 2300; x_wconf 90' lang='lat' dir='ltr'><strong>rint,</strong></span> <span class='ocrx_word' id='word_1_380' title='bbox 2087 2242 2142 2288; x_wconf 91' lang='lat' dir='ltr'><strong>ut</strong></span> <span class='ocrx_word' id='word_1_381' title='bbox 2174 2233 2403 2305; x_wconf 90' lang='lat' dir='ltr'><strong>amplius</strong></span> <span class='ocrx_word' id='word_1_382' title='bbox 2434 2242 2562 2289; x_wconf 84' lang='lat' dir='ltr'><strong>tunc</strong></span> <span class='ocrx_word' id='word_1_383' title='bbox 2584 2234 2765 2291; x_wconf 89' lang='lat' dir='ltr'><strong>valere</strong></span> <span class='ocrx_word' id='word_1_384' title='bbox 2790 2248 2897 2290; x_wconf 90' lang='lat' dir='ltr'><strong>non</strong></span> <span class='ocrx_word' id='word_1_385' title='bbox 2943 2244 3145 2305; x_wconf 89' lang='lat' dir='ltr'><strong>posset.</strong></span> <span class='ocrx_word' id='word_1_386' title='bbox 3176 2236 3510 2293; x_wconf 76' lang='lat' dir='ltr'><strong>Exeuntibus</strong></span> 
     </span>
    </p>
   </div>
   <div class='ocr_carea' id='block_1_56' title="bbox 1923 2323 3509 2395">
    <p class='ocr_par' dir='ltr' id='par_1_56' title="bbox 1923 2323 3509 2395">
     <span class='ocr_line' id='line_1_56' title="bbox 1923 2323 3509 2395; baseline 0.001 -14"><span class='ocrx_word' id='word_1_387' title='bbox 1923 2323 2091 2381; x_wconf 86' lang='lat' dir='ltr'><strong>Gallis</strong></span> <span class='ocrx_word' id='word_1_388' title='bbox 2110 2333 2441 2381; x_wconf 87' lang='lat' dir='ltr'><strong>remanserat</strong></span> <span class='ocrx_word' id='word_1_389' title='bbox 2469 2325 2525 2380; x_wconf 93' lang='lat' dir='ltr'><strong>in</strong></span> <span class='ocrx_word' id='word_1_390' title='bbox 2554 2325 2645 2381; x_wconf 90' lang='lat' dir='ltr'><strong>illo</strong></span> <span class='ocrx_word' id='word_1_391' title='bbox 2672 2326 2942 2395; x_wconf 85' lang='lat' dir='ltr'><strong>quondam</strong></span> <span class='ocrx_word' id='word_1_392' title='bbox 2982 2325 3145 2383; x_wconf 88' lang='lat' dir='ltr'><strong>Urbis</strong></span> <span class='ocrx_word' id='word_1_393' title='bbox 3164 2326 3369 2383; x_wconf 88' lang='lat' dir='ltr'><strong>ambitu</strong></span> <span class='ocrx_word' id='word_1_394' title='bbox 3420 2327 3509 2382; x_wconf 86' lang='lat' dir='ltr'><strong>in-</strong></span> 
     </span>
    </p>
   </div>
   <div class='ocr_carea' id='block_1_57' title="bbox 1925 2418 3509 2492">
    <p class='ocr_par' dir='ltr' id='par_1_57' title="bbox 1925 2418 3509 2492">
     <span class='ocr_line' id='line_1_57' title="bbox 1925 2418 3509 2492; baseline 0.001 -19"><span class='ocrx_word' id='word_1_395' title='bbox 1925 2418 2177 2474; x_wconf 90' lang='lat' dir='ltr'><strong>formium</strong></span> <span class='ocrx_word' id='word_1_396' title='bbox 2201 2419 2477 2473; x_wconf 89' lang='lat' dir='ltr'><strong>ruinarum</strong></span> <span class='ocrx_word' id='word_1_397' title='bbox 2499 2419 2731 2474; x_wconf 89' lang='lat' dir='ltr'><strong>obscena</strong></span> <span class='ocrx_word' id='word_1_398' title='bbox 2751 2418 3051 2489; x_wconf 78' lang='lat' dir='ltr'><strong>congeries,</strong></span> <span class='ocrx_word' id='word_1_399' title='bbox 3076 2429 3132 2477; x_wconf 86' lang='lat' dir='ltr'><strong>et</strong></span> <span class='ocrx_word' id='word_1_400' title='bbox 3153 2421 3391 2492; x_wconf 88' lang='lat' dir='ltr'><strong>undique</strong></span> <span class='ocrx_word' id='word_1_401' title='bbox 3410 2435 3509 2491; x_wconf 89' lang='lat' dir='ltr'><strong>per</strong></span> 
     </span>
    </p>
   </div>
   <div class='ocr_carea' id='block_1_58' title="bbox 1924 2507 3505 2581">
    <p class='ocr_par' dir='ltr' id='par_1_58' title="bbox 1924 2507 3505 2581">
     <span class='ocr_line' id='line_1_58' title="bbox 1924 2507 3505 2581; baseline -0.001 -18"><span class='ocrx_word' id='word_1_402' title='bbox 1924 2507 2308 2578; x_wconf 87' lang='lat' dir='ltr'><strong>impedimenta</strong></span> <span class='ocrx_word' id='word_1_403' title='bbox 2337 2507 2657 2571; x_wconf 89' lang='lat' dir='ltr'><strong>errantium,</strong></span> <span class='ocrx_word' id='word_1_404' title='bbox 2690 2515 2746 2563; x_wconf 92' lang='lat' dir='ltr'><strong>et</strong></span> <span class='ocrx_word' id='word_1_405' title='bbox 2783 2508 2925 2563; x_wconf 90' lang='lat' dir='ltr'><strong>inter</strong></span> <span class='ocrx_word' id='word_1_406' title='bbox 2951 2522 3049 2563; x_wconf 89' lang='lat' dir='ltr'><strong>sua</strong></span> <span class='ocrx_word' id='word_1_407' title='bbox 3080 2508 3385 2581; x_wconf 90' lang='lat' dir='ltr'><strong>ignotorum</strong></span> <span class='ocrx_word' id='word_1_408' title='bbox 3418 2507 3505 2563; x_wconf 87' lang='lat' dir='ltr'><strong>of-</strong></span> 
     </span>
    </p>
   </div>
   <div class='ocr_carea' id='block_1_59' title="bbox 1924 2598 3508 2670">
    <p class='ocr_par' dir='ltr' id='par_1_59' title="bbox 1924 2598 3508 2670">
     <span class='ocr_line' id='line_1_59' title="bbox 1924 2598 3508 2670; baseline -0.001 -15"><span class='ocrx_word' id='word_1_409' title='bbox 1924 2598 2090 2655; x_wconf 72' lang='lat' dir='ltr'><strong>fensa:</strong></span> <span class='ocrx_word' id='word_1_410' title='bbox 2121 2600 2267 2655; x_wconf 87' lang='lat' dir='ltr'><strong>vocis</strong></span> <span class='ocrx_word' id='word_1_411' title='bbox 2291 2599 2468 2670; x_wconf 79' lang='lat' dir='ltr'><strong>imago</strong></span> <span class='ocrx_word' id='word_1_412' title='bbox 2494 2598 2848 2668; x_wconf 87' lang='lat' dir='ltr'><strong>respondens,</strong></span> <span class='ocrx_word' id='word_1_413' title='bbox 2879 2599 3117 2668; x_wconf 87' lang='lat' dir='ltr'><strong>trepidos</strong></span> <span class='ocrx_word' id='word_1_414' title='bbox 3143 2599 3508 2670; x_wconf 82' lang='lat' dir='ltr'><strong>suspendebat</strong></span> 
     </span>
    </p>
   </div>
   <div class='ocr_carea' id='block_1_60' title="bbox 1925 2687 3611 2759">
    <p class='ocr_par' dir='ltr' id='par_1_60' title="bbox 1925 2687 3611 2759">
     <span class='ocr_line' id='line_1_60' title="bbox 1925 2687 3611 2759; baseline -0.001 -13"><span class='ocrx_word' id='word_1_415' title='bbox 1925 2690 2159 2746; x_wconf 89' lang='lat' dir='ltr'><strong>auditus.</strong></span> <span class='ocrx_word' id='word_1_416' title='bbox 2187 2688 2392 2744; x_wconf 88' lang='lat' dir='ltr'><strong>IIorror</strong></span> <span class='ocrx_word' id='word_1_417' title='bbox 2417 2687 2695 2759; x_wconf 87' lang='lat' dir='ltr'><strong>quatiebat</strong></span> <span class='ocrx_word' id='word_1_418' title='bbox 2714 2688 2944 2755; x_wconf 89' lang='lat' dir='ltr'><strong>animos,</strong></span> <span class='ocrx_word' id='word_1_419' title='bbox 2968 2688 3180 2744; x_wconf 89' lang='lat' dir='ltr'><strong>silentia</strong></span> <span class='ocrx_word' id='word_1_420' title='bbox 3208 2690 3502 2745; x_wconf 87' lang='lat' dir='ltr'><strong>terrebant.</strong></span> <span class='ocrx_word' id='word_1_421' title='bbox 3600 2694 3611 2702; x_wconf 84' lang='lat'><strong>’</strong></span> 
     </span>
    </p>
   </div>
   <div class='ocr_carea' id='block_1_61' title="bbox 1927 2777 3504 2852">
    <p class='ocr_par' dir='ltr' id='par_1_61' title="bbox 1927 2777 3504 2852">
     <span class='ocr_line' id='line_1_61' title="bbox 1927 2777 3504 2852; baseline -0.002 -15"><span class='ocrx_word' id='word_1_422' title='bbox 1927 2780 2206 2852; x_wconf 90' lang='lat' dir='ltr'><strong>Siquidem</strong></span> <span class='ocrx_word' id='word_1_423' title='bbox 2233 2779 2460 2835; x_wconf 88' lang='lat' dir='ltr'><strong>materia</strong></span> <span class='ocrx_word' id='word_1_424' title='bbox 2486 2780 2704 2849; x_wconf 89' lang='lat' dir='ltr'><strong>pavoris</strong></span> <span class='ocrx_word' id='word_1_425' title='bbox 2742 2787 2826 2834; x_wconf 90' lang='lat' dir='ltr'><strong>est</strong></span> <span class='ocrx_word' id='word_1_426' title='bbox 2854 2780 3053 2833; x_wconf 88' lang='lat' dir='ltr'><strong>raritas</strong></span> <span class='ocrx_word' id='word_1_427' title='bbox 3075 2777 3214 2851; x_wconf 86' lang='lat' dir='ltr'><strong>[ipsa</strong></span> <span class='ocrx_word' id='word_1_428' title='bbox 3248 2777 3418 2852; x_wconf 83' lang='lat' dir='ltr'><strong>vocis]</strong></span> <span class='ocrx_word' id='word_1_429' title='bbox 3448 2780 3504 2834; x_wconf 85' lang='lat' dir='ltr'><strong>in</strong></span> 
     </span>
    </p>
   </div>
   <div class='ocr_carea' id='block_1_62' title="bbox 1925 2868 3506 2942">
    <p class='ocr_par' dir='ltr' id='par_1_62' title="bbox 1925 2868 3506 2942">
     <span class='ocr_line' id='line_1_62' title="bbox 1925 2868 3506 2942; baseline -0.001 -15"><span class='ocrx_word' id='word_1_430' title='bbox 1925 2870 2198 2942; x_wconf 87' lang='lat' dir='ltr'><strong>spatiosis.</strong></span> <span class='ocrx_word' id='word_1_431' title='bbox 2249 2870 2387 2924; x_wconf 90' lang='lat' dir='ltr'><strong>IIinc</strong></span> <span class='ocrx_word' id='word_1_432' title='bbox 2424 2868 2531 2925; x_wconf 87' lang='lat' dir='ltr'><strong>illis</strong></span> <span class='ocrx_word' id='word_1_433' title='bbox 2579 2878 2791 2924; x_wconf 89' lang='lat' dir='ltr'><strong>mutare</strong></span> <span class='ocrx_word' id='word_1_434' title='bbox 2843 2869 3022 2934; x_wconf 90' lang='lat' dir='ltr'><strong>sedes,</strong></span> <span class='ocrx_word' id='word_1_435' title='bbox 3071 2869 3217 2924; x_wconf 88' lang='lat' dir='ltr'><strong>aliud</strong></span> <span class='ocrx_word' id='word_1_436' title='bbox 3269 2869 3506 2927; x_wconf 77' lang='lat' dir='ltr'><strong>incolere</strong></span> 
     </span>
    </p>
   </div>
   <div class='ocr_carea' id='block_1_63' title="bbox 1926 2959 3503 3036">
    <p class='ocr_par' dir='ltr' id='par_1_63' title="bbox 1926 2959 3503 3036">
     <span class='ocr_line' id='line_1_63' title="bbox 1926 2959 3503 3036; baseline -0.003 -17"><span class='ocrx_word' id='word_1_437' title='bbox 1926 2963 2204 3036; x_wconf 91' lang='lat' dir='ltr'><strong>oppidum,</strong></span> <span class='ocrx_word' id='word_1_438' title='bbox 2238 2961 2409 3017; x_wconf 90' lang='lat' dir='ltr'><strong>altero</strong></span> <span class='ocrx_word' id='word_1_439' title='bbox 2447 2961 2610 3017; x_wconf 87' lang='lat' dir='ltr'><strong>etiam</strong></span> <span class='ocrx_word' id='word_1_440' title='bbox 2659 2959 2871 3016; x_wconf 86' lang='lat' dir='ltr'><strong>censeri</strong></span> <span class='ocrx_word' id='word_1_441' title='bbox 2920 2960 3140 3016; x_wconf 87' lang='lat' dir='ltr'><strong>nomine</strong></span> <span class='ocrx_word' id='word_1_442' title='bbox 3185 2960 3503 3033; x_wconf 82' lang='lat' dir='ltr'><strong>cogitatum,</strong></span> 
     </span>
    </p>
   </div>
   <div class='ocr_carea' id='block_1_64' title="bbox 238 3051 1825 3156">
    <p class='ocr_par' dir='ltr' id='par_1_64' title="bbox 238 3051 1817 3156">
     <span class='ocr_line' id='line_1_64' title="bbox 238 3051 1817 3156; baseline -0.003 -24"><span class='ocrx_word' id='word_1_443' title='bbox 238 3078 500 3156; x_wconf 66' lang='lat' dir='ltr'><strong>lraternte</strong></span> <span class='ocrx_word' id='word_1_444' title='bbox 522 3074 877 3145; x_wconf 79' lang='lat' dir='ltr'><strong>expeditionis</strong></span> <span class='ocrx_word' id='word_1_445' title='bbox 901 3082 955 3130; x_wconf 90' lang='lat' dir='ltr'><strong>et</strong></span> <span class='ocrx_word' id='word_1_446' title='bbox 985 3075 1226 3129; x_wconf 87' lang='lat' dir='ltr'><strong>exercitu</strong></span> <span class='ocrx_word' id='word_1_447' title='bbox 1250 3051 1472 3145; x_wconf 78' lang='lat' dir='ltr'><strong>potitus,</strong></span> <span class='ocrx_word' id='word_1_448' title='bbox 1495 3051 1817 3144; x_wconf 73' lang='lat' dir='ltr'><strong>potestatem</strong></span> 
     </span>
    </p>
   </div>
   <div class='ocr_carea' id='block_1_65' title="bbox 1929 3051 2793 3156">
    <p class='ocr_par' dir='ltr' id='par_1_65' title="bbox 1929 3054 2793 3127">
     <span class='ocr_line' id='line_1_65' title="bbox 1929 3054 2793 3127; baseline -0.002 -18"><span class='ocrx_word' id='word_1_449' title='bbox 1929 3054 2185 3127; x_wconf 88' lang='lat' dir='ltr'><strong>placitum</strong></span> <span class='ocrx_word' id='word_1_450' title='bbox 2206 3060 2368 3125; x_wconf 89' lang='lat' dir='ltr'><strong>atque</strong></span> <span class='ocrx_word' id='word_1_451' title='bbox 2393 3060 2654 3109; x_wconf 87' lang='lat' dir='ltr'><strong>tentatum</strong></span> <span class='ocrx_word' id='word_1_452' title='bbox 2690 3061 2793 3108; x_wconf 91' lang='lat' dir='ltr'><strong>est.</strong></span> 
     </span>
    </p>
   </div>
   <div class='ocr_carea' id='block_1_66' title="bbox 238 3162 1819 3239">
    <p class='ocr_par' dir='ltr' id='par_1_66' title="bbox 238 3162 1819 3239">
     <span class='ocr_line' id='line_1_66' title="bbox 238 3162 1819 3239; baseline -0.002 -17"><span class='ocrx_word' id='word_1_453' title='bbox 238 3166 397 3239; x_wconf 84' lang='lat' dir='ltr'><strong>regni</strong></span> <span class='ocrx_word' id='word_1_454' title='bbox 448 3165 743 3222; x_wconf 85' lang='lat' dir='ltr'><strong>fratricidio</strong></span> <span class='ocrx_word' id='word_1_455' title='bbox 795 3165 1047 3221; x_wconf 80' lang='lat' dir='ltr'><strong>ﬁrmavit.</strong></span> <span class='ocrx_word' id='word_1_456' title='bbox 1097 3164 1193 3220; x_wconf 82' lang='lat' dir='ltr'><strong>His</strong></span> <span class='ocrx_word' id='word_1_457' title='bbox 1238 3162 1431 3220; x_wconf 89' lang='lat' dir='ltr'><strong>deinde</strong></span> <span class='ocrx_word' id='word_1_458' title='bbox 1486 3164 1819 3235; x_wconf 89' lang='lat' dir='ltr'><strong>temporibus</strong></span> 
     </span>
    </p>
   </div>
   <div class='ocr_carea' id='block_1_67' title="bbox 234 3255 1816 3333">
    <p class='ocr_par' dir='ltr' id='par_1_67' title="bbox 234 3255 1816 3333">
     <span class='ocr_line' id='line_1_67' title="bbox 234 3255 1816 3333; baseline -0.002 -19"><span class='ocrx_word' id='word_1_459' title='bbox 234 3259 562 3333; x_wconf 84' lang='lat' dir='ltr'><strong>gravissimo</strong></span> <span class='ocrx_word' id='word_1_460' title='bbox 591 3265 899 3314; x_wconf 74' lang='lat' dir='ltr'><strong>terrannotu</strong></span> <span class='ocrx_word' id='word_1_461' title='bbox 944 3271 1202 3314; x_wconf 88' lang='lat' dir='ltr'><strong>concussa</strong></span> <span class='ocrx_word' id='word_1_462' title='bbox 1238 3255 1445 3321; x_wconf 87' lang='lat' dir='ltr'><strong>Sicilia,</strong></span> <span class='ocrx_word' id='word_1_463' title='bbox 1474 3255 1694 3327; x_wconf 89' lang='lat' dir='ltr'><strong>insuper</strong></span> <span class='ocrx_word' id='word_1_464' title='bbox 1720 3271 1816 3311; x_wconf 81' lang='lat' dir='ltr'><strong>ex-</strong></span> 
     </span>
    </p>
   </div>
   <div class='ocr_carea' id='block_1_68' title="bbox 235 3345 1820 3419">
    <p class='ocr_par' dir='ltr' id='par_1_68' title="bbox 235 3345 1820 3419">
     <span class='ocr_line' id='line_1_68' title="bbox 235 3345 1820 3419; baseline -0.003 -12"><span class='ocrx_word' id='word_1_465' title='bbox 235 3350 596 3407; x_wconf 74' lang='lat' dir='ltr'><strong>aestuantibus</strong></span> <span class='ocrx_word' id='word_1_466' title='bbox 624 3346 843 3404; x_wconf 67' lang='lat' dir='ltr'><strong>Etbnze</strong></span> <span class='ocrx_word' id='word_1_467' title='bbox 873 3348 1071 3404; x_wconf 92' lang='lat' dir='ltr'><strong>montis</strong></span> <span class='ocrx_word' id='word_1_468' title='bbox 1108 3348 1339 3419; x_wconf 79' lang='lat' dir='ltr'><strong>ignibus,</strong></span> <span class='ocrx_word' id='word_1_469' title='bbox 1362 3345 1664 3417; x_wconf 90' lang='lat' dir='ltr'><strong>favillisque</strong></span> <span class='ocrx_word' id='word_1_470' title='bbox 1689 3347 1820 3403; x_wconf 88' lang='lat' dir='ltr'><strong>cali-</strong></span> 
     </span>
    </p>
   </div>
   <div class='ocr_carea' id='block_1_69' title="bbox 235 3441 1818 3513">
    <p class='ocr_par' dir='ltr' id='par_1_69' title="bbox 235 3441 1818 3513">
     <span class='ocr_line' id='line_1_69' title="bbox 235 3441 1818 3513; baseline -0.003 -14"><span class='ocrx_word' id='word_1_471' title='bbox 235 3443 361 3510; x_wconf 87' lang='lat' dir='ltr'><strong>dis,</strong></span> <span class='ocrx_word' id='word_1_472' title='bbox 404 3458 525 3498; x_wconf 90' lang='lat' dir='ltr'><strong>cum</strong></span> <span class='ocrx_word' id='word_1_473' title='bbox 551 3442 874 3497; x_wconf 88' lang='lat' dir='ltr'><strong>detrimento</strong></span> <span class='ocrx_word' id='word_1_474' title='bbox 894 3441 1126 3513; x_wconf 88' lang='lat' dir='ltr'><strong>plurimo</strong></span> <span class='ocrx_word' id='word_1_475' title='bbox 1147 3456 1401 3513; x_wconf 82' lang='lat' dir='ltr'><strong>agrorum</strong></span> <span class='ocrx_word' id='word_1_476' title='bbox 1428 3441 1784 3511; x_wconf 88' lang='lat' dir='ltr'><strong>villarumque</strong></span> <span class='ocrx_word' id='word_1_477' title='bbox 1802 3482 1818 3510; x_wconf 95' lang='lat'><strong>,</strong></span> 
     </span>
    </p>
   </div>
   <div class='ocr_carea' id='block_1_70' title="bbox 236 3530 1822 3596">
    <p class='ocr_par' dir='ltr' id='par_1_70' title="bbox 236 3530 1822 3596">
     <span class='ocr_line' id='line_1_70' title="bbox 236 3530 1822 3596; baseline -0.001 -9"><span class='ocrx_word' id='word_1_478' title='bbox 236 3543 457 3590; x_wconf 81' lang='lat' dir='ltr'><strong>vastata</strong></span> <span class='ocrx_word' id='word_1_479' title='bbox 483 3542 585 3589; x_wconf 90' lang='lat' dir='ltr'><strong>est.</strong></span> <span class='ocrx_word' id='word_1_480' title='bbox 615 3531 767 3589; x_wconf 81' lang='lat' dir='ltr'><strong>Tunc</strong></span> <span class='ocrx_word' id='word_1_481' title='bbox 799 3533 961 3589; x_wconf 89' lang='lat' dir='ltr'><strong>etiam</strong></span> <span class='ocrx_word' id='word_1_482' title='bbox 988 3531 1243 3589; x_wconf 84' lang='lat' dir='ltr'><strong>Athlante</strong></span> <span class='ocrx_word' id='word_1_483' title='bbox 1266 3531 1481 3596; x_wconf 86' lang='lat' dir='ltr'><strong>civitas,</strong></span> <span class='ocrx_word' id='word_1_484' title='bbox 1511 3530 1699 3586; x_wconf 84' lang='lat' dir='ltr'><strong>Locris</strong></span> <span class='ocrx_word' id='word_1_485' title='bbox 1726 3530 1822 3586; x_wconf 86' lang='lat' dir='ltr'><strong>ad-</strong></span> 
     </span>
    </p>
   </div>
   <div class='ocr_carea' id='block_1_71' title="bbox 235 3619 1822 3696">
    <p class='ocr_par' dir='ltr' id='par_1_71' title="bbox 235 3619 1822 3696">
     <span class='ocr_line' id='line_1_71' title="bbox 235 3619 1822 3696; baseline -0.004 -14"><span class='ocrx_word' id='word_1_486' title='bbox 235 3624 477 3691; x_wconf 76' lang='lat' dir='ltr'><strong>bzerens,</strong></span> <span class='ocrx_word' id='word_1_487' title='bbox 519 3634 675 3680; x_wconf 73' lang='lat' dir='ltr'><strong>terra:</strong></span> <span class='ocrx_word' id='word_1_488' title='bbox 704 3638 939 3696; x_wconf 83' lang='lat' dir='ltr'><strong>congrua</strong></span> <span class='ocrx_word' id='word_1_489' title='bbox 971 3622 1130 3696; x_wconf 80' lang='grc' dir='ltr'><strong>[Αι.,</strong></span> <span class='ocrx_word' id='word_1_490' title='bbox 1178 3619 1495 3694; x_wconf 86' lang='lat' dir='ltr'><strong>contigua],</strong></span> <span class='ocrx_word' id='word_1_491' title='bbox 1540 3620 1822 3690; x_wconf 85' lang='lat' dir='ltr'><strong>repentino</strong></span> 
     </span>
    </p>
   </div>
   <div class='ocr_carea' id='block_1_72' title="bbox 238 3711 1820 3786">
    <p class='ocr_par' dir='ltr' id='par_1_72' title="bbox 238 3711 1820 3786">
     <span class='ocr_line' id='line_1_72' title="bbox 238 3711 1820 3786; baseline -0.001 -15"><span class='ocrx_word' id='word_1_492' title='bbox 238 3715 416 3771; x_wconf 83' lang='lat' dir='ltr'><strong>maris</strong></span> <span class='ocrx_word' id='word_1_493' title='bbox 445 3715 646 3786; x_wconf 88' lang='lat' dir='ltr'><strong>impetu</strong></span> <span class='ocrx_word' id='word_1_494' title='bbox 676 3715 946 3785; x_wconf 86' lang='lat' dir='ltr'><strong>abscissa,</strong></span> <span class='ocrx_word' id='word_1_495' title='bbox 982 3723 1143 3785; x_wconf 87' lang='lat' dir='ltr'><strong>atque</strong></span> <span class='ocrx_word' id='word_1_496' title='bbox 1188 3714 1241 3768; x_wconf 94' lang='lat' dir='ltr'><strong>in</strong></span> <span class='ocrx_word' id='word_1_497' title='bbox 1278 3711 1509 3768; x_wconf 89' lang='lat' dir='ltr'><strong>insulam</strong></span> <span class='ocrx_word' id='word_1_498' title='bbox 1556 3711 1820 3769; x_wconf 90' lang='lat' dir='ltr'><strong>dissoluta</strong></span> 
     </span>
    </p>
   </div>
   <div class='ocr_carea' id='block_1_73' title="bbox 238 3802 1825 3881">
    <p class='ocr_par' dir='ltr' id='par_1_73' title="bbox 238 3802 1825 3881">
     <span class='ocr_line' id='line_1_73' title="bbox 238 3802 1825 3881; baseline 0 -22"><span class='ocrx_word' id='word_1_499' title='bbox 394 3805 799 3862; x_wconf 88' lang='lat' dir='ltr'><strong>Atheniensium</strong></span> <span class='ocrx_word' id='word_1_500' title='bbox 836 3820 1049 3876; x_wconf 89' lang='lat' dir='ltr'><strong>quoque</strong></span> <span class='ocrx_word' id='word_1_501' title='bbox 1082 3803 1417 3861; x_wconf 89' lang='lat' dir='ltr'><strong>miserabiles</strong></span> <span class='ocrx_word' id='word_1_502' title='bbox 1444 3802 1699 3875; x_wconf 89' lang='lat' dir='ltr'><strong>reliquias</strong></span> <span class='ocrx_word' id='word_1_503' title='bbox 1734 3819 1825 3875; x_wconf 88' lang='lat' dir='ltr'><strong>pe-</strong></span> 
     </span>
    </p>
   </div>
   <div class='ocr_carea' id='block_1_74' title="bbox 237 3894 1823 3967">
    <p class='ocr_par' dir='ltr' id='par_1_74' title="bbox 237 3894 1823 3967">
     <span class='ocr_line' id='line_1_74' title="bbox 237 3894 1823 3967; baseline 0 -15"><span class='ocrx_word' id='word_1_504' title='bbox 237 3898 347 3953; x_wconf 88' lang='lat' dir='ltr'><strong>stis</strong></span> <span class='ocrx_word' id='word_1_505' title='bbox 405 3897 602 3952; x_wconf 91' lang='lat' dir='ltr'><strong>invasit</strong></span> <span class='ocrx_word' id='word_1_506' title='bbox 631 3895 829 3966; x_wconf 90' lang='lat' dir='ltr'><strong>diuque</strong></span> <span class='ocrx_word' id='word_1_507' title='bbox 862 3896 1115 3967; x_wconf 83' lang='lat' dir='ltr'><strong>pepulata</strong></span> <span class='ocrx_word' id='word_1_508' title='bbox 1162 3904 1265 3950; x_wconf 91' lang='lat' dir='ltr'><strong>est.</strong></span> <span class='ocrx_word' id='word_1_509' title='bbox 1307 3894 1441 3949; x_wconf 89' lang='lat' dir='ltr'><strong>Nam</strong></span> <span class='ocrx_word' id='word_1_510' title='bbox 1468 3910 1533 3951; x_wconf 92' lang='lat' dir='ltr'><strong>eo</strong></span> <span class='ocrx_word' id='word_1_511' title='bbox 1580 3902 1823 3966; x_wconf 86' lang='lat' dir='ltr'><strong>tempore</strong></span> 
     </span>
    </p>
   </div>
   <div class='ocr_carea' id='block_1_75' title="bbox 236 3987 1824 4057">
    <p class='ocr_par' dir='ltr' id='par_1_75' title="bbox 236 3987 1824 4057">
     <span class='ocr_line' id='line_1_75' title="bbox 236 3987 1824 4057; baseline -0.001 -14"><span class='ocrx_word' id='word_1_512' title='bbox 236 3988 500 4050; x_wconf 74' lang='lat' dir='ltr'><strong>Romani,</strong></span> <span class='ocrx_word' id='word_1_513' title='bbox 531 3987 826 4057; x_wconf 89' lang='lat' dir='ltr'><strong>repentinis</strong></span> <span class='ocrx_word' id='word_1_514' title='bbox 854 4002 993 4057; x_wconf 56' lang='lat' dir='ltr'><strong>saepe</strong></span> <span class='ocrx_word' id='word_1_515' title='bbox 1014 3987 1247 4044; x_wconf 89' lang='lat' dir='ltr'><strong>hostium</strong></span> <span class='ocrx_word' id='word_1_516' title='bbox 1281 3987 1653 4057; x_wconf 89' lang='lat' dir='ltr'><strong>eruptionibus</strong></span> <span class='ocrx_word' id='word_1_517' title='bbox 1677 4002 1824 4043; x_wconf 83' lang='lat' dir='ltr'><strong>com—</strong></span> 
     </span>
    </p>
   </div>
   <div class='ocr_carea' id='block_1_76' title="bbox 239 4077 1824 4148">
    <p class='ocr_par' dir='ltr' id='par_1_76' title="bbox 239 4077 1824 4148">
     <span class='ocr_line' id='line_1_76' title="bbox 239 4077 1824 4148; baseline -0.003 -12"><span class='ocrx_word' id='word_1_518' title='bbox 239 4078 464 4143; x_wconf 85' lang='lat' dir='ltr'><strong>minuti,</strong></span> <span class='ocrx_word' id='word_1_519' title='bbox 495 4088 753 4148; x_wconf 68' lang='lat' dir='ltr'><strong>praeterea</strong></span> <span class='ocrx_word' id='word_1_520' title='bbox 784 4078 838 4132; x_wconf 94' lang='lat' dir='ltr'><strong>in</strong></span> <span class='ocrx_word' id='word_1_521' title='bbox 887 4077 1126 4133; x_wconf 88' lang='lat' dir='ltr'><strong>hibernis</strong></span> <span class='ocrx_word' id='word_1_522' title='bbox 1168 4077 1306 4135; x_wconf 91' lang='lat' dir='ltr'><strong>bella</strong></span> <span class='ocrx_word' id='word_1_523' title='bbox 1354 4077 1555 4143; x_wconf 90' lang='lat' dir='ltr'><strong>sortiti,</strong></span> <span class='ocrx_word' id='word_1_524' title='bbox 1583 4078 1824 4133; x_wconf 90' lang='lat' dir='ltr'><strong>hiemare</strong></span> 
     </span>
    </p>
   </div>
   <div class='ocr_carea' id='block_1_77' title="bbox 238 4167 1823 4240">
    <p class='ocr_par' dir='ltr' id='par_1_77' title="bbox 238 4167 1823 4240">
     <span class='ocr_line' id='line_1_77' title="bbox 238 4167 1823 4240; baseline -0.002 -15"><span class='ocrx_word' id='word_1_525' title='bbox 238 4170 350 4225; x_wconf 80' lang='lat' dir='ltr'><strong>sub</strong></span> <span class='ocrx_word' id='word_1_526' title='bbox 372 4167 615 4237; x_wconf 86' lang='lat' dir='ltr'><strong>pellibus.</strong></span> <span class='ocrx_word' id='word_1_527' title='bbox 648 4167 926 4223; x_wconf 86' lang='lat' dir='ltr'><strong>Postremo</strong></span> <span class='ocrx_word' id='word_1_528' title='bbox 952 4167 1150 4223; x_wconf 80' lang='lat' dir='ltr'><strong>famem</strong></span> <span class='ocrx_word' id='word_1_529' title='bbox 1171 4183 1234 4224; x_wconf 87' lang='lat' dir='ltr'><strong>ac</strong></span> <span class='ocrx_word' id='word_1_530' title='bbox 1266 4168 1435 4240; x_wconf 80' lang='lat' dir='ltr'><strong>frigus</strong></span> <span class='ocrx_word' id='word_1_531' title='bbox 1456 4168 1510 4222; x_wconf 92' lang='lat' dir='ltr'><strong>in</strong></span> <span class='ocrx_word' id='word_1_532' title='bbox 1533 4177 1823 4239; x_wconf 89' lang='lat' dir='ltr'><strong>conspectu</strong></span> 
     </span>
    </p>
   </div>
   <div class='ocr_carea' id='block_1_78' title="bbox 238 4258 1824 4329">
    <p class='ocr_par' dir='ltr' id='par_1_78' title="bbox 238 4258 1824 4329">
     <span class='ocr_line' id='line_1_78' title="bbox 238 4258 1824 4329; baseline -0.001 -13"><span class='ocrx_word' id='word_1_533' title='bbox 238 4258 487 4316; x_wconf 81' lang='lat' dir='ltr'><strong>hostium</strong></span> <span class='ocrx_word' id='word_1_534' title='bbox 513 4259 719 4329; x_wconf 87' lang='lat' dir='ltr'><strong>perpeti</strong></span> <span class='ocrx_word' id='word_1_535' title='bbox 763 4260 934 4314; x_wconf 89' lang='lat' dir='ltr'><strong>coacti</strong></span> <span class='ocrx_word' id='word_1_536' title='bbox 970 4268 1118 4323; x_wconf 86' lang='lat' dir='ltr'><strong>sunt,</strong></span> <span class='ocrx_word' id='word_1_537' title='bbox 1148 4259 1334 4314; x_wconf 89' lang='lat' dir='ltr'><strong>urbem</strong></span> <span class='ocrx_word' id='word_1_538' title='bbox 1386 4258 1676 4314; x_wconf 90' lang='lat' dir='ltr'><strong>novissime</strong></span> <span class='ocrx_word' id='word_1_539' title='bbox 1707 4258 1824 4315; x_wconf 90' lang='lat' dir='ltr'><strong>sine</strong></span> 
     </span>
    </p>
   </div>
   <div class='ocr_carea' id='block_1_79' title="bbox 236 4338 1827 4421">
    <p class='ocr_par' dir='ltr' id='par_1_79' title="bbox 236 4338 1827 4421">
     <span class='ocr_line' id='line_1_79' title="bbox 236 4338 1827 4421; baseline -0.001 -17"><span class='ocrx_word' id='word_1_540' title='bbox 236 4348 359 4404; x_wconf 80' lang='lat' dir='ltr'><strong>ullo</strong></span> <span class='ocrx_word' id='word_1_541' title='bbox 394 4349 554 4421; x_wconf 87' lang='lat' dir='ltr'><strong>digno</strong></span> <span class='ocrx_word' id='word_1_542' title='bbox 580 4349 837 4405; x_wconf 75' lang='lat' dir='ltr'><strong>Romana:</strong></span> <span class='ocrx_word' id='word_1_543' title='bbox 870 4349 1089 4406; x_wconf 90' lang='lat' dir='ltr'><strong>virtutis</strong></span> <span class='ocrx_word' id='word_1_544' title='bbox 1135 4348 1441 4404; x_wconf 84' lang='lat' dir='ltr'><strong>testimonio</strong></span> <span class='ocrx_word' id='word_1_545' title='bbox 1469 4347 1732 4403; x_wconf 89' lang='lat' dir='ltr'><strong>cuniculis</strong></span> <span class='ocrx_word' id='word_1_546' title='bbox 1764 4338 1827 4403; x_wconf 87' lang='lat' dir='ltr'><strong>et</strong></span> 
     </span>
    </p>
   </div>
   <div class='ocr_carea' id='block_1_80' title="bbox 236 4436 1826 4509">
    <p class='ocr_par' dir='ltr' id='par_1_80' title="bbox 236 4436 1826 4509">
     <span class='ocr_line' id='line_1_80' title="bbox 236 4436 1826 4509; baseline -0.001 -15"><span class='ocrx_word' id='word_1_547' title='bbox 236 4437 584 4495; x_wconf 85' lang='lat' dir='ltr'><strong>clandestina</strong></span> <span class='ocrx_word' id='word_1_548' title='bbox 608 4438 925 4508; x_wconf 89' lang='lat' dir='ltr'><strong>ohreptionc</strong></span> <span class='ocrx_word' id='word_1_549' title='bbox 952 4446 1227 4509; x_wconf 86' lang='lat' dir='ltr'><strong>ceperunt.</strong></span> <span class='ocrx_word' id='word_1_550' title='bbox 1257 4436 1407 4494; x_wconf 81' lang='lat' dir='ltr'><strong>Hanc</strong></span> <span class='ocrx_word' id='word_1_551' title='bbox 1427 4436 1614 4492; x_wconf 89' lang='lat' dir='ltr'><strong>utilem</strong></span> <span class='ocrx_word' id='word_1_552' title='bbox 1652 4436 1826 4508; x_wconf 86' lang='lat' dir='ltr'><strong>magis</strong></span> 
     </span>
    </p>
   </div>
   <div class='ocr_carea' id='block_1_81' title="bbox 236 4527 1827 4601">
    <p class='ocr_par' dir='ltr' id='par_1_81' title="bbox 236 4527 1827 4601">
     <span class='ocr_line' id='line_1_81' title="bbox 236 4527 1827 4601; baseline -0.001 -17"><span class='ocrx_word' id='word_1_553' title='bbox 236 4544 416 4601; x_wconf 85' lang='lat' dir='ltr'><strong>quam</strong></span> <span class='ocrx_word' id='word_1_554' title='bbox 437 4528 670 4585; x_wconf 86' lang='lat' dir='ltr'><strong>nobilem</strong></span> <span class='ocrx_word' id='word_1_555' title='bbox 691 4528 971 4584; x_wconf 90' lang='lat' dir='ltr'><strong>victoriam</strong></span> <span class='ocrx_word' id='word_1_556' title='bbox 999 4529 1173 4600; x_wconf 91' lang='lat' dir='ltr'><strong>primo</strong></span> <span class='ocrx_word' id='word_1_557' title='bbox 1196 4528 1473 4584; x_wconf 88' lang='lat' dir='ltr'><strong>dictatoris</strong></span> <span class='ocrx_word' id='word_1_558' title='bbox 1505 4527 1712 4585; x_wconf 86' lang='lat' dir='ltr'><strong>Camilli</strong></span> <span class='ocrx_word' id='word_1_559' title='bbox 1745 4529 1827 4583; x_wconf 93' lang='lat' dir='ltr'><strong>in-</strong></span> 
     </span>
    </p>
   </div>
   <div class='ocr_carea' id='block_1_82' title="bbox 237 4610 1827 4693">
    <p class='ocr_par' dir='ltr' id='par_1_82' title="bbox 237 4610 1827 4693">
     <span class='ocr_line' id='line_1_82' title="bbox 237 4610 1827 4693; baseline -0.002 -18"><span class='ocrx_word' id='word_1_560' title='bbox 237 4610 456 4676; x_wconf 70' lang='lat' dir='ltr'><strong>dustria</strong></span> <span class='ocrx_word' id='word_1_561' title='bbox 514 4629 839 4693; x_wconf 75' lang='lat' dir='ltr'><strong>peregerunt</strong></span> <span class='ocrx_word' id='word_1_562' title='bbox 882 4620 947 4675; x_wconf 93' lang='lat' dir='ltr'><strong>de</strong></span> <span class='ocrx_word' id='word_1_563' title='bbox 981 4618 1281 4675; x_wconf 79' lang='lat' dir='ltr'><strong>Veintibus.</strong></span> <span class='ocrx_word' id='word_1_564' title='bbox 1336 4618 1540 4674; x_wconf 91' lang='lat' dir='ltr'><strong>Dehine</strong></span> <span class='ocrx_word' id='word_1_565' title='bbox 1599 4617 1827 4688; x_wconf 90' lang='lat' dir='ltr'><strong>irruptio</strong></span> 
     </span>
    </p>
   </div>
   <div class='ocr_carea' id='block_1_83' title="bbox 234 4706 1826 4780">
    <p class='ocr_par' dir='ltr' id='par_1_83' title="bbox 234 4706 1826 4780">
     <span class='ocr_line' id='line_1_83' title="bbox 234 4706 1826 4780; baseline -0.003 -13"><span class='ocrx_word' id='word_1_566' title='bbox 234 4710 529 4767; x_wconf 84' lang='lat' dir='ltr'><strong>Gallorum</strong></span> <span class='ocrx_word' id='word_1_567' title='bbox 562 4719 617 4765; x_wconf 92' lang='lat' dir='ltr'><strong>et</strong></span> <span class='ocrx_word' id='word_1_568' title='bbox 660 4710 966 4766; x_wconf 89' lang='lat' dir='ltr'><strong>incendium</strong></span> <span class='ocrx_word' id='word_1_569' title='bbox 996 4709 1144 4764; x_wconf 90' lang='lat' dir='ltr'><strong>urbis</strong></span> <span class='ocrx_word' id='word_1_570' title='bbox 1178 4709 1498 4780; x_wconf 84' lang='lat' dir='ltr'><strong>insequitur.</strong></span> <span class='ocrx_word' id='word_1_571' title='bbox 1546 4706 1642 4764; x_wconf 90' lang='lat' dir='ltr'><strong>Cui</strong></span> <span class='ocrx_word' id='word_1_572' title='bbox 1686 4706 1826 4764; x_wconf 91' lang='lat' dir='ltr'><strong>cladi</strong></span> 
     </span>
    </p>
   </div>
   <div class='ocr_carea' id='block_1_84' title="bbox 236 4798 1829 4870">
    <p class='ocr_par' dir='ltr' id='par_1_84' title="bbox 236 4798 1829 4870">
     <span class='ocr_line' id='line_1_84' title="bbox 236 4798 1829 4870; baseline -0.001 -13"><span class='ocrx_word' id='word_1_573' title='bbox 236 4800 449 4857; x_wconf 82' lang='lat' dir='ltr'><strong>audeat</strong></span> <span class='ocrx_word' id='word_1_574' title='bbox 488 4800 803 4870; x_wconf 87' lang='lat' dir='ltr'><strong>quisquam,</strong></span> <span class='ocrx_word' id='word_1_575' title='bbox 845 4800 890 4856; x_wconf 90' lang='lat' dir='ltr'><strong>si</strong></span> <span class='ocrx_word' id='word_1_576' title='bbox 932 4808 1147 4870; x_wconf 88' lang='lat' dir='ltr'><strong>potest,</strong></span> <span class='ocrx_word' id='word_1_577' title='bbox 1200 4799 1408 4869; x_wconf 87' lang='lat' dir='ltr'><strong>aliquos</strong></span> <span class='ocrx_word' id='word_1_578' title='bbox 1454 4808 1633 4855; x_wconf 91' lang='lat' dir='ltr'><strong>motus</strong></span> <span class='ocrx_word' id='word_1_579' title='bbox 1668 4798 1829 4870; x_wconf 84' lang='lat' dir='ltr'><strong>hujus</strong></span> 
     </span>
    </p>
   </div>
   <div class='ocr_carea' id='block_1_85' title="bbox 240 4889 1829 4961">
    <p class='ocr_par' dir='ltr' id='par_1_85' title="bbox 240 4889 1829 4961">
     <span class='ocr_line' id='line_1_85' title="bbox 240 4889 1829 4961; baseline -0.003 -12"><span class='ocrx_word' id='word_1_580' title='bbox 240 4891 512 4961; x_wconf 89' lang='lat' dir='ltr'><strong>temporis</strong></span> <span class='ocrx_word' id='word_1_581' title='bbox 548 4906 885 4961; x_wconf 85' lang='lat' dir='ltr'><strong>comparare,</strong></span> <span class='ocrx_word' id='word_1_582' title='bbox 915 4892 1160 4961; x_wconf 89' lang='lat' dir='ltr'><strong>quamvis</strong></span> <span class='ocrx_word' id='word_1_583' title='bbox 1207 4906 1313 4945; x_wconf 92' lang='lat' dir='ltr'><strong>non</strong></span> <span class='ocrx_word' id='word_1_584' title='bbox 1365 4905 1518 4960; x_wconf 66' lang='lat' dir='ltr'><strong>teque</strong></span> <span class='ocrx_word' id='word_1_585' title='bbox 1561 4889 1829 4959; x_wconf 90' lang='lat' dir='ltr'><strong>pendeant</strong></span> 
     </span>
    </p>
   </div>
   <div class='ocr_carea' id='block_1_86' title="bbox 233 4981 1471 5056">
    <p class='ocr_par' dir='ltr' id='par_1_86' title="bbox 233 4981 1471 5056">
     <span class='ocr_line' id='line_1_86' title="bbox 233 4981 1471 5056; baseline -0.003 -18"><span class='ocrx_word' id='word_1_586' title='bbox 233 4982 513 5056; x_wconf 71' lang='lat' dir='ltr'><strong>prteteriti</strong></span> <span class='ocrx_word' id='word_1_587' title='bbox 540 4981 666 5038; x_wconf 90' lang='lat' dir='ltr'><strong>mali</strong></span> <span class='ocrx_word' id='word_1_588' title='bbox 701 4981 936 5037; x_wconf 86' lang='lat' dir='ltr'><strong>fabulam</strong></span> <span class='ocrx_word' id='word_1_589' title='bbox 967 4981 1217 5051; x_wconf 65' lang='lat' dir='ltr'><strong>praesenti</strong></span> <span class='ocrx_word' id='word_1_590' title='bbox 1245 4981 1471 5050; x_wconf 56' lang='lat' dir='ltr'><strong>injuria.</strong></span> 
     </span>
    </p>
   </div>
   <div class='ocr_carea' id='block_1_87' title="bbox 844 5094 1245 5153">
    <p class='ocr_par' dir='ltr' id='par_1_87' title="bbox 844 5094 1245 5153">
     <span class='ocr_line' id='line_1_87' title="bbox 844 5094 1245 5153; baseline -0.012 0"><span class='ocrx_word' id='word_1_591' title='bbox 844 5095 1069 5153; x_wconf 79' lang='lat' dir='ltr'><strong>CAPUT</strong></span> <span class='ocrx_word' id='word_1_592' title='bbox 1108 5094 1245 5150; x_wconf 80' lang='lat' dir='ltr'>XIII.</span> 
     </span>
    </p>
   </div>
   <div class='ocr_carea' id='block_1_88' title="bbox 235 5182 1823 5256">
    <p class='ocr_par' dir='ltr' id='par_1_88' title="bbox 235 5182 1823 5256">
     <span class='ocr_line' id='line_1_88' title="bbox 235 5182 1823 5256; baseline -0.004 -15"><span class='ocrx_word' id='word_1_593' title='bbox 235 5186 325 5241; x_wconf 77' lang='lat' dir='ltr'><strong>De</strong></span> <span class='ocrx_word' id='word_1_594' title='bbox 347 5182 522 5239; x_wconf 79' lang='lat' dir='ltr'><strong>Gallis</strong></span> <span class='ocrx_word' id='word_1_595' title='bbox 539 5186 627 5256; x_wconf 73' lang='lat' dir='ltr'><strong>qui</strong></span> <span class='ocrx_word' id='word_1_596' title='bbox 656 5184 873 5256; x_wconf 81' lang='lat' dir='ltr'><strong>Romam</strong></span> <span class='ocrx_word' id='word_1_597' title='bbox 901 5184 1263 5256; x_wconf 65' lang='lat' dir='ltr'><strong>incenderant,</strong></span> <span class='ocrx_word' id='word_1_598' title='bbox 1287 5192 1614 5237; x_wconf 75' lang='lat' dir='ltr'><strong>vastaverunt</strong></span> <span class='ocrx_word' id='word_1_599' title='bbox 1638 5199 1700 5236; x_wconf 85' lang='lat' dir='ltr'><strong>ac</strong></span> <span class='ocrx_word' id='word_1_600' title='bbox 1730 5198 1823 5235; x_wconf 59' lang='lat' dir='ltr'><strong>no.</strong></span> 
     </span>
    </p>
   </div>
   <div class='ocr_carea' id='block_1_89' title="bbox 744 5254 1331 5309">
    <p class='ocr_par' dir='ltr' id='par_1_89' title="bbox 744 5254 1331 5309">
     <span class='ocr_line' id='line_1_89' title="bbox 744 5254 1331 5309; baseline -0.007 0"><span class='ocrx_word' id='word_1_601' title='bbox 744 5255 947 5309; x_wconf 73' lang='lat' dir='ltr'><strong>nissime</strong></span> <span class='ocrx_word' id='word_1_602' title='bbox 977 5254 1331 5308; x_wconf 84' lang='lat' dir='ltr'><strong>vendiderunt.</strong></span> 
     </span>
    </p>
   </div>
   <div class='ocr_carea' id='block_1_90' title="bbox 314 5342 1823 5417">
    <p class='ocr_par' dir='ltr' id='par_1_90' title="bbox 314 5342 1823 5417">
     <span class='ocr_line' id='line_1_90' title="bbox 314 5342 1823 5417; baseline -0.004 -16"><span class='ocrx_word' id='word_1_603' title='bbox 314 5347 489 5417; x_wconf 80' lang='lat' dir='ltr'><strong>Igitur</strong></span> <span class='ocrx_word' id='word_1_604' title='bbox 509 5344 641 5401; x_wconf 89' lang='lat' dir='ltr'><strong>Galli</strong></span> <span class='ocrx_word' id='word_1_605' title='bbox 667 5345 926 5411; x_wconf 86' lang='lat' dir='ltr'><strong>Senones,</strong></span> <span class='ocrx_word' id='word_1_606' title='bbox 944 5345 1078 5399; x_wconf 88' lang='lat' dir='ltr'><strong>duce</strong></span> <span class='ocrx_word' id='word_1_607' title='bbox 1094 5345 1326 5407; x_wconf 81' lang='lat' dir='ltr'><strong>Brenno,</strong></span> <span class='ocrx_word' id='word_1_608' title='bbox 1347 5343 1584 5398; x_wconf 78' lang='lat' dir='ltr'><strong>exercitu</strong></span> <span class='ocrx_word' id='word_1_609' title='bbox 1607 5342 1823 5410; x_wconf 85' lang='lat' dir='ltr'><strong>copioso</strong></span> 
     </span>
    </p>
   </div>
   <div class='ocr_carea' id='block_1_91' title="bbox 236 5428 1826 5501">
    <p class='ocr_par' dir='ltr' id='par_1_91' title="bbox 236 5428 1826 5501">
     <span class='ocr_line' id='line_1_91' title="bbox 236 5428 1826 5501; baseline -0.005 -11"><span class='ocrx_word' id='word_1_610' title='bbox 236 5445 302 5493; x_wconf 87' lang='lat' dir='ltr'><strong>et</strong></span> <span class='ocrx_word' id='word_1_611' title='bbox 324 5434 549 5489; x_wconf 87' lang='lat' dir='ltr'><strong>robusto</strong></span> <span class='ocrx_word' id='word_1_612' title='bbox 585 5435 768 5499; x_wconf 87' lang='lat' dir='ltr'><strong>nimis,</strong></span> <span class='ocrx_word' id='word_1_613' title='bbox 800 5450 921 5489; x_wconf 90' lang='lat' dir='ltr'><strong>cum</strong></span> <span class='ocrx_word' id='word_1_614' title='bbox 947 5435 1132 5489; x_wconf 90' lang='lat' dir='ltr'><strong>urbem</strong></span> <span class='ocrx_word' id='word_1_615' title='bbox 1158 5432 1383 5496; x_wconf 89' lang='lat' dir='ltr'><strong>Elusim,</strong></span> <span class='ocrx_word' id='word_1_616' title='bbox 1407 5447 1526 5501; x_wconf 81' lang='lat' dir='ltr'><strong>qua:</strong></span> <span class='ocrx_word' id='word_1_617' title='bbox 1554 5446 1697 5485; x_wconf 91' lang='lat' dir='ltr'><strong>nunc</strong></span> <span class='ocrx_word' id='word_1_618' title='bbox 1718 5428 1826 5483; x_wconf 87' lang='lat' dir='ltr'><strong>Tu-</strong></span> 
     </span>
    </p>
   </div>
   <div class='ocr_carea' id='block_1_92' title="bbox 236 5520 1824 5593">
    <p class='ocr_par' dir='ltr' id='par_1_92' title="bbox 236 5520 1824 5593">
     <span class='ocr_line' id='line_1_92' title="bbox 236 5520 1824 5593; baseline -0.006 -12"><span class='ocrx_word' id='word_1_619' title='bbox 236 5526 362 5581; x_wconf 87' lang='lat' dir='ltr'><strong>scia</strong></span> <span class='ocrx_word' id='word_1_620' title='bbox 416 5525 613 5580; x_wconf 89' lang='lat' dir='ltr'><strong>dicitur</strong></span> <span class='ocrx_word' id='word_1_621' title='bbox 637 5567 653 5591; x_wconf 90' lang='lat'><strong>,</strong></span> <span class='ocrx_word' id='word_1_622' title='bbox 681 5524 988 5580; x_wconf 84' lang='lat' dir='ltr'><strong>obsiderent</strong></span> <span class='ocrx_word' id='word_1_623' title='bbox 1016 5568 1027 5591; x_wconf 91' lang='lat'><strong>,</strong></span> <span class='ocrx_word' id='word_1_624' title='bbox 1058 5525 1261 5593; x_wconf 81' lang='lat' dir='ltr'><strong>legatos</strong></span> <span class='ocrx_word' id='word_1_625' title='bbox 1300 5522 1660 5577; x_wconf 79' lang='lat' dir='ltr'><strong>Romanorum</strong></span> <span class='ocrx_word' id='word_1_626' title='bbox 1688 5562 1701 5586; x_wconf 91' lang='lat'><strong>,</strong></span> <span class='ocrx_word' id='word_1_627' title='bbox 1733 5520 1824 5591; x_wconf 89' lang='lat' dir='ltr'><strong>qui</strong></span> 
     </span>
    </p>
   </div>
   <div class='ocr_carea' id='block_1_93' title="bbox 2497 3140 2921 3198">
    <p class='ocr_par' dir='ltr' id='par_1_93' title="bbox 2497 3140 2921 3198">
     <span class='ocr_line' id='line_1_93' title="bbox 2497 3140 2921 3198; baseline 0.002 -1"><span class='ocrx_word' id='word_1_628' title='bbox 2497 3140 2725 3198; x_wconf 82' lang='lat' dir='ltr'><strong>CAPUT</strong></span> <span class='ocrx_word' id='word_1_629' title='bbox 2783 3141 2921 3198; x_wconf 78' lang='lat' dir='ltr'><strong>XIV.</strong></span> 
     </span>
    </p>
   </div>
   <div class='ocr_carea' id='block_1_94' title="bbox 2074 3230 3352 3301">
    <p class='ocr_par' dir='ltr' id='par_1_94' title="bbox 2074 3230 3352 3301">
     <span class='ocr_line' id='line_1_94' title="bbox 2074 3230 3352 3301; baseline 0 -12"><span class='ocrx_word' id='word_1_630' title='bbox 2074 3233 2277 3301; x_wconf 78' lang='lat' dir='ltr'><strong>Quibus</strong></span> <span class='ocrx_word' id='word_1_631' title='bbox 2301 3234 2483 3289; x_wconf 80' lang='lat' dir='ltr'><strong>diebus</strong></span> <span class='ocrx_word' id='word_1_632' title='bbox 2513 3230 2754 3289; x_wconf 76' lang='lat' dir='ltr'><strong>Socrates</strong></span> <span class='ocrx_word' id='word_1_633' title='bbox 2775 3242 2825 3288; x_wconf 87' lang='lat' dir='ltr'><strong>et</strong></span> <span class='ocrx_word' id='word_1_634' title='bbox 2856 3230 3013 3288; x_wconf 89' lang='lat' dir='ltr'><strong>Plato</strong></span> <span class='ocrx_word' id='word_1_635' title='bbox 3040 3231 3352 3289; x_wconf 79' lang='lat' dir='ltr'><strong>claruerint.</strong></span> 
     </span>
    </p>
   </div>
   <div class='ocr_carea' id='block_1_95' title="bbox 1991 3323 3503 3395">
    <p class='ocr_par' dir='ltr' id='par_1_95' title="bbox 1991 3323 3503 3395">
     <span class='ocr_line' id='line_1_95' title="bbox 1991 3323 3503 3395; baseline 0 -14"><span class='ocrx_word' id='word_1_636' title='bbox 1991 3325 2195 3395; x_wconf 85' lang='lat' dir='ltr'><strong>Quibus</strong></span> <span class='ocrx_word' id='word_1_637' title='bbox 2234 3325 2427 3381; x_wconf 87' lang='lat' dir='ltr'><strong>diebus</strong></span> <span class='ocrx_word' id='word_1_638' title='bbox 2477 3323 2804 3390; x_wconf 86' lang='lat' dir='ltr'><strong>Archelaus,</strong></span> <span class='ocrx_word' id='word_1_639' title='bbox 2854 3324 3135 3391; x_wconf 89' lang='lat' dir='ltr'><strong>Amintas,</strong></span> <span class='ocrx_word' id='word_1_640' title='bbox 3186 3323 3503 3392; x_wconf 84' lang='lat' dir='ltr'><strong>Pausanias,</strong></span> 
     </span>
    </p>
   </div>
   <div class='ocr_carea' id='block_1_96' title="bbox 1917 3415 3501 3492">
    <p class='ocr_par' dir='ltr' id='par_1_96' title="bbox 1917 3415 3501 3492">
     <span class='ocr_line' id='line_1_96' title="bbox 1917 3415 3501 3492; baseline -0.001 -17"><span class='ocrx_word' id='word_1_641' title='bbox 1917 3421 2155 3492; x_wconf 85' lang='lat' dir='ltr'><strong>Argeus,</strong></span> <span class='ocrx_word' id='word_1_642' title='bbox 2187 3419 2316 3474; x_wconf 89' lang='lat' dir='ltr'><strong>item</strong></span> <span class='ocrx_word' id='word_1_643' title='bbox 2368 3416 2650 3483; x_wconf 88' lang='lat' dir='ltr'><strong>Amintas,</strong></span> <span class='ocrx_word' id='word_1_644' title='bbox 2701 3415 2805 3472; x_wconf 89' lang='lat' dir='ltr'><strong>sibi</strong></span> <span class='ocrx_word' id='word_1_645' title='bbox 2852 3416 3084 3472; x_wconf 87' lang='lat' dir='ltr'><strong>invicem</strong></span> <span class='ocrx_word' id='word_1_646' title='bbox 3122 3417 3501 3485; x_wconf 89' lang='lat' dir='ltr'><strong>succedentes,</strong></span> 
     </span>
    </p>
   </div>
   <div class='ocr_carea' id='block_1_97' title="bbox 1921 3503 3507 3581">
    <p class='ocr_par' dir='ltr' id='par_1_97' title="bbox 1921 3503 3507 3581">
     <span class='ocr_line' id='line_1_97' title="bbox 1921 3503 3507 3581; baseline -0.004 -15"><span class='ocrx_word' id='word_1_647' title='bbox 1921 3510 2219 3581; x_wconf 87' lang='lat' dir='ltr'><strong>regnabant</strong></span> <span class='ocrx_word' id='word_1_648' title='bbox 2255 3506 2396 3577; x_wconf 91' lang='lat' dir='ltr'><strong>apud</strong></span> <span class='ocrx_word' id='word_1_649' title='bbox 2437 3505 2772 3561; x_wconf 83' lang='lat' dir='ltr'><strong>Macedones.</strong></span> <span class='ocrx_word' id='word_1_650' title='bbox 2805 3503 2862 3558; x_wconf 92' lang='lat' dir='ltr'><strong>In</strong></span> <span class='ocrx_word' id='word_1_651' title='bbox 2901 3503 3086 3560; x_wconf 88' lang='lat' dir='ltr'><strong>Sicilia</strong></span> <span class='ocrx_word' id='word_1_652' title='bbox 3133 3519 3264 3560; x_wconf 90' lang='lat' dir='ltr'><strong>vero</strong></span> <span class='ocrx_word' id='word_1_653' title='bbox 3306 3506 3507 3578; x_wconf 79' lang='lat' dir='ltr'><strong>Diony-</strong></span> 
     </span>
    </p>
   </div>
   <div class='ocr_carea' id='block_1_98' title="bbox 1922 3592 3509 3669">
    <p class='ocr_par' dir='ltr' id='par_1_98' title="bbox 1922 3592 3509 3669">
     <span class='ocr_line' id='line_1_98' title="bbox 1922 3592 3509 3669; baseline -0.003 -14"><span class='ocrx_word' id='word_1_654' title='bbox 1922 3600 2035 3656; x_wconf 90' lang='lat' dir='ltr'><strong>sius</strong></span> <span class='ocrx_word' id='word_1_655' title='bbox 2070 3596 2408 3669; x_wconf 85' lang='lat' dir='ltr'><strong>tyrannidem</strong></span> <span class='ocrx_word' id='word_1_656' title='bbox 2435 3602 2669 3650; x_wconf 83' lang='lat' dir='ltr'><strong>exercet.</strong></span> <span class='ocrx_word' id='word_1_657' title='bbox 2696 3592 2950 3649; x_wconf 86' lang='lat' dir='ltr'><strong>Socrates</strong></span> <span class='ocrx_word' id='word_1_658' title='bbox 2969 3594 3133 3650; x_wconf 86' lang='lat' dir='ltr'><strong>etiam</strong></span> <span class='ocrx_word' id='word_1_659' title='bbox 3169 3595 3311 3665; x_wconf 88' lang='lat' dir='ltr'><strong>apud</strong></span> <span class='ocrx_word' id='word_1_660' title='bbox 3340 3594 3509 3650; x_wconf 87' lang='lat' dir='ltr'><strong>Athe-</strong></span> 
     </span>
    </p>
   </div>
   <div class='ocr_carea' id='block_1_99' title="bbox 1921 3685 3506 3761">
    <p class='ocr_par' dir='ltr' id='par_1_99' title="bbox 1921 3685 3506 3761">
     <span class='ocr_line' id='line_1_99' title="bbox 1921 3685 3506 3761; baseline -0.003 -14"><span class='ocrx_word' id='word_1_661' title='bbox 1921 3693 2139 3747; x_wconf 90' lang='lat' dir='ltr'><strong>nienses</strong></span> <span class='ocrx_word' id='word_1_662' title='bbox 2164 3697 2293 3745; x_wconf 91' lang='lat' dir='ltr'><strong>tunc</strong></span> <span class='ocrx_word' id='word_1_663' title='bbox 2317 3687 2513 3747; x_wconf 88' lang='lat' dir='ltr'><strong>claruit</strong></span> <span class='ocrx_word' id='word_1_664' title='bbox 2533 3686 2791 3757; x_wconf 89' lang='lat' dir='ltr'><strong>magister</strong></span> <span class='ocrx_word' id='word_1_665' title='bbox 2808 3685 3067 3743; x_wconf 83' lang='lat' dir='ltr'><strong>Platonis.</strong></span> <span class='ocrx_word' id='word_1_666' title='bbox 3096 3685 3349 3744; x_wconf 89' lang='lat' dir='ltr'><strong>Socrates</strong></span> <span class='ocrx_word' id='word_1_667' title='bbox 3376 3704 3506 3761; x_wconf 85' lang='lat' dir='ltr'><strong>ergo</strong></span> 
     </span>
    </p>
   </div>
   <div class='ocr_carea' id='block_1_100' title="bbox 1921 3777 3507 3853">
    <p class='ocr_par' dir='ltr' id='par_1_100' title="bbox 1921 3777 3507 3853">
     <span class='ocr_line' id='line_1_100' title="bbox 1921 3777 3507 3853; baseline -0.001 -16"><span class='ocrx_word' id='word_1_668' title='bbox 1921 3782 2128 3853; x_wconf 91' lang='lat' dir='ltr'><strong>primus</strong></span> <span class='ocrx_word' id='word_1_669' title='bbox 2192 3779 2504 3835; x_wconf 84' lang='lat' dir='ltr'><strong>universam</strong></span> <span class='ocrx_word' id='word_1_670' title='bbox 2574 3777 2971 3848; x_wconf 88' lang='lat' dir='ltr'><strong>philosophiam</strong></span> <span class='ocrx_word' id='word_1_671' title='bbox 3029 3777 3099 3833; x_wconf 87' lang='lat' dir='ltr'><strong>ad</strong></span> <span class='ocrx_word' id='word_1_672' title='bbox 3155 3778 3507 3848; x_wconf 86' lang='lat' dir='ltr'><strong>corrigendos</strong></span> 
     </span>
    </p>
   </div>
   <div class='ocr_carea' id='block_1_101' title="bbox 1923 3869 3501 3953">
    <p class='ocr_par' dir='ltr' id='par_1_101' title="bbox 1923 3869 3501 3953">
     <span class='ocr_line' id='line_1_101' title="bbox 1923 3869 3501 3953; baseline -0.004 -21"><span class='ocrx_word' id='word_1_673' title='bbox 1923 3874 2430 3945; x_wconf 88' lang='lat' dir='ltr'><strong>componendosque</strong></span> <span class='ocrx_word' id='word_1_674' title='bbox 2480 3886 2659 3927; x_wconf 88' lang='lat' dir='ltr'><strong>mores</strong></span> <span class='ocrx_word' id='word_1_675' title='bbox 2708 3869 2923 3926; x_wconf 76' lang='lat' dir='ltr'><strong>ﬂexisse</strong></span> <span class='ocrx_word' id='word_1_676' title='bbox 2979 3878 3332 3937; x_wconf 87' lang='lat' dir='ltr'><strong>memoratur,</strong></span> <span class='ocrx_word' id='word_1_677' title='bbox 3376 3885 3501 3953; x_wconf 82' lang='lat' dir='ltr'><strong>cum</strong></span> 
     </span>
    </p>
   </div>
   <div class='ocr_carea' id='block_1_102' title="bbox 1924 3960 3506 4032">
    <p class='ocr_par' dir='ltr' id='par_1_102' title="bbox 1924 3960 3506 4032">
     <span class='ocr_line' id='line_1_102' title="bbox 1924 3960 3506 4032; baseline -0.001 -12"><span class='ocrx_word' id='word_1_678' title='bbox 1924 3974 2050 4021; x_wconf 87' lang='lat' dir='ltr'><strong>ante</strong></span> <span class='ocrx_word' id='word_1_679' title='bbox 2074 3964 2221 4019; x_wconf 87' lang='lat' dir='ltr'><strong>illum</strong></span> <span class='ocrx_word' id='word_1_680' title='bbox 2250 3976 2437 4018; x_wconf 88' lang='lat' dir='ltr'><strong>omnes</strong></span> <span class='ocrx_word' id='word_1_681' title='bbox 2466 3960 2638 4032; x_wconf 89' lang='lat' dir='ltr'><strong>magis</strong></span> <span class='ocrx_word' id='word_1_682' title='bbox 2654 3960 2908 4032; x_wconf 71' lang='lat' dir='ltr'><strong>physicis,</strong></span> <span class='ocrx_word' id='word_1_683' title='bbox 2953 3960 3005 4015; x_wconf 90' lang='lat' dir='ltr'><strong>id</strong></span> <span class='ocrx_word' id='word_1_684' title='bbox 3032 3968 3136 4027; x_wconf 89' lang='lat' dir='ltr'><strong>est,</strong></span> <span class='ocrx_word' id='word_1_685' title='bbox 3168 3961 3506 4018; x_wconf 87' lang='lat' dir='ltr'><strong>naturalibus</strong></span> 
     </span>
    </p>
   </div>
   <div class='ocr_carea' id='block_1_103' title="bbox 1925 4051 3502 4125">
    <p class='ocr_par' dir='ltr' id='par_1_103' title="bbox 1925 4051 3502 4125">
     <span class='ocr_line' id='line_1_103' title="bbox 1925 4051 3502 4125; baseline -0.003 -14"><span class='ocrx_word' id='word_1_686' title='bbox 1925 4056 2087 4111; x_wconf 82' lang='lat' dir='ltr'><strong>rebus</strong></span> <span class='ocrx_word' id='word_1_687' title='bbox 2110 4052 2514 4125; x_wconf 88' lang='lat' dir='ltr'><strong>perscrutandis</strong></span> <span class='ocrx_word' id='word_1_688' title='bbox 2542 4066 2762 4122; x_wconf 86' lang='lat' dir='ltr'><strong>operam</strong></span> <span class='ocrx_word' id='word_1_689' title='bbox 2792 4051 3080 4106; x_wconf 77' lang='lat' dir='ltr'><strong>maximam</strong></span> <span class='ocrx_word' id='word_1_690' title='bbox 3107 4051 3502 4121; x_wconf 88' lang='lat' dir='ltr'><strong>impenderunt,</strong></span> 
     </span>
    </p>
   </div>
   <div class='ocr_carea' id='block_1_104' title="bbox 1926 4142 3503 4217">
    <p class='ocr_par' dir='ltr' id='par_1_104' title="bbox 1926 4142 3503 4217">
     <span class='ocr_line' id='line_1_104' title="bbox 1926 4142 3503 4217; baseline 0 -16"><span class='ocrx_word' id='word_1_691' title='bbox 1926 4146 2192 4215; x_wconf 80' lang='lat' dir='ltr'><strong>finemque</strong></span> <span class='ocrx_word' id='word_1_692' title='bbox 2214 4143 2415 4197; x_wconf 90' lang='lat' dir='ltr'><strong>bonum</strong></span> <span class='ocrx_word' id='word_1_693' title='bbox 2447 4142 2563 4217; x_wconf 80' lang='lat' dir='ltr'><strong>fieri</strong></span> <span class='ocrx_word' id='word_1_694' title='bbox 2593 4157 2700 4197; x_wconf 92' lang='lat' dir='ltr'><strong>non</strong></span> <span class='ocrx_word' id='word_1_695' title='bbox 2726 4156 2910 4211; x_wconf 89' lang='lat' dir='ltr'><strong>posse,</strong></span> <span class='ocrx_word' id='word_1_696' title='bbox 2944 4143 3047 4197; x_wconf 92' lang='lat' dir='ltr'><strong>nisi</strong></span> <span class='ocrx_word' id='word_1_697' title='bbox 3088 4144 3223 4199; x_wconf 88' lang='lat' dir='ltr'><strong>bene</strong></span> <span class='ocrx_word' id='word_1_698' title='bbox 3249 4143 3503 4210; x_wconf 89' lang='lat' dir='ltr'><strong>vivendo,</strong></span> 
     </span>
    </p>
   </div>
   <div class='ocr_carea' id='block_1_105' title="bbox 1925 4233 3504 4305">
    <p class='ocr_par' dir='ltr' id='par_1_105' title="bbox 1925 4233 3504 4305">
     <span class='ocr_line' id='line_1_105' title="bbox 1925 4233 3504 4305; baseline -0.002 -12"><span class='ocrx_word' id='word_1_699' title='bbox 1925 4238 2124 4293; x_wconf 88' lang='lat' dir='ltr'><strong>docuit.</strong></span> <span class='ocrx_word' id='word_1_700' title='bbox 2155 4235 2383 4293; x_wconf 87' lang='lat' dir='ltr'><strong>Nolebat</strong></span> <span class='ocrx_word' id='word_1_701' title='bbox 2403 4235 2586 4305; x_wconf 88' lang='lat' dir='ltr'><strong>itaque</strong></span> <span class='ocrx_word' id='word_1_702' title='bbox 2610 4233 2915 4289; x_wconf 91' lang='lat' dir='ltr'><strong>immundos</strong></span> <span class='ocrx_word' id='word_1_703' title='bbox 2937 4234 3166 4289; x_wconf 88' lang='lat' dir='ltr'><strong>terrenis</strong></span> <span class='ocrx_word' id='word_1_704' title='bbox 3190 4234 3470 4305; x_wconf 87' lang='lat' dir='ltr'><strong>cupiditati</strong></span> <span class='ocrx_word' id='word_1_705' title='bbox 3485 4264 3504 4275; x_wconf 91' lang='lat'><em>-</em></span> 
     </span>
    </p>
   </div>
   <div class='ocr_carea' id='block_1_106' title="bbox 1924 4322 3507 4394">
    <p class='ocr_par' dir='ltr' id='par_1_106' title="bbox 1924 4322 3507 4394">
     <span class='ocr_line' id='line_1_106' title="bbox 1924 4322 3507 4394; baseline 0 -14"><span class='ocrx_word' id='word_1_706' title='bbox 1924 4325 2026 4381; x_wconf 86' lang='lat' dir='ltr'><strong>bus</strong></span> <span class='ocrx_word' id='word_1_707' title='bbox 2073 4325 2283 4380; x_wconf 88' lang='lat' dir='ltr'><strong>animos</strong></span> <span class='ocrx_word' id='word_1_708' title='bbox 2329 4323 2623 4379; x_wconf 77' lang='lat' dir='ltr'><strong>extendere</strong></span> <span class='ocrx_word' id='word_1_709' title='bbox 2661 4322 2716 4377; x_wconf 91' lang='lat' dir='ltr'><strong>in</strong></span> <span class='ocrx_word' id='word_1_710' title='bbox 2743 4322 2923 4377; x_wconf 86' lang='lat' dir='ltr'><strong>divina</strong></span> <span class='ocrx_word' id='word_1_711' title='bbox 2952 4332 3007 4379; x_wconf 91' lang='lat' dir='ltr'><strong>et</strong></span> <span class='ocrx_word' id='word_1_712' title='bbox 3041 4323 3229 4379; x_wconf 85' lang='lat' dir='ltr'><strong>conari</strong></span> <span class='ocrx_word' id='word_1_713' title='bbox 3263 4324 3507 4394; x_wconf 84' lang='lat' dir='ltr'><strong>quando-</strong></span> 
     </span>
    </p>
   </div>
   <div class='ocr_carea' id='block_1_107' title="bbox 1856 4399 3506 4486">
    <p class='ocr_par' dir='ltr' id='par_1_107' title="bbox 1856 4399 3506 4486">
     <span class='ocr_line' id='line_1_107' title="bbox 1856 4399 3506 4486; baseline -0.001 -17"><span class='ocrx_word' id='word_1_714' title='bbox 1856 4399 1905 4459; x_wconf 81' lang='grc' dir='ltr'><strong>Ι)</strong></span> <span class='ocrx_word' id='word_1_715' title='bbox 1930 4414 2146 4486; x_wconf 86' lang='lat' dir='ltr'><strong>quidem</strong></span> <span class='ocrx_word' id='word_1_716' title='bbox 2194 4414 2261 4469; x_wconf 77' lang='lat' dir='ltr'><strong>ab</strong></span> <span class='ocrx_word' id='word_1_717' title='bbox 2287 4412 2367 4468; x_wconf 88' lang='lat' dir='ltr'><strong>eis</strong></span> <span class='ocrx_word' id='word_1_718' title='bbox 2394 4427 2585 4469; x_wconf 87' lang='lat' dir='ltr'><strong>causas</strong></span> <span class='ocrx_word' id='word_1_719' title='bbox 2620 4427 2804 4468; x_wconf 89' lang='lat' dir='ltr'><strong>rerum</strong></span> <span class='ocrx_word' id='word_1_720' title='bbox 2846 4411 3065 4467; x_wconf 87' lang='lat' dir='ltr'><strong>videbat</strong></span> <span class='ocrx_word' id='word_1_721' title='bbox 3108 4411 3329 4483; x_wconf 83' lang='lat' dir='ltr'><strong>inquiri,</strong></span> <span class='ocrx_word' id='word_1_722' title='bbox 3369 4427 3506 4484; x_wconf 89' lang='lat' dir='ltr'><strong>quas</strong></span> 
     </span>
    </p>
   </div>
   <div class='ocr_carea' id='block_1_108' title="bbox 1926 4505 3504 4577">
    <p class='ocr_par' dir='ltr' id='par_1_108' title="bbox 1926 4505 3504 4577">
     <span class='ocr_line' id='line_1_108' title="bbox 1926 4505 3504 4577; baseline -0.001 -17"><span class='ocrx_word' id='word_1_723' title='bbox 1926 4506 2133 4577; x_wconf 90' lang='lat' dir='ltr'><strong>primas</strong></span> <span class='ocrx_word' id='word_1_724' title='bbox 2182 4514 2343 4575; x_wconf 82' lang='lat' dir='ltr'><strong>atque</strong></span> <span class='ocrx_word' id='word_1_725' title='bbox 2371 4519 2612 4561; x_wconf 86' lang='lat' dir='ltr'><strong>summas</strong></span> <span class='ocrx_word' id='word_1_726' title='bbox 2642 4521 2750 4561; x_wconf 86' lang='lat' dir='ltr'><strong>non</strong></span> <span class='ocrx_word' id='word_1_727' title='bbox 2787 4507 2891 4562; x_wconf 91' lang='lat' dir='ltr'><strong>nisi</strong></span> <span class='ocrx_word' id='word_1_728' title='bbox 2934 4506 2989 4560; x_wconf 93' lang='lat' dir='ltr'><strong>in</strong></span> <span class='ocrx_word' id='word_1_729' title='bbox 3019 4506 3180 4561; x_wconf 90' lang='lat' dir='ltr'><strong>unius</strong></span> <span class='ocrx_word' id='word_1_730' title='bbox 3212 4520 3277 4562; x_wconf 87' lang='lat' dir='ltr'><strong>ac</strong></span> <span class='ocrx_word' id='word_1_731' title='bbox 3305 4505 3504 4561; x_wconf 90' lang='lat' dir='ltr'><strong>summi</strong></span> 
     </span>
    </p>
   </div>
   <div class='ocr_carea' id='block_1_109' title="bbox 1929 4594 3505 4669">
    <p class='ocr_par' dir='ltr' id='par_1_109' title="bbox 1929 4594 3505 4669">
     <span class='ocr_line' id='line_1_109' title="bbox 1929 4594 3505 4669; baseline 0.003 -15"><span class='ocrx_word' id='word_1_732' title='bbox 1929 4594 2025 4654; x_wconf 85' lang='lat' dir='ltr'><strong>Dei</strong></span> <span class='ocrx_word' id='word_1_733' title='bbox 2050 4597 2323 4653; x_wconf 71' lang='lat' dir='ltr'><strong>voluntate</strong></span> <span class='ocrx_word' id='word_1_734' title='bbox 2351 4612 2474 4653; x_wconf 90' lang='lat' dir='ltr'><strong>esse</strong></span> <span class='ocrx_word' id='word_1_735' title='bbox 2500 4597 2772 4654; x_wconf 85' lang='lat' dir='ltr'><strong>credebat.</strong></span> <span class='ocrx_word' id='word_1_736' title='bbox 2802 4597 2956 4655; x_wconf 82' lang='lat' dir='ltr'><strong>Unde</strong></span> <span class='ocrx_word' id='word_1_737' title='bbox 2983 4614 3089 4653; x_wconf 92' lang='lat' dir='ltr'><strong>non</strong></span> <span class='ocrx_word' id='word_1_738' title='bbox 3113 4612 3208 4654; x_wconf 90' lang='lat' dir='ltr'><strong>eas</strong></span> <span class='ocrx_word' id='word_1_739' title='bbox 3258 4598 3505 4669; x_wconf 85' lang='lat' dir='ltr'><strong>putabat.</strong></span> 
     </span>
    </p>
   </div>
   <div class='ocr_carea' id='block_1_110' title="bbox 1930 4688 3506 4759">
    <p class='ocr_par' dir='ltr' id='par_1_110' title="bbox 1930 4688 3506 4759">
     <span class='ocr_line' id='line_1_110' title="bbox 1930 4688 3506 4759; baseline 0 -16"><span class='ocrx_word' id='word_1_740' title='bbox 1930 4690 2032 4744; x_wconf 91' lang='lat' dir='ltr'><strong>nisi</strong></span> <span class='ocrx_word' id='word_1_741' title='bbox 2061 4689 2257 4743; x_wconf 88' lang='lat' dir='ltr'><strong>munda</strong></span> <span class='ocrx_word' id='word_1_742' title='bbox 2299 4700 2481 4744; x_wconf 91' lang='lat' dir='ltr'><strong>mente</strong></span> <span class='ocrx_word' id='word_1_743' title='bbox 2507 4703 2666 4759; x_wconf 90' lang='lat' dir='ltr'><strong>posse</strong></span> <span class='ocrx_word' id='word_1_744' title='bbox 2686 4688 3091 4758; x_wconf 86' lang='lat' dir='ltr'><strong>comprehendi,</strong></span> <span class='ocrx_word' id='word_1_745' title='bbox 3124 4698 3180 4745; x_wconf 90' lang='lat' dir='ltr'><strong>et</strong></span> <span class='ocrx_word' id='word_1_746' title='bbox 3206 4689 3328 4744; x_wconf 86' lang='lat' dir='ltr'><strong>ideo</strong></span> <span class='ocrx_word' id='word_1_747' title='bbox 3373 4704 3506 4759; x_wconf 91' lang='lat' dir='ltr'><strong>pur-</strong></span> 
     </span>
    </p>
   </div>
   <div class='ocr_carea' id='block_1_111' title="bbox 1930 4780 3507 4851">
    <p class='ocr_par' dir='ltr' id='par_1_111' title="bbox 1930 4780 3507 4851">
     <span class='ocr_line' id='line_1_111' title="bbox 1930 4780 3507 4851; baseline 0 -16"><span class='ocrx_word' id='word_1_748' title='bbox 1930 4782 2117 4851; x_wconf 81' lang='lat' dir='ltr'><strong>gandae</strong></span> <span class='ocrx_word' id='word_1_749' title='bbox 2144 4780 2300 4836; x_wconf 90' lang='lat' dir='ltr'><strong>bonis</strong></span> <span class='ocrx_word' id='word_1_750' title='bbox 2328 4780 2568 4836; x_wconf 90' lang='lat' dir='ltr'><strong>moribus</strong></span> <span class='ocrx_word' id='word_1_751' title='bbox 2600 4781 2724 4836; x_wconf 83' lang='lat' dir='ltr'><strong>vitae</strong></span> <span class='ocrx_word' id='word_1_752' title='bbox 2765 4781 3020 4836; x_wconf 88' lang='lat' dir='ltr'><strong>censebat</strong></span> <span class='ocrx_word' id='word_1_753' title='bbox 3068 4780 3400 4846; x_wconf 89' lang='lat' dir='ltr'><strong>instandum,</strong></span> <span class='ocrx_word' id='word_1_754' title='bbox 3449 4790 3507 4835; x_wconf 91' lang='lat' dir='ltr'><strong>ut</strong></span> 
     </span>
    </p>
   </div>
   <div class='ocr_carea' id='block_1_112' title="bbox 1927 4872 3506 4944">
    <p class='ocr_par' dir='ltr' id='par_1_112' title="bbox 1927 4872 3506 4944">
     <span class='ocr_line' id='line_1_112' title="bbox 1927 4872 3506 4944; baseline -0.004 -14"><span class='ocrx_word' id='word_1_755' title='bbox 1927 4873 2352 4944; x_wconf 90' lang='lat' dir='ltr'><strong>deprimentibus</strong></span> <span class='ocrx_word' id='word_1_756' title='bbox 2374 4872 2685 4927; x_wconf 90' lang='lat' dir='ltr'><strong>libidinibus</strong></span> <span class='ocrx_word' id='word_1_757' title='bbox 2709 4879 3038 4926; x_wconf 83' lang='lat' dir='ltr'><strong>exoneratus</strong></span> <span class='ocrx_word' id='word_1_758' title='bbox 3080 4872 3316 4936; x_wconf 87' lang='lat' dir='ltr'><strong>animus,</strong></span> <span class='ocrx_word' id='word_1_759' title='bbox 3343 4879 3506 4924; x_wconf 89' lang='lat' dir='ltr'><strong>natu-</strong></span> 
     </span>
    </p>
   </div>
   <div class='ocr_carea' id='block_1_113' title="bbox 1929 4960 3505 5038">
    <p class='ocr_par' dir='ltr' id='par_1_113' title="bbox 1929 4960 3505 5038">
     <span class='ocr_line' id='line_1_113' title="bbox 1929 4960 3505 5038; baseline -0.006 -15"><span class='ocrx_word' id='word_1_760' title='bbox 1929 4966 2029 5023; x_wconf 84' lang='lat' dir='ltr'><strong>rali</strong></span> <span class='ocrx_word' id='word_1_761' title='bbox 2063 4967 2242 5038; x_wconf 87' lang='lat' dir='ltr'><strong>vigore</strong></span> <span class='ocrx_word' id='word_1_762' title='bbox 2269 4965 2324 5019; x_wconf 92' lang='lat' dir='ltr'><strong>in</strong></span> <span class='ocrx_word' id='word_1_763' title='bbox 2353 4972 2554 5019; x_wconf 83' lang='lat' dir='ltr'><strong>aeterna</strong></span> <span class='ocrx_word' id='word_1_764' title='bbox 2576 4976 2635 5017; x_wconf 91' lang='lat' dir='ltr'><strong>se</strong></span> <span class='ocrx_word' id='word_1_765' title='bbox 2669 4960 2938 5017; x_wconf 88' lang='lat' dir='ltr'><strong>attolleret</strong></span> <span class='ocrx_word' id='word_1_766' title='bbox 2973 4979 2985 5015; x_wconf 89' lang='lat'><strong>:</strong></span> <span class='ocrx_word' id='word_1_767' title='bbox 3024 4969 3383 5030; x_wconf 88' lang='lat' dir='ltr'><strong>naturamque</strong></span> <span class='ocrx_word' id='word_1_768' title='bbox 3423 4960 3505 5013; x_wconf 90' lang='lat' dir='ltr'><strong>in-</strong></span> 
     </span>
    </p>
   </div>
   <div class='ocr_carea' id='block_1_114' title="bbox 1929 5047 3507 5126">
    <p class='ocr_par' dir='ltr' id='par_1_114' title="bbox 1929 5047 3507 5126">
     <span class='ocr_line' id='line_1_114' title="bbox 1929 5047 3507 5126; baseline -0.006 -14"><span class='ocrx_word' id='word_1_769' title='bbox 1929 5056 2173 5126; x_wconf 88' lang='lat' dir='ltr'><strong>corporei</strong></span> <span class='ocrx_word' id='word_1_770' title='bbox 2216 5063 2272 5109; x_wconf 90' lang='lat' dir='ltr'><strong>et</strong></span> <span class='ocrx_word' id='word_1_771' title='bbox 2316 5047 2770 5107; x_wconf 89' lang='lat' dir='ltr'><strong>incommutabilis</strong></span> <span class='ocrx_word' id='word_1_772' title='bbox 2808 5048 3027 5104; x_wconf 91' lang='lat' dir='ltr'><strong>luminis</strong></span> <span class='ocrx_word' id='word_1_773' title='bbox 3060 5048 3149 5103; x_wconf 91' lang='lat' dir='ltr'><strong>ubi</strong></span> <span class='ocrx_word' id='word_1_774' title='bbox 3181 5063 3359 5103; x_wconf 75' lang='lat' dir='ltr'><strong>causze</strong></span> <span class='ocrx_word' id='word_1_775' title='bbox 3389 5062 3507 5102; x_wconf 88' lang='lat' dir='ltr'><strong>om-</strong></span> 
     </span>
    </p>
   </div>
   <div class='ocr_carea' id='block_1_115' title="bbox 1929 5135 3506 5205">
    <p class='ocr_par' dir='ltr' id='par_1_115' title="bbox 1929 5135 3506 5205">
     <span class='ocr_line' id='line_1_115' title="bbox 1929 5135 3506 5205; baseline -0.008 -4"><span class='ocrx_word' id='word_1_776' title='bbox 1929 5147 2075 5201; x_wconf 90' lang='lat' dir='ltr'><strong>nium</strong></span> <span class='ocrx_word' id='word_1_777' title='bbox 2105 5144 2368 5199; x_wconf 83' lang='lat' dir='ltr'><strong>factarum</strong></span> <span class='ocrx_word' id='word_1_778' title='bbox 2408 5149 2723 5196; x_wconf 89' lang='lat' dir='ltr'><strong>naturarum</strong></span> <span class='ocrx_word' id='word_1_779' title='bbox 2761 5139 3025 5195; x_wconf 88' lang='lat' dir='ltr'><strong>stabiliter</strong></span> <span class='ocrx_word' id='word_1_780' title='bbox 3059 5139 3270 5205; x_wconf 88' lang='lat' dir='ltr'><strong>vivunt,</strong></span> <span class='ocrx_word' id='word_1_781' title='bbox 3305 5135 3506 5190; x_wconf 86' lang='lat' dir='ltr'><strong>intelli-</strong></span> 
     </span>
    </p>
   </div>
   <div class='ocr_carea' id='block_1_116' title="bbox 1931 5231 3503 5311">
    <p class='ocr_par' dir='ltr' id='par_1_116' title="bbox 1931 5231 3503 5311">
     <span class='ocr_line' id='line_1_116' title="bbox 1931 5231 3503 5311; baseline -0.005 -19"><span class='ocrx_word' id='word_1_782' title='bbox 1931 5237 2121 5311; x_wconf 70' lang='lat' dir='ltr'><strong>gentia:</strong></span> <span class='ocrx_word' id='word_1_783' title='bbox 2177 5236 2412 5306; x_wconf 85' lang='lat' dir='ltr'><strong>puritate</strong></span> <span class='ocrx_word' id='word_1_784' title='bbox 2468 5233 2822 5302; x_wconf 88' lang='lat' dir='ltr'><strong>conspiceret.</strong></span> <span class='ocrx_word' id='word_1_785' title='bbox 2880 5231 3257 5303; x_wconf 90' lang='lat' dir='ltr'><strong>Imperitorum</strong></span> <span class='ocrx_word' id='word_1_786' title='bbox 3323 5239 3503 5286; x_wconf 89' lang='lat' dir='ltr'><strong>tamen</strong></span> 
     </span>
    </p>
   </div>
   <div class='ocr_carea' id='block_1_117' title="bbox 1931 5322 3509 5391">
    <p class='ocr_par' dir='ltr' id='par_1_117' title="bbox 1931 5322 3509 5391">
     <span class='ocr_line' id='line_1_117' title="bbox 1931 5322 3509 5391; baseline -0.007 -5"><span class='ocrx_word' id='word_1_787' title='bbox 1931 5330 2129 5387; x_wconf 84' lang='lat' dir='ltr'><strong>invidia</strong></span> <span class='ocrx_word' id='word_1_788' title='bbox 2157 5326 2409 5384; x_wconf 78' lang='lat' dir='ltr'><strong>excitatis</strong></span> <span class='ocrx_word' id='word_1_789' title='bbox 2428 5325 2868 5391; x_wconf 88' lang='lat' dir='ltr'><strong>Atheniensibus,</strong></span> <span class='ocrx_word' id='word_1_790' title='bbox 2900 5324 3233 5380; x_wconf 77' lang='lat' dir='ltr'><strong>calumniosa</strong></span> <span class='ocrx_word' id='word_1_791' title='bbox 3255 5322 3509 5378; x_wconf 89' lang='lat' dir='ltr'><strong>crimina-</strong></span> 
     </span>
    </p>
   </div>
   <div class='ocr_carea' id='block_1_118' title="bbox 1933 5415 3041 5484">
    <p class='ocr_par' dir='ltr' id='par_1_118' title="bbox 1933 5415 3041 5484">
     <span class='ocr_line' id='line_1_118' title="bbox 1933 5415 3041 5484; baseline -0.01 -6"><span class='ocrx_word' id='word_1_792' title='bbox 1933 5424 2077 5478; x_wconf 90' lang='lat' dir='ltr'><strong>tione</strong></span> <span class='ocrx_word' id='word_1_793' title='bbox 2096 5421 2403 5484; x_wconf 87' lang='lat' dir='ltr'><strong>damnatus,</strong></span> <span class='ocrx_word' id='word_1_794' title='bbox 2421 5425 2596 5472; x_wconf 88' lang='lat' dir='ltr'><strong>morte</strong></span> <span class='ocrx_word' id='word_1_795' title='bbox 2622 5415 2911 5472; x_wconf 87' lang='lat' dir='ltr'><strong>mulctatus</strong></span> <span class='ocrx_word' id='word_1_796' title='bbox 2939 5423 3041 5471; x_wconf 91' lang='lat' dir='ltr'><strong>est.</strong></span> 
     </span>
    </p>
   </div>
   <div class='ocr_carea' id='block_1_119' title="bbox 2003 5504 3499 5581">
    <p class='ocr_par' dir='ltr' id='par_1_119' title="bbox 2003 5504 3499 5581">
     <span class='ocr_line' id='line_1_119' title="bbox 2003 5504 3499 5581; baseline -0.009 -12"><span class='ocrx_word' id='word_1_797' title='bbox 2003 5514 2108 5569; x_wconf 88' lang='lat' dir='ltr'><strong>Sed</strong></span> <span class='ocrx_word' id='word_1_798' title='bbox 2135 5526 2256 5568; x_wconf 89' lang='lat' dir='ltr'><strong>eum</strong></span> <span class='ocrx_word' id='word_1_799' title='bbox 2279 5518 2464 5581; x_wconf 87' lang='lat' dir='ltr'><strong>postea</strong></span> <span class='ocrx_word' id='word_1_800' title='bbox 2494 5508 2582 5564; x_wconf 92' lang='lat' dir='ltr'><strong>illa</strong></span> <span class='ocrx_word' id='word_1_801' title='bbox 2605 5510 2736 5578; x_wconf 88' lang='lat' dir='ltr'><strong>ipsa,</strong></span> <span class='ocrx_word' id='word_1_802' title='bbox 2766 5525 2885 5578; x_wconf 67' lang='lat' dir='ltr'><strong>qua:</strong></span> <span class='ocrx_word' id='word_1_803' title='bbox 2906 5507 3115 5578; x_wconf 90' lang='lat' dir='ltr'><strong>publice</strong></span> <span class='ocrx_word' id='word_1_804' title='bbox 3130 5504 3499 5567; x_wconf 85' lang='lat' dir='ltr'><strong>damnaverat,</strong></span> 
     </span>
    </p>
   </div>
  </div>
