3964 6172
460 191 594 245 ΙὈΟἹ

453 303 866 358 Atheniensium
917 295 1110 354 civitas
1153 297 1365 368 publice
1411 295 1561 349 luxit.
1621 295 1678 348 In
1737 295 1871 348 duos
1920 291 2036 361 ejus
2064 301 2113 356 Α

457 402 805 448 accusatores
835 403 1004 458 usque
1032 389 1169 443 adeo
1195 387 1373 457 populi
1425 386 1721 455 indignatio
1771 400 2033 438 conversa

457 494 560 547 est,
591 492 648 537 ut
678 497 816 536 unus
841 495 1027 535 eorum
1051 493 1340 547 oppressus
1383 476 1433 528 vi
1474 475 1828 529 multitudinis
1851 474 2037 527 interi-

461 584 565 636 ret,
612 569 805 625 exsilio
833 577 1012 622 autem
1038 566 1340 621 voluntario
1359 573 1521 632 atque
1543 571 1800 633 perpetuo
1821 576 2036 631 ptenam

460 661 688 718 similem
740 659 876 712 alter
933 658 1202 710 evaderet.
1236 653 1652 723 Tamprzcclara
1701 652 1864 720 igitur
1914 652 2038 704 vita:

461 753 760 820 mortisque
819 749 960 803 fama
1023 746 1276 802 Socrates
1330 745 1548 814 reliquit
1607 743 1865 813 plurimos
1927 758 2039 798 sua:

459 841 812 913 philosophia:
861 846 1178 894 sectatores.
1219 835 1460 903 Quorum
1507 835 1756 888 certatim
1802 834 2036 888 studium

463 934 565 986 fuit
586 933 638 985 in
667 931 1022 1001 qumstionnm
1057 926 1339 982 moralium
1377 925 1767 994 disceptatione
1811 925 2038 989 versari,

465 1023 554 1077 ubi
584 1022 763 1090 agitur
781 1020 846 1074 de
868 1033 1078 1073 summo
1101 1018 1264 1078 bono,
1295 1015 1410 1069 sine
1438 1029 1544 1083 quo
1573 1013 1686 1066 lier'i
1718 1013 1877 1066 homo
1915 1013 2040 1065 bea-

463 1120 552 1168 tus
602 1127 708 1166 non
753 1117 948 1178 potest.
993 1106 1160 1176 igitur
1196 1105 1350 1158 Plato
1395 1105 1536 1157 inter
1564 1118 1753 1156 omnes
1799 1101 2043 1157 Socratis

465 1201 752 1272 discipulos
781 1199 949 1270 gloria
973 1208 1025 1253 et
1053 1196 1195 1250 fama
1246 1194 1569 1249 eminentior
1599 1193 1726 1256 fuit;
1790 1208 1888 1247 nec
1938 1193 2039 1246 im-

465 1298 675 1359 merito,
696 1312 820 1351 cum
851 1293 1260 1349 determinasset
1281 1288 1440 1342 finem
1462 1287 1585 1341 boni
1609 1302 1728 1340 esse
1747 1285 2040 1339 secundum

464 1391 720 1444 virtutem
743 1388 946 1450 vivere,
973 1394 1028 1440 et
1053 1384 1102 1437 ei
1125 1381 1468 1453 soligevenire
1493 1394 1650 1450 posse
1678 1379 1768 1448 qui
1795 1379 2043 1432 notitiam

466 1481 628 1534 unius
653 1479 746 1534 Dei
776 1479 972 1532 habeat
997 1483 1051 1529 et
1082 1474 1462 1536 imitationem,
1487 1485 1589 1525 nec
1626 1483 1744 1524 esse
1791 1469 1950 1523 aliam
1977 1470 2045 1523 ob

468 1583 688 1624 causam
726 1567 968 1621 beatum.
997 1563 1096 1630 Qui
1137 1563 1288 1616 Plato
1318 1575 1439 1615 cum
1477 1559 1617 1630 apud
1647 1574 1774 1614 suos
1821 1560 2046 1614 honesto

467 1667 629 1712 natus
663 1662 806 1710 csset
833 1653 951 1708 loco
976 1651 1226 1716 Athenis,
1260 1649 1581 1720 ingenioque
1631 1647 1862 1701 mirabili
1887 1647 2043 1718 longe
2071 1637 2116 1696 B

468 1761 597 1802 suos
627 1742 1020 1813 condiscipulos
1049 1737 1582 1804 anteiret,Socratica
1619 1751 1725 1789 non
1756 1742 2043 1789 contentus

470 1835 771 1906 disciplina,
797 1833 954 1904 longe
988 1831 1199 1899 lateque
1241 1827 1615 1897 peregrinatus
1640 1833 1752 1889 est;
1804 1838 2044 1894 quaqua-

468 1939 687 1981 versum
750 1923 976 1993 alicujus
1034 1920 1311 1975 nobilitate
1379 1917 1617 1972 scientiae
1689 1914 2047 1984 percipienda:

468 2029 594 2068 eum
649 2012 791 2066 fama
843 2011 1126 2082 rapiebat:
1172 2011 1354 2078 itaque
1405 2016 1458 2062 et
1490 2008 1542 2061 in
1589 2006 1822 2077 Egypto
1860 2005 2048 2061 didicit

469 2119 800 2176 quzecunque
848 2118 1040 2174 magna
1076 2101 1183 2156 illic
1229 2101 1567 2156 habebantur
1593 2109 1755 2168 atque
1780 2098 2047 2153 doceban-

471 2207 578 2260 tur,
617 2204 682 2271 et,
724 2195 846 2249 inde
875 2195 929 2249 in
959 2209 1051 2250 eas
1077 2203 1261 2264 partes
1287 2193 1452 2248 italia:
1480 2192 1704 2247 veniens
1735 2192 1824 2246 ubi
1852 2191 2051 2261 Pytha-

469 2302 613 2358 gora:
677 2283 816 2339 fama
868 2285 1264 2350 celebrabatur,
1297 2291 1352 2340 et
1399 2283 1658 2354 quidquid
1708 2282 1908 2337 Italicae
1948 2279 2053 2336 fuit

470 2378 821 2447 philosophia:
871 2376 1124 2432 facillime
1170 2376 1606 2446 comprehendit;
1636 2381 1691 2430 et
1717 2375 1842 2444 quia
1883 2373 2049 2444 magi-

470 2475 640 2518 strum
681 2464 959 2519 Socratem
990 2463 1334 2535 singulariter
1378 2463 1650 2534 diligebat,
1676 2478 1798 2517 eum
1835 2462 2050 2531 loquen-

471 2563 579 2608 tein
612 2553 815 2609 faciens
845 2555 957 2609 fere
988 2557 1041 2609 in
1075 2554 1327 2610 omnibus
1359 2554 1697 2609 sermonibus
1723 2553 1854 2618 suis,
1883 2553 2051 2606 etiam

472 2644 561 2698 illa
605 2661 726 2716 qua:
773 2644 859 2700 vel
899 2647 967 2700 ab
1006 2645 1126 2699 aliis
1171 2645 1454 2710 didicerat,
1481 2641 1566 2697 vel
1593 2643 1706 2712 ipse
1733 2649 1932 2711 quanta
1955 2656 2043 2711 po-

471 2744 652 2791 tuerat
680 2735 1037 2807 intelligentia
1063 2735 1294 2800 viderat,
1320 2749 1443 2788 cum
1472 2731 1612 2788 illius
1643 2731 1825 2802 lepore
1847 2739 1901 2786 et
1937 2745 2052 2786 mo-

472 2825 676 2881 ralibus
705 2823 1152 2895 disputationibus
1174 2823 1510 2893 temperavit.

544 2916 727 2985 Itaque
753 2929 876 2969 cum
913 2913 1146 2969 studium
1184 2912 1462 2982 sapientia:
1501 2911 1555 2965 in
1581 2911 1794 2966 actione
1840 2917 1895 2966 et
1921 2924 2048 2965 con-

471 3007 817 3076 temptatione
865 3015 1141 3070 versetur,
1172 3004 1313 3059 unde
1357 3019 1464 3059 una
1509 3017 1636 3074 pars
1681 3002 1798 3073 ejus
1850 3001 2047 3065 activa,
2076 2978 2120 3040 Ο

473 3095 646 3147 altera
677 3094 1090 3162 contemplativa
1133 3094 1236 3148 dici
1273 3101 1452 3162 potest
1477 3111 1490 3146 :
1523 3107 1753 3162 quarum
1781 3091 1954 3146 activa
1985 3091 2053 3146 ad

473 3183 732 3253 agendam
761 3182 951 3246 vitam,
977 3183 1029 3236 id
1052 3191 1159 3247 est,
1182 3181 1248 3236 ad
1276 3195 1456 3236 mores
1484 3181 1849 3246 instruendos,
1887 3181 2054 3251 perti-

473 3282 596 3336 net;
637 3273 1056 3343 contemplativa
1086 3281 1265 3326 autem
1313 3273 1380 3327 ad
1408 3270 1818 3341 conspiciendas
1844 3278 2052 3325 natura:

474 3380 668 3420 causas
723 3374 778 3420 et
842 3363 1263 3420 sincerissimam
1317 3361 1636 3427 veritatem,
1684 3358 1940 3415 Socrates
1996 3360 2050 3414 in

475 3457 650 3511 activa
678 3455 993 3512 excelluisse
1020 3465 1384 3510 memoratur:
1414 3452 1747 3525 Pythagoras
1783 3465 1912 3506 vero
1940 3434 2062 3504 ma:

474 3549 557 3619 gis
585 3546 1036 3618 contemplativze,
1064 3545 1263 3617 quibus
1291 3543 1485 3615 potuit,
1517 3542 1886 3614 intelligentiae
1921 3542 2053 3596 viri-

473 3639 575 3694 bus
605 3637 888 3693 institisse.

544 3729 778 3783 Proinde
823 3728 974 3783 Plato
1014 3737 1302 3798 utrumque
1323 3722 1619 3797 iungendo,
1653 3723 2050 3794 philosophiam

473 3817 768 3888 perfecisse
788 3817 1058 3885 laudatur,
1094 3833 1254 3888 quam
1285 3818 1340 3872 in
1369 3825 1481 3873 tres
1528 3823 1710 3886 partes
1755 3815 2048 3882 distribuit,

479 3926 641 3964 unam
688 3909 965 3974 moralem,
994 3924 1114 3981 quae
1165 3908 1400 3963 maxime
1430 3906 1486 3962 in
1515 3907 1726 3961 actione
1770 3913 2047 3971 versatur;

475 4002 699 4056 alteram
728 4000 1049 4068 naturalem,
1074 4015 1193 4069 quae
1215 3997 1650 4068 contemplationi
1671 3997 1921 4067 deputata
1934 4008 2046 4063 est;

475 4093 690 4147 tertiam
719 4091 1057 4156 rationalem,
1088 4105 1207 4160 qua:
1231 4105 1420 4144 verum
1453 4089 1794 4146 disterminat
1832 4104 1861 4142 a
1892 4088 2045 4141 falso.

474 4184 605 4252 Quce
633 4183 757 4237 licet
785 4183 1018 4252 utrique,
1049 4181 1102 4236 id
1133 4188 1236 4247 est,
1269 4179 1465 4235 actioni
1494 4188 1550 4234 et
1586 4177 2045 4247 contemplationi,

472 4277 545 4332 sit
573 4275 894 4338 necessaria,
923 4275 1158 4330 maxime
1209 4284 1388 4329 tamen
1422 4271 1802 4341 contemplatio
1830 4284 2048 4340 perspe-
2072 4321 2124 4380 D

473 4369 706 4423 ctionem
747 4367 983 4421 vindicat
1014 4367 1279 4422 veritatis.
1308 4367 1431 4419 ideo
1459 4367 1576 4419 haec
1605 4363 1898 4433 tripartitio
1935 4377 2039 4417 non

473 4467 555 4511 est
580 4456 851 4512 contraria
880 4455 956 4509 illi
988 4456 1318 4510 distinctioni
1363 4470 1470 4524 qua
1520 4446 1835 4523 intelligitur
1883 4467 2042 4508 omne

473 4545 710 4599 studium
739 4545 1014 4614 sapientia:
1042 4544 1095 4597 in
1127 4545 1335 4600 actione
1356 4554 1411 4598 et
1438 4543 1885 4612 contemplatione
1914 4558 2044 4598 con-

472 4645 698 4701 srstere;
746 4645 801 4689 et
847 4634 1204 4697 Athenienses
1249 4635 1437 4704 viginti
1459 4643 1690 4704 quatuor
1738 4634 1930 4688 litteris
1964 4633 2042 4688 uti

474 4737 771 4798 cceperunt,
803 4741 927 4784 cum
979 4732 1102 4779 ante
1127 4725 1314 4795 viginti
1349 4725 1482 4779 duas
1507 4730 1720 4778 tantum
1755 4721 2036 4778 haberent.

473 4818 769 4887 Xenophon
799 4825 854 4874 et
882 4816 1096 4872 Thisias
1146 4815 1280 4872 clari
1310 4815 1594 4870 habentur.
1644 4813 1909 4882 Diogenes
1953 4827 2044 4867 co-

473 4911 770 4984 gnoscitur,
825 4909 1078 4965 Eudoxus
1130 4907 1448 4978 astrologus,
1507 4905 1658 4960 Plato
1716 4919 1928 4974 quoque
1989 4911 2044 4959 et

475 5001 793 5071 Xenophon,
829 5015 930 5055 nec
976 5013 1084 5055 non
1112 5008 1168 5054 et
1214 4996 1305 5052 alii
1344 4994 1608 5050 Socratici
1658 4993 1892 5064 insignes
1940 4994 2040 5047 ha-

471 5095 687 5148 bentur.
734 5089 1010 5160 Evagoras
1058 5103 1180 5144 cum
1230 5093 1480 5158 regnaret
1502 5085 1682 5156 Cypri,
1717 5085 1768 5138 in
1800 5083 2039 5137 furorem

469 5197 662 5238 versus
716 5189 818 5238 est.
867 5178 1032 5234 Facto
1086 5180 1248 5233 etiam
1290 5187 1598 5231 terraemotn
1649 5189 1842 5244 magno
1895 5172 2042 5226 Elica

471 5281 528 5327 et
553 5271 715 5338 Bura,
746 5267 1192 5340 Peloponensinm
1212 5265 1398 5332 urbes,
1429 5264 1693 5334 absorpta:
1716 5271 1860 5317 sunt.
1891 5261 2041 5315 Tunc

470 5362 635 5416 etiam
683 5360 785 5417 fuit
837 5356 1344 5431 Carthaginensium
1390 5355 1589 5410 bellum
1644 5353 1770 5408 illud
1796 5351 2040 5406 famosis-

474 5455 690 5508 simum.

1485 182 1874 238 FRECUIJ’HI
1919 181 2373 238 LEXOV‘IENSiS
2413 179 2714 238 EPISCOPI

3580 169 3736 233 {008

2737 288 2964 344 CAPUT
3005 288 3118 344 XV.

2141 427 2406 497 Regname
2434 429 2739 497 .‘lrtaxerxe,
2765 424 2860 497 qui
2885 432 2932 476 et
2972 419 3147 497 0chu_s
3168 421 3452 497 dicebatur,
3478 421 3741 477 Joannes

2211 491 2456 552 intumus
2472 496 2715 549 sacerdos
2752 491 3062 545 Judrrorum
3093 491 3278 544 Iesum
3311 491 3524 559 fratrem
3562 510 3740 544 suum

2205 569 2258 620 in
2281 566 2468 632 templo
2491 563 2766 632 interfecit.
2793 560 2900 614 Pro
2919 576 3018 631 quo
3042 560 3230 615 scelere
3255 559 3416 614 multa
3438 563 3579 631 passi
3596 576 3742 616 sunt

2211 635 2392 690 Judwi
2418 636 2618 704 gravia.

2207 771 2559 833 Artaxerxes,
2589 768 2678 837 qui
2704 775 2758 821 et
2780 765 2981 828 Ochus,
3024 765 3181 818 annis
3205 765 3391 834 viginti
3420 779 3508 818 sex
3558 766 3749 834 impe-

2138 864 2296 918 ravit.
2333 862 2374 914 A
2424 860 2841 917 rcmdificatione
2870 872 3000 913 vero
3044 857 3264 924 templi,
3296 871 3466 910 annus
3494 859 3752 911 centesi-

2139 969 2260 1007 mus
2296 951 2740 1020 quadragesimus
2768 949 2988 1018 quintus
3029 956 3167 1001 erat.
3208 945 3550 1000 Macedonum
3589 963 3752 1001 vero

2140 1057 2313 1113 reges,
2341 1041 2660 1104 Alexander,
2680 1039 3005 1102 Ptolomens,
3033 1038 3277 1101 Perdica,
3302 1037 3594 1107 Philippus,
3625 1041 3753 1093 sibi

2143 1134 2372 1188 invicem
2417 1148 2515 1202 per
2572 1130 2851 1185 intervalla
2903 1129 3256 1183 succedentes
3281 1129 3477 1182 brevia.
3510 1129 3753 1184 ,Μάξιμο-

2143 1239 2262 1276 rum
2289 1238 2418 1276 vero
2451 1222 2705 1276 sacerdos
2729 1217 2962 1272 Joannes
2995 1217 3138 1270 filius
3159 1216 3337 1279 ludat,
3378 1219 3464 1286 qui
3497 1217 3752 1273 fratrem

2143 1326 2298 1365 suum
2346 1309 2550 1371 Jesutn,
2582 1306 2941 1363 Sacerdotium
2982 1305 3364 1374 ambigentem,
3410 1305 3462 1358 in
3514 1308 3748 1376 tempto

2145 1399 2432 1456 interfecit.
2465 1399 2690 1467 Propter
2727 1396 2870 1466 quod
2895 1393 3111 1448 facinus
3139 1393 3379 1462 Vagosns
3424 1394 3530 1448 dux
3577 1397 3755 1466 regis

2145 1489 2484 1550 Artaxerxis,
2515 1489 2605 1558 qui
2630 1486 2812 1543 Jesum
2840 1485 3117 1555 diligebat,
3148 1483 3203 1536 in
3233 1484 3486 1553 templum
3513 1485 3756 1555 ingres-

2148 1599 2241 1638 sus
2280 1581 2519 1646 violavit,
2575 1589 2629 1634 et
2680 1578 2936 1650 populum
2980 1575 3288 1631 Judaeorum
3328 1586 3544 1646 propter
3582 1579 3758 1633 hanc

2146 1686 2364 1728 causam
2409 1669 2463 1722 in
2513 1667 2827 1723 servitutem
2878 1666 3104 1736 redegit,
3139 1681 3237 1719 nec
3288 1665 3488 1720 hostias
3542 1666 3758 1722 offerri

2143 1760 2486 1832 quotidianas
2544 1758 2699 1828 prius
2764 1757 2816 1811 in
2877 1757 3076 1824 templo
3134 1757 3379 1825 permisit
3431 1771 3554 1810 cum
3638 1774 3759 1826 pm

2146 1865 2468 1920 unoquoque
2492 1863 2635 1903 anno
2659 1845 2884 1918 vectigal
2913 1847 3176 1917 exigeret,
3200 1845 3480 1900 drachmas
3517 1847 3759 1902 scilicet

2144 1943 2551 2014 quinquaginta.
2585 1939 2694 1994 Hac
2723 1954 2854 1993 usus
2878 1939 3159 1993 occasione
3182 1937 3338 1992 annis
3382 1946 3586 2007 septem
3636 1953 3760 2006 pro

2146 2050 2279 2090 nece
2313 2032 2439 2087 Jesu
2467 2030 2766 2087 sacerdotis
2803 2029 3059 2099 populum
3091 2027 3279 2082 afﬂixit
3314 2029 3498 2084 dicens
3533 2029 3757 2096 fQuod

2147 2141 2420 2196 nunquam
2448 2125 2599 2195 prius
2630 2139 2729 2177 nec
2753 2123 2891 2192 apud
2914 2121 3155 2187 GrtBCOS,
3185 2136 3284 2175 nec
3307 2122 3444 2190 apud
3463 2121 3759 2177 barbaros

2148 2221 2222 2274 ita
2251 2217 2538 2274 crudeliter
2559 2215 2641 2269 vel
2665 2214 2925 2270 scelerate
2951 2211 3152 2266 factum
3175 2212 3262 2266 sit.
3294 2211 3441 2267 Unde
3462 2227 3567 2266 nec
3591 2212 3758 2267 Deus

2149 2310 2253 2364 hoc
2276 2309 2490 2378 impune
2514 2305 2737 2360 dimisit.

2739 2441 2966 2498 CAPUT
3004 2439 3142 2494 XVI.

2152 2560 2392 2630 Qualiter
2416 2558 2730 2612 Artaxerxes
2761 2552 3443 2630 Gra’cispacemjadizerit,
3469 2561 3522 2605 et
3557 2553 3756 2625 θεας-ι

2431 2639 2576 2699 ptum
2596 2643 2822 2681 eversam
2845 2642 2938 2679 suo
2953 2623 3194 2695 j'unxerit
3216 2623 3430 2692 imperio

2223 2742 2552 2797 Artaxerxes
2577 2756 2705 2813 ergo
2734 2751 2854 2810 post
2895 2745 3226 2792 transactum
3254 2737 3308 2790 in
3354 2735 3590 2806 Egypto
3621 2754 3758 2791 ma-

2151 2834 2357 2888 ximum
2406 2832 2829 2899 diuturnnmqne
2874 2827 3091 2890 bellum,
3122 2825 3384 2897 plurimos
3416 2825 3751 2882 Jndreornm

2153 2925 2209 2979 in
2251 2923 2782 2994 transmigrationem
2831 2920 3010 2984 duxit,
3061 2927 3224 2986 atque
3262 2916 3314 2971 in
3360 2914 3615 2971 Hircania
3676 2911 3754 2971 ad

2151 3012 2403 3084 Caspium
2429 3025 2580 3069 mare
2603 3009 2848 3068 habitare
2868 3011 3139 3081 pra-cepit.
3164 3002 3376 3064 interea
3400 3007 3755 3064 Artaxerxes

2153 3118 2250 3157 rex
2273 3101 2560 3158 Persarum
2579 3101 2868 3155 ~universis
2904 3095 3124 3154 Grzecite
3149 3094 3360 3168 populis
3389 3113 3486 3167 per
3529 3097 3756 3168 legatos

2150 3204 2211 3248 ut
2233 3194 2300 3248 ab
2330 3191 2496 3246 armis
2522 3190 2845 3246 decederent
2873 3199 2929 3244 et
2951 3189 3069 3260 paci
3100 3189 3534 3256 acquiescerent,
3569 3189 3755 3258 impe.

2151 3287 2291 3340 ravit
2325 3305 2338 3340 :
2370 3301 2478 3340 non
2506 3286 2631 3355 quia
2661 3283 3086 3338 misericorditer
3107 3277 3262 3335 fessis
3284 3278 3610 3340 consuleret,
3648 3279 3758 3334 sed

2151 3393 2220 3434 ne
2242 3394 2298 3433 se
2328 3377 2382 3431 in
2411 3375 2644 3450 (Egypto
2695 3375 2847 3429 bellis
2879 3381 3142 3442 occupato
3190 3370 3367 3441 aliqua
3414 3371 3465 3424 in
3507 3386 3749 3439 regnum

2151 3485 2308 3524 suum
2339 3476 2642 3523 tentaretur
2667 3465 2915 3535 irruptio.
2944 3463 3134 3520 Cuncti
3185 3461 3349 3533 igitur
3377 3460 3554 3516 Graeci
3583 3472 3752 3530 opta-

2150 3561 2358 3618 tissima
2415 3559 2597 3628 quiete
2624 3557 3027 3626 domesticoque
3051 3555 3163 3609 otio
3210 3552 3428 3608 resoluti
3457 3563 3605 3606 sunt.
3634 3547 3748 3620 Qui

2152 3652 2340 3721 utique
2367 3657 2474 3704 tam
2505 3655 2818 3703 constanter
2853 3653 3200 3700 contemnere
3248 3649 3534 3711 poterant,
3570 3652 3748 3710 quam

2151 3739 2365 3795 fortiter
2413 3752 2554 3807 saepe
2602 3736 2850 3791 vicerunt
2886 3734 3153 3788 maximas
3188 3730 3480 3787 Persarum
3524 3731 3742 3800 copias,

2151 3831 2218 3895 si,
2249 3845 2354 3884 non
2383 3828 2498 3898 ipso
2532 3835 2739 3880 tantum
2769 3825 3100 3879 adnuntiata:
3127 3822 3276 3893 pacis
3305 3833 3459 3886 sono,
3489 3831 3587 3890 per
3613 3835 3748 3874 cor.

2149 3921 2215 3975 da
2244 3926 2563 3974 cunctorum
2603 3931 2746 3985 aegra
2792 3911 2918 3970 belli
2949 3913 3210 3968 tabuisset
3238 3911 3484 3966 intentio.
3519 3909 3744 3976 Quanta

2149 4013 2293 4068 enim
2323 4007 2459 4065 bella
2503 4008 2722 4062 sibimet
2773 4005 2956 4077 gravia
2991 4019 3055 4059 ac
3083 4001 3443 4058 intolerabilia
3492 3999 3740 4055 invicem

2150 4103 2454 4175 gesserint,
2512 4097 2840 4167 alternisque
2892 4094 3128 4150 caedibus
3176 4102 3341 4162 atque
3390 4091 3628 4146 miseriis
3677 4105 3746 4145 se

2149 4193 2426 4248 affecerint
2481 4185 2872 4244 Lacedaemonii
2923 4199 3046 4239 cum
3094 4182 3534 4244 Atheniensibus,
3567 4179 3750 4234 Arca—

2151 4285 2245 4340 des
2267 4298 2387 4339 cum
2414 4277 2853 4341 Lacedaemoniis,
2879 4275 3146 4346 quomodo
3171 4273 3354 4328 Conon
3385 4271 3752 4326 Atheniensis

2149 4375 2254 4429 dux
2288 4371 2488 4426 Persici
2519 4368 2807 4430 exercitus,
2839 4365 3107 4435 quomodo
3137 4361 3434 4434 Spartanos
3454 4359 3745 4422 amixerit,

2147 4473 2202 4519 et
2231 4478 2350 4518 cum
2380 4460 2592 4532 Agesila
2621 4459 2754 4530 pede
2783 4457 2993 4521 claudo,
3017 4456 3234 4526 ingenio
3264 4453 3552 4515 acerrimo,
3589 4451 3753 4507 duce

2148 4548 2674 4608 Lacedtemoniorum
2725 4545 3076 4616 pugnaverit,
3124 4559 3189 4597 ac
3230 4543 3444 4596 demum
3498 4541 3750 4604 vicerit,

2149 4642 2303 4698 testis
2337 4649 2420 4696 est
2468 4639 2584 4709 ipsa
2613 4637 2806 4706 quietis
2835 4650 2938 4704 pax
2991 4643 3098 4688 tam
3154 4631 3513 4685 libentissime
3542 4645 3571 4682 a
3617 4627 3720 4684 for

2149 4731 2290 4787 tibus
2347 4729 2480 4784 viris
2527 4733 2794 4796 suscepta,
2850 4735 2904 4779 et
2966 4723 3094 4777 illud
3134 4721 3398 4792 judicium
3445 4720 3585 4789 quod
3643 4722 3760 4776 vix

2148 4835 2271 4877 cum
2341 4815 2760 4872 Lacedmmoniis
2817 4821 3037 4868 centum
3100 4810 3303 4866 inventi
3354 4816 3483 4862 sunt
3545 4822 3756 4862 senes.

2149 4908 2256 4964 Sed
2303 4906 2397 4976 qui
2443 4907 2558 4960 hate
2597 4903 2806 4973 plenius
2831 4902 2972 4956 scire
2999 4901 3254 4964 voluerit,
3288 4899 3341 4952 in
3377 4897 3515 4951 libro
3565 4899 3765 4952 tertio

2148 5000 2324 5056 Orosii
2380 5005 2570 5053 contra
2621 5009 2860 5066 paganos
2916 4992 3172 5048 inveniet.
3242 4991 3576 5046 Artaxerxes
3632 5003 3769 5042 au-

2146 5100 2278 5156 tem,
2303 5089 2395 5158 qui
2433 5095 2489 5142 et
2513 5084 2713 5150 Ochus,
2741 5082 2995 5138 Sidonem
3033 5079 3318 5142 subvertit,
3348 5086 3404 5133 et
3429 5076 3766 5146 Egyptum

2145 5196 2244 5236 suo
2291 5177 2570 5249 conjunxit
2635 5175 2892 5243 imperio,
2955 5171 3322 5238 Nccthanaiph
3381 5169 3435 5222 in
3505 5165 3772 5222 Ethio—

2144 5274 2288 5341 piam
2313 5270 2465 5341 pulso
2514 5269 2699 5338 inquo
2727 5264 3100 5335 Egyptiorum
3133 5276 3354 5332 regnum
3391 5267 3473 5314 cst
3515 5258 3769 5312 destru-

2145 5371 2310 5417 ctntn.
