3964 6172
332 392 475 493 mea

909 544 1134 603 CAPUT
1173 548 1333 603 XVII.

321 638 534 705 Quibus
575 639 757 692 diebus
803 639 1092 707 pestilentia
1137 641 1317 709 ingens
1373 640 1589 694 Romam
1630 639 1909 695 crudeliter

402 710 697 772 vastaverit,
744 719 986 779 terraque
1033 709 1088 763 in
1135 709 1272 763 Urbe
1318 710 1621 770 dehiscens,
1667 710 1907 764 Curtium

399 781 600 848 virum,
651 789 936 848 equestrem
971 779 1293 833 absorbuerit
1329 781 1519 835 vivum.
1574 780 1719 833 Tunc
1750 781 1905 832 etiam

401 846 544 901 Galli
591 846 773 901 contra
831 846 1095 902 Romanos
1152 850 1540 920 conspirantes,
1586 859 1666 903 ter
1722 849 1908 904 devicti

398 928 542 971 82"".

400 1009 520 1073 Quo
551 1005 715 1061 etiam
743 1016 982 1078 tempore
1010 1007 1201 1077 ingens
1228 1008 1533 1063 universam
1560 1007 1788 1062 Romam
1815 1022 1910 1077 pe-
1938 1000 1943 1005 ”

318 1096 567 1150 stilentia
608 1097 871 1166 corripuit
906 1113 1010 1151 non
1041 1096 1122 1168 (ut
1158 1096 1376 1169 assolet)
1407 1098 1524 1167 plus
1551 1099 1798 1152 minusve
1822 1113 1911 1153 so-

322 1187 425 1241 lito
452 1196 752 1256 temporum
775 1189 989 1242 turbata
1018 1188 1324 1258 temperies,
1349 1189 1449 1243 hoc
1475 1197 1577 1254 est,
1600 1197 1693 1242 aut
1718 1188 1911 1245 intem-

326 1282 536 1351 pestiva
564 1281 782 1337 siccitas
818 1280 1040 1343 hiemis,
1079 1289 1171 1334 aut
1205 1280 1518 1349 repentinus
1556 1280 1707 1334 calor
1746 1280 1910 1345 veris,

324 1382 425 1427 aut
479 1372 805 1440 incongruus
850 1371 1044 1425 humor
1066 1371 1291 1433 aestatis,
1322 1371 1407 1425 vel
1445 1358 1686 1425 autumni
1730 1370 1914 1426 divitis

326 1465 601 1536 indigesta
634 1464 908 1518 illecebra.
942 1462 1169 1532 insuper
1197 1463 1359 1517 etiam
1388 1463 1630 1533 expirata
1661 1462 1725 1518 de
1757 1462 1912 1518 Cala-

328 1556 448 1609 bris
481 1554 708 1609 saltibus
733 1548 861 1606 aura
887 1566 1255 1622 corrumpens,
1278 1552 1588 1621 repentinos
1630 1558 1914 1607 acutarum

327 1644 709 1699 inﬁrmitatem
738 1642 932 1699 afferre
965 1651 1325 1709 transcursus,
1370 1643 1465 1698 sed
1495 1643 1673 1713 gravis
1704 1642 1915 1697 diutur-

327 1750 511 1806 naque
534 1736 590 1790 in
621 1734 768 1789 nullo
791 1733 983 1804 dispar
1005 1750 1202 1800 sexus,
1231 1733 1284 1788 in
1311 1733 1456 1788 nulla
1484 1741 1644 1789 artato
1684 1732 1915 1788 dissimi-

324 1830 671 1903 lis,generali
698 1839 921 1886 cunctos
944 1844 1042 1900 per
1065 1828 1340 1884 biennium
1361 1828 1562 1899 jugiter
1588 1827 1711 1882 tabe
1731 1824 1912 1882 confe-

326 1893 528 1986 cit-,vnt
565 1922 725 1976 etiam
752 1936 888 1991 quos
922 1893 1029 1976 non
1066 1920 1173 1991 egit
1202 1920 1256 1975 in
1294 1893 1544 1984 mortem,
1569 1918 1714 1989 turpi
1742 1918 1916 1974 macie
1942 1893 1991 1953 Β

325 2012 642 2067 exinanitos
668 2012 998 2081 alliictosque
1038 2010 1323 2066 dimiserit.
1360 2008 1619 2079 Sequitur
1647 2009 1787 2064 hanc
1818 2008 1918 2063 mi-

320 2119 510 2158 seram
536 2103 677 2159 luem
710 2104 1151 2173 miscrioremque
1187 2100 1304 2171 ejus
1330 2102 1686 2172 expiationem
1738 2102 1919 2172 proxi-

326 2210 425 2249 mo
450 2209 591 2250 anno
620 2196 755 2249 satis
803 2194 957 2249 triste
998 2193 1326 2265 prodigium.
1357 2193 1599 2262 Repente
1648 2192 1917 2262 siquidem

327 2286 518 2340 medio
546 2283 706 2342 Urbis
734 2294 877 2338 terra
901 2283 1154 2348 dissiluit,
1184 2290 1447 2350 vastoque
1468 2289 1747 2353 praerupto
1765 2280 1918 2335 hian-

331 2376 414 2430 tia
458 2375 634 2429 subito
685 2372 895 2429 inferna
943 2379 1250 2444 patuerunt.
1305 2370 1553 2426 Manebat
1581 2371 1669 2426 diu
1703 2370 1770 2425 ad
1798 2385 1919 2441 spe-

328 2467 606 2522 ctaculum
649 2474 1019 2536 terroremque
1064 2472 1383 2520 cunctorum
1424 2462 1631 2533 patenti
1661 2461 1917 2533 voragine

330 2560 617 2629 impudens
638 2574 850 2628 specus,
894 2556 1264 2624 nefariamque
1289 2554 1394 2609 vivi
1422 2552 1655 2609 hominis
1682 2552 1919 2623 sepultu-

332 2666 455 2704 ram
479 2649 580 2703 diis
613 2647 997 2718 interpretibus
1030 2646 1332 2715 expetebat.
1362 2642 1637 2699 Satisfecit
1658 2643 1917 2713 improbis

333 2741 583 2797 faucibus
626 2740 924 2812 pra‘cipitio
955 2739 1036 2795 sui
1079 2738 1148 2792 bl.
1175 2737 1412 2803 Curtius,
1444 2738 1528 2791 vir
1552 2749 1578 2777 ι
1607 2751 1793 2806 eques,
1825 2751 1915 2789 ar-

332 2845 537 2900 matus,
586 2834 873 2904 iniecitque
902 2831 1107 2887 crudeli
1152 2840 1310 2894 terra:
1338 2829 1669 2905 inopinatam
1698 2827 1919 2882 satieta-

331 2937 471 2990 tem,
525 2926 606 2981 cui
668 2939 857 2995 parum
907 2930 1053 2978 esset
1108 2921 1249 2991 quod
1300 2934 1371 2974 ex
1422 2927 1573 2972 tanta
1610 2917 1919 2987 pestilentia

331 3024 579 3072 mortuos
618 3029 713 3084 per
751 3011 992 3085 sepulcra
1047 3010 1380 3082 susciperet,
1422 3006 1527 3061 nisi
1555 3007 1720 3061 etiam
1768 3005 1919 3060 vivos

328 3104 506 3160 scissa
563 3102 824 3158 sorberet.
880 3101 1019 3155 lliue
1076 3100 1273 3153 iterum
1328 3096 1587 3153 terribilis
1638 3095 1916 3152 Gallorum

330 3194 616 3250 inundatio
632 3193 784 3263 juxta
799 3194 1059 3254 Anienem
1077 3193 1293 3248 ﬂuvium
1320 3193 1384 3250 ad
1407 3199 1659 3264 quartum
1678 3192 1746 3247 ab
1769 3190 1915 3247 Urbe

330 3286 574 3357 lapidem
598 3286 862 3351 consedit,
893 3285 1049 3341 facile
1075 3286 1192 3341 sine
1215 3285 1378 3341 dubio
1403 3284 1643 3355 pondere
1676 3283 1920 3339 multitu-

337 3379 486 3433 dinis
510 3388 565 3443 et
609 3380 887 3434 alacritate
915 3379 1154 3444 virtutis,
1178 3378 1548 3449 perturbatam
1591 3385 1919 3446 occupatura

333 3470 649 3537 civitatem,
706 3471 808 3526 nisi
854 3472 967 3527 otio
1018 3477 1073 3526 et
1118 3468 1415 3524 lenitudine
1461 3468 1755 3538 torpuisset
1787 3486 1799 3525 :
1832 3468 1923 3523 ubi

337 3563 740 3618 atrocissimam
771 3577 1002 3633 pugnam
1033 3561 1260 3623 Manlius
1298 3560 1604 3631 Torquatus
1640 3558 1926 3632 singulari-

337 3663 428 3708 ter
467 3654 770 3719 inchoavit,
796 3653 859 3708 T.
887 3654 1114 3723 Quintus
1144 3653 1373 3708 dictator
1397 3651 1773 3707 cruentissima
1800 3665 1927 3706 eon-

335 3746 619 3816 gressione
655 3745 907 3802 confecit.
965 3744 1156 3816 Fugati
1212 3760 1278 3799 ex
1332 3745 1433 3799 hoc
1476 3742 1660 3813 ptmlio
1707 3741 1922 3812 plurimi

338 3833 508 3897 Galli,
539 3833 847 3890 instauratis
877 3835 1071 3890 iterum
1101 3834 1270 3904 copiis
1295 3833 1347 3888 in
1389 3833 1588 3888 bellum
1614 3839 1855 3896 rueules,
1890 3847 1922 3887 a

337 3924 479 3981 Caio
509 3925 737 3996 Sulpitio
760 3927 1024 3982 dictatore
1044 3925 1280 3995 superati
1314 3935 1458 3981 sunt.
1489 3923 1619 3979 Post
1648 3923 1925 3994 paululum

339 4030 563 4085 quoque
602 4014 896 4070 Tuscorum
941 4032 1115 4087 pugna
1158 4016 1257 4069 sub
1307 4013 1367 4069 C.
1400 4012 1592 4069 Martio
1635 4022 1924 4068 consecuta

338 4116 449 4165 est.
480 4106 581 4162 Ubi
630 4107 822 4177 conjici
854 4109 1011 4163 datur
1064 4116 1296 4176 quantus
1343 4106 1620 4160 hominum
1666 4119 1924 4161 numerus

335 4212 519 4252 eesus
540 4198 627 4261 sit,
655 4200 870 4268 quando
905 4208 1027 4255 octo
1056 4200 1221 4254 millia
1248 4208 1374 4257 sunt
1406 4208 1564 4275 capta
1603 4200 1921 4259 Tuscorum.

337 4288 531 4342 Tertio
568 4297 746 4343 autem
778 4290 829 4343 in
876 4290 1067 4346 iisdem
1116 4291 1303 4346 diebus
1329 4289 1465 4345 Galli
1507 4306 1565 4345 se
1596 4292 1649 4345 in
1686 4290 1925 4360 prmdam

337 4394 446 4451 per
471 4378 739 4434 maritima
780 4380 893 4434 loca
928 4364 1330 4450 subjectosque'
1354 4395 1575 4450 campos
1605 4380 1673 4435 ab
1701 4379 1924 4441 Albanis

338 4468 624 4524 montibus
667 4468 1013 4525 dill'uderunt.
1055 4469 1330 4526 Adversus
1364 4487 1498 4543 quos
1525 4486 1665 4527 novo
1691 4471 1921 4526 militum

337 4558 557 4615 delectu
612 4560 832 4625 habito,
891 4561 1321 4632 conscriptisque
1364 4560 1662 4632 legionibus
1711 4560 1920 4626 decem,
1954 4597 2002 4657 Β

332 4648 628 4719 sexaginta
657 4647 823 4705 millia
846 4648 1233 4714 Romanorum,
1250 4650 1460 4722 negatis
1483 4650 1585 4705 sibi
1605 4648 1922 4706 Latinorum

332 4736 578 4802 auxiliis,
608 4748 1005 4808 processerunt.
1037 4738 1278 4795 Confecit
1297 4741 1435 4796 hanc
1458 4754 1691 4810 pugnam
1715 4739 1928 4795 Marcus

333 4826 620 4892 Valerius,
649 4828 943 4884 auxiliante
963 4845 1124 4884 corvo
1152 4830 1298 4895 alite,
1331 4830 1471 4885 unde
1515 4836 1700 4902 postea
1744 4828 1929 4885 Corvi-

337 4933 456 4974 nus
481 4928 563 4973 est
588 4919 784 4975 dictus.
824 4918 1014 4975 Occiso
1062 4920 1205 4974 enim
1245 4928 1597 4989 provocatore
1625 4918 1797 4983 Gallo,
1827 4919 1926 4974 ho-

340 5016 462 5062 stes
509 5008 680 5062 territi
708 5008 1048 5086 sparsimque
1080 5007 1364 5078 fugientes,
1397 5008 1637 5080 graviter
1664 5007 1921 5063 trucidati

338 5104 495 5151 sunt.
528 5095 637 5153 Nec
668 5107 847 5152 tamen
884 5097 1125 5153 contenti
1165 5095 1392 5151 Romani
1437 5097 1549 5152 suis
1596 5112 1690 5152 eos
1731 5096 1925 5151 mami-

338 5191 452 5245 Lus
484 5189 770 5260 expulisse,
796 5205 919 5244 cum
947 5204 1045 5259 per
1068 5187 1277 5244 italiam
1318 5187 1596 5260 naufragia
1622 5204 1718 5243 sua
1763 5188 1925 5242 latius

341 5280 649 5347 traherent,
674 5282 752 5337 sic
779 5281 1048 5351 persecuti
1072 5288 1198 5335 sunt
1217 5295 1331 5344 eos,
1361 5286 1421 5334 ut
1446 5288 1567 5349 p0st
1592 5280 1797 5350 aliquot
1830 5295 1925 5333 an-

339 5387 449 5427 nos
471 5387 660 5428 omnes
710 5387 894 5428 eorum
934 5371 1190 5442 reliquias
1235 5370 1290 5424 in
1338 5368 1589 5427 Hetruria
1638 5370 1706 5424 ad
1748 5368 1924 5424 lacum

339 5464 484 5518 Vadi
540 5464 743 5519 montis
807 5463 1081 5519 Dolabella
1128 5461 1315 5518 consul
1376 5460 1621 5527 deleret,
1678 5474 1747 5514 ne
1799 5459 1924 5529 quis

336 5565 587 5612 exstaret
616 5570 684 5611 ex
712 5571 776 5611 ea
812 5565 972 5626 gente
1018 5555 1110 5626 qui
1160 5555 1434 5610 incensam
1458 5569 1489 5607 a
1519 5568 1578 5608 se
1623 5553 1922 5607 Romanam

338 5648 535 5708 urbem
567 5647 906 5719 gloriaretur.
938 5646 1163 5703 Manlius
1192 5661 1321 5703 vero
1362 5644 1665 5715 Torquatus
1703 5641 1923 5709 consul,

422 5809 447 5850 ε
482 5798 770 5855 D.~lcndum
796 5800 894 5854 vir.

1336 428 1341 433 ’
1436 437 1849 494 CHRONICON.
1894 466 1961 476 —-
2002 434 2168 493 TOMI
2209 438 2228 491 l
2264 438 2392 493 LIB.
2435 436 2521 493 ιν.

1942 551 1986 609 Α
2016 549 2108 619 qui
2157 510 2281 617 post
2324 558 2559 617 stragem
2589 547 2865 604 Gallorum
2920 550 3139 605 Latinos
3167 552 3386 617 devicit,
3425 554 3592 610 illium

3454 442 3593 497 ιοιιι

2009 654 2168 694 suum
2210 640 2353 709 quid
2382 649 2572 695 contra
2609 638 2726 708 ejus
2770 640 3054 710 imperium
3095 642 3279 699 hostes
3305 660 3591 717 aggressus

2008 730 2235 795 vicerat,
2271 729 2600 800 Metiumque
2630 729 2994 785 Tusculanum
3020 732 3596 805 nobilissimum‘equi—

2008 828 2115 875 tem
2142 820 2433 887 interiecit,
2452 830 2814 892 provocantes
2851 830 3015 892 atque
3045 824 3369 882 insultantes
3410 828 3596 885 hostes

2005 912 2305 979 occiderat,
2332 914 2499 985 virgis
2524 929 2722 970 caesum
2743 915 2920 969 securi
2947 915 3233 984 percussit.

2576 1024 2805 1080 CAPUT
2844 1023 3026 1085 XVIII.

2013 1118 2088 1171 De
2111 1120 2206 1173 hoc
2228 1118 2367 1189 quod
2392 1134 2495 1171 nox
2524 1116 2727 1187 longior
2750 1116 2903 1175 solito
2934 1116 3076 1189 facta
3119 1126 3214 1181 est,
3242 1128 3288 1189 et
3320 1119 3425 1172 veri
3457 1119 3598 1189 lapi-

2082 1189 2173 1242 des
2200 1186 2379 1241 e'cmlo
2412 1196 2616 1241 mentes
2654 1197 2846 1240 terram
2896 1187 3122 1256 graviter
3164 1186 3596 1242 attriverantﬁlft

2083 1258 2179 1311 hoc
2209 1258 2403 1326 factum
2429 1267 2503 1310 est
2551 1257 2761 1325 quando
2796 1256 3021 1323 Magnus
3053 1257 3349 1312 Alexander
3380 1257 3599 1311 Macedo

2085 1325 2336 1382 nascitur.
2371 1325 2570 1391 Quibus
2604 1325 2785 1380 diebus
2811 1325 3113 1382 Aristoteles
3144 1327 3437 1382 celebratur
3469 1328 3599 1382 insi-

2084 1398 2220 1469 gnis,
2243 1408 2290 1450 et
2322 1395 2476 1449 Plato
2507 1398 2748 1449 moritur.

2097 1508 2298 1562 Eodem
2351 1506 2518 1561 etiam
2568 1516 2809 1577 tempore
2854 1521 2962 1563 nox
3005 1522 3176 1576 usque
3200 1508 3268 1561 ad
3311 1507 3601 1577 plurimam

2016 1597 2120 1654 dici
2142 1606 2348 1668 partem
2365 1596 2509 1651 tendi
2535 1598 2650 1652 visa
2674 1604 2777 1662 est,
2802 1604 2857 1651 et
2877 1612 3039 1652 saxea
3061 1600 3128 1652 de
3148 1600 3382 1654 nubibus
3395 1599 3603 1667 grando

2016 1688 2371 1747 descendens.
2421 1685 2564 1741 veris
2604 1695 2806 1741 terram
2831 1686 3097 1756 lapidibus
3124 1687 3449 1742 verberavit.
3479 1689 3605 1755 Qni-

2016 1779 2119 1835 bus
2165 1779 2353 1835 diebus
2400 1780 2566 1834 etiam
2626 1778 2934 1834 Alexander
2992 1779 3215 1850 Magnus
3244 1820 3259 1843 ,
3321 1794 3449 1834 vere
3500 1780 3599 1834 ille

2018 1888 2215 1944 gurges
2242 1872 2590 1928 miseriarum
2616 1881 2780 1942 atque
2824 1871 3198 1927 atrocissimus
3243 1872 3398 1926 turbo
3438 1871 3605 1926 totius

2018 1962 2277 2027 Orientis,
2301 1971 2386 2017 est
2414 1971 2597 2018 natus.
2624 1963 2776 2018 Tunc
2804 1963 3195 2018 Demosthenes
3222 1971 3407 2019 orator
3435 1979 3603 2034 agno-

2018 2055 2208 2119 scitur,
2240 2054 2565 2110 Aristotcles
2595 2054 2950 2124 philosophus
2974 2068 3071 2109 ore
3093 2054 3334 2109 omnium
3364 2053 3606 2109 celebra-

2019 2156 2127 2211 tur,
2166 2146 2318 2202 Plato
2346 2146 2595 2212 moritur,
2621 2153 2743 2216 post
2770 2160 2930 2216 quem
2959 2144 3308 2200 Academiam
3338 2145 3596 2216 Speusip-

2016 2251 2117 2307 pus
2145 2236 2337 2292 tenuit.

2606 2349 2837 2406 CAPUT
2872 2348 3012 2404 XIX.

2015 2439 2174 2507 Quod
2201 2449 2450 2510 regnante
2472 2442 2648 2507 Arxe,
2676 2441 3028 2496 Romanorum
3056 2449 3308 2495 matrona:
3330 2442 3382 2495 in
3418 2440 3608 2495 scelero

2087 2511 2310 2580 veneﬁco
2348 2520 2471 2566 sunt
2523 2512 2874 2582 deprehensae.
2926 2510 3202 2582 Philippus
3229 2519 3425 2582 autent
3484 2510 3608 2582 Ma-

2086 2579 2340 2654 cedonum
2370 2597 2498 2654 retr,
2544 2579 2694 2654 pater
2722 2581 3010 2654 Alexandri
3059 2579 3268 2654 Magni,
3307 2579 3447 2654 bella
3491 2579 3611 2650 plu-

2090 2651 2225 2704 rima
2271 2652 2488 2722 peregit,
2539 2651 2771 2711 civitates
2815 2652 3012 2716 evertit,
3040 2651 3277 2705 nationes
3300 2651 3603 2704 innumeras

2087 2722 2400 2791 perdomuit.

2086 2833 2283 2898 Arxes,
2300 2831 2607 2897 ﬁliusOchi,
2620 2832 2777 2886 annis
2788 2839 3019 2901 quatuor
3032 2830 3169 2902 apud
3184 2829 3377 2886 Persas
3394 2836 3604 2897 regnat.
3616 2812 3631 2823 ’

2017 2922 2062 2984 Α
2088 2923 2500 2978 mdiﬁcatione
2531 2937 2660 2979 vero
2682 2920 2863 2992 templi
2890 2935 3060 2975 annos
3088 2929 3301 2977 centum
3327 2927 3610 2993 septuage-

2019 3017 2190 3072 simus
2213 3033 2355 3075 unus
2377 3024 2513 3072 crat.
2541 3014 2746 3079 Jaddus
2765 3031 2915 3082 vero,
2942 3014 3196 3075 defuncto
3215 3015 3425 3071 Joanne
3452 3024 3607 3085 patre

2020 3109 2199 3176 illius,
2243 3110 2605 3181 principatum
2645 3109 2883 3181 suscepit
2932 3111 3220 3171 sacerdotii
3273 3108 3604 3175 Judteorum.

2023 3200 2230 3270 Quibus
2260 3201 2449 3259 diebus
2485 3200 2789 3261 incredibili
2830 3201 2980 3257 rabie
3019 3210 3074 3256 et
3121 3215 3306 3255 amore
3331 3199 3605 3257 scelerum

2028 3289 2287 3349 Romanae
2326 3298 2587 3346 matronae
2633 3298 2973 3345 exarserunt.
3019 3290 3151 3345 Erat
3199 3289 3384 3360 utique
3432 3287 3610 3343 {radiis

2027 3380 2116 3436 ille
2165 3395 2230 3435 ac
2259 3379 2520 3450 pestilens
2564 3394 2777 3444 annus,
2829 3377 3168 3449 impletaeque
3210 3378 3324 3449 jam
3376 3378 3611 3447 undique

2027 3470 2351 3526 catervatim
2385 3478 2593 3540 strages
2621 3469 3067 3549 gerebanturaet
3096 3469 3277 3523 adhuc
3308 3476 3485 3524 tamen
3514 3483 3610 3539 pc-

2028 3576 2122 3616 nes
2147 3575 2337 3615 omnes
2360 3561 2427 3615 de
2450 3569 2707 3629 corrupto
2739 3575 2864 3615 aere
2890 3560 3114 3629 simplex
3143 3559 3436 3615 credulitas
3465 3567 3610 3625 erat,

2028 3666 2152 3707 cum
2188 3651 2457 3706 existente
2478 3651 2709 3721 quadam
2737 3650 2930 3705 ancilla
2956 3650 3129 3706 indice
3147 3658 3201 3705 et
3231 3652 3607 3715 convincente,

2029 3741 2263 3813 primum
2302 3739 2483 3823 multa:
2513 3749 2772 3796 matronae
2800 3751 2859 3795 ut
2878 3740 3143 3807 biberent,
3169 3757 3290 3812 qua:
3324 3752 3627 3808 coxerant,

2025 3847 2231 3888 venena
2277 3831 2599 3906 compulsa);
2654 3830 2847 3886 deinde
2881 3830 3039 3891 simul
3087 3841 3145 3891 ut
3181 3833 3434 3897 hausere,
3480 3848 3612 3898 con—

2027 3931 2255 3992 sumptae
2297 3930 2442 3979 sunt.
2474 3921 2646 3983 Tanta
2676 3930 2855 3977 autem
2885 3922 3170 3978 multitudo
3197 3923 3298 3980 fuit
3336 3933 3610 3981 matrona-

2028 4028 2147 4066 rum
2214 4012 2268 4066 in
2316 4011 2401 4067 his
2457 4011 2789 4069 facinoribus
2838 4015 3175 4069 consciarum
3230 4023 3291 4069 ut
3349 4024 3608 4081 trecentae

2027 4102 2369 4174 septuaginta
2416 4102 2683 4158 damnatae
2723 4120 2786 4159 ex
2825 4104 2931 4159 illis
2957 4105 3114 4159 simul
3147 4104 3310 4162 fuisse
3336 4106 3602 4163 ferantur.

2028 4189 2182 4246 Tunc
2238 4190 2541 4250 Alexander
2572 4209 2665 4247 rex
2720 4193 3084 4263 Epirotarum,
3133 4194 3431 4261 Alexandri
3466 4197 3609 4264 illius

2028 4281 2211 4357 magni
2267 4282 2581 4347 avunculus,
2629 4281 2872 4359 trajectis
2916 4284 2971 4340 in
3014 4286 3220 4342 Italiam
3257 4287 3447 4358 copiis,
3479 4304 3605 4345 cum

2029 4370 2226 4426 bellum
2280 4373 2540 4429 adversus
2569 4373 2844 4432 Romanos
2874 4385 3119 4447 pararet,
3158 4386 3215 4433 et
3265 4377 3410 4434 circa
3446 4377 3613 4435 [initi-

2016 4454 2143 4518 mas
2170 4461 2353 4517 Ronan
2380 4464 2543 4519 urbes
2566 4463 2783 4521 ﬁrmare
2797 4467 2943 4525 vires
2959 4469 3230 4524 exercitus
3254 4468 3361 4534 sui,
3381 4469 3612 4525 auxilia-

2026 4568 2132 4622 que
2165 4552 2247 4607 vel
2274 4553 2373 4607 sibi
2407 4554 2707 4629 acquirere,
2733 4555 2818 4611 vel
2859 4557 3105 4613 hostibus
3146 4558 3466 4615 subtrahere
3492 4567 3608 4615 stu-

2028 4646 2184 4709 dens,
2206 4646 2361 4702 bcllis
2390 4657 2739 4705 exerceretur
2767 4667 2780 4703 :
2817 4664 2849 4703 a
2876 4648 3228 4713 Samnitibus,
3256 4650 3348 4715 qui
3378 4649 3613 4707 Lucanae
3694 4711 3704 4721 ,

2027 4737 2171 4813 genti
2194 4736 2648 4808 suﬂ‘ragabantur,
2672 4740 2907 4794 maximo
2926 4740 3067 4796 bello
3092 4740 3145 4794 in
3171 4740 3409 4797 Lucania
3434 4742 3611 4797 victus

2026 4836 2189 4898 atque
2218 4829 2431 4884 occisus
2451 4837 2555 4884 est.
2578 4828 2733 4884 Hunc
2776 4830 2869 4885 alii
2901 4829 3081 4886 ferunt
3110 4830 3277 4887 fuisse
3312 4831 3606 4903 Pyrrhum,

2026 4918 2140 4987 qui,
2169 4933 2197 4971 a
2229 4916 2535 4973 Tarentinis
2561 4927 2846 4982 evocatus,
2872 4926 2933 4972 ut
2971 4918 3167 4973 auxilia
3194 4919 3313 4990 ejus
3341 4921 3611 4989 praeberet

2026 5009 2284 5063 adversus
2309 5008 2673 5064 Romanorum
2699 5024 2870 5063 arma.
2896 5008 3163 5066 Tarentus
3193 5026 3320 5067 vero
3345 5010 3605 5066 Lacedae-

2027 5099 2333 5153 moniorum
2379 5114 2541 5168 opus,
2571 5099 2834 5156 Calabria:
2860 5100 3128 5169 quondam
3166 5110 3221 5157 et
3246 5100 3474 5171 Apuliae,
3521 5110 3607 5165 to-

2026 5190 2241 5259 tiusque
2261 5190 2510 5244 Lucaniae
2536 5198 2696 5261 caput
2721 5191 2943 5256 divitiis,
2978 5192 3344 5262 magnitudine
3364 5232 3379 5257 ,
3411 5192 3604 5257 muris,

2025 5290 2186 5352 portu
2214 5282 2438 5351 ipsoque
2478 5282 2585 5336 situ
2635 5282 2918 5339 mirabilis.
2949 5282 3116 5355 Igitur
3161 5282 3425 5355 Pyrrhus,
3468 5286 3607 5340 semi

2026 5371 2270 5429 Graecam
2318 5390 2383 5429 ex
2436 5374 2858 5430 Lacedzemoniis
2897 5375 3268 5431 conditoribus
3327 5376 3605 5432 civitatem

2026 5464 2416 5529 vindicaturus,
2449 5480 2571 5519 cum
2596 5466 2723 5520 totis
2750 5467 2955 5522 viribus
2979 5465 3126 5536 Epiri
3149 5465 3464 5536 Thessalia},
3495 5468 3607 5523 Ma-

2025 5554 2263 5607 cedonia:
2290 5554 2681 5625 incognitisque
2705 5556 2757 5610 in
2784 5555 2837 5610 id
2860 5564 3069 5625 tempus
3091 5556 3413 5627 elephantis,
3441 5560 3614 5628 mari,

2028 5651 2097 5699 te:
2114 5659 2191 5710 m,
2216 5644 2362 5711 viris,
2388 5644 2763 5715 equis,armis,
2789 5644 2969 5701 addito
2991 5644 3208 5718 inauper
3234 5646 3470 5717 ferarum
3494 5657 3611 5717 terg
