3964 6172
452 436 616 491 ιοοη

1500 427 1882 485 FRECULPHI
1918 426 2371 483 LEXOVIENSI‘S
2408 427 2712 484 EPlSCOPl

3588 432 3729 487 1012

479 561 624 613 rore,
664 560 891 617 quarum
945 541 1329 615 magnitudine,
1358 548 1413 597 et
1435 539 1798 604 deformitate,
1829 547 1886 595 et
1907 535 2046 593 novo
2070 537 2122 598 A
2148 536 2409 592 lissimam
2454 538 2614 609 cepit.
2661 538 2788 594 inde
2816 539 3151 594 Thessaliam
3181 555 3286 594 non
3332 542 3498 611 magis
3525 558 3725 599 amore

476 637 643 692 odore
673 634 834 692 simul
874 638 939 690 a'c
968 633 1217 699 stridore,
1259 632 1461 688 Levino
1497 630 1739 695 consule,
1784 631 1840 685 in
1868 629 2043 700 prima

472 744 654 800 pugna
677 727 1004 785 consternati
1027 726 1393 781 Romanorum
1420 723 1565 794 equi,
1589 738 1714 779 cum
1740 722 2043 791 incognitas

472 819 576 875 sibi
597 818 802 874 belluas
813 816 1047 886 amplius
1067 830 1230 887 quam
1248 821 1405 870 erant
1417 814 1846 883 suspicarentur,
1864 810 2043 883 fugam

472 918 816 980 stragemque
852 906 960 961 late
1011 905 1294 961 dederunt.
1340 902 1453 963 Hoc
1493 902 1688 958 bellum
1730 902 1786 956 in
1827 900 2040 971 Apulia,

472 998 665 1055 deinde
692 999 754 1053 in.
768 997 967 1054 Asculo
981 996 1172 1052 melius
1199 996 1511 1051 dimicatum
1534 1002 1641 1061 est,
1667 993 1830 1050 Curio
1856 992 2044 1048 Fabri-

469 1089 663 1159 cioque
714 1087 1041 1144 consulibus.
1091 1084 1211 1142 Jam
1260 1086 1457 1156 quippe
1522 1092 1699 1140 terror
1744 1083 2046 1139 belluarum

469 1179 803 1245 exoleverat,
853 1186 915 1235 et
968 1177 1137 1236 Gaius
1191 1177 1468 1243 Munitius,
1533 1184 1741 1246 quartae.
1814 1174 2042 1247 legionis

470 1270 773 1336 hastarius,
817 1269 980 1326 unius
1020 1266 1364 1340 promuscide
1414 1266 1647 1331 abscisa,
1696 1265 1834 1320 mori
1880 1279 2042 1336 posse

471 1360 672 1419 belluas
718 1360 1048 1421 ostenderat.
1099 1359 1285 1430 itaque
1324 1358 1378 1413 in
1426 1358 1572 1428 ipsos
1620 1357 1725 1427 pila
1783 1365 2039 1425 congesta

468 1459 614 1519 sunt,
638 1460 692 1505 et
713 1451 766 1506 in
789 1459 967 1507 turres
992 1450 1218 1505 vibratae
1252 1447 1397 1504 faces
1419 1456 1529 1503 tota
1559 1449 1795 1503 hostium
1821 1448 2039 1516 agmina

471 1539 789 1596 ardentibus
817 1538 989 1594 ruinis
1035 1546 1366 1609 operuerunt
1395 1555 1409 1591 :
1439 1552 1540 1593 nec
1577 1537 1714 1593 alius
1743 1535 1879 1593 cladi
1915 1536 2041 1591 finis

467 1627 589 1694 fuit,
616 1643 777 1698 quam
803 1642 897 1683 eos
919 1642 1028 1683 nox
1063 1626 1360 1692 dirimeret,
1387 1629 1800 1698 postremusque
1831 1623 2041 1697 fugien-

466 1715 603 1770 tium
632 1730 727 1770 rex
756 1715 873 1787 ipse
897 1730 928 1770 a
948 1713 1268 1771 satellitibus
1286 1714 1515 1771 humero
1545 1714 1761 1770 saucius
1783 1714 1838 1768 in
1869 1713 2039 1769 armis

466 1805 580 1861 suis
616 1804 745 1859 ruit.
798 1803 1050 1860 Lucania:
1100 1817 1301 1874 pugna,
1346 1803 1574 1860 ducibus
1610 1803 1801 1859 iisdem
1838 1802 2035 1873 quibus

2146 630 2404 696 victoriae,
2461 646 2621 701 quam
2687 631 2979 687 ambitione
3039 631 3409 688 habendorum
3471 637 3727 704 equitum

2146 718 2546 785 Thessalorum,
2576 735 2807 790 quorum
2836 720 3001 776 robur
3030 728 3085 776 ut
3128 723 3390 777 exercitui
3419 739 3515 779 suo
3538 725 3724 779 admi-

2144 818 2342 882 sceret,
2372 800 2594 864 invadit.
2621 808 2699 865 ita
2721 809 2994 865 Thessalis
3022 826 3085 865 ex
3117 811 3410 882 improviso
3436 827 3723 882 praeoccu-

2142 898 2284 968 patis
2331 910 2492 968 atque
2540 900 2593 953 in
2625 909 2947 970 potestatem
2977 901 3230 965 redactis,
3256 900 3533 972 jungendo
3568 908 3730 973 equi-

2143 996 2258 1043 tum
2314 988 2660 1059 peditumque
2714 988 3039 1045 fortissimas
3102 990 3291 1046 turbas
3337 1000 3394 1046 et
3442 993 3726 1062 copiosas,

2143 1078 2550 1134 invictissimum
2575 1078 2704 1134 fecit
2723 1079 3041 1134 exercitum.
3063 1079 3231 1148 Igitur
3253 1080 3407 1135 victis
3424 1081 3729 1136 Athenien-

2141 1168 2294 1224 sibus
2334 1168 2697 1240 subiectisque
2723 1168 2995 1224 Thessalis
3022 1169 3413 1241 Olympiadem,
3445 1170 3725 1226 Aurucbaa

2142 1258 2285 1330 regis
2326 1257 2678 1313 Molossorum
2708 1273 2970 1323 sororem,
3001 1259 3155 1314 duxit
3192 1274 3435 1315 uxorem.
3464 1259 3577 1326 Qui
3612 1260 3728 1313 Au-

2142 1354 2312 1408 rucha
2351 1362 2474 1408 cum
2509 1366 2606 1424 per
2648 1353 2751 1408 hoc
2801 1354 2947 1424 quod
2992 1354 3307 1410 societatem
3360 1354 3724 1410 Macedonum

2140 1441 2399 1498 afﬁnitate
2436 1443 2582 1513 regis
2623 1442 3016 1513 paciscebatur,
3042 1443 3329 1513 imperium
3355 1460 3506 1501 suum
3547 1446 3724 1500 sedi-

2141 1530 2432 1586 lataturum
2465 1540 2676 1601 putaret
2724 1547 2823 1603 per
2855 1531 2960 1587 hoc
3001 1533 3256 1604 deceptus
3284 1534 3482 1600 amisit,
3533 1536 3727 1606 priva-

2142 1632 2337 1695 tusque
2363 1625 2420 1680 in
2448 1625 2637 1681 exsilio
2685 1623 2984 1680 consenuit.
3033 1625 3236 1682 Deinde
3263 1625 3561 1697 Philippus,
3593 1642 3723 1683 eum

2141 1716 2450 1773 Mothonam
2481 1719 2672 1773 urbem
2710 1725 3068 1789 oppugnaret,
3094 1717 3203 1773 ictu
3241 1718 3449 1788 sagitta:
3489 1718 3725 1774 oculum

2141 1809 2389 1879 perdidit.
2421 1808 2594 1879 Ipsam
2645 1823 2774 1864 vero
2818 1809 3007 1866 urbem
3032 1823 3159 1865 mox
3187 1809 3509 1880 expugnavit
3553 1818 3616 1865 et
3637 1823 3727 1864 ce-

444 1893 737 1964 ‘superius,
756 1893 861 1973 sed
886 1891 1026 1948 bello
1046 1872 1280 1962 et—pa—ce,
1307 1890 1440 1947 foris
1464 1900 1521 1946 et
1546 1890 1714 1958 domi,
1734 1905 1950 1947 omnem
1980 1891 2037 1946 in
2066 1872 2113 1932 Β
2140 1872 2239 1971 pit.
2264 1900 2401 1956 Exin
2430 1872 2693 1957 (graeciam
2717 1915 2885 1972 prope
2911 1908 3080 1956 totam
3110 1872 3359 1957 consiliis
3384 1911 3721 1972 praeventam

464 1990 677 2052 partem
734 1982 980 2037 Romana
1024 1982 1197 2038 virtus
1249 1990 1362 2037 tum
1412 1997 1472 2037 se
1516 1982 1851 2052 approbavit.
1903 1981 2040 2037 Cum

464 2071 706 2144 Pyrrhus
733 2070 822 2127 ille
869 2071 1125 2127 terribilis
1153 2080 1274 2143 post
1310 2072 1501 2142 primae
1521 2086 1714 2143 pugnas
1735 2072 2035 2139 victoriam,

464 2162 738 2219 intellecta
772 2162 1136 2217 Romanorum
1175 2164 1394 2229 virtute,
1425 2161 1566 2218 facto
1590 2161 1810 2228 foedere,
1844 2177 2038 2233 quam-

463 2254 548 2310 vis
577 2255 839 2320 vinceret,
865 2255 920 2309 in
947 2254 1245 2311 amicitiam
1284 2255 1451 2326 recipi
1473 2255 1659 2321 voluit,
1688 2255 1783 2310 sed
1812 2255 2040 2325 abnega-

467 2344 542 2400 vit
568 2353 806 2400 senatus.
846 2344 959 2400 Nec
1006 2344 1112 2407 alia
1138 2345 1311 2415 magis
1337 2360 1502 2416 quam
1531 2345 1823 2401 Tarentina
1856 2355 2039 2402 osten-

462 2435 543 2489 dit
567 2436 747 2506 p0puli
770 2435 1001 2492 Romani
1023 2435 1418 2501 fortitudinem,
1442 2444 1663 2493 senatus
1690 2436 2034 2507 sapientiam,

442 2522 659 2576 «lucum
716 2525 1219 2593 magnanimitatem
1272 2539 1423 2580 :nec
1472 2524 1609 2580 alius
1660 2525 1938 2596 pulchrior
1981 2526 2037 2581 in

444 2610 608 2666 'Urbe
633 2620 727 2665 aut
749 2614 1047 2683 speciosior
1098 2613 1405 2684 triumphus
1445 2614 1686 2670 intravit.
1727 2615 1866 2669 Ante
1893 2615 2038 2671 hunc

462 2702 604 2757 dicm
637 2702 772 2758 nihil
799 2712 998 2774 praeter
1040 2719 1239 2775 pecora
1266 2703 1606 2771 Volscorum,
1657 2719 1848 2777 greges
1878 2704 2038 2762 Sabi-

460 2806 677 2859 norum,
721 2801 978 2863 carpenta
1005 2792 1305 2859 Gallorum,
1336 2792 1509 2848 fracta
1556 2791 1857 2849 Samnitum
1881 2808 2034 2849 arma

458 2883 732 2939 viderunt.
767 2884 904 2939 Tum
934 2891 1114 2940 autem
1135 2884 1181 2940 si
1202 2884 1443 2954 captivos
1470 2883 1761 2954 aspiceres,
1790 2883 2033 2950 Molossi,

461 2973 771 3040 Thessales,
815 2973 1429 3041 Macedones,Brutius,
1469 2973 1675 3045 Apulus
1719 2982 1881 3043 atque
1927 2974 2037 3029 Lu-

459 3078 661 3129 canus;
692 3064 738 3117 si
767 3079 1039 3133 pompam,
1082 3079 1298 3129 aurum,
1327 3079 1644 3134 purpuram,
1695 3064 1847 3134 signa
1881 3064 2036 3120 tabu-

457 3151 546 3217 ιω,
574 3152 987 3222 Tarentinaeque
1017 3153 1241 3208 delicia.
1273 3151 1380 3207 Sed
1419 3152 1553 3207 nihil
1583 3152 1836 3208 libentius
1864 3168 2033 3224 popu-

456 3240 542 3294 lus
592 3238 868 3294 Romanus
910 3241 1123 3309 aspexit
1156 3255 1320 3312 quam
1372 3241 1514 3307 illas,
1567 3256 1705 3311 quas
1757 3243 2028 3306 timuerat,

457 3348 582 3389 cum
635 3331 883 3388 turribus
925 3333 1041 3387 suis
1085 3332 1313 3400 belluas,
1358 3349 1497 3403 quae,
1546 3348 1653 3388 non
1698 3334 1816 3388 sine
1871 3349 2034 3389 sensu

457 3424 811 3494 captivitatis,
845 3423 1151 3479 summissis
1173 3422 1475 3478 cervicibus
1497 3424 1730 3478 victores
1754 3437 1924 3493 equos
1950 3438 2036 3478 se-

457 3519 781 3589 quebantur.

529 3610 634 3670 Sed
685 3611 940 3682 quoniam
981 3611 1217 3683 gentiqu
1243 3611 1578 3666 diversarum
1611 3617 1786 3675 actus,
1836 3610 2034 3680 partim

457 3702 684 3758 libando
723 3717 1005 3759 recensere
1035 3703 1273 3774 disposui
1302 3720 1315 3755 :
1349 3717 1495 3758 nunc
1540 3702 1834 3757 Alexandri
1880 3703 2035 3758 istius

455 3808 587 3847 casu
642 3792 1027 3858 commonitus,
1082 3792 1149 3847 de
1208 3790 1455 3860 Philippo
1501 3789 2033 3845 Lacedmmoniorum

458 3900 607 3955 rege,
661 3883 754 3953 qui
809 3882 1180 3954 Olympiadem
1231 3880 1392 3950 hujus
1447 3879 1740 3934 Alexandri
1798 3879 2035 3950 Epirota:

455 3987 701 4027 sororem
783 3987 1007 4027 uxorem
1082 3971 1293 4038 habuit,
1361 3986 1427 4026 ex
1500 3984 1607 4039 qua
1670 3968 2035 4023 Alexandrum

455 4064 709 4135 Magnum
761 4064 964 4136 genuit,
998 4062 1342 4134 paucissimis
1393 4061 1552 4120 annis
1578 4068 1725 4114 retro
1767 4060 2030 4130 repetitis,

455 4172 650 4227 magna
684 4156 971 4226 parvis,.in
1001 4164 1261 4226 quantum
1284 4162 1493 4224 potero,
1517 4152 1764 4225 colligam
1791 4152 2029 4223 syllabis.

453 4246 623 4318 Igitur
668 4246 952 4317 Philippus
1017 4240 1251 4301 Aminta:
1306 4245 1475 4311 ﬁlius,
1506 4244 1795 4299 Alexandri
1856 4252 2033 4317 pater,

454 4354 680 4409 regnum
726 4339 1076 4397 Macedonum
1111 4339 1335 4407 adeptus
1365 4336 1435 4391 25
1462 4336 1819 4391 annistcnuit
1849 4353 1863 4389 :
1911 4335 2035 4405 qui—

457 4432 556 4485 bus
579 4431 677 4484 hos
702 4446 892 4486 omnes
917 4430 1275 4484 acerbitatum
1308 4442 1532 4483 acervos
1554 4435 1888 4496 cunctosque
1918 4442 2041 4481 ma—

454 4524 630 4579 lorum
692 4523 862 4601 moles
924 4522 1136 4577 struxit.
1172 4520 1271 4576 llic
1304 4521 1542 4591 primum
1607 4520 1677 4575 ab
1723 4518 2034 4577 Alexandro

456 4615 625 4676 fratre
654 4615 812 4668 obses
850 4612 1123 4671 Thebanis
1163 4612 1342 4676 datus,
1388 4626 1487 4682 per
1537 4610 1831 4667 triennium
1890 4612 2034 4681 apud

437 4702 919 4773 Epaminondam,
987 4702 1424 4759 strenuissimum
1502 4701 1911 4771 imperatorem,
1978 4710 2035 4758 et

457 4805 728 4852 summum
770 4793 1168 4865 philosophum,
1226 4792 1485 4852 ’eruditus
1537 4799 1640 4847 est.
1681 4790 1803 4862 lpso
1852 4799 2032 4854 autem

453 4887 765 4942 Alexandro
793 4884 995 4941 scelere
1020 4883 1302 4956 Eurydicis
1328 4883 1520 4938 matris
1549 4882 1751 4948 occiso,
1782 4884 2032 4953 quamvis

457 4981 620 5036 ctiam
652 4979 942 5035 commisso
984 4977 1270 5044 adulterio,
1316 4985 1372 5033 et
1424 4976 1594 5032 altero
1630 4976 1866 5045 primum
1922 4976 2033 5033 tilio

446 5056 763 5137 interfecto,
813 5070 1027 5140 liliaque
1075 5069 1316 5135 viduata,
1363 5067 1548 5142 generi
1601 5068 1819 5138 nuptias
1855 5068 2036 5123 mariti

456 5170 635 5218 morte
662 5162 969 5233 pepigisset,
1007 5159 1316 5231 compulsus
1339 5174 1370 5213 a
1399 5157 1593 5228 populo
1618 5172 1867 5227 regnum,
1891 5156 2036 5227 quod

457 5256 623 5324 partio
648 5252 811 5308 occisi
838 5250 1022 5306 fratris
1056 5250 1166 5305 filio
1198 5250 1469 5312 tuebatur,
1500 5247 1761 5317 suscepit,
1792 5247 1884 5316 qui
1910 5262 2037 5300 cum

459 5342 592 5399 foris
619 5358 887 5399 concursu
911 5341 1316 5413 exsurgentium
1343 5338 1580 5408 undique
1608 5337 1865 5403 hostium,
1890 5338 2034 5393 domi

461 5443 639 5489 autem
663 5433 1120 5503 deprehensarum
1154 5445 1295 5499 smpe
1320 5428 1635 5483 insidiarum
1670 5435 1813 5482 metu
1843 5426 2036 5498 fatiga-

444 5510 631 5590 retur,
678 5524 910 5593 primum
953 5520 1155 5576 bellum
1207 5534 1335 5574 cum
1380 5517 1804 5573 Atheniensibus
1846 5516 2032 5587 gessit.

460 5612 667 5677 Quibus
690 5612 866 5676 victis,
901 5625 1053 5665 arma
1079 5610 1146 5664 ad
1180 5607 1389 5679 lllyrios
1417 5605 1710 5672 transtulit,
1743 5603 2036 5674 multisque

462 5699 701 5755 millibus
743 5700 977 5754 hostium
1021 5699 1320 5762 trucidatis,
1362 5696 1638 5752 Larissam
1663 5699 1848 5753 urbem
1876 5697 2032 5754 nobi-

537 5820 563 5849 ι
594 5808 751 5863 Deest
783 5809 1001 5877 aliquid.

2139 1989 2344 2046 viribus
2377 1990 2602 2046 domuit.
2649 1990 2859 2060 Quippe
2895 1988 3117 2046 Graecia:
3143 1991 3409 2057 civitates,
3437 1991 3573 2047 dum
3619 1990 3723 2045 im—

2130 2094 2330 2149 perare
2376 2079 2597 2152 singula:
2624 2082 2864 2150 cupiunt,
2906 2081 3190 2151 imperium
3230 2097 3418 2137 omnes
3458 2080 3719 2151 perinde-

2139 2181 2284 2237 runt,
2321 2179 2377 2226 et
2415 2173 2540 2226 dum
2584 2172 2640 2226 in
2679 2180 2924 2227 mutuum
2949 2172 3175 2228 exitium
3201 2173 3319 2228 sine
3340 2173 3494 2229 modo
3524 2184 3718 2240 nunt,

2138 2260 2387 2315 omnibus
2412 2259 2611 2329 perire,
2644 2259 2786 2329 quod
2826 2260 3051 2332 singula:
3078 2261 3405 2323 amitterent,
3441 2277 3722 2333 oppressa:

2139 2348 2354 2402 demum
2379 2347 2785 2417 servientesque
2802 2358 3108 2404 senserunt.
3135 2348 3372 2416 Quarum
3407 2350 3537 2405 dum
3564 2352 3715 2406 insa-

2136 2450 2235 2490 nas
2250 2435 2680 2491 concertationes
2698 2435 2996 2506 Philippus,
3020 2437 3182 2493 veluti
3204 2439 3418 2508 specula
3436 2440 3714 2508 observat,

2136 2524 2504 2595 auxiliumque
2547 2540 2762 2597 semper
2806 2526 3151 2585 inferioribus
3189 2531 3547 2601 suggerendo,
3584 2546 3718 2587 con-

2137 2613 2422 2680 tentiones,
2462 2613 2725 2670 bellorum
2785 2613 3021 2683 fomites,
3085 2617 3308 2673 callidus
3360 2619 3466 2674 doli
3512 2619 3716 2675 artifex

2137 2704 2300 2769 fovet,
2330 2704 2500 2761 victos
2538 2703 2640 2760 sibi
2667 2704 2872 2775 pariter
2893 2705 3234 2776 victoresque
3260 2705 3499 2776 subjecit.
3542 2709 3717 2780 Igitur

2136 2796 2354 2866 quantis
2378 2795 2620 2851 allecerit
2642 2804 2810 2851 totam
2846 2795 3110 2853 Graeciam
3138 2798 3372 2854 miseriis
3395 2811 3445 2866 ο,
3467 2799 3717 2870 aliosque

2135 2904 2166 2944 a
2189 2890 2385 2959 quibus
2409 2903 2544 2959 pace
2578 2897 2860 2959 susceptus
2879 2888 3146 2944 hostiliter
3174 2889 3396 2955 invadit,
3419 2890 3721 2946 crudeliter

2135 2978 2343 3049 diripit,
2374 2978 2630 3049 omnique
2656 2979 2936 3034 societatis
2962 2979 3292 3035 conscientia
3336 2980 3551 3049 penitus
3585 2982 3718 3037 abo-

2138 3069 2251 3134 lita,
2279 3069 2536 3139 conjuges
2562 3068 2871 3139 liberosque
2907 3068 3149 3123 omnium
3175 3069 3274 3123 sub
3296 3082 3496 3123 corona
3523 3070 3718 3124 vendi-

2138 3158 2236 3224 dit,
2272 3158 2576 3229 tempiaque
2611 3144 2864 3213 universa
2910 3158 3193 3213 subvertit.
3216 3156 3345 3213 Post
3368 3158 3556 3214 baeciu
3578 3159 3719 3230 Cap-

2139 3247 2420 3319 padociam
2444 3248 2680 3313 transiit,
2707 3247 2887 3317 ibique
2906 3247 3102 3303 bellum
3125 3248 3239 3317 pari
3262 3247 3483 3318 perfidia
3506 3248 3713 3320 gessit:

2136 3347 2321 3407 captos
2348 3352 2447 3408 per
2480 3336 2660 3393 dolum
2702 3337 2957 3394 finitimos
2980 3352 3134 3406 reges
3173 3337 3465 3403 interfecit,
3514 3349 3718 3395 totam-

2135 3441 2241 3497 que
2269 3426 2663 3497 Cappadociam
2697 3442 2795 3482 suo
2844 3426 3073 3497 imperio
3107 3426 3363 3482 subdidit.
3409 3426 3538 3483 inde
3592 3439 3718 3500 post

2126 3511 2331 3584 ’cazdes,
2385 3517 2653 3582 incendia,
2685 3533 2751 3573 ac
2778 3517 3160 3587 praedationes,
3203 3532 3338 3586 quas
3364 3527 3611 3589 gesserat
3659 3518 3717 3575 in

2137 3611 2363 3667 urbibus
2412 3612 2598 3677 sociis,
2650 3610 2718 3665 ad
2771 3610 3060 3680 parricidia
3116 3624 3436 3674 conversus,
3492 3608 3714 3674 fratnes,

2133 3719 2271 3773 quos
2298 3704 2607 3759 cohaeredes
2629 3703 2779 3774 regni
2801 3703 3106 3766 verebatur,
3134 3700 3428 3765 interiecit,
3453 3700 3717 3770 supplicio

2135 3809 2201 3848 ac
2224 3793 2342 3849 neci
2392 3793 2558 3849 dedit.
2587 3793 2715 3848 Inde
2742 3794 2984 3849 omnium
3021 3792 3185 3848 urbes
3221 3791 3464 3861 finesque
3491 3791 3717 3861 popula-

2135 3892 2243 3950 tus,
2271 3892 2493 3938 cruenta
2515 3885 2803 3954 praasentia
2832 3884 3028 3948 effecit,
3058 3892 3118 3937 ut
3142 3883 3307 3937 etiam
3333 3883 3534 3937 absens
3559 3883 3715 3936 time-

2136 3983 2304 4029 retur.
2332 3974 2499 4044 lgitur
2524 3974 2660 4029 alios
2680 3973 2925 4044 populos,
2948 3972 3168 4028 sedibus
3192 3972 3308 4027 suis
3326 3971 3568 4037 avulsus,
3595 3970 3715 4025 fini-

2132 4066 2235 4121 bus
2272 4064 2506 4119 hostium
2533 4064 2774 4135 opponit,
2803 4062 2938 4117 alios
2967 4063 3019 4116 in
3054 4061 3314 4117 extremis
3340 4061 3494 4132 regni
3522 4060 3712 4115 termi-

2135 4157 2221 4212 nis
2244 4156 2433 4211 statuit
2463 4173 2475 4209 :
2511 4153 2772 4225 quosdam
2802 4152 3147 4207 mmulatione
3174 4151 3394 4215 virium,
3422 4165 3491 4204 ne
3508 4150 3718 4220 possim

2135 4244 2275 4315 quod
2302 4259 2459 4314 posse
2496 4243 2808 4304 creduntur,
2856 4243 2910 4295 in
2936 4240 3306 4311 supplementa
3330 4240 3716 4293 exhaustamm

2136 4336 2351 4391 urbium
2390 4333 2601 4388 dividit.
2651 4333 2733 4388 ita
2779 4331 3227 4404 gloriosissimum
3277 4330 3413 4385 illud
3443 4330 3714 4409 quondam

2135 4425 2378 4482 ﬂorentis
2407 4424 2629 4481 Graecia:
2656 4438 2854 4493 corpus
2882 4423 2933 4477 in
2962 4421 3160 4477 multas
3182 4421 3556 4491 laceratusque
3585 4435 3712 4491 par-

2140 4520 2331 4576 ticulas
2360 4518 2628 4574 exstincta
2651 4517 2884 4587 primum
2914 4515 3182 4579 libertate,
3214 4514 3469 4568 concidit.
3493 4512 3716 4567 Prmter-

2142 4627 2206 4667 ea
2240 4627 2365 4671 cum
2421 4625 2544 4665 eum
2586 4609 2692 4663 duo
2721 4607 2915 4661 fratres
2955 4604 3203 4661 Thraciae
3259 4618 3436 4674 reges,
3475 4617 3543 4657 ex
3581 4617 3711 4656 cono

2141 4720 2304 4761 sensu
2382 4700 2827 4774 praeoptavissent
2896 4696 3149 4759 indicem,
3206 4694 3507 4764 Philippus,
3565 4705 3716 4747 more

2141 4796 2340 4869 ingenii
2367 4794 2471 4859 sui,
2523 4793 2591 4848 ad
2627 4790 2910 4860 judicium,
2952 4796 3209 4857 tauquam
3237 4785 3305 4840 ad
3327 4783 3548 4847 bellum,
3590 4797 3714 4837 cum

2141 4889 2407 4944 instructo
2448 4882 2692 4938 exercitu
2753 4880 3050 4950 ingressus,
3087 4875 3288 4932 inscios
3330 4874 3560 4944 juvenes
3605 4872 3715 4925 vita

2142 4989 2414 5047 regnoque
2491 4970 2742 5045 privavit.
2814 4967 2897 5022 Ad
2966 4965 3242 5037 Scythiam
3306 4976 3521 5033 quoque
3590 4975 3717 5014 cum

2135 5065 2440 5122 Alexandro
2489 5061 2599 5117 ﬁlio
2666 5057 2943 5135 praedandi
2990 5055 3289 5111 intentione
3334 5049 3651 5124 pertransiit
3693 5064 3713 5104 :

2136 5157 2531 5226 commissoque
2555 5152 2762 5225 praelio,
2797 5166 2921 5206 cum
2965 5147 3184 5219 Scytha:
3203 5154 3259 5200 et
3278 5158 3504 5200 numero
3528 5151 3586 5197 et
3603 5140 3717 5193 vir-

2137 5257 2251 5302 tute
2299 5251 2642 5317 pracstarent,
2688 5241 2918 5311 Philippi
2966 5239 3154 5293 fraude
3194 5236 3505 5290 vincuntur.
3551 5230 3611 5284 In
3647 5243 3715 5283 ea

2136 5353 2313 5409 pugna
2357 5335 2546 5405 viginti
2579 5332 2743 5392 millia
2786 5344 3074 5406 puerorum
3106 5343 3170 5382 ac
3211 5324 3537 5381 feminarum
3574 5319 3712 5389 Scy-

2140 5430 2299 5484 thica:
2319 5427 2495 5498 gentis
2522 5434 2711 5495 capta;
2758 5436 3014 5493 pecorum
3058 5432 3251 5489 magna
3278 5415 3430 5485 copia
3461 5410 3711 5471 abducta,

2140 5521 2255 5576 auri
2302 5528 2464 5588 atque
2509 5517 2715 5587 argenti
2765 5513 2899 5569 nihil
2942 5522 3235 5582 repertum.
3268 5506 3402 5561 Nam
3427 5513 3483 5559 et
3525 5517 3589 5557 ea
3624 5515 3715 5555 res

2139 5613 2316 5684 primo
2359 5608 2516 5664 ﬁdem
2568 5606 2761 5678 impia:
2806 5603 3074 5675 Scythicae
3115 5600 3279 5656 dedit.
3314 5595 3515 5667 Viginti
3544 5591 3711 5647 millia

2138 5703 2397 5760 nobilium
2422 5713 2680 5770 equarum
2712 5694 3025 5752 sulliciendo
3048 5692 3233 5767 generi
3264 5691 3318 5763 in
3344 5687 3713 5745 Macedoniam
