3964 6172
306 401 446 458 1615

1397 395 1808 454 ΕΗΚΟΝΙΟΟΝ.
1856 424 1929 437 —-
1965 394 2129 451 T05"
2168 395 2186 449 Ι
2226 394 2352 449 LIB.
2391 393 2475 447 lV.

3413 392 3548 448 ltili

302 515 471 567 missa
517 519 660 566 sunt.
711 509 818 565 Sed
867 509 1152 564 revertenti
1186 507 1433 578 Philippo
1478 507 1705 562 Triballi
1735 506 1875 563 bello
1902 510 1954 567 Α
1979 504 2303 569 Samnitum,
2344 503 2532 567 Fabio,
2586 502 2846 573 magistro
2874 502 3137 572 equitum,
3167 517 3401 571 pugnam
3422 518 3550 558 con-

299 603 544 665 obviant,
578 600 631 653 in
668 615 776 669 quo
806 600 878 653 ita
926 599 1201 668 Philippus
1232 599 1286 653 in
1323 597 1528 653 femore
1567 598 1879 653 vulneratus

302 699 411 755 est,
438 700 499 744 ut
525 704 621 760 per
647 670 846 758 corpus
883 687 999 755 ejus
1024 703 1194 759 equus
1233 688 1651 742 interficeretur.
1681 685 1877 741 Statim

306 797 438 834 vero
458 789 518 834 ut
532 779 828 843 convaluit,
856 778 1276 851 Atheniensibus
1308 777 1506 832 bellum
1534 776 1734 841 intulit,
1762 776 1876 844 qui,

306 872 362 925 in
393 878 545 924 tanto
576 869 890 923 discrimine
919 868 1099 939 positi,
1128 868 1579 933 Lacedaemonios,
1609 866 1879 936 quondam

306 963 517 1025 hostes,
545 968 672 1014 tunc
696 960 871 1014 socios
894 960 1184 1025 asciscant,
1212 960 1484 1029 totiusque
1507 958 1730 1013 Grzecia:
1749 957 1882 1012 civi-

309 1060 476 1113 tates,
520 1050 871 1119 legationibus
912 1048 1143 1116 fatigant
1189 1058 1248 1103 ut
1292 1063 1637 1105 communem
1670 1048 1882 1102 hostem

307 1140 691 1195 communibus
725 1138 929 1193 viribus
962 1147 1165 1208 petant.
1196 1139 1379 1208 Itaque
1414 1139 1701 1208 aliquanta:
1723 1138 1884 1192 urbes

309 1230 733 1285 Atheniensibus
770 1243 890 1283 sese
932 1227 1289 1296 coniunxere,
1335 1231 1594 1298 quasdam
1652 1243 1782 1283 vero
1815 1228 1884 1282 ad

309 1322 617 1390 Philippum
669 1320 793 1374 belli
848 1328 1022 1374 metus
1079 1320 1263 1374 traxit.
1317 1320 1509 1374 Prmlio
1573 1318 1881 1384 commisso,

308 1429 440 1468 cum
463 1410 822 1465 Athenienses
846 1410 1006 1481 longo
1028 1408 1231 1477 maiore
1256 1424 1480 1464 numero
1503 1409 1732 1463 militum
1752 1422 1887 1476 prte-

310 1511 546 1567 starent,
594 1501 831 1556 assiduis
870 1511 1047 1555 tamen
1078 1499 1233 1555 bellis
1262 1500 1512 1554 indurata
1537 1496 1887 1571 Macedonum

313 1592 519 1646 virtute
567 1592 878 1645 vincuntur.
916 1589 1088 1657 Quam
1141 1603 1372 1659 pugnam
1433 1588 1588 1659 longe
1638 1586 1888 1642 omnibus

309 1690 444 1737 ante
482 1683 754 1751 prioribus
804 1681 959 1735 bellis
1010 1680 1332 1735 atrociorem
1358 1678 1528 1734 fuisse
1574 1678 1688 1749 ipse
1709 1692 1886 1733 rerum

309 1775 495 1829 exitus
523 1773 725 1828 docuit.
773 1771 908 1827 Nam
960 1771 1051 1826 hic
1078 1769 1195 1827 dies
1241 1771 1384 1840 apud
1410 1770 1717 1826 universam
1745 1768 1890 1825 Grie-

311 1866 458 1921 ciam
482 1863 759 1933 acquisita:
781 1862 1161 1918 dominationis
1181 1861 1405 1931 gloriam
1435 1869 1491 1915 et
1511 1860 1888 1915 vetustissima:

313 1954 584 2009 libertatis
613 1962 812 2008 statum
845 1952 1037 2007 finivit.
1077 1952 1265 2007 Postea
1304 1951 1582 2022 Philippus
1621 1949 1891 2006 cruentis-

311 2046 510 2100 simam
563 2044 846 2098 victoriam
885 2043 939 2097 in
1001 2042 1287 2097 Thebanos
1337 2049 1397 2097 et
1458 2032 1893 2097 Lacedzemonios

314 2134 582 2189 exercuit.
615 2131 895 2201 Siquidem
932 2130 1206 2201 principes
1247 2130 1526 2185 civitatum
1557 2128 1691 2183 alios
1714 2125 1891 2182 secnri

316 2222 611 2292 percussit,
640 2221 775 2276 alios
815 2222 870 2275 iu
890 2221 1141 2277 exsilium
1164 2222 1295 2290 egit,
1318 2220 1570 2275 omnibus
1598 2219 1754 2275 bonis
1783 2218 1893 2288 pri-

319 2314 489 2367 vavit.
519 2312 709 2369 Pulses
746 2312 949 2367 dudum
980 2326 1011 2366 a
1038 2311 1244 2367 civibus
1272 2311 1327 2366 in
1372 2311 1606 2380 patriam
1635 2309 1890 2365 restituit.

318 2402 400 2457 Ex
452 2403 649 2471 quibus
706 2408 980 2456 trecentos
1030 2400 1248 2456 exsules
1287 2396 1497 2468 iudices
1550 2407 1895 2468 rectoresque

318 2492 566 2564 praefecit
595 2509 609 2545 :
640 2491 733 2561 qui
778 2497 840 2546 ut
863 2485 1157 2560 antiquum.
1178 2490 1424 2546 dolorem
1472 2504 1609 2545 nova
1628 2496 1896 2559 potestate

316 2590 597 2647 curarent,
645 2596 863 2653 pressos
887 2581 1174 2637 infeliciter
1219 2581 1446 2652 populos
1472 2581 1527 2636 in
1551 2595 1702 2652 spem
1732 2579 1894 2636 liber-

323 2677 455 2732 tatis
476 2675 742 2745 respirare
764 2689 871 2729 non
894 2673 1161 2728 sinebant.
1183 2671 1451 2729 Praeterea
1474 2686 1668 2744 magno
1685 2670 1894 2728 delectu

325 2768 559 2823 militum
609 2768 663 2821 in
720 2765 1018 2822 subsidium
1067 2765 1229 2835 regiae
1261 2764 1624 2835 dispositionis
1667 2778 1735 2820 ex
1786 2771 1896 2819 tota

320 2857 536 2914 Gnecia
562 2856 765 2922 habito,
800 2856 1028 2910 ducenta
1058 2854 1224 2909 millia
1246 2853 1483 2924 peditum
1510 2861 1566 2908 et
1587 2852 1895 2923 quindecim

329 2948 500 3004 millia
525 2949 764 3016 equitum
811 2946 1014 3016 absque
1043 2946 1285 3002 exercitu
1311 2945 1680 3009 Macedonum,
1729 2952 1785 3000 et
1819 2944 1899 2999 in-

328 3039 484 3094 ﬁnita
514 3038 752 3109 gentium
798 3038 1151 3093 barbararum
1202 3036 1418 3093 Persica
1449 3036 1794 3106 expeditione
1842 3037 1897 3091 in

326 3128 515 3183 Asiam
576 3128 839 3182 missurus
897 3127 1172 3182 instruxit.
1222 3126 1357 3182 Tres
1405 3125 1590 3192 duces,
1640 3126 1742 3181 hoc
1789 3134 1895 3191 est,

1978 604 2211 659 serente,
2232 594 2574 657 cecidissent,
2611 592 3079 662 circumspcctiore
3107 607 3234 646 cura
3258 589 3553 658 Samnites,

1977 702 2044 742 ac
2070 687 2239 757 magis
2260 686 2525 741 instructo
2554 691 2836 754 apparatu,
2863 683 3002 751 apud
3022 680 3289 737 Caudinas
3312 681 3555 737 furculas

1977 774 2355 832 consederunt.
2392 772 2495 828 Ubi
2530 788 2654 827 cum
2688 768 2753 839 Q.
2784 770 3060 826 Veturium
3096 777 3152 823 et
3178 769 3548 824 Posthumium

1979 864 2250 930 consules,
2295 876 2591 931 omnesque
2639 860 2823 930 copias
2873 860 3237 913 Romanorum
3292 858 3553 929 angustiis

1981 960 2221 1016 locorum
2265 957 2538 1027 armisque
2583 955 2923 1021 clausissent,
2968 952 3191 1009 Pontius
3230 956 3338 1010 dux
3365 970 3550 1010 eorum

1981 1052 2035 1107 in
2063 1058 2269 1106 tantum
2297 1050 2499 1105 abusus
2540 1056 2623 1104 est
2644 1048 2884 1104 victoriae
2910 1048 3219 1113 securitate,
3259 1055 3316 1102 ut
3355 1046 3555 1103 lleren-

1982 1144 2131 1199 nium
2162 1152 2366 1214 patrem
2396 1142 2782 1198 consulendum
2812 1150 3028 1211 putaret
3070 1149 3250 1196 utrum
3278 1143 3552 1199 occideret

1981 1235 2195 1290 clausos
2231 1249 2300 1287 an
2340 1243 2589 1303 parceret
2615 1232 2933 1304 subiugatis.
2973 1233 3044 1290 Ut
3083 1234 3233 1289 vivos
3263 1242 3439 1291 tamen
3464 1234 3557 1289 dc-

1983 1325 2163 1381 deeori
2205 1332 2528 1389 reservaret,
2562 1323 2741 1394 elegit.
2769 1323 3042 1380 Romanos
3072 1326 3238 1381 etiam
3261 1334 3421 1380 antea
3455 1340 3559 1380 sa:-

1983 1413 2204 1486 pissimc
2245 1413 2386 1468 vinci
2439 1421 2494 1467 et
2523 1414 2717 1480 occidi,
2767 1430 3040 1485 nunquam
3071 1424 3249 1470 autem
3289 1416 3433 1486 capi,
3467 1424 3563 1470 aut.

1984 1504 2052 1558 ad
2075 1503 2402 1577 deditionem
2437 1504 2553 1574 cogi
2599 1505 2839 1574 potuisse
2860 1505 3164 1571 constabat.
3195 1506 3379 1576 itaque
3405 1505 3560 1562 Sam-

1986 1594 2146 1659 nites,
2173 1592 2400 1648 victoria
2443 1594 2619 1663 potiti,
2657 1594 2967 1651 universum
3018 1595 3318 1650 exercitum
3360 1596 3561 1650 Bouia-

1987 1698 2117 1738 num
2161 1683 2391 1752 turpiter
2418 1691 2658 1752 captum,
2707 1684 2876 1739 armis
2916 1684 3079 1739 etiam
3116 1685 3563 1755 vestimentisque

1989 1774 2271 1837 nudatum,
2301 1780 2512 1828 tantum
2537 1772 2763 1843 singulis
2789 1772 3070 1828 vilioribus
3113 1774 3466 1843 operimentis
3492 1773 3564 1833 oh

1917 1852 1962 1912 Β
1987 1863 2292 1920 verecunda
2328 1878 2614 1933 corporum
2645 1862 2870 1933 tegenda
2906 1862 3196 1929 concessis,
3246 1862 3347 1917 sub
3368 1876 3570 1932 iugum.

1990 1955 2216 2011 missum
2252 1953 2579 2024 servitioque
2623 1952 2944 2023 subjectum,
2979 1951 3192 2023 longum
3233 1966 3392 2023 agere
3417 1967 3564 2021 pom-

1988 2062 2070 2116 pce
2098 2045 2344 2100 ordinem
2374 2054 2761 2114 prteceperunt.
2804 2042 3088 2099 Sexcentis
3133 2051 3313 2097 autem
3368 2040 3563 2112 equiti-

1989 2134 2091 2189 bus
2114 2134 2371 2189 [tertianis
2398 2134 2452 2188 in
2487 2133 2812 2189 obsidiatum
2850 2133 3101 2202 receptis,
3130 2141 3386 2188 oneratos
3416 2132 3567 2202 igno-

1991 2225 2179 2292 minia,
2226 2224 2438 2282 caeteris
2481 2225 2643 2280 rebus
2670 2239 2902 2288 vacuos,
2933 2224 3181 2280 consules
3222 2224 3569 2281 remiserunt.

1991 2315 2295 2371 Posteriore
2332 2330 2476 2369 anno
2509 2313 2810 2385 infringent
2866 2314 3094 2369 Romani
3133 2314 3401 2369 tirmatam
3443 2328 3568 2368 cum

1991 2402 2326 2460 Samnitibus
2370 2402 2696 2472 pactionem,
2748 2416 2947 2471 eosque
2998 2402 3052 2455 in
3097 2401 3294 2457 bellum
3346 2408 3567 2471 cogunt,

1992 2494 2135 2566 quod
2160 2494 2390 2564 Papyrio
2412 2493 2632 2549 consule
2655 2493 2939 2548 insistente
2962 2491 3330 2557 commissum,
3348 2505 3569 2562 magnas

1993 2596 2205 2657 strages
2230 2584 2513 2654 utriusque
2531 2584 2713 2654 populi
2735 2583 2903 2649 dedit,
2930 2598 3053 2638 cum
3080 2582 3205 2637 hinc
3232 2581 3310 2635 ira
3337 2582 3571 2637 recentis

1993 2682 2254 2745 infamiae,
2283 2679 2408 2736 inde
2456 2678 2627 2749 gloria
2679 2678 2938 2749 proxima:
2985 2675 3226 2732 victoria:
3269 2682 3572 2745 pugnantes

1994 2772 2373 2829 instimularet.
2405 2769 2646 2824 Tandem
2667 2769 2895 2824 Romani
2917 2767 3263 2839 pertinaciter
3288 2765 3575 2820 moriendo.

1995 2863 2245 2917 vicerunt
2274 2879 2289 2915 :
2316 2876 2415 2916 nec
2451 2860 2586 2915 ctedi
2624 2859 2827 2930 pariter
2852 2857 2936 2912 vel
2975 2858 3183 2912 cedere
3227 2855 3580 2921 destiterunt,

1998 2950 2101 3005 nisi
2121 2957 2408 3019 postquam
2429 2948 2588 3004 victis
2607 2947 2941 3015 Samnitibus
2961 2954 3017 3002 et
3036 2954 3195 3016 capto
3208 2943 3344 2999 duce
3359 2960 3573 3011 eorum,

1993 3039 2183 3112 iugum
2206 3046 2562 3109 reposuerunt
2598 3036 2890 3094 servitutis.
2921 3036 3064 3091 Idem
3096 3034 3287 3090 deinde
3313 3034 3583 3104 Papyrius.

2001 3112 2298 3194 Satricum,
2327 3129 2552 3199 expulso
2587 3126 2714 3184 inde
2754 3125 3055 3182 Samnitico
3085 3125 3351 3197 praesidio,
3404 3139 3573 3193 expu-

326 3218 762 3285 Parmenionem,
799 3218 1073 3272 Aminiam
1100 3227 1157 3273 et
1198 3218 1459 3283 Attalum,
1498 3217 1899 3287 praemittendus
1925 3192 1970 3255 (ἶ
2000 3219 2185 3288 gnavit
2210 3192 2448 3288 etcepit.
2489 3217 2588 3273 llic
2612 3225 2791 3272 autem
2822 3192 3102 3286 Papyrius—
3125 3215 3260 3271 adeo
3282 3222 3408 3269 tunc
3432 3192 3576 3285 apud

328 3311 385 3365 in
426 3310 620 3366 Persas
640 3309 786 3379 legit.
816 3308 883 3362 Et
918 3308 1044 3363 dum
1077 3308 1459 3378 suprascripta:
1475 3308 1643 3378 copia:
1661 3309 1728 3362 de
1747 3306 1902 3364 Grae-

325 3400 415 3455 cia
463 3405 875 3468 congregantur,
904 3396 1226 3460 Alcxander,
1271 3397 1366 3466 qui
1408 3404 1529 3451 erat
1571 3395 1900 3467 Olympiada:

328 3487 521 3542 uxoris
564 3502 676 3541 sua:
710 3484 897 3551 frater,
934 3493 989 3538 et
1006 3491 1192 3554 postea
1238 3501 1269 3539 a
1310 3483 1527 3539 Sabinis
1570 3484 1623 3538 in
1660 3483 1898 3539 Lucania

327 3584 634 3650 prostratus
663 3584 767 3642 est,
798 3584 859 3631 ut
889 3589 1051 3646 supra
1095 3574 1534 3638 memoravimus,
1563 3587 1723 3643 quem
1754 3573 1899 3645 Epiri

318 3684 518 3739 regem
556 3668 624 3722 ob
650 3669 952 3722 mercedem
984 3665 1155 3736 stupri
1187 3665 1239 3720 in
1267 3680 1391 3720 eum
1431 3665 1725 3735 perpetrati
1773 3679 1902 3719 ροιια

312 3759 606 3821 stitucrat,
646 3757 861 3826 nuptias
888 3757 940 3810 in
970 3755 1268 3824 copulando
1287 3754 1337 3809 ei
1367 3754 1531 3808 filiam
1560 3769 1714 3809 suam
1741 3753 1900 3809 Cleo-

330 3858 543 3922 patram
583 3848 857 3903 celebrare
905 3847 1164 3902 decrevit.
1198 3846 1299 3912 Qui
1347 3861 1490 3911 cum,
1523 3845 1696 3914 pridie
1738 3859 1900 3915 quam

328 3940 688 4004 occideretur,
740 3938 1100 4009 interrogatus
1146 3936 1332 3992 fuisset
1364 3938 1486 4006 quis
1535 3936 1656 3991 linis
1700 3935 1901 3992 homini

332 4029 509 4098 magis
530 4036 676 4083 esset
695 4027 980 4096 optandus,
1011 4026 1352 4103 respondisse
1380 4025 1556 4080 fertur
1585 4042 1599 4079 :
1626 4026 1761 4079 Eum
1782 4040 1902 4080 esse

329 4119 597 4189 optimum
626 4118 716 4188 qui
745 4119 863 4173 viro
910 4116 1034 4173 forti
1064 4126 1187 4187 post
1234 4117 1492 4171 virtutum
1522 4103 1743 4172 suarum
1790 4118 1903 4188 glo-

333 4211 477 4263 riam
508 4209 561 4262 in
609 4222 739 4279 pace
769 4207 1041 4278 "regnanti,
1084 4201 1200 4262 sine
1229 4205 1627 4262 conﬂictatione
1661 4206 1904 4275 corporis

314 4310 392 4375 et
411 4301 670 4365 dedecore
695 4300 905 4362 animae,
932 4298 1141 4353 subitus
1170 4306 1226 4352 et
1248 4298 1416 4361 celer,
1448 4296 1729 4365 inopinato
1757 4294 1902 4351 ferro

333 4390 602 4461 potuisset
617 4390 884 4445 accidere.
909 4388 1060 4455 Quod
1086 4389 1188 4458 ipsi
1218 4403 1341 4442 mox
1363 4386 1575 4457 obtigit.
1608 4384 1776 4458 Igitur
1807 4401 1915 4459 per

332 4481 529 4550 viginti
562 4489 619 4534 et
659 4479 897 4550 quinque
946 4494 1117 4534 annos
1154 4478 1397 4534 incendia
1428 4478 1731 4544 civitatum,
1765 4479 1908 4536 exci.

333 4571 427 4624 dia
454 4571 733 4635 bellorum,
770 4568 1129 4637 subiectiones
1154 4569 1575 4639 provinciarum,
1605 4570 1779 4625 caades
1808 4572 1906 4627 ho:

335 4660 564 4724 minum,
588 4674 749 4729 apum
770 4659 1008 4730 rapinas,
1036 4661 1246 4731 praedas
1266 4674 1544 4729 pecorum,
1572 4666 1905 4715 mortuorum

335 4749 673 4804 venditiones
733 4748 1178 4818 captivitatesque
1238 4749 1502 4810 vivorum,
1563 4748 1723 4802 unius
1762 4748 1908 4818 regis

334 4839 511 4903 fraus,
535 4839 731 4894 ferocia
761 4846 815 4894 et
845 4839 1151 4894 dominatus
1184 4839 1429 4910 agitavit.
1458 4837 1782 4894 Sulllcerent
1806 4839 1908 4894 ista

333 4931 405 4985 ad
427 4930 729 4999 exemplum
756 4930 1094 4985 miseriarum
1113 4931 1382 4985 insinuata
1408 4930 1680 4986 memoria:
1702 4939 1904 4987 nostras

333 5028 492 5091 gesta
514 5035 612 5089 per
634 5020 954 5090 Philippum,
985 5019 1198 5075 etiamsi
1222 5020 1529 5079 Alexander
1569 5020 1620 5078 ci
1649 5036 1759 5078 non
1784 5037 1907 5078 suc-

331 5111 592 5165 cessisset
612 5110 669 5165 in
699 5124 942 5181 regnum.

934 5240 1160 5299 CAPUT
1196 5242 1313 5298 XX.

336 5352 419 5406 Dc
440 5354 760 5424 grauissimis
783 5353 978 5424 proeliis
999 5352 1417 5424 inter_Samnites
1440 5362 1492 5424 et
1516 5352 1784 5424 Romanos
1804 5354 1909 5408 illis

412 5421 590 5492 diebus
613 5421 792 5492 gestis.
818 5422 1017 5488 Quibus
1044 5431 1090 5475 et
1115 5422 1339 5475 Romani
1362 5439 1394 5492 ᾳ
1422 5423 1747 5492 Samnitibus
1770 5424 1908 5487 victi,

410 5500 459 5561 ct
499 5490 591 5543 sub
618 5490 819 5561 'jugum
866 5493 1121 5545 servitutis
1158 5491 1322 5555 missi,
1367 5491 1655 5561 iterumque
1683 5491 1912 5546 Romani

413 5559 637 5614 victores
658 5559 749 5628 per
776 5559 1065 5630 I’apyrium
1098 5560 1282 5613 ducem
1306 5576 1463 5614 suum
1489 5559 1753 5616 Samnites
1780 5563 1912 5616 vice-

416 5638 534 5681 runt
557 5639 605 5681 et
626 5630 818 5699 jugum
844 5631 1210 5700 deposuerunt.

414 5740 641 5797 Romani
702 5758 883 5809 porro,
945 5756 1063 5797 cum
1124 5740 1236 5810 iam
1301 5739 1443 5795 bello
1499 5740 1684 5812 viginti
1744 5740 1911 5795 millia

1929 4529 1982 4588 D

2002 3307 2276 3364 Romanos
2310 3306 2752 3364 bellicosissimus
2794 3321 2860 3361 ac
2898 3304 3304 3361 strenuissimus
3348 3303 3585 3359 habebas

2002 3407 2108 3463 tur,
2139 3405 2201 3452 ut
2235 3412 2360 3452 cum
2396 3396 2697 3451 Alexander
2717 3396 2961 3466 Magnus,
2997 3396 3280 3464 disponere
3308 3395 3577 3450 diceretur

1999 3487 2068 3540 ab
2092 3485 2315 3541 Oriente
2333 3484 2616 3540 discedens
2628 3485 2872 3541 obtinere
2899 3485 3105 3539 viribus
3127 3483 3387 3548 Africam,
3415 3494 3577 3553 atque

2002 3574 2127 3627 inde
2159 3573 2369 3628 italiam
2402 3573 2695 3628 transvehi.
2730 3573 2959 3627 Romani
2985 3572 3127 3631 inter
3159 3582 3383 3629 casteros
3412 3562 3574 3627 duces

2004 3674 2134 3722 tunc
2159 3665 2212 3720 in
2237 3666 2512 3736 republica
2538 3680 2635 3720 sua
2661 3664 2916 3738 Optimos,
2933 3666 3081 3721 hunc
3104 3664 3433 3737 praecipuum
3459 3660 3578 3717 fore

2002 3756 2092 3826 qui
2120 3755 2414 3811 Alexandri
2445 3757 2699 3826 impetum
2736 3755 3005 3810 sustinere
3027 3762 3227 3824 posset,
3254 3753 3577 3809 meditaren-

2002 3860 2111 3906 tur.
2136 3850 2345 3917 Quibus
2381 3839 2570 3906 diebus
2597 3851 2814 3921 quidam
2859 3850 3047 3905 llanno
3076 3850 3312 3913 nomine,
3352 3849 3603 3921 privatis,

2001 3941 2194 4009 opibus
2243 3940 2550 4011 reipublica:
2572 3941 2716 3995 vires
2755 3955 3037 4015 superans,
3064 3939 3374 3995 invadendae
3402 3939 3576 3993 domi-

2003 4033 2239 4087 nationis
2264 4032 2443 4087 hausit
2470 4033 2850 4102 cupiditatem;
2893 4032 2980 4086 cui
3029 4032 3103 4086 rei
3142 4031 3420 4086 consiliotn
3444 4030 3601 4085 utile.

2005 4132 2155 4179 ratus
2198 4131 2390 4185 estut,
2430 4123 2699 4178 simulatis
2736 4123 2908 4178 unica:
2957 4122 3078 4178 lilia:
3112 4122 3333 4192 nuptiis,
3386 4136 3595 4176 omnes-

2004 4222 2284 4268 senatores
2310 4226 2540 4282 quorum
2588 4212 2903 4282 dignitatem
2939 4212 3277 4266 obstaturam
3324 4210 3596 4278 inemptis.

2004 4305 2116 4361 suis
2156 4296 2523 4359 arbitrabatur
2547 4303 2686 4357 inter
2723 4303 2913 4373 poeula
2944 4317 3148 4357 veneno
3177 4308 3413 4355 necaret.
3446 4300 3602 4367 Qum.

2008 4412 2094 4452 res
2125 4410 2221 4465 per
2266 4392 2544 4449 ministros
2587 4393 2820 4463 prodita,
2870 4393 2987 4448 sine
3027 4390 3230 4445 ultione
3263 4390 3431 4443 vitata
3468 4398 3598 4454 θείς,

2006 4504 2076 4543 ne
2124 4487 2175 4541 in
2217 4488 2335 4541 viro
2384 4486 2591 4556 potenti
2637 4484 2757 4554 plus
2787 4484 2981 4555 negotii
3011 4482 3213 4538 faceret
3255 4497 3342 4537 res
3363 4480 3580 4550 cognita

2007 4591 2169 4648 quam
2199 4577 2449 4647 cogitata.
2474 4575 2586 4631 lloc
2611 4575 2836 4630 consilio
2870 4574 3053 4630 clusus
3081 4572 3291 4637 "anno,
3331 4572 3436 4626 alio
3463 4587 3580 4624 ma-

2007 4668 2352 4723 chinamento
2381 4666 2589 4721 facinus
2619 4664 2835 4735 aggredi
2865 4672 3039 4734 parat,
3090 4663 3307 4718 servitia
3342 4659 3598 4717 concitat.

2005 4758 2204 4829 quibus
2238 4764 2458 4828 repente
2503 4757 2779 4810 incautam
2827 4755 3015 4809 urbem
3065 4753 3414 4823 apprimeret.
3472 4749 3579 4804 Sed

2010 4865 2132 4905 cum
2172 4856 2298 4905 ante
2324 4855 2584 4903 statutam
2607 4845 2843 4900 caedibus
2879 4844 3021 4896 diem
3049 4843 3320 4912 proditum
3356 4855 3414 4895 se
3449 4855 3595 4908 prw-.

2010 4945 2338 5005 ventumque
2386 4933 2759 4997 intellexisset,
2817 4930 3094 4986 castellum
3140 4929 3407 4999 quoddam
3454 4941 3577 4980 cmn

2009 5028 2197 5097 viginti
2218 5026 2449 5083 millibus
2471 5039 2749 5080 servorum
2777 5022 3001 5077 armatis
3020 5019 3322 5089 occupavit.
3348 5017 3424 5071 lbi
3453 5018 3581 5072 dum

2011 5117 2194 5181 Afros,
2235 5128 2526 5185 regemque
2579 5112 2887 5169 Maurorum
2929 5109 3187 5172 concitat,
3237 5114 3427 5176 captus
3452 5114 3535 5160 est
3564 5123 3607 5169 ε,

2013 5220 2079 5262 ac
2100 5204 2275 5274 primo
2316 5202 2483 5269 virgis
2519 5214 2712 5264 eresus,
2740 5198 2932 5254 deinde
2961 5195 3168 5251 effossis
3188 5194 3358 5249 oculis
3382 5201 3437 5249 et
3462 5207 3602 5247 ma--

2014 5295 2175 5349 nibus
2216 5291 2573 5360 cruribusque
2604 5288 2813 5353 fractis,
2847 5286 2991 5343 velut
3017 5302 3047 5340 a
3074 5285 3299 5357 singulis
3325 5283 3613 5343 membris.

2016 5397 2175 5453 poma
2201 5382 2528 5450 exigeretur,
2577 5379 2633 5433 in
2681 5385 2971 5448 conspectu
2996 5375 3174 5445 populi
3205 5383 3431 5430 necatus
3476 5383 3581 5428 est.

2014 5472 2220 5539 Corpus
2247 5468 2565 5523 verberibus
2602 5467 2839 5521 lacerum
2867 5465 3016 5521 cruci
3044 5463 3291 5520 sullixum
3335 5469 3419 5517 est
3445 5477 3460 5515 :
3489 5460 3610 5519 ﬁlii.

2014 5560 2334 5631 cognatique
2371 5573 2561 5613 onmes
2608 5556 2869 5626 supplicio
2923 5554 3125 5621 traditi,
3180 5569 3247 5609 ne
3296 5552 3418 5624 quis
3459 5566 3608 5615 eum,

2014 5649 2252 5717 ejusdem
2280 5646 2495 5702 familia:
2524 5662 2758 5716 unquam
2784 5653 2875 5699 aut
2911 5645 3109 5699 imitari
3142 5652 3236 5698 aut
3261 5641 3447 5697 ulcisci
3476 5654 3589 5694 mc-

2014 5739 2296 5793 ditarctur.
2330 5735 2451 5793 ll.ec
2498 5735 2829 5806 temporibus
2856 5735 3084 5807 Philippi
3125 5744 3273 5807 gesta
3295 5740 3439 5789 sunt.
3471 5730 3588 5797 Quo
