3964 6172
454 417 591 473 Iill5

1479 416 1862 472 FRECULPHI
1901 417 2352 474 LEXOVIENSIS
2390 417 2690 473 EPISCUPI

3564 421 3711 477 “HG

448 531 503 586 lu
549 539 788 599 tempore
847 527 1179 582 Xenocrates
1235 526 1588 596 philosophus
1645 527 1870 584 illustris
1925 529 2020 582 ha-
2047 534 2092 591 Α
2126 530 2255 600 [Αι.,
2295 530 2503 602 eorum]
2547 531 2726 584 diruta
2780 532 2994 585 civitate
3045 532 3256 594 delevit,
3319 534 3552 604 reliquos
3596 537 3713 591 sub

443 623 616 674 betur.

1019 707 1244 764 CAPUT
1283 707 1424 762 XXI.

441 799 710 870 chnante
760 799 947 864 Dario,
985 815 1139 870 quem
1202 797 1502 870 Alexander
1555 798 1762 870 occidit,
1801 797 2014 870 Iaddus

508 866 744 939 princeps
801 879 848 922 et
903 866 1147 922 sacerdos
1186 866 1494 939 Judceorum
1541 867 1736 939 depulit
1796 868 2013 935 fratrem

506 936 656 993 auum
687 936 986 997 Manassem
1012 954 1043 990 a
1067 936 1378 998 sacerdotio,
1402 936 1525 1004 quia
1551 936 1772 988 duxerat
1795 952 2010 988 uxorem

506 1009 668 1076 ﬁliam
695 1019 922 1075 satrapa:
944 1005 1228 1076 Samaria:
1259 1004 1375 1076 Qua
1387 1005 1665 1076 occasione
1692 1005 2011 1076 (rdiﬁeatum

506 1072 580 1131 est
611 1072 854 1147 templum
882 1076 936 1129 in
966 1085 1139 1128 monte
1186 1072 1470 1140 Garzirim,
1512 1074 1581 1126 ad
1628 1075 1795 1127 instar
1825 1073 2012 1128 Hiero-

504 1147 825 1217 solymitani.

510 1261 701 1315 Darius
730 1260 944 1314 Arsami
977 1259 1116 1314 tilius
1143 1260 1298 1316 armis
1330 1259 1364 1313 5
1407 1259 1514 1330 (ΑΙ.
1541 1258 1617 1332 6).
1645 1260 1690 1312 Α
1722 1259 2009 1314 reaaditica-

432 1355 585 1406 tione
617 1367 743 1406 vero
765 1352 945 1420 templi
970 1353 1097 1406 anni
1119 1360 1246 1406 sunt
1272 1352 1391 1406 I76.
1415 1351 1616 1406 Jaddus
1645 1353 1896 1422 princeps
1919 1368 2005 1407 sa-

429 1444 704 1497 cerdotum
757 1451 874 1498 erat
915 1441 1240 1498 Iudaeorum.
1268 1443 1399 1497 Erat
1436 1452 1616 1496 autem
1647 1441 1806 1512 hujus
1835 1443 2005 1498 frater

429 1533 720 1597 Manasses,
770 1533 856 1589 cui
889 1548 1042 1588 suam
1070 1532 1236 1588 tiliam
1270 1533 1537 1604 delegavit
1565 1547 1788 1587 uxorem
1834 1531 2002 1586 Sana-

427 1623 628 1684 balath,
684 1625 882 1678 missus
909 1639 940 1678 a
966 1623 1130 1677 Dario
1167 1623 1235 1678 ad
1273 1622 1594 1688 Samariam,
1641 1631 1859 1692 satrapa
1910 1636 2000 1691 ge-

425 1725 582 1772 nere.
612 1710 872 1777 Cutheus,
912 1725 978 1765 ex
1008 1711 1204 1780 quibus
1227 1719 1286 1767 et
1318 1711 1600 1767 Samaritae
1629 1713 1994 1768 descendunt:

425 1802 695 1871 principes
744 1817 958 1872 quoque
1001 1802 1340 1856 sacerdotum
1375 1817 1500 1856 cum
1545 1802 1740 1872 populo
1790 1802 1893 1858 hoc
1923 1802 2000 1856 in-

2115 639 2315 678 corona
2345 624 2604 677 vendidit.
2634 624 2869 678 Czeteras
2893 624 3051 679 urbes
3075 625 3293 680 Achaia:
3316 636 3370 680 et
3399 629 3714 684 Thessalia:

2115 714 2400 783 vectigales
2442 712 2586 767 fecit.
2631 712 2838 782 Illyrios
2881 722 2936 766 et
2958 713 3218 780 Thracas,
3265 717 3523 772 translato
3561 735 3710 772 mox

2113 804 2310 857 abhinc
2339 802 2498 866 bello,
2527 803 2748 856 domuit.
2777 802 2903 858 Inde
2941 804 3282 872 profecturus
3310 806 3376 859 ad
3406 806 3710 863 Persicum

2115 893 2332 957 bellum,
2353 909 2544 948 omnes
2569 902 2829 964 cognatos
2849 909 2911 948 ac
2942 895 3217 963 proximos
3243 912 3367 950 suos
3389 898 3709 954 interfecit.

2110 984 2166 1039 In
2194 986 2436 1040 exercitu
2467 989 2583 1055 ejus
2606 986 2819 1042 fuerunt
2841 987 3078 1056 peditum
3111 988 3333 1057 triginta
3359 990 3460 1044 duo
3490 990 3705 1053 millia,

2106 1076 2347 1143 equitum
2402 1085 2636 1144 quatuor
2698 1077 2841 1131 mille
2888 1078 3163 1147 quingenti
3224 1077 3353 1148 [Αι.,
3413 1079 3704 1152 ducenti],

2109 1181 2272 1219 naves
2293 1174 2508 1220 centum
2542 1169 2837 1238 octoginta.
2883 1168 2995 1223 Hac
3037 1178 3142 1223 tam
3172 1185 3337 1238 parva
3367 1187 3484 1226 cum
3512 1189 3700 1227 manu

2105 1255 2415 1310 universum
2449 1265 2715 1312 terrarum
2766 1260 2971 1323 orbem,
3029 1269 3210 1314 utrum
3268 1262 3561 1318 mirabilius
3611 1267 3702 1319 sit

2105 1346 2228 1413 quia
2258 1347 2466 1413 vicerit,
2497 1364 2566 1402 an
2594 1350 2720 1419 quia
2751 1351 2966 1420 aggredi
2998 1367 3161 1407 ausus
3191 1353 3370 1418 fuerit,
3407 1355 3700 1411 incertum

2103 1444 2204 1489 est.
2236 1434 2418 1490 Primo
2437 1437 2553 1507 ejus
2575 1453 2699 1493 cum
2728 1438 2895 1493 Dario
2921 1455 3047 1511 rege
3077 1456 3387 1512 congressu,
3416 1455 3700 1501 sexcenta

2101 1528 2270 1582 millia
2321 1529 2612 1586 Persarum
2662 1531 2715 1585 in
2771 1533 2888 1587 acie
2937 1531 3108 1598 fuere,
3149 1549 3288 1604 quat,
3341 1551 3443 1592 non
3486 1539 3697 1594 minus

2101 1626 2218 1672 arte
2258 1618 2553 1674 Alexandri
2582 1629 2836 1690 superata
2878 1636 3040 1690 quam
3069 1623 3264 1678 virtute
3294 1623 3687 1693 Macedonum,

2100 1717 2252 1779 terga
2311 1719 2606 1766 verterunt.
2674 1712 2863 1782 Magna
2916 1714 3084 1783 igitur
3156 1716 3329 1771 credes
3382 1716 3689 1776 Persarum

2099 1797 2218 1853 fuit.
2263 1799 2321 1853 In
2359 1801 2598 1856 exercitu
2660 1817 2788 1856 vero
2840 1803 3132 1858 Alexandri
3193 1813 3405 1860 centum
3472 1808 3689 1878 viginti

423 1891 581 1959 digne
611 1891 871 1946 ferebant.
903 1891 1034 1946 Nam
1057 1893 1329 1968 exstitisse
1353 1887 1518 1948 etiam
1556 1896 1794 1963 priorem
1821 1893 1992 1965 capti-
2022 1886 2066 1945 B
2095 1891 2304 1959 equites
2355 1899 2410 1946 et
2475 1907 2667 1948 novem
2724 1901 2932 1948 tantum
2996 1894 3202 1962 pedites
3277 1896 3510 1952 defuere.
3571 1898 3690 1953 De-

421 1986 528 2038 vita
539 1993 640 2038 tem
663 2000 760 2054 per
779 1985 894 2040 haec
919 1985 1168 2056 conjugia
1191 1985 1330 2040 mala
1355 1986 1636 2055 putabant,
1666 1987 1809 2055 quod
1837 1986 1994 2041 multi
2015 2051 2019 2056 ς

421 2076 473 2131 in
505 2076 591 2130 his
616 2085 950 2146 peccassent,
987 2078 1112 2132 dum
1136 2093 1243 2132 non
1282 2094 1481 2134 uxores
1503 2078 1869 2148 provinciales
1896 2079 1994 2134 du-

421 2176 622 2225 cerent.
673 2167 939 2225 iubebant
981 2184 1111 2239 ergo
1161 2169 1410 2225 Manasse
1431 2169 1662 2241 disiungi
1694 2172 1762 2225 ab
1803 2184 1989 2236 uxore,

418 2265 513 2310 aut
540 2272 646 2312 non
671 2258 892 2313 introire
931 2260 1249 2314 sacrarium.
1286 2259 1566 2316 Manasses
1584 2267 1784 2326 autem,
1809 2259 1993 2330 prohi-

416 2347 564 2402 bitus
583 2364 614 2402 a
640 2348 807 2403 fratre
833 2351 1092 2406 accedere
1114 2352 1180 2405 ad
1208 2351 1401 2416 altare,
1444 2351 1511 2406 ad
1542 2365 1789 2406 socerum
1820 2348 1990 2404 Sana-

415 2436 596 2490 balath
628 2440 891 2508 pervenit.
935 2439 1116 2509 itaque
1155 2439 1484 2495 Sanabalath
1506 2455 1614 2494 non
1636 2439 1687 2493 ei
1709 2437 1880 2492 solum
1903 2451 1990 2492 sa-

416 2525 735 2591 cerdotium,
783 2528 877 2581 sed
929 2530 1092 2582 etiam
1158 2529 1520 2598 principatum
1574 2527 1882 2591 sacerdotii,
1933 2536 1988 2582 et

412 2617 708 2685 potentiam
783 2633 848 2672 ac
916 2620 1174 2674 honorem
1251 2620 1491 2674 omnium
1577 2619 1816 2673 locorum
1883 2619 1986 2674 sibi

413 2704 769 2774 subjectorum
807 2709 933 2764 dare
974 2710 1240 2780 promisit.
1275 2709 1392 2777 Qua
1440 2710 1506 2764 dc
1534 2725 1593 2764 re
1619 2709 1879 2779 templum
1909 2709 1982 2774 ei,

411 2809 630 2870 accepta
653 2803 937 2858 occasione
975 2804 1258 2873 opportuni
1292 2803 1572 2873 temporis,
1603 2802 1889 2856 mdiﬁcavit
1915 2801 1985 2855 ad

411 2890 585 2944 instar
611 2891 1108 2965 Hierosolymorum
1133 2909 1294 2963 super
1314 2902 1553 2948 montem
1581 2890 1869 2956 Garzirim,
1892 2890 1983 2959 qui

409 2979 571 3035 latior
598 2981 846 3038 omnibus
895 2982 1155 3038 Samaria:
1181 2984 1454 3038 montibus
1483 2982 1798 3052 apparebat,
1850 2997 1985 3052 quo-

408 3073 552 3125 niam
585 3072 952 3132 Alcxandrum
997 3077 1256 3129 adversus
1299 3075 1596 3143 principem
1642 3074 1980 3128 sacerdotum

411 3161 740 3218 Sanabalath
763 3165 842 3222 ira
875 3173 1203 3219 commotum
1246 3165 1418 3229 novit,
1456 3165 1584 3218 dum
1613 3180 1719 3219 non
1769 3166 1979 3222 venalia

2093 1981 2218 2036 inde
2271 1981 2506 2037 Gordien
2561 1982 2806 2054 Phrygiae
2851 1984 3146 2051 civitatem,
3198 2000 3319 2054 qum
3361 2002 3503 2041 nunc
3536 1987 3688 2041 Sar-

2093 2072 2175 2128 dis
2224 2073 2492 2127 vocitatur
2515 2115 2530 2139 ,
2578 2076 2855 2130 obsessam
2900 2084 3363 2145 expugnatamque
3409 2077 3554 2145 cepit
3604 2092 3687 2132 ac

2092 2162 2379 2232 direptioni
2405 2164 2568 2218 dedit.
2605 2164 2732 2220 Inde
2762 2165 3040 2220 nuntiatur
3058 2167 3108 2220 ei
3136 2167 3280 2221 Darii
3305 2183 3423 2222 cum
3449 2172 3685 2238 magnis

2091 2253 2261 2322 copiis
2279 2253 2559 2308 adventus.
2574 2253 2675 2320 Qui
2700 2255 2896 2309 timens
2915 2256 3191 2326 angustias
3211 2255 3443 2311 locorum
3464 2259 3684 2326 quibus

2090 2343 2285 2408 inerat,
2312 2342 2546 2397 Taurum
2572 2352 2806 2398 montem
2838 2345 2975 2398 mira
3003 2345 3281 2400 celeritate
3309 2348 3679 2414 transcendit,

2088 2441 2140 2485 et
2170 2432 2480 2501 quingentis
2505 2434 2694 2488 stadiis
2723 2434 2823 2489 sub
2848 2450 2956 2488 una
2997 2435 3085 2490 die
3125 2451 3286 2492 cursu
3330 2440 3682 2497 transmissis

2090 2525 2356 2580 Tharsum
2385 2527 2551 2580 venit.
2587 2526 2770 2596 Ibique
2799 2542 2919 2588 eum
2950 2528 3150 2583 sudans
3182 2529 3235 2582 in
3261 2528 3498 2600 Cydnum
3526 2547 3678 2600 plae-

2087 2615 2340 2686 t‘rigidum
2364 2632 2579 2672 amnem
2601 2618 2983 2681 descendisset,
3003 2620 3258 2690 obriguit,
3274 2627 3676 2691 conti-aeuique

2086 2723 2375 2763 nervorum
2405 2709 2685 2778 proximus
2714 2708 2815 2762 fuit
2848 2710 3028 2764 morti.
3077 2710 3286 2766 Interea
3314 2711 3505 2768 Darius
3534 2729 3672 2769 cum

2087 2798 2345 2853 trecentis
2373 2798 2610 2853 millibus
2637 2800 2873 2868 peditum
2907 2808 2964 2854 et
2991 2808 3208 2855 centum
3235 2802 3467 2857 millibus
3501 2806 3669 2874 equi-

2088 2896 2202 2942 tum
2233 2889 2287 2942 in
2319 2890 2490 2944 aciem
2518 2891 2779 2958 procedit.
2834 2890 3078 2945 Movebat
3106 2892 3222 2946 haec
3247 2891 3530 2948 multitudo
3555 2895 3669 2950 bo-

2085 2979 2246 3034 stium
2275 2980 2438 3035 etiam
2463 2981 2858 3049 Alexandrum,
2904 2983 3139 3037 maxime
3185 2994 3424 3053 respectu
3466 2988 3666 3054 pauci-

2085 3072 2214 3127 tatis
2241 3088 2374 3137 sute,
2411 3075 2658 3144 quamvis
2689 3074 2803 3143 jam
2838 3076 3076 3145 pridem,
3123 3079 3390 3132 sexcentis
3416 3079 3668 3136 millibus

2081 3160 2320 3216 hostium
2349 3164 2535 3218 eadem
2562 3164 2832 3234 paucitate
2857 3166 3121 3234 superatis
3142 3206 3156 3225 .
3197 3181 3303 3220 non
3337 3167 3509 3220 solum
3549 3184 3666 3223 non

407 3252 690 3317 exercitui,
735 3261 790 3306 et
816 3267 879 3306 ea
928 3267 1048 3321 quae
1073 3253 1223 3321 prius
1269 3253 1432 3306 Dario
1459 3250 1706 3307 conferre
1748 3253 1976 3320 solebat,
2006 3224 2050 3286 Ο
2082 3251 2272 3307 timere
2300 3269 2554 3324 pugnam,
2579 3257 2670 3310 sed
2696 3256 2859 3311 etiam
2881 3256 3165 3310 victoriam
3193 3271 3410 3325 sperare
3436 3257 3667 3314 didicis-

407 3343 649 3396 mitterct
691 3341 998 3396 Alexandro
1050 3343 1178 3396 dum
1210 3342 1485 3396 obsideret
1535 3340 1759 3412 Tyrum.
1809 3341 1977 3397 Sana-

406 3433 587 3487 balath
616 3448 845 3503 namque
861 3432 975 3501 jam
1002 3434 1286 3503 desperato
1312 3433 1498 3498 Dario,
1527 3431 1732 3502 eligens
1771 3433 1837 3487 de
1864 3433 1976 3488 suis

405 3534 526 3580 acto
579 3524 762 3588 millia,
799 3523 1071 3595 profectus
1125 3534 1208 3579 est
1258 3523 1326 3579 ad
1383 3523 1772 3578 Alexandrum.
1812 3522 1974 3591 Cujus

404 3618 629 3686 adeptus
657 3624 739 3672 est
759 3617 1010 3688 gratiam,
1033 3617 1176 3672 etab
1196 3631 1260 3671 eo
1291 3615 1600 3685 impetravit
1625 3623 1686 3670 ut
1716 3616 1970 3687 templum

402 3709 695 3771 mdiﬁcaret
721 3707 833 3778 jam
878 3705 1207 3778 praedictum.
1232 3708 1345 3763 Hoc
1383 3715 1563 3762 autem
1602 3715 1658 3762 et
1691 3707 1767 3761 rei
1796 3707 1973 3777 prolu-

401 3809 582 3852 turum
623 3799 797 3853 visum
822 3807 922 3864 est,
951 3808 1010 3853 ut
1034 3799 1087 3854 in
1122 3799 1255 3854 duas
1277 3807 1459 3870 partes
1484 3799 1725 3868 potentia
1753 3797 1962 3856 Judaeo-

400 3907 520 3945 rum
546 3899 688 3946 esset
708 3892 900 3957 divisa,
927 3906 995 3946 ne
1039 3906 1170 3962 gens
1195 3890 1482 3960 conjuncta
1511 3890 1816 3946 rebellaret.
1839 3891 1971 3946 Per-

400 3984 597 4039 mansit
649 3993 831 4038 autem
886 3983 1141 4053 templum
1206 3983 1355 4049 illud,
1407 3991 1461 4038 et
1506 3983 1550 4038 si
1602 3984 1724 4052 quis
1756 3984 1968 4053 culpam

398 4075 674 4130 habuisset
720 4077 859 4145 apud
908 4075 1375 4145 llierosolymitas,
1418 4083 1513 4128 aut
1538 4075 1604 4129 de
1631 4074 1754 4129 cibo
1781 4074 1968 4129 illicito

399 4181 492 4219 seu
522 4166 586 4220 de
633 4165 1063 4236 transgressione
1106 4163 1260 4236 legis,
1286 4165 1354 4219 ad
1383 4164 1724 4235 Sychemitas
1751 4164 1968 4219 recede-

399 4255 492 4308 bat
525 4274 536 4308 :
569 4255 622 4308 in
645 4257 729 4311 bis
758 4254 1034 4311 constituti
1063 4253 1490 4325 Ilicrosolymitae
1521 4256 1802 4325 degebant.

961 4391 1187 4449 CAPUT
1226 4392 1388 4450 XIII.

400 4479 600 4543 Quibus
640 4481 1165 4566 diebus‘Alexander
1203 4500 1417 4566 regnum
1461 4485 1677 4566 adeptus
1720 4485 1966 4540 Macedo-

467 4567 613 4613 num,
643 4551 886 4618 defuncto
930 4560 1099 4618 patre,
1128 4551 1324 4618 quanta
1351 4561 1398 4606 et
1426 4551 1604 4618 qualia
1633 4555 1652 4608 i

468 4619 626 4703 egerit
651 4630 873 4703 gentem,
906 4619 1232 4703 Parthosque
1259 4619 1485 4703 primum
1516 4622 1646 4676 bello
1684 4641 1962 4703 superare-

466 4689 557 4763 rit,
586 4687 713 4763 inde.
735 4699 907 4742 autem
955 4687 1593 4763 .Egypt'um‘Syriamque
1635 4687 1963 4763 subjugando

469 4756 888 4830 Hierosolymam
918 4756 1142 4830 peruenit
1173 4756 1528 4830 intactumque
1556 4756 1812 4830 templum
1843 4762 1964 4816 reli-

463 4828 574 4900 quit
604 4828 901 4900 muneribus
928 4828 1261 4900 honoratum,
1289 4828 1577 4900 iterumque
1599 4828 1798 4883 duobus
1828 4848 1963 4900 pra:-

465 4897 549 4951 liis
579 4897 753 4966 copias
783 4895 1100 4957 Parthorum
1128 4898 1324 4963 delens,
1356 4895 1563 4951 demum
1583 4895 1838 4952 interemii
1861 4899 1966 4953 Da-

467 4969 626 5031 rium,
646 4967 701 5020 in
736 4966 933 5022 alienos
959 4967 1369 5034 crudelissimus,
1400 4969 1454 5020 in
1481 4970 1744 5038 proximos
1773 4970 1961 5039 impius

464 5039 710 5091 existens.

464 5149 764 5205 Alexander
817 5165 948 5204 vero
993 5164 1086 5204 rex
1125 5148 1496 5213 Macedonum,
1529 5151 1669 5220 patri
1717 5151 1964 5222 Philippo

395 5243 657 5297 successit
707 5241 761 5294 in
787 5255 1036 5310 regnum,
1057 5241 1146 5308 qui
1173 5243 1404 5312 primam
1435 5242 1819 5309 experientiam
1844 5243 1962 5296 ani-

393 5333 466 5385 mi
495 5340 551 5385 ct
591 5331 803 5386 virtutis
840 5346 971 5395 sum,
1002 5333 1323 5401 compressis
1359 5332 1610 5387 celeriter
1653 5333 1962 5388 Grarcorum

392 5421 646 5484 motibus,
679 5421 842 5474 dedit.
875 5421 1078 5486 Quibus
1121 5429 1312 5475 auctor
1341 5430 1397 5474 ut
1427 5422 1493 5475 ab
1524 5423 1748 5492 imperio
1785 5422 1961 5478 Mace-

392 5510 591 5564 donum
620 5510 929 5576 delicerent,
962 5510 1348 5567 Demosthenes
1390 5521 1595 5576 orator,
1651 5529 1783 5568 auro
1826 5513 1956 5568 Per-

393 5613 574 5650 sarum
609 5607 914 5668 corruptus,
946 5600 1246 5654 exstiterat.
1299 5601 1484 5669 Itaque
1541 5601 1959 5656 Atheniensibus
2000 5622 2006 5627 ·

392 5686 588 5740 bellum
635 5689 1046 5755 deprecantibus
1102 5690 1327 5753 remisit,
1355 5706 1491 5758 quos
1532 5690 1750 5756 insuper
1792 5691 1956 5745 etiam

394 5774 562 5836 multo
595 5773 725 5845 [Al.,
783 5777 1016 5847 mulctm]
1070 5787 1214 5834 metu
1271 5779 1448 5834 solvit.
1499 5779 1780 5834 Thebanos
1835 5796 1954 5834 cum

967 4560 1099 4632 atre,
1128 4561 1398 4632 quamaoet
1426 4553 1613 4632 qualia
1633 4555 1773 4608 intra
1810 4573 1963 4608 suam
1989 4573 2042 4632 D

2080 3347 2181 3394 set.
2213 3340 2400 3410 Itaque
2419 3358 2542 3397 cum
2570 3343 2714 3397 intra
2731 3342 2938 3411 iactum
2959 3343 3048 3398 teli
3074 3352 3297 3413 uterque
3319 3346 3666 3402 constitisset

2077 3431 2382 3498 exercitus,
2423 3441 2480 3486 et
2509 3433 2747 3488 intentos
2781 3434 2847 3488 ad
2883 3435 3094 3505 signum
3135 3435 3256 3490 belli
3288 3435 3514 3504 populos
3546 3436 3664 3492 dis-

2077 3531 2359 3591 currentes
2407 3524 2679 3593 principes
2725 3525 2892 3580 variis
2939 3526 3304 3580 incitamentis
3349 3538 3659 3594 acuerent,

2075 3611 2383 3681 ingentibus
2426 3614 2681 3684 utrinque
2721 3615 2920 3670 animis
2955 3631 3132 3687 pugna
3170 3618 3551 3683 committitur,
3601 3621 3658 3674 in

2073 3719 2179 3772 qua
2211 3704 2371 3759 ambo
2410 3721 2584 3776 reges,
2633 3713 2689 3760 et
2734 3706 3039 3761 Alexander
3081 3707 3287 3762 scilicet
3335 3716 3389 3763 et
3433 3709 3656 3774 Darius,

2070 3792 2445 3859 vulnerantur,
2474 3810 2538 3848 ac
2560 3795 2743 3871 tandiu
2787 3805 3062 3851 certamen
3092 3813 3287 3868 anceps
3317 3799 3417 3854 fuit
3445 3804 3656 3870 quoad-

2069 3898 2238 3952 usque
2281 3882 2490 3954 fugeret
2531 3886 2745 3942 Darius.
2786 3888 2994 3943 Exinde
3017 3889 3192 3944 caades
3215 3890 3502 3946 Persarum
3528 3897 3656 3950 sub-

2070 3981 2254 4027 secuta
2283 3982 2385 4028 est.
2433 3974 2512 4030 Ibi
2551 3983 2678 4032 tunc
2707 3978 2947 4046 peditum
2971 3979 3243 4048 octoginta
3275 3981 3464 4046 millia,
3496 3987 3652 4052 equi-

2068 4071 2182 4117 tum
2227 4064 2414 4120 decem
2458 4066 2626 4120 millia
2673 4083 2849 4133 cresa,
2896 4078 3052 4138 capta
3082 4071 3440 4141 quadraginta
3472 4075 3647 4130 millia

2067 4153 2238 4209 fuere.
2271 4155 2348 4209 Ex
2378 4155 2756 4214 Macedonibus
2779 4173 2905 4214 vero
2930 4160 3174 4215 cecidere
3199 4163 3407 4230 pedites
3429 4173 3649 4220 centum

2069 4247 2290 4313 triginta
2317 4288 2332 4313 ,
2381 4251 2592 4319 equites
2635 4260 2851 4306 centum
2891 4252 3295 4323 quinquaginta.
3351 4255 3406 4309 In
3450 4260 3651 4313 castris

2068 4337 2355 4392 Persarum
2409 4339 2636 4394 multum
2696 4341 2814 4394 auri
2871 4350 3298 4412 caeterarumque
3351 4360 3515 4413 opum
3569 4357 3652 4401 est

2067 4434 2362 4495 repertum.
2414 4427 2561 4482 Inter
2604 4429 2847 4497 captivos
2889 4438 3192 4485 castrorum
3223 4441 3402 4486 mater
3427 4443 3480 4487 et
3510 4451 3652 4489 uxor

2070 4521 2364 4591 eademque
2393 4537 2548 4577 soror
2591 4531 2647 4578 et
2689 4523 2812 4578 ﬁliae
2854 4525 2973 4579 dua:
3008 4525 3154 4580 Darii
3181 4526 3362 4592 fuere;
3414 4543 3648 4595 quarum

2068 4613 2493 4681 redemptionem
2521 4613 2715 4668 Darius
2743 4629 2866 4668 cum
2895 4615 3060 4669 etiam
3089 4615 3270 4668 oblata
3299 4617 3450 4686 regni
3479 4617 3644 4671 dimi-

2067 4701 2154 4755 dia
2181 4712 2332 4771 parte
2358 4717 2465 4756 non
2495 4701 2864 4771 impetrasset,
2903 4704 3084 4769 tertio,
3117 4705 3327 4759 cunctis
3355 4705 3645 4759 Persarum

2066 4791 2272 4846 viribus
2311 4791 2688 4860 sociorumque
2724 4791 2938 4847 auxiliis
2966 4793 3290 4859 contractis,
3330 4795 3529 4848 bellum
3558 4796 3646 4849 in-

2065 4888 2295 4934 staurat.
2339 4879 2444 4935 Sed
2473 4883 2598 4935 dum
2629 4882 2743 4937 haec
2772 4882 2965 4936 Darius
2995 4883 3136 4953 agit,
3175 4883 3485 4940 Alexander
3512 4885 3646 4939 Par-

2066 4969 2371 5023 menionem
2420 4968 2487 5023 ad
2536 4969 2891 5025 invadendam
2931 4971 3203 5026 Persicam
3243 4973 3474 5028 classem
3516 4991 3643 5029 cum

2065 5055 2238 5129 copiis
2265 5060 2460 5124 mittit,
2505 5061 2620 5129 ipse
2657 5061 2711 5115 in
2747 5061 2963 5130 Syriam
2995 5063 3392 5132 proﬁciscitur:
3442 5065 3534 5120 ubi
3573 5082 3644 5122 ex

2065 5148 2249 5202 multis
2286 5148 2388 5202 sibi
2425 5148 2641 5218 regibus
2669 5165 2790 5203 cum
2824 5149 3007 5206 infulis
3032 5151 3170 5205 ultro
3196 5153 3640 5215 occurrentibus,

2065 5237 2199 5292 alios
2227 5238 2437 5308 allegit,
2475 5239 2611 5293 alios
2645 5240 2902 5304 mutavit,
2943 5240 3076 5294 alios
3103 5241 3354 5310 perdidit.
3403 5240 3536 5296 Inde
3575 5243 3646 5296 ad

2063 5329 2300 5391 Iudaeam
2330 5331 2552 5386 tendens
2580 5331 3008 5401 Hierosolymam
3036 5333 3296 5395 ascendit,
3324 5334 3414 5388 cui
3439 5335 3648 5388 Jaddus

2064 5423 2314 5493 princeps
2379 5420 2721 5476 sacerdotum
2781 5436 2903 5475 cum
2959 5421 3310 5492 hyacinthina
3365 5429 3424 5475 et
3475 5437 3642 5476 aurea

2062 5511 2220 5573 stola,
2249 5511 2452 5564 habens
2481 5511 2644 5564 etiam
2672 5524 2832 5578 super
2857 5520 3016 5578 caput
3043 5510 3267 5564 cidarim
3294 5525 3358 5564 ac
3383 5509 3644 5564 laminam

2062 5616 2314 5665 auream;
2351 5601 2533 5654 cceteri
2562 5615 2689 5654 vero
2716 5599 3024 5655 sacerdotes
3048 5616 3169 5654 cum
3199 5601 3437 5670 byssinis
3462 5601 3638 5663 stolis,

2063 5690 2268 5758 reliqua
2313 5690 2597 5744 multitudo
2644 5705 2765 5743 cum
2808 5689 3049 5744 vestibus
3092 5690 3230 5744 albis
3257 5731 3271 5754 ,
3321 5699 3638 5744 occurrunt.

2062 5779 2152 5832 Sic
2194 5779 2334 5832 cnim
2379 5779 2604 5850 principi
2649 5779 2990 5834 sacerdotum
3031 5780 3332 5841 consulenti
3376 5780 3641 5840 Dominus
