3964 6172
226 453 368 509 fill?

1331 443 1734 501 CllRONlCO-N.
1766 475 1836 485 --
1868 443 2032 500 TOMl
2072 444 2087 498 l
2128 444 2253 499 ΠΒ.
2294 443 2376 498 1V.

3340 444 3482 504 lOl8

223 584 327 642 per
352 567 617 625 somnium
655 563 966 619 ostenderat
1001 562 1425 634 indignationem
1464 577 1623 632 posse
1663 560 1803 631 regis
1830 569 1876 622 Α
1905 571 2159 629 paratus,
2210 576 2469 630 persuasu
2522 574 2741 615 suorum
2793 558 2976 633 fugere
3020 561 3329 633 compulsus
3370 577 3476 622 est.

224 659 485 728 effugere.
537 654 843 709 Alexander
877 661 1057 706 autem
1103 652 1249 707 solus
1292 652 1485 717 adiit,
1510 661 1565 706 et
1609 666 1804 706 nomen

208 728 325 801 'Dei
353 744 498 814 quod
528 744 584 797 in
617 756 781 797 aurea
810 742 1012 795 lamina
1037 749 1156 796 erat
1191 743 1451 811 scriptum
1471 785 1485 808 ,
1527 742 1804 808 adoravit,

226 836 639 905 principemque
691 833 1033 885 sacerdotum
1091 831 1299 901 primus
1355 840 1646 887 veneratus
1702 839 1805 885 est.

226 925 495 982 Omnibus
519 937 651 978 vero
672 920 872 976 Iudaeis
897 935 1004 974 una
1028 935 1161 974 voce
1184 919 1548 975 Alexandrum
1574 920 1810 976 salutan-

229 1018 406 1078 tibus.
444 1023 497 1069 et
526 1012 1007 1069 circumstantibus
1034 1012 1251 1082 regibus
1277 1010 1449 1082 Syriae
1479 1020 1532 1066 et
1561 1011 1807 1081 reliquis,

228 1110 336 1163 hoc
362 1106 654 1161 facientem
682 1111 1005 1171 stupuerunt
1041 1110 1457 1170 corruptamque
1486 1101 1628 1171 regis
1653 1115 1808 1155 men-

235 1208 344 1253 tem
370 1201 717 1268 putaverunt.
754 1193 1074 1247 Parmenms
1098 1207 1230 1246 vero
1258 1191 1403 1246 solus
1429 1205 1552 1245 eum
1582 1191 1812 1245 interro-

233 1288 384 1359 gavit
419 1286 641 1341 dicens:
678 1282 788 1337 Cur
822 1295 944 1336 eum
976 1283 1228 1336 omnibus
1262 1281 1648 1346 adorantibus,
1695 1282 1811 1351 ipse

233 1380 518 1435 adorasset
543 1374 842 1446 principem
873 1373 1216 1427 sacerdotum
1247 1373 1423 1443 gentis
1445 1372 1665 1427 Iudaeae.
1710 1370 1810 1426 Cui

236 1470 359 1534 ille,
400 1468 517 1523 Non
542 1468 720 1530 hunc,
763 1465 969 1534 inquit,
1014 1463 1265 1527 adoravi,
1310 1464 1404 1517 sed
1445 1463 1614 1517 Deum
1656 1462 1811 1531 cujus

233 1564 543 1636 principatu
567 1559 855 1615 sacerdotii
884 1557 1098 1612 functus
1123 1564 1225 1612 est.
1254 1555 1388 1611 Nam
1415 1570 1513 1627 per
1540 1556 1811 1611 somnium

239 1657 294 1711 in
341 1652 646 1723 huiusmodi
677 1665 803 1705 eum
842 1649 1026 1703 habitu
1070 1647 1359 1716 conspexi,
1409 1646 1586 1701 adhuc
1623 1646 1676 1699 in
1713 1644 1811 1700 Dio

237 1746 459 1801 civitate
484 1741 809 1797 Macedoniae
835 1739 1178 1794 constitutus.
1210 1737 1459 1807 Dumque
1483 1751 1693 1791 mecum
1720 1750 1813 1790 co-

237 1838 496 1909 gitassem
545 1848 615 1887 an
659 1844 874 1901 possem
903 1829 1090 1883 Asiam
1122 1828 1337 1882 vincere
1362 1867 1378 1893 ,
1428 1825 1677 1882 incitavit
1723 1838 1812 1879 me

1909 651 2022 706 Hoc
2046 651 2234 720 praelio
2265 650 2409 705 Asiae
2431 650 2575 704 vires
2610 658 2665 704 et
2701 667 2862 721 regna
2892 653 3278 721 conciderunt,
3311 663 3482 711 totus-

1908 757 2013 812 que
2039 741 2232 797 Oriens
2262 741 2315 794 in
2343 748 2665 810 potestatem
2698 742 3023 799 Macedonici
3050 746 3214 800 cessit
3244 747 3477 817 imperii.

1909 838 2071 899 atque
2098 830 2169 883 ita
2198 829 2382 883 attrita
2413 837 2497 884 est
2538 830 2592 884 in
2639 831 2742 885 hoc
2786 831 2926 886 bello
2973 831 3259 888 Persarum
3303 836 3480 890 omnis

1908 922 2132 985 ﬁducia,
2171 931 2229 976 ut
2257 931 2381 992 post
2414 923 2516 977 hoc
2545 923 2726 978 nullus
2755 925 3019 979 rebellare
3046 941 3209 995 ausus
3236 927 3325 982 sit.
3377 928 3481 982 Pa-

1906 1014 2210 1082 tienterque
2234 1013 2412 1067 Persae
2440 1021 2563 1083 post
2589 1015 2873 1083 imperium
2901 1023 2981 1070 tot
3006 1032 3267 1073 annorum
3292 1023 3480 1090 jugum

1909 1107 2185 1163 servitutis
2224 1114 2568 1176 acceperunt.
2629 1107 2937 1164 Alexander
2982 1110 3202 1181 triginta
3249 1121 3484 1181 quatuor

1909 1198 2183 1253 continuis
2231 1197 2419 1253 diebus
2472 1208 2776 1253 castrorum
2836 1201 3073 1270 praedam
3130 1205 3480 1273 percensuit;

1908 1286 2261 1358 Persepolim,
2293 1299 2455 1358 caput
2481 1287 2688 1343 Persici
2718 1291 2893 1360 regni,
2924 1289 3158 1363 [urbem]
3189 1291 3485 1347 famosissi-

1909 1393 2052 1432 mam
2084 1386 2139 1432 et
2167 1377 2622 1433 confertissimam
2650 1380 2842 1449 opibus
2873 1382 3037 1437 totius
3065 1383 3235 1449 orbis,
3265 1384 3481 1440 invasit.

1910 1466 2133 1520 Darium
2162 1483 2313 1533 vero,
2361 1484 2483 1523 cum
2520 1484 2551 1523 a
2580 1470 2897 1541 propinquis
2926 1474 3039 1528 suis
3067 1475 3311 1530 vinctum
3340 1492 3486 1531 com-

1910 1556 2134 1626 pedibus
2164 1558 2343 1612 aureis
2375 1558 2546 1612 teneri
2577 1561 2947 1630 comperisset,
2985 1566 3236 1633 persequi
3274 1567 3483 1621 statuit.

1910 1644 2095 1714 Itaque
2124 1646 2280 1712 jusso
2312 1655 2372 1700 ιιι
2407 1647 2829 1717 subsequeretur
2856 1652 3161 1716 exercitus,
3208 1653 3323 1722 ipse
3363 1671 3486 1710 cum

1912 1752 2007 1792 sex
2037 1738 2273 1792 millibus
2302 1739 2543 1808 equitum
2570 1739 2846 1808 profectus
2871 1782 2886 1807 ,
2942 1742 3149 1797 invenit
3193 1743 3245 1797 in
3292 1744 3487 1799 itinere

1913 1827 2084 1881 solum
2108 1827 2353 1883 relictum
2376 1828 2558 1884 multis
2578 1829 2886 1885 confossum
2908 1832 3221 1888 vulneribus
3243 1834 3484 1900 Darium,

239 1901 581 1997 nequaquam
608 1920 901 1992 negligere,
930 1919 1023 1975 sed
1049 1918 1371 1973 conﬁtenter
1394 1916 1646 1971 transire.
1676 1914 1812 1971 Nam
1838 1901 1887 1962 Β
1912 1924 2155 1972 extrema
2180 1918 2306 1974 vitat
2330 1933 2428 1988 per
2450 1919 2671 1975 vulnera
2701 1920 2988 1977 efﬂantem.
3031 1918 3187 1979 Hunc
3214 1935 3488 1980 morzuum

239 2035 300 2076 se
324 2018 710 2089 perducturum
746 2027 922 2067 meum
952 2010 1164 2066 diccbat
1192 2009 1511 2073 exercitum,
1541 2013 1597 2061 et
1620 2006 1814 2061 Persa-
1912 2008 2060 2063 inani
2089 2010 2464 2066 misericordia
2494 2009 2688 2067 referri
2722 2012 2777 2067 in
2808 2015 3054 2084 sepulcra
3094 2015 3361 2088 majorum
3403 2032 3491 2073 se-

238 2122 360 2164 rum
388 2105 707 2161 traditurum
732 2104 1067 2175 potentiam:
1099 2102 1326 2170 ideoque
1349 2101 1620 2155 neminem
1647 2098 1814 2153 alium
1909 2100 2176 2171 pelirique
2211 2101 2509 2172 praecepit:
2558 2100 2712 2171 cujus
2752 2119 2859 2159 non
2904 2105 3079 2160 dicam
3129 2114 3357 2162 matrem
3401 2106 3489 2161 vel

239 2199 297 2252 in
327 2196 420 2251 tali
449 2195 586 2251 stola
615 2195 806 2250 videns
833 2208 956 2248 cum
985 2192 1129 2246 hunc
1156 2190 1658 2244 animadvertissem
1675 2228 1691 2253 ,
1718 2188 1817 2243 ba—
1911 2206 2160 2257 uxorem,
2189 2191 2283 2245 sed
2309 2192 2471 2245 etiam
2499 2192 2755 2262 parvulas
2785 2193 2924 2248 ﬁlias
2947 2195 3149 2251 crudeli
3178 2196 3490 2265 captivitate

239 2289 378 2343 hens
405 2287 633 2342 visionis
679 2293 735 2339 et
782 2284 1118 2354 probationis
1148 2290 1427 2337 nocturnae
1465 2281 1813 2347 memoriam,
1837 2350 1856 2372 .
1915 2282 2198 2337 retinebat.
2234 2281 2293 2336 ln
2319 2291 2469 2338 tanta
2497 2285 2763 2339 malorum
2791 2286 3152 2354 multitudine,
3178 2288 3488 2345 difﬁcillima

238 2381 501 2444 salutavi;
536 2378 728 2434 exinde
765 2377 1002 2431 arbitror
1030 2389 1115 2430 me
1153 2374 1336 2429 divino
1366 2373 1644 2444 juvamine
1673 2373 1816 2428 dele-
1840 2370 1853 2372 ⁷
1915 2372 2072 2426 dictis
2108 2370 2268 2437 ﬁdes,
2315 2373 2489 2428 tribus
2530 2374 2732 2445 puellis
2769 2376 3101 2447 totidemque
3145 2380 3303 2434 annis
3331 2380 3490 2449 quin-

240 2480 412 2538 ctum,
443 2471 767 2539 Dariumque
789 2469 1006 2530 vicisse,
1038 2468 1401 2536 virtutemque
1430 2466 1657 2521 solvisse
1688 2465 1817 2521 Per-

239 2577 448 2618 sarum.
482 2560 746 2614 Praeterea
772 2567 830 2614 et
853 2559 1031 2613 omnia
1056 2570 1175 2627 qua:
1200 2572 1318 2612 meo
1345 2559 1507 2614 corde
1532 2567 1820 2629 sperantur

242 2660 573 2724 proventura
617 2644 848 2707 conﬁdo.
880 2648 1175 2720 Postquam
1218 2648 1565 2706 Parmenioni
1609 2651 1819 2708 locutus

245 2751 352 2807 est,
378 2741 678 2812 principem
710 2740 1049 2796 sacerdotum
1078 2740 1375 2805 honorans,
1407 2741 1819 2796 accurrentibus

246 2833 473 2904 reliquis
497 2832 865 2888 sacerdotibus
886 2872 901 2897 ,
951 2832 1018 2885 ad
1048 2830 1324 2885 civitatem
1354 2844 1525 2899 usque
1551 2830 1817 2900 pervenit.

245 2923 332 2977 Ad
358 2921 618 2991 templum
645 2920 941 2975 ascendens
974 2910 1312 2974 'sacriﬁeavit
1338 2918 1483 2982 Deo,
1524 2918 1818 2976 secundum

247 3013 543 3069 sacerdotis
568 3012 972 3068 ostensionem:
1008 3011 1107 3080 ipsi
1146 3017 1327 3065 autem
1360 3010 1593 3080 principi
1633 3025 1818 3065 sacer-

246 3107 435 3162 dotum
477 3111 533 3159 et
570 3104 790 3173 reliquis
827 3102 1197 3158 sacerdotibus
1239 3101 1618 3157 muniﬁcenter
1648 3101 1817 3157 multa

246 3195 487 3250 donavit.
534 3191 725 3248 Oblato
753 3206 885 3246 vero
921 3191 968 3246 ei
998 3191 1272 3245 volumine
1298 3189 1566 3255 Danielis,
1612 3191 1668 3246 in
1710 3205 1818 3260 quo

1914 2462 2068 2531 quies
2095 2461 2274 2543 decies
2302 2472 2529 2520 centena
2569 2465 2735 2520 millia
2777 2468 3017 2536 equitum
3046 2478 3393 2540 consumpta,
3438 2478 3494 2525 ct

1916 2554 2034 2611 haec
2060 2556 2275 2624 quidem
2312 2571 2378 2612 ex
2419 2571 2484 2611 eo
2514 2572 2681 2626 regno
2722 2556 2933 2628 illisque
2961 2559 3170 2628 populis
3196 2561 3338 2615 unde
3376 2561 3491 2630 jam

1918 2653 2044 2700 ante
2073 2661 2245 2701 annos
2277 2662 2386 2701 non
2425 2647 2594 2702 multo
2628 2647 2810 2717 plures
2837 2646 3021 2703 decies
3052 2650 3237 2706 novies
3266 2660 3491 2706 centena

1918 2736 2089 2791 millia
2132 2735 2412 2807 proﬂigata
2451 2736 2798 2793 referuntur:
2836 2754 3148 2808 quanquam
3190 2748 3345 2794 extra
3393 2741 3492 2795 has

1919 2826 2098 2882 clades
2120 2867 2133 2889 ,
2182 2842 2279 2897 per
2303 2827 2523 2882 eosdem
2560 2835 2670 2883 tres
2695 2843 2866 2883 annos
2889 2868 2905 2894 ,
2957 2838 3013 2883 et
3058 2830 3200 2886 Asiae
3245 2832 3492 2889 civitates

1917 2915 2161 2984 plurimae
2188 2930 2459 2985 oppressa:
2489 2915 2616 2980 sint,
2646 2925 2703 2970 et
2729 2915 2885 2986 Syria
2916 2925 3027 2972 tota
3054 2927 3286 2985 vastata,
3317 2921 3493 2991 Tyrus

1918 3003 2121 3068 excisa,
2150 3002 2336 3059 Cilicia
2365 3004 2661 3069 exinanita,
2685 3004 3025 3076 Cappadocia
3054 3010 3294 3074 subacta,
3325 3010 3491 3082 Egy-

1916 3097 2042 3160 ptus
2062 3090 2278 3145 addicta
2301 3091 2402 3158 sit;
2436 3091 2658 3148 Rhodus
2682 3108 2896 3164 quoque
2922 3095 3096 3151 insula
3123 3097 3265 3153 ultro
3290 3100 3357 3153 ad
3379 3115 3494 3155 sen-

1918 3179 2145 3234 vitutem
2191 3180 2508 3236 tremefacta
2556 3184 2913 3251 successerit;
2961 3185 3315 3258 plurimaeque
3358 3191 3490 3246 sub-

245 3248 510 3355 έέι-ίρωιη
538 3292 654 3339 erat
682 3284 966 3354 quemdam
995 3281 1305 3338 amcorum
1332 3248 1665 3352 ρενάίιῃίιιιηι
1685 3248 1817 3338 pler-
1843 3248 1888 3312 (ἶ
1911 3269 2070 3339 jcctze
2097 3271 2276 3327 Tauro
2300 3274 2608 3342 provincize,
2640 3284 2809 3345 atque
2830 3248 2944 3347 ipse
2963 3248 3127 3335 mons
3157 3248 3370 3337 Taurus
3400 3284 3489 3336 diu

246 3394 431 3435 sarum
476 3377 768 3448 potentiam
793 3417 808 3442 ,
860 3376 1154 3431 arbitratus
1202 3374 1437 3445 seipsum
1489 3390 1610 3431 esse
1657 3390 1818 3446 quem

246 3472 530 3540 Scriptura
557 3468 915 3540 significabat,
947 3482 1251 3523 convocans
1276 3466 1512 3533 Iudaeos,
1534 3466 1695 3535 jussit
1720 3481 1816 3537 pe-

245 3571 363 3618 tere
392 3575 527 3631 quas
547 3558 744 3615 vellent
776 3559 1018 3628 accipere
1045 3558 1377 3613 donationes.
1419 3557 1667 3627 Principe
1689 3572 1819 3629 ergo

242 3660 464 3726 petente
491 3659 550 3706 ut
577 3650 763 3706 liceret
789 3650 982 3722 patriis
1018 3650 1097 3704 uti
1133 3649 1375 3719 legibus,
1427 3658 1482 3704 et
1528 3650 1817 3719 septimum

247 3758 448 3799 annum
472 3744 586 3798 sine
609 3742 822 3797 tributis
841 3756 962 3797 esse
983 3741 1285 3804 mandaret,
1314 3739 1497 3795 omnia
1528 3739 1814 3794 concessit.

244 3832 374 3888 Inde
410 3834 475 3886 ad
517 3832 650 3886 alias
679 3833 841 3886 urbes
875 3828 1179 3900 profectus,
1224 3829 1425 3900 Tyrum
1455 3828 1644 3883 urbem
1672 3828 1817 3883 anti-

244 3923 563 3992 quissimam
597 3931 648 3978 et
684 3920 1118 3977 ﬂorentissimam
1140 3962 1154 3984 ,
1198 3919 1395 3975 ﬁducia
1422 3918 1815 3991 Carthaginen-

245 4013 388 4067 siam
410 4012 511 4067 sibi
531 4021 881 4084 cognatorum
902 3992 1278 4076 obsistentem,
1293 4011 1562 4081 oppressit
1581 4018 1634 4064 et
1652 4010 1812 4080 cepit.

245 4101 384 4154 Exin
412 4099 658 4172 Syriam,
698 4100 948 4155 Rhodum
986 4108 1147 4170 atque
1181 4099 1473 4171 Egyptum
1494 4142 1509 4166 ,
1550 4101 1816 4171 pertinaci

249 4189 434 4246 furore
469 4191 735 4262 pervadit.
785 4189 914 4245 lnde
944 4192 1010 4245 ad
1043 4191 1297 4260 templum
1326 4188 1473 4245 Jovis
1500 4189 1818 4246 Hammonis

242 4283 453 4353 pergit,
497 4293 558 4339 ut
589 4283 870 4338 mendacio
901 4284 968 4337 ad
999 4292 1212 4352 tempus
1237 4281 1558 4351 composito,
1590 4280 1820 4349 ignomi-

244 4374 394 4427 niam
421 4372 522 4427 sibi
547 4373 718 4443 patris
746 4372 934 4427 incerti
965 4383 1020 4426 et
1050 4372 1321 4426 infamiam
1346 4371 1603 4426 adulterae
1628 4371 1818 4425 matris

242 4463 509 4518 aboleret.
557 4462 688 4517 Nam
724 4464 1046 4518 accersitum
1079 4463 1144 4517 ad
1174 4477 1231 4517 se
1258 4462 1365 4517 fani
1399 4463 1567 4532 ipsius
1601 4463 1813 4518 antisti-

1916 3364 2271 3419 detrectatum
2298 3362 2487 3435 iugum
2515 3366 2752 3422 domitus
2792 3377 2848 3422 et
2884 3369 3060 3425 victus
3087 3373 3375 3442 acceperit.
3426 3373 3494 3428 Et

1916 3467 1985 3507 ne
2028 3451 2169 3509 forte
2217 3463 2349 3509 tunc
2398 3454 2533 3526 [Al.,
2560 3456 2727 3529 nunc]
2775 3458 3061 3528 quisquam
3111 3462 3362 3531 epinetur
3408 3465 3493 3518 vel

1916 3540 2189 3599 Orientem
2222 3544 2395 3599 solum
2418 3545 2706 3601 Alexandri
2731 3548 2935 3602 viribus
2960 3550 3262 3616 subactum,
3286 3553 3367 3607 vel
3390 3554 3491 3607 Ita-

1917 3635 2044 3689 liam
2089 3638 2462 3691 tantummodo
2508 3637 2749 3693 Romana
2781 3639 3153 3709 inquietudine
3181 3643 3487 3717 fatigatam,

1919 3733 2044 3779 tunc
2069 3725 2233 3779 etiam
2271 3725 2467 3781 bellum
2500 3726 2751 3798 Hagidis,
2797 3728 3185 3799 Spartanorum
3218 3735 3392 3803 regis,
3437 3735 3492 3789 in

1914 3813 2152 3878 Gmcia;
2189 3814 2502 3880 Alexandri,
2532 3817 2672 3886 regis
2701 3816 2872 3887 Epiri,
2900 3819 2953 3873 in
2978 3819 3244 3886 Lucania;
3278 3822 3492 3892 Zopby-

1917 3902 2087 3956 rionis
2123 3903 2362 3972 praefecti
2393 3904 2447 3957 in
2478 3903 2699 3975 Scythia
2739 3907 3047 3976 gerebatur.
3095 3907 3333 3974 Quorum
3362 3910 3492 3980 Agis

1917 3993 2377 4060 Lacedaemonius,
2395 3996 2626 4051 excitata
2647 4004 2703 4052 et
2717 3996 3012 4053 rebellante
3034 4013 3216 4054 secum
3239 4001 3491 4056 universa

1916 4084 2142 4151 Graecia,
2165 4102 2286 4141 cum
2307 4086 2609 4157 Antipatre,
2627 4086 2937 4145 fortissimis
2959 4092 3127 4160 copiis
3147 4107 3488 4164 congressus,

1916 4174 2060 4230 inter
2087 4191 2309 4246 magnas
2335 4187 2690 4247 utrorumque
2716 4186 2925 4249 strages
2952 4188 3009 4235 et
3035 4180 3149 4249 ipse
3177 4182 3481 4250 procubuit.

1918 4266 2228 4321 Alexander
2246 4275 2423 4321 autem
2454 4268 2507 4322 in
2535 4267 2686 4323 ltalia
2715 4268 2971 4325 affectans
2995 4269 3304 4327 Occidentis
3331 4272 3493 4342 impe-

1919 4356 2079 4420 rium,
2100 4356 2360 4411 aamulans
2380 4356 2742 4412 Alexandrum
2766 4358 3032 4429 Magnum,
3056 4368 3178 4431 post
3202 4376 3490 4435 numerosa

1917 4455 1974 4501 et
2000 4446 2184 4517 gravia
2212 4447 2350 4503 bella
2380 4448 2576 4503 ibidem
2616 4458 2765 4521 gesta
2810 4466 2842 4505 a
2883 4451 3084 4507 Brutiis
3120 4451 3492 4525 Lucretiisque

245 4561 389 4615 tem,
427 4566 494 4605 ex
534 4552 745 4607 occulto
780 4552 988 4606 monuit
1022 4551 1149 4621 quid
1186 4550 1289 4606 sibi
1328 4559 1585 4621 tanquam
1615 4565 1812 4606 consu-

1920 4536 2304 4610 [Lucanisque]
2335 4547 2618 4610 superatus
2654 4548 2772 4606 est,
2815 4557 3123 4613 corpusque
3162 4542 3278 4613 ejus
3307 4547 3374 4601 ad
3403 4561 3494 4603 se-

241 4640 379 4695 lenti
413 4640 722 4710 responderi
752 4641 910 4704 velit,
944 4641 1084 4695 sicut
1111 4640 1352 4695 historici
1385 4655 1572 4695 eorum
1605 4638 1812 4696 dicunt.

1919 4627 2189 4697 pulturam
2231 4627 2509 4684 venditum
2533 4670 2548 4695 ,
2593 4637 2656 4685 ut
2692 4646 2854 4701 supra
2891 4634 3131 4688 memini.
3185 4635 3495 4706 Zophyrion

239 4730 321 4784 lta
358 4738 540 4786 certus
583 4731 887 4786 Alexander
933 4730 1034 4785 fuit
1081 4730 1342 4800 nobisque
1388 4729 1662 4800 prodidit,
1716 4731 1813 4787 diis

1918 4732 2048 4773 vero
2100 4717 2387 4788 prafectus
2442 4719 2640 4785 Ponti,
2697 4724 2933 4778 adunato
2988 4725 3208 4796 triginta
3261 4727 3490 4782 millium

239 4817 378 4886 ipsis
404 4818 583 4872 surdis
610 4826 666 4871 ct
694 4818 879 4883 mutis,
904 4818 988 4873 vel
1028 4819 1082 4873 in
1121 4826 1387 4887 potestate
1413 4834 1533 4874 esse
1560 4820 1820 4876 antistitis
1917 4808 2180 4873 θιθτοίων
2210 4807 2424 4880 δεῖίιὶίε
2453 4810 2651 4865 bellum
2680 4809 2882 4868 ίηῖθΐνθ
2910 4828 3095 4879 ausus,
3139 4824 3194 4869 ει
3227 4831 3394 4885 “sque
3425 4819 3493 4873 ad

239 4905 376 4974 quid
402 4906 531 4960 velit
556 4905 785 4977 ﬁngere;
824 4907 907 4962 vel
933 4908 987 4962 in
1011 4908 1288 4963 voluntate
1314 4909 1662 4974 consulentis,
1687 4910 1819 4980 quid
1918 4898 2342 4955 ίηῑενηθείοηθω
2369 4915 2542 4954 οωειιε
2559 4939 2575 4964 ν
2618 4900 2857 4954 funditus
2893 4914 3016 4954 cum
3044 4903 3294 4958 omnibus
3322 4906 3493 4974 οοβίίε

239 4994 399 5049 malit
438 4995 642 5049 audire.
697 4996 995 5052 Revertens
1040 4997 1108 5051 ab
1152 4997 1450 5053 Hammone
1489 4999 1555 5053 ad
1582 5001 1813 5055 tertium

1919 4990 2034 5045 suis
2063 4990 2289 5045 abrasus
2315 4998 2417 5045 est.
2466 4988 2658 5045 Occiso
2685 5004 2919 5059 namque
2946 4990 3128 5059 Dario,
3174 5003 3236 5048 ut
3278 4995 3493 5063 praemi-

237 5081 443 5137 l‘elh‘tm
469 5083 767 5149 Persicum,
797 5084 1173 5139 Alexandriam
1203 5085 1255 5139 in
1285 5085 1523 5156 Egypto
1551 5088 1815 5144 condidit.

1918 5082 2109 5146 simus,
2136 5082 2422 5137 Persarum
2452 5096 2675 5152 regnum
2706 5083 2963 5137 concidit.
3002 5083 3488 5142 Alexandrinorum

236 5174 441 5231 Darius
462 5189 609 5238 vero,
630 5190 727 5245 spe
752 5176 901 5245 pacis
920 5175 1151 5240 amissa,
1180 5176 1556 5245 quadringinta
1584 5188 1823 5259 quatuor
1920 5179 2098 5227 autem
2128 5171 2387 5234 nascitur,
2419 5170 2564 5240 quod
2590 5185 2812 5241 regnum
2844 5180 2930 5226 est
2957 5171 3197 5244 Egypti.
3247 5173 3488 5231 Alexan-

236 5263 410 5317 millia
442 5263 712 5334 peditum,
744 5274 798 5319 et
829 5272 1049 5321 centum
1078 5264 1246 5318 millia
1272 5265 1550 5333 equitum,
1584 5266 1823 5323 Alexan—
1919 5262 2019 5316 der
2063 5260 2282 5316 Macedo
2331 5260 2488 5314 annis
2539 5261 2795 5329 quinque.
2853 5260 3021 5332 Hujus
3064 5263 3209 5319 enim
3254 5265 3491 5335 quinque

236 5353 363 5416 dro,
416 5353 485 5406 ab
529 5351 764 5423 [Ευριο
813 5353 1136 5418 revertenti,
1189 5353 1329 5422 apud
1369 5353 1636 5409 Tharsum
1670 5355 1821 5411 bello

235 5442 487 5511 opponit.
541 5442 651 5498 Nec
699 5459 891 5513 pugna:
920 5459 1105 5508 mora,
1151 5458 1340 5498 omnes
1376 5459 1518 5500 caeca
1560 5447 1710 5502 rabie
1755 5447 1814 5502 in

234 5532 449 5587 ferrum
478 5542 658 5588 ruunt.
705 5534 1024 5590 Macedones
1052 5535 1213 5590 toties
1240 5551 1271 5589 a
1300 5550 1358 5590 se
1388 5536 1542 5592 victis
1567 5538 1817 5594 hostibus

235 5629 517 5684 animosi:
570 5628 751 5685 Persa:
795 5629 899 5684 nisi
944 5630 1201 5695 vincant,
1255 5630 1393 5684 mori
1426 5638 1813 5702 praeoptantes.

239 5719 389 5773 Raro
437 5720 490 5774 in
536 5720 645 5775 ullo
677 5720 861 5790 praelia
904 5729 1114 5776 tantum
1160 5721 1437 5791 sanguinis
1479 5721 1655 5778 fusum
1701 5731 1811 5777 est.

236 5812 348 5865 Ssd
391 5812 579 5868 Darius
617 5808 738 5868 cum
771 5812 909 5870 vinci
953 5829 1079 5868 suos
1110 5813 1345 5880 videret,
1394 5814 1527 5868 mori
1571 5814 1623 5869 in
1671 5813 1807 5868 bello

1919 5351 2047 5406 anni
2092 5350 2354 5421 postremi
2410 5350 2464 5404 in
2519 5352 2710 5407 ordine
2751 5361 3106 5408 numerantur
3140 5354 3336 5423 quibus
3375 5370 3491 5411 mo-

1921 5442 2196 5497 narehiam
2228 5441 2462 5496 obtinuit
2486 5440 2653 5497 orbis.
2709 5440 2844 5497 Nam
2889 5452 3091 5513 septem
3133 5443 3250 5513 ejus
3280 5446 3490 5515 priores

1924 5533 2023 5588 sub
2058 5547 2225 5603 regno
2260 5532 2543 5587 Persarum
2583 5540 2957 5603 supputantur.
2994 5533 3041 5587 A
3072 5535 3489 5592 remdiﬁcatione

1919 5642 2052 5681 vero
2091 5626 2270 5697 templi
2313 5641 2487 5682 annus
2525 5625 2854 5683 centesimus
2891 5628 3247 5699 octogesimus
3282 5630 3491 5703 primus

1918 5726 2053 5779 erat.
