3964 6172
490 411 630 467 1019

1043 515 1268 572 CAPUT
1302 512 1482 568 XXIII.

484 637 792 692 Constructa
828 632 1146 687 Alexandria
1176 631 1230 682 in
1261 627 1510 696 gypto,
1537 623 1900 696 destructaque
1929 617 2057 672 Per-

551 721 730 761 sarum
755 703 984 773 imperio,
1005 717 1096 771 per
1110 690 1522 773 quinquennium
1538 690 1833 773 Alegander
1852 703 2060 740 monar-

553 776 721 829 chimn
769 762 1199 829 ob'linnit'orb'is.
1248 762 1500 836 plurimas
1541 762 1814 836 devinceret
1859 768 2053 836 gentes,

553 827 764 899 Indiam
787 853 958 912 petens
979 827 1298 912 subj-rigavit,
1325 829 1897 912 ca'terasquelnationcs
1920 827 2062 906 inac-

555 897 813 968 cessibiles
839 913 977 965 circa
1001 897 1195 962 Or'ea'ni
1223 907 1400 959 littora
1422 897 1703 956 sitas'bello
1729 897 1978 967 oppressit
2011 904 2058 947 et

555 987 704 1053 repit.
757 982 978 1036 Demum
1007 976 1352 1048 Babyloniam
1384 973 1609 1036 rediens,
1650 969 1838 1022 hausto
1869 980 2059 1020 ueneno

514 1068 518 1070 '
554 1055 770 1107 interiit.

557 1166 722 1235 Igitur
749 1161 1054 1217 Alexander
1081 1158 1302 1228 Magnus
1332 1165 1455 1225 post
1483 1152 1632 1208 Darii
1670 1158 1901 1204 mortem
1938 1146 2062 1201 Hir-

487 1272 654 1310 canos
694 1264 750 1308 et
792 1252 1004 1306 Mardos
1045 1248 1274 1318 subegit.
1333 1243 1435 1300 Ubi
1481 1243 1642 1297 etiam
1692 1239 1840 1294 illum
1885 1237 2062 1291 adhuc

487 1348 626 1402 bello
677 1347 968 1406 intentum,
1019 1337 1284 1394 llalcstris
1328 1335 1442 1390 sive
1487 1332 1777 1394 Minothea,
1826 1327 2061 1382 excitata

487 1437 840 1507 suscipiendae
869 1433 937 1488 ab
962 1448 1026 1487 eo
1053 1429 1252 1486 sobolis
1277 1425 1471 1498 gratia,
1508 1439 1630 1480 cum
1661 1418 1919 1475 trecentis
1945 1431 2066 1470 mu-

487 1528 709 1582 lieribus
738 1540 937 1595 procax
965 1523 1207 1576 Amazon
1238 1515 1461 1572 invenit.
1511 1513 1643 1568 Post
1683 1511 1800 1565 hzec
1838 1507 2065 1562 Partho—

489 1635 606 1674 rum
635 1631 867 1687 pugnam
895 1626 1182 1684 aggressus
1201 1650 1216 1676 ,
1255 1623 1392 1678 quos
1418 1606 1508 1661 diu
1536 1604 1844 1658 obnitentes
1867 1596 2068 1654 delevit

488 1707 873 1780 propemodum
923 1714 1212 1773 antequam
1239 1701 1389 1755 vicit.
1443 1695 1570 1752 Inde
1598 1695 1858 1758 Traneas,
1901 1691 2067 1746 Ever-

490 1810 670 1871 getas,
712 1798 989 1859 Parimas,
1031 1795 1429 1862 Parapcmenos
1465 1801 1771 1859 aggressus,
1801 1781 2067 1851 Adarpios

1505 391 1896 450 FIIECULPIII
1938 387 2388 444 LEXOVIENSIS
2428 386 2728 444 EPiSCOPI

2083 501 2130 562 A
2157 510 2212 555 et
2231 503 2441 556 ueteris
2470 499 2805 554 mirabilibus
2829 497 2898 551 ibi
2928 497 3174 565 repertis,
3198 495 3477 566 epistolam
3501 497 3759 552 Alexan-

3579 386 3755 442 10$)

2159 595 2242 649 dri
2271 594 2338 648 ad
2369 602 2596 648 matrem
2639 600 2694 645 et
2738 590 2808 644 ad
2845 590 3165 656 magistrum
3212 590 3468 644 directam
3504 590 3760 660 legendo

2157 693 2458 754 percurrat.
2491 682 2619 737 Inde
2648 681 2925 744 Adrestas,
2953 677 3267 742 Catthenos,
3298 680 3551 734 Persidas
3574 680 3761 752 [Pna-

2158 771 2365 843 sidas],
2417 781 2472 826 et
2518 769 2889 834 Candaridas’,
2939 768 3096 823 caesis
3144 783 3335 824 eorum
3383 772 3760 836 exercitibus,

2160 862 2478 916 Macedones
2510 872 2909 930 expugnavere.
2964 857 3099 913 Cum
3130 859 3196 912 ad
3225 858 3484 914 Chosides
3514 870 3763 915 ventum

2159 961 2340 1017 esset,
2392 952 2466 1006 ibi
2497 959 2686 1006 contra
2713 948 2942 1003 ducenta
2993 947 3160 1002 millia
3206 947 3447 1016 equitum
3497 947 3767 1004 hostium

2151 1057 2394 1112 pugnam
2445 1046 2858 1095 conseruerunt.
2938 1037 3005 1092 Et
3056 1053 3182 1091 cum
3229 1035 3344 1105 jam
3391 1036 3532 1092 fessa
3579 1048 3768 1093 aetate

2161 1133 2368 1196 detriti,
2399 1133 2580 1186 animo
2605 1130 2758 1201 aegri,
2789 1130 2996 1184 viribus
3029 1129 3180 1193 lassi,
3213 1127 3428 1182 difﬁcile
3455 1130 3766 1193 vicissent,

2162 1232 2340 1279 castra
2387 1223 2456 1276 ob
2494 1221 2812 1276 memoriam
2858 1218 2977 1288 plus
3025 1219 3185 1273 solito
3215 1218 3504 1288 magniﬁca
3549 1219 3768 1272 condi-

2163 1313 2378 1367 derunt.
2416 1311 2550 1365 Exin
2575 1310 2880 1366 Alexander
2901 1310 2969 1363 ad
2997 1324 3214 1362 amnem
3234 1307 3520 1376 Agesincm
3547 1311 3766 1379 pergit.

2163 1405 2268 1461 Per
2304 1406 2447 1460 hunc
2487 1405 2539 1460 in
2567 1403 2838 1460 Oceanum
2873 1403 3176 1468 devehitur,
3208 1404 3299 1456 ubi
3327 1402 3642 1458 Gressonas
3679 1404 3770 1458 Si-

2165 1498 2393 1567 bosque,
2447 1510 2585 1564 quos
2633 1493 2894 1550 Hercules
2937 1493 3217 1557 condidit,
3264 1493 3558 1562 oppressit.
3619 1492 3770 1546 Hinc

2165 1585 2420 1641 Mandros
2447 1594 2505 1640 et
2531 1583 2805 1654 Subagras
2833 1584 3070 1653 navigat.
3121 1583 3250 1649 Quae
3289 1593 3479 1653 gentes
3510 1599 3642 1637 cum
3679 1600 3773 1636 ar-

2168 1679 2330 1732 matis
2357 1677 2629 1747 octoginta
2659 1675 2893 1730 millibus
2922 1676 3161 1744 peditum
3181 1715 3196 1739 ,
3233 1683 3290 1730 et
3316 1675 3600 1745 sexaginta
3634 1676 3769 1729 mil-

2169 1767 2309 1822 libus
2337 1767 2579 1838 equitum
2607 1765 2884 1834 excipiunt
2911 1805 2927 1830 ,
2973 1765 3372 1833 commissoque
3400 1764 3612 1834 pradio,
3673 1766 3770 1819 diu

492 1856 825 1960 caeterosquc
857 1856 1082 1958 populos
1108 1856 1199 1955 qui
1234 1883 1286 1936 in
1317 1856 1758 1935 radice—Caucasi
1785 1873 2071 1928 moraban—
2100 1861 2144 1922 Β
2173 1876 2370 1930 anceps
2392 1868 2446 1915 et
2470 1867 2692 1914 cruenta
2719 1872 2920 1929 pugna,
2952 1857 3166 1910 tandem
3191 1856 3398 1911 tristem
3429 1857 3773 1924 νεηνίεω-

490 1991 600 2046 tur,
647 1981 894 2050 subegit:
934 1979 1122 2032 urbem
1156 1975 1228 2028 ibi
1261 1971 1389 2026 fecit
1432 1966 1812 2024 Alexandriam
1839 2003 1855 2029 ,
1905 1976 2067 2031 super

490 2088 706 2128 amnem
736 2071 959 2127 Danaim
991 2065 1264 2142 [Tanaim]
1293 2064 1661 2121 consﬁtutam.
1702 2058 1809 2114 Sed
1837 2071 1938 2111 nec
1965 2053 2072 2109 mi—

493 2179 594 2218 nor
623 2161 740 2230 ejus
772 2161 824 2215 in
858 2175 984 2216 suos
1015 2157 1307 2213 crudelitas
1334 2168 1495 2223 quam
1537 2151 1592 2205 in
1638 2151 1847 2205 hostem
1890 2145 2071 2200 rabies

493 2252 616 2307 fuit.
669 2252 874 2307 Doceat
903 2251 1005 2305 hoc
1032 2247 1280 2302 Amiutas
1309 2242 1666 2300 consobrinus
1694 2239 1939 2302 occisus,
1968 2251 2071 2292 no-

492 2357 653 2395 verca
685 2339 989 2408 fratresque
1017 2336 1136 2407 ejus
1164 2335 1373 2398 necati,
1418 2330 1705 2390 Permenio
1742 2336 1799 2385 et
1834 2327 2074 2383 Philotas

494 2431 788 2493 trucidati,
845 2429 1074 2492 Attalus,
1122 2426 1438 2496 Eurylocus,
1487 2419 1785 2478 Pausanias
1811 2415 2074 2485 multique

495 2519 822 2575 Macedonia:
850 2519 1123 2588 principes
1149 2514 1404 2570 exstincti
1431 2531 1444 2566 :
1479 2510 1650 2567 Clitus
1679 2521 1894 2578 quoque
1921 2505 2076 2560 annis

499 2614 705 2685 gravis,
734 2612 970 2666 amicitia
1000 2619 1176 2672 vetus,
1204 2605 1410 2661 nefarie
1439 2604 1776 2659 interfectus.
1822 2599 1926 2667 Qui
1951 2613 2075 2654 cum

497 2707 554 2761 in
587 2704 834 2759 convivio
875 2702 1069 2756 fiducia
1107 2698 1358 2753 amicitiae
1388 2695 1550 2765 regiae
1580 2695 1842 2748 adversus
1870 2704 2074 2760 regem,

499 2813 596 2853 sua
631 2811 795 2866 opera
825 2794 964 2863 patri
993 2790 1240 2861 Philippo
1269 2793 1670 2860 praeponentem
1695 2823 1708 2847 ,
1761 2780 2076 2837 memoriam

499 2887 668 2959 patris
719 2893 980 2950 tueretur,
1027 2883 1096 2938 ab
1138 2879 1341 2937 offenso
1388 2877 1591 2932 frustm
1641 2889 1767 2946 rege
1812 2870 2080 2928 venabulo

501 2979 834 3034 transfossus
859 3017 874 3042 ,
921 2989 1207 3032 commune
1245 2972 1551 3030 convivium
1592 2965 1914 3024 cruentavit.
1974 2963 2083 3020 Sed

503 3070 810 3125 Alexander
851 3066 1071 3122 humani
1120 3064 1398 3134 sanguinis
1445 3057 1921 3122 inexsaturabilis,
1967 3055 2082 3111 sive

504 3162 747 3217 hostium
774 3160 887 3215 sive
912 3159 1075 3213 etiam
1107 3157 1399 3218 sociorum,
1433 3159 1702 3210 recentem
1733 3158 1913 3204 tamen
1939 3161 2083 3203 sem-

2172 1952 2311 2006 riam
2346 1950 2725 2005 Macedonibus
2755 1947 2922 2003 dedit.
2961 1945 3094 1999 Nam
3125 1944 3257 2000 fusis
3287 1944 3527 1999 hostium
3555 1945 3766 2013 copiis,

2170 2041 2472 2096 Alexander
2496 2039 2790 2094 exercitum
2820 2038 2889 2092 ad
2918 2036 3104 2091 urbem
3136 2035 3324 2100 duxit,
3371 2045 3427 2088 et
3472 2051 3598 2089 cum
3639 2051 3768 2088 mu-

2173 2149 2292 2188 rum
2315 2132 2468 2204 prius
2491 2131 2846 2194 ascendisset,
2867 2143 3092 2184 vacuam
3113 2127 3388 2182 civitatem
3415 2135 3588 2186 ratus,
3614 2125 3771 2181 solus

2173 2228 2444 2283 introrsus
2469 2223 2703 2280 desiluit.
2737 2220 2907 2288 Quem
2932 2235 3054 2275 cum
3083 2219 3322 2288 undique
3349 2216 3549 2272 infensi
3576 2216 3772 2272 hostes

2113 2316 2133 2341 '
2175 2314 2679 2378 circumdedissent,
2708 2310 3025 2366 incredibile
3052 2309 3200 2366 dictu
3231 2316 3335 2372 est,
3380 2316 3441 2363 ut
3483 2322 3610 2362 eum
3659 2323 3771 2362 non

2175 2404 2462 2461 multitudo
2486 2403 2746 2468 hostium,
2770 2414 2876 2456 non
2899 2399 2983 2455 vis
3009 2413 3204 2470 magna
3231 2397 3484 2461 telorum,
3513 2413 3622 2452 non
3651 2406 3770 2452 tan-

2177 2503 2290 2550 tum
2319 2491 2701 2548 lacessentium
2730 2490 2937 2546 clamor
2964 2488 3220 2544 terruerit
3235 2527 3252 2553 ,
3269 2549 3282 2562 '_
3297 2486 3447 2542 solus
3463 2493 3566 2541 ‘tot
3597 2485 3773 2542 millia

2176 2584 2432 2641 ceciderit
2459 2598 2524 2638 ac
2549 2581 2769 2653 fugarit.
2822 2579 2894 2635 At
2937 2579 3028 2634 ubi
3073 2594 3135 2634 se
3178 2579 3336 2634 obrui
3371 2594 3404 2632 a
3432 2575 3772 2633 circumfusa

2177 2675 2519 2732 multitudine
2544 2673 2834 2745 persensit,
2857 2672 2996 2726 muri
3022 2671 3178 2727 obice
3201 2670 3504 2741 posteriora
3535 2679 3771 2735 tutatus,

2165 2768 2482 2846 contrarios
2512 2767 2725 2822 facilius
2754 2780 3034 2835 quousque
3084 2763 3174 2836 [eo
3222 2761 3416 2840 usque]
3465 2763 3772 2828 sustinuit,

2181 2863 2352 2918 donec
2373 2860 2442 2916 ad
2466 2858 2765 2930 periculum
2790 2856 2907 2927 ejus
2930 2857 3330 2925 clamoremque
3356 2857 3617 2921 hostium,
3647 2872 3776 2926 per-

2183 2953 2370 3010 fractis
2417 2953 2628 3019 muris,
2672 2951 2946 3008 exercitus
2991 2950 3169 3005 omnis
3215 2949 3562 3019 irrumperct.
3615 2948 3677 3002 In
3708 2963 3778 3004 eo

2181 3045 2369 3116 praelia
2396 3043 2594 3114 sagitta
2620 3043 2722 3098 sub
2750 3055 2985 3096 mamma
3017 3040 3292 3111 trajectus,
3324 3038 3433 3093 fixo
3459 3054 3606 3109 genu
3623 3047 3778 3094 eate-

2185 3152 2289 3192 nus
2323 3133 2618 3206 pugnavit,
2655 3133 2827 3188 donec
2853 3147 2977 3186 eum
3019 3146 3051 3184 a
3091 3146 3199 3200 quo
3222 3129 3543 3184 vulneratus
3583 3136 3736 3184 esset
3757 3168 3777 3193 ,

503 3270 603 3324 per
651 3252 870 3307 sitiebat
911 3263 1181 3304 cruorem.
1247 3246 1434 3315 Itaque
1477 3240 1741 3313 pertinaci
1787 3239 1986 3308 impetu
2029 3238 2085 3292 in
2111 3231 2157 3295 C
2187 3227 2480 3285 occideret.
2525 3225 2654 3282 Inde
2683 3223 2994 3281 conscensis
3030 3223 3260 3278 navibus
3286 3236 3411 3278 cum
3441 3219 3646 3276 Oceani
3681 3221 3777 3275 lit-

505 3344 647 3400 bella
673 3356 1016 3414 procurrens,
1047 3339 1372 3394 Chorasmos
1399 3344 1455 3392 et
1479 3333 1723 3398 Dachas,
1770 3331 2084 3386 indomitam

507 3443 758 3503 gentem,
807 3432 859 3487 in
907 3430 1234 3487 deditionem
1277 3426 1522 3499 accepit:
1557 3424 1887 3480 Calistenem
1913 3421 2087 3492 philo-

509 3523 739 3593 sopbum
765 3561 779 3587 ,
827 3521 1036 3589 sibique
1073 3519 1213 3589 apud
1241 3514 1587 3572 Aristotelem
1617 3510 2043 3582 condiscipulum
2067 3550 2084 3577 ,

511 3627 633 3667 cum
662 3610 910 3680 plurimis
941 3608 1063 3663 aliis
1090 3606 1444 3677 principibus,
1473 3618 1594 3658 cum
1618 3600 1806 3674 [quod]
1827 3615 1973 3665 eum,
1995 3600 2090 3655 de-

506 3701 688 3772 posito
717 3698 986 3754 salutandi
1013 3712 1181 3762 more,
1211 3703 1272 3750 ut
1298 3695 1468 3750 Deum
1497 3706 1604 3748 non
1633 3693 1904 3756 adoraret,
1945 3688 2088 3746 occi-

511 3793 610 3848 dit.
661 3792 790 3847 Post
833 3791 950 3845 hanc
993 3788 1196 3843 Indiam
1231 3785 1400 3856 petit,
1447 3793 1510 3838 ut
1535 3783 1748 3841 Oceano
1792 3782 2090 3851 ultimoque

512 3881 731 3938 Oriente
758 3880 937 3934 ﬁniret
962 3877 1270 3948 imperium,
1299 3875 1484 3931 Nisam
1505 3875 1696 3930 urbem
1724 3873 1877 3938 adiit,
1905 3872 2090 3928 Daeda-

511 3973 594 4028 los
629 3979 842 4028 montes
881 3983 1153 4041 regnaque
1177 3966 1467 4037 Cleophilis
1503 3966 1701 4036 reginae
1735 3963 2086 4035 expugnavit.

514 4062 646 4130 Quae
675 4078 798 4118 cum
828 4076 886 4117 se
915 4060 1236 4124 dedidisset,
1268 4057 1558 4114 concubitu
1586 4071 1811 4127 regnum
1840 4055 2085 4111 redemit.

517 4157 810 4226 Peragrata
841 4153 1250 4223 perdomitaque
1286 4149 1592 4205 Alexander
1618 4148 1766 4203 India
1791 4188 1808 4214 ,
1853 4162 1974 4202 cum
2021 4146 2090 4201 ad

509 4263 706 4303 saxum
736 4246 886 4300 mirae
912 4243 1221 4314 asperitatis
1253 4250 1309 4298 et
1335 4239 1669 4304 altitudinis,
1715 4239 1770 4294 in
1799 4254 1906 4308 quo
1936 4237 2091 4292 multi

513 4340 698 4423 appuli
726 4336 1102 4407 confugerant,
1127 4333 1484 4404 pervenisset,
1509 4330 1786 4403 cognoscit
1806 4329 2090 4384 Herculem

516 4419 586 4484 ab
605 4427 998 4498 expugnatione
1018 4423 1258 4492 ejusdem
1278 4422 1396 4478 saxi
1416 4428 1722 4477 terraemotu
1739 4419 2088 4490 prohibitum.

519 4518 889 4576 IEmulatione
913 4521 1222 4584 permotus,
1263 4521 1322 4566 ut
1365 4511 1612 4567 Herculis
1636 4520 1758 4566 acta
1787 4517 2089 4581 superaret,

2188 3329 2306 3376 tera
2333 3323 2684 3387 peragraret,
2732 3315 2799 3369 ad
2843 3315 3034 3368 urbem
3065 3313 3382 3383 quamdam,
3428 3310 3518 3366 cui
3549 3310 3776 3365 Ambira

2189 3425 2284 3466 rex
2307 3414 2558 3478 przeerat,
2577 3405 2843 3475 pervenit.
2875 3403 2983 3459 Sed
3005 3404 3060 3458 in
3085 3402 3486 3474 expugnatione
3508 3401 3773 3464 civitatis,

2189 3513 2439 3570 magnam
2473 3504 2684 3568 partem
2714 3495 3022 3558 exercitus,
3059 3492 3271 3563 sagittis
3300 3488 3542 3546 hostium
3567 3505 3776 3545 veneno

2189 3588 2362 3651 illitis,
2404 3584 2616 3650 amisit;
2656 3599 2720 3639 ac
2765 3591 2889 3654 post
2937 3582 3163 3637 herbam
3208 3594 3304 3650 per
3349 3580 3626 3634 somnium
3670 3578 3773 3633 sibi

2188 3685 2464 3732 ostensam
2505 3684 2561 3729 et
2603 3674 2656 3728 in
2687 3680 2874 3743 potum
2907 3670 3108 3726 sauciis
3135 3669 3350 3732 datam,
3399 3683 3524 3723 cum
3553 3667 3775 3737 reliquis

2189 3769 2586 3831 subveniretur,
2615 3766 2805 3819 urbem
2831 3761 3159 3833 expugnavit
3181 3767 3238 3815 et
3260 3759 3427 3830 cepit.
3463 3758 3596 3814 Post
3619 3758 3776 3828 quasi

2190 3863 2572 3918 circumactam
2596 3856 2948 3930 [circumacta
2973 3852 3164 3926 meta],
3185 3861 3243 3908 et
3262 3853 3329 3908 de
3347 3850 3568 3908 Oceano
3585 3851 3774 3906 Indum

2189 3952 2388 4007 ﬂumen
2421 3951 2726 4021 ingressus,
2771 3946 3118 4017 Babyloniam
3153 3943 3406 4000 celeriter
3432 3943 3634 4006 rediit,
3680 3942 3776 3996 ubi

2190 4058 2314 4098 eum
2341 4040 2722 4097 exterritarum
2771 4038 2935 4092 totius
2971 4036 3121 4092 orbis
3164 4034 3572 4106 provinciarum
3614 4035 3775 4105 legati

2191 4131 2629 4201 opperiebantur,
2676 4129 2781 4183 hoc
2804 4134 2922 4192 est,
2964 4124 3475 4190 Carthaginensium
3505 4123 3778 4194 totiusque

2191 4223 2387 4278 Africa:
2435 4223 2755 4277 civitatum:
2806 4219 2901 4275 sed
2949 4227 3004 4274 et
3053 4217 3439 4288 Hispanorum,
3473 4215 3777 4280 Gallorum,

2195 4314 2416 4380 Sicilia,
2453 4312 2854 4382 Sardiniaeque;
2891 4309 3136 4382 plurimae
3167 4316 3436 4379 praeterea
3467 4307 3638 4377 partis
3673 4307 3780 4360 Ita-

2193 4405 2297 4460 liae.
2332 4404 2537 4462 Tantus
2565 4403 2727 4458 timor
2755 4402 2808 4456 in
2835 4416 3046 4456 summo
3071 4398 3292 4456 Oriente
3318 4399 3600 4454 constituti
3623 4397 3779 4454 dada

2193 4497 2418 4569 populos
2445 4496 2618 4551 ultimi
2646 4493 2958 4553 Occidentis
2985 4493 3299 4558 invaserat,
3346 4499 3408 4546 ut
3451 4490 3578 4546 inde
3613 4504 3777 4559 pere-

520 4623 643 4662 cum
669 4620 882 4660 summo
912 4605 1096 4659 labore
1123 4617 1188 4657 ac
1211 4601 1450 4671 periculo
1483 4615 1616 4656 saxo
1638 4578 1868 4671 petitus,
1903 4615 2080 4656 omnes

2197 4591 2408 4662 grinam
2441 4601 2695 4643 cerneres
2734 4593 2848 4641 toto
2883 4578 3085 4639 mundo
3112 4583 3440 4654 legationem
3465 4621 3482 4647 ,
3531 4593 3639 4650 quo
3684 4579 3780 4634 vix

518 4698 623 4753 loci
655 4696 772 4767 ejus
800 4703 990 4768 gentes
1030 4694 1084 4748 in
1127 4693 1450 4749 deditionem
1482 4694 1706 4762 accepit.
1754 4693 1887 4747 Cum
1927 4692 2091 4757 Poro,

521 4787 816 4843 fortissimo
840 4784 1095 4840 Indorum
1123 4797 1266 4854 rege,
1296 4782 1732 4838 cruentissimum
1754 4781 1952 4836 bellum
1974 4797 2096 4854 gesp

523 4879 630 4943 sit,
679 4878 736 4932 in
779 4891 888 4947 quo
914 4876 1241 4940 Alexander,
1273 4890 1396 4930 cum
1426 4875 1543 4944 ipso
1569 4871 1710 4928 Poro
1745 4872 2094 4943 singulariter

526 4982 870 5039 congressus,
915 4965 1203 5034 occisoque
1231 4962 1472 5032 dejectus
1499 4976 1658 5031 equo,
1689 4975 1956 5016 concursu
2003 4976 2093 5016 sa-

528 5060 756 5116 tellitum
801 5057 1144 5128 prazsentiam
1195 5055 1386 5110 mortis
1434 5053 1646 5117 evasit;
1700 5053 1870 5108 Porus
1913 5051 2094 5108 multis

526 5154 839 5208 vulneribus
865 5149 1150 5206 confossus
1175 5157 1231 5203 et
1253 5156 1441 5217 captus
1466 5154 1568 5201 est.
1609 5145 1727 5211 Quo
1755 5146 1824 5199 ob
1852 5145 2098 5198 testimo-

531 5244 678 5300 nium
717 5242 933 5296 virtutis
968 5254 1133 5310 regno
1165 5238 1243 5312 [in
1273 5234 1518 5308 regnum]
1550 5235 1821 5298 restituto,
1858 5233 1992 5288 duas
2023 5232 2098 5287 ibi

531 5335 770 5391 condidit
799 5335 1081 5398 civitates,
1120 5332 1336 5388 Niceam
1365 5338 1418 5384 et
1442 5328 1734 5385 Bucifalem
1759 5369 1773 5392 ,
1823 5344 1986 5398 quam
2030 5328 2098 5382 de

531 5424 750 5479 nomine
778 5424 901 5492 equi
939 5423 1022 5478 sui
1062 5422 1138 5476 ita
1163 5420 1345 5476 vocari
1375 5417 1648 5488 praecepit.
1701 5417 1802 5484 Qui
1831 5431 1958 5471 vero
1988 5415 2097 5485 ple-

534 5516 659 5570 nius
685 5518 826 5570 scire
846 5516 1076 5570 voluerit
1097 5529 1215 5582 qua:
1242 5513 1297 5567 in
1322 5512 1472 5566 India
1492 5510 1796 5566 Alexander
1819 5509 2101 5579 pertulerit

537 5604 595 5657 in
624 5605 784 5659 inviis
813 5604 947 5660 locis
975 5621 1098 5660 cum
1134 5602 1540 5658 immanissimis
1568 5601 1760 5656 belluis
1791 5615 1855 5654 ac
1883 5615 2102 5669 serpen-

539 5691 704 5754 tibus,
745 5703 963 5746 auream
1006 5694 1222 5748 domum
1261 5693 1424 5748 etiam
1467 5690 1592 5745 Pori
1641 5689 1783 5760 regis
1827 5687 2101 5757 praedicti,

543 5791 668 5848 (με
691 5781 869 5836 aureis
895 5779 1212 5839 fulciebatur
1237 5780 1499 5839 columnis
1526 5777 1678 5833 mira:
1702 5775 2103 5848 magnitudinis,

2194 4680 2444 4736 crederes
2468 4677 2781 4748 pervenisse
2810 4688 3105 4730 rumorem.
3143 4671 3450 4728 Alexander
3477 4685 3608 4725 vero
3631 4669 3785 4739 apud

2195 4768 2568 4839 Babyloniam,
2589 4781 2712 4821 cum
2738 4765 2912 4820 adhuc
2933 4763 3258 4834 sanguinem
3283 4761 3494 4825 sitiens,
3517 4758 3661 4814 male
3685 4773 3786 4812 ca-

2197 4860 2394 4929 stigata
2420 4857 2700 4922 aviditate,
2723 4854 2958 4910 ministri
2985 4853 3193 4910 insidiis
3218 4867 3488 4908 venenum
3512 4857 3784 4920 potasset,

2197 4949 2423 5005 interiit.

2763 5036 2991 5094 CAPUT
3029 5034 3215 5092 XXIV.

2199 5156 2278 5210 De
2305 5154 2450 5209 bellis
2478 5155 2613 5208 inter
2641 5151 2907 5206 Romanos
2944 5161 2993 5204 et
3027 5147 3284 5204 Samnites
3315 5155 3472 5215 atque
3499 5139 3683 5196 Gallos
3717 5157 3789 5195 ρο

2272 5237 2496 5294 tempore
2525 5222 2680 5294 gestis
2709 5238 2817 5294 quo
2837 5220 3139 5294 Alexander
3155 5213 3704 5294 vastabat_0rientent,
3731 5221 3788 5265 α

2272 5297 2336 5349 de
2362 5283 2684 5347 multimodis
2715 5283 2954 5360 utrinque
2979 5286 3306 5357 conﬂigendo
3337 5283 3583 5338 miseriis.

2274 5405 2376 5458 Per
2401 5405 2543 5458 idem
2573 5412 2782 5470 tempus
2810 5400 2951 5468 apud
2976 5398 3251 5455 Romanos
3273 5395 3605 5466 gerebantur
3626 5394 3750 5447 hac
3767 5411 3784 5445 :

2204 5499 2372 5553 Fabio
2401 5497 2651 5559 Maximo,
2701 5495 2768 5561 Q.
2799 5493 2962 5548 Decio
2989 5491 3142 5546 Mure
3171 5488 3512 5552 consulibus,
3547 5495 3789 5556 quam

2199 5588 2487 5651 fortissimi
2539 5583 3011 5652 ﬂorentissimique
3060 5579 3227 5634 Italiae
3273 5577 3456 5648 populi
3512 5577 3568 5628 in
3615 5587 3784 5627 unum

2209 5695 2399 5750 agmen
2429 5678 2709 5745 foedusque
2737 5675 3003 5730 coierunt.
3051 5669 3295 5737 Namque
3315 5665 3604 5724 IIutrusci,
3648 5661 3774 5716 Um-

2212 5772 2328 5834 bri,
2378 5769 2648 5823 Samnites
2693 5775 2747 5819 ct
2789 5764 2960 5828 Galli,
3003 5776 3112 5817 uno
3145 5758 3356 5830 agmine
3383 5754 3773 5822 conspirantes,
