3964 6172
279 146 422 204 1025

1381 142 1798 209 CHBONICON.
1838 176 1909 188 -
1947 146 2114 203 TOU!
2153 147 2173 201 l
2212 147 2470 204 ιλιι-ιν.

3397 152 3536 210 ίοὲθ

277 262 581 332 Syracusas
617 259 805 314 urbem
838 258 1056 324 Sicilia),
1111 269 1237 316 tunc
1267 260 1727 324 ﬂorentissimam,
1761 260 1858 316 ob—
1884 264 1932 324 Α
1959 261 2214 330 quoniam
2242 262 2376 317 nihil
2414 258 2607 318 hostile
2653 261 3101 318 existimaverunt
3125 272 3179 320 et
3223 264 3343 323 ideo
3372 268 3532 326 otiosi

276 354 489 409 sidione
538 350 859 414 cinxissent,
909 365 1008 419 per
1030 349 1380 421 Agathoclem
1412 349 1613 406 Sicilim
1639 366 1842 421 regem,

275 443 420 496 miro
453 440 808 495 circumventi
836 440 1069 511 ingenio,
1101 456 1273 510 usque
1302 441 1371 495 ad
1389 449 1632 496 extrema
1661 441 1857 510 despe.

278 533 512 587 rationis
537 530 751 586 adducti
772 541 916 586 sunt.
942 530 1183 602 Namque
1202 532 1545 603 Agathocles,
1572 547 1696 589 cum
1716 533 1858 603 apud

276 626 582 697 Syracusas
629 640 661 678 a
700 624 1219 693 Carthaginiensibus
1259 625 1622 690 obsideretur,
1684 640 1749 681 ac
1798 641 1857 681 se

276 733 455 786 neque
483 715 623 770 bello
646 730 834 785 parem
858 716 1129 770 instructu
1165 716 1465 785 copiarum,
1499 730 1674 785 neque
1712 717 1857 771 obsi-

274 810 456 864 dionis
510 809 828 878 patientem,
856 808 1248 876 stipendiorum
1273 805 1586 862 sufficientia
1612 808 1851 861 videret:

272 902 417 956 bene
467 900 682 970 proviso
733 914 798 954 ac
852 898 1043 953 melius
1093 899 1431 953 dissimulato
1496 899 1747 961 consilio,
1799 899 1853 952 in

273 989 517 1044 Africam
554 1004 676 1042 cum
699 988 942 1043 exercitu
978 988 1233 1053 transiit;
1267 989 1341 1044 ibi
1390 988 1513 1043 ﬂuis
1541 988 1701 1060 [suis]
1724 990 1854 1057 quid

276 1079 536 1132 moliatur
562 1077 774 1147 aperit;
808 1076 1003 1132 deinde
1050 1077 1179 1147 quid
1218 1077 1361 1133 facto
1380 1093 1515 1148 opus
1542 1077 1634 1143 sit,
1673 1078 1852 1133 docet.

274 1169 427 1223 Illico
476 1168 804 1222 unanimiter
839 1182 1004 1221 naves
1048 1166 1285 1235 primum
1321 1167 1375 1221 in
1417 1166 1614 1236 quibus
1654 1181 1855 1221 venere

274 1260 632 1323 succendunt,
677 1274 746 1313 ne
787 1273 895 1327 qua
957 1273 1080 1328 spes
1143 1258 1443 1329 refugiendi
1496 1257 1655 1314 foret.
1720 1258 1852 1313 Dein

273 1367 399 1406 cum
430 1350 613 1405 omnia
641 1364 761 1418 qua:
780 1349 1086 1414 direxisset,
1116 1357 1518 1418 prosterneret,
1549 1347 1706 1403 villas
1735 1362 1855 1403 cas-

276 1443 513 1512 tellaque
535 1442 867 1506 incenderet,
898 1440 1215 1496 Hannonem
1263 1440 1552 1511 quemdam
1602 1454 1723 1495 cum
1754 1440 1853 1494 tri-

273 1534 426 1605 ginta
457 1532 693 1587 millibus
717 1532 1008 1586 Poenorum
1037 1531 1256 1587 obvium
1278 1530 1489 1595 habuit,
1528 1544 1687 1601 quem
1725 1545 1849 1585 cum

1963 360 2020 406 et
2045 352 2334 422 insuspecti
2385 367 2577 424 segnes
2604 361 2779 408 erant.
2815 353 3063 421 Quicum
3094 355 3211 411 sine
3249 356 3432 413 labore
3462 360 3533 414 ci-

1972 443 2195 497 vitatem
2226 442 2669 512 apprehendisset
2692 444 2983 498 crudeliter
3017 445 3096 500 eis
3127 446 3536 508 dominabatur;

1962 533 2143 589 Testis
2187 543 2274 589 est
2325 535 2589 590 orationis
2653 551 2785 590 mete
2833 534 3053 591 Ovidius
3126 536 3561 605 SabatarcidcsL

1958 624 2047 692 qui
2069 639 2448 680 successorum
2475 624 2762 678 Alexandri
2791 624 2935 680 facta
2956 627 3533 699 conscribens,super—

1958 713 2235 767 stitionem
2247 713 2578 778 Iudaeorum,
2608 730 2706 783 pro
2728 730 2830 784 qua
2858 716 3162 771 libertatem
3193 719 3528 785 amisissent,

1955 805 2317 873 exprobravit,
2347 819 2467 861 cum
2498 806 2611 860 haec
2636 806 2866 860 diceret:
2892 807 2987 862 Est
3014 824 3165 877 gens,
3196 825 3314 879 qua:
3343 810 3529 866 Iudaea

1956 895 2175 961 dicitur,
2228 896 2506 950 civitatem
2537 896 2800 950 munitam
2829 907 2884 951 et
2931 914 3179 969 magnam
3210 900 3528 974 Hierosoly-

1955 998 2097 1037 mam
2146 983 2410 1049 detinens,
2466 1000 2585 1053 quae
2649 994 2835 1040 contra
2903 985 3291 1042 Ptholomaeum
3346 1006 3527 1060 regem

1954 1091 2104 1129 arma
2135 1091 2354 1132 sumere
2380 1078 2606 1132 tentavit
2656 1087 2711 1132 et
2734 1086 2954 1148 propter
2990 1080 3312 1148 superﬂuam
3346 1097 3528 1153 super-

1954 1166 2228 1219 stitionem
2281 1167 2632 1221 saevissimum
2695 1169 2969 1224 dominum
3036 1171 3255 1241 pertulit
3306 1172 3518 1227 habere.

1952 1253 2335 1312 Sabatarcides
2356 1258 2572 1326 quidem
2604 1259 2715 1312 nec
2754 1259 2820 1313 de
2861 1268 3021 1329 gente
3050 1259 3354 1315 Judzeorum
3384 1278 3519 1317 con-

1952 1344 2187 1413 scripsit.
2213 1343 2570 1400 Ptholomieus
2598 1360 2727 1400 vero
2757 1346 2956 1401 multos
2980 1349 3223 1416 captivos
3255 1364 3284 1402 a
3319 1360 3529 1404 monta-

1951 1435 2037 1488 nis
2070 1433 2267 1489 Judzeze
2302 1435 2387 1491 vel
2439 1450 2469 1489 a
2506 1436 2699 1491 vicinis
2752 1436 2885 1491 locis
2922 1436 3525 1509 llierosolymorum,‘id

1951 1534 2057 1592 est,
2083 1541 2113 1580 a
2150 1524 2394 1582 Samaria
2424 1526 2507 1581 vel
2553 1527 2806 1597 Agarizin
2840 1529 3083 1594 trahens,
3137 1529 3204 1584 ad
3234 1529 3524 1601 Egyptum

273 1624 487 1679 duobus
520 1622 755 1677 millibus
782 1637 1002 1677 suorum
1032 1620 1324 1686 interfecit,
1357 1620 1471 1690 ipse
1495 1628 1678 1675 autem
1710 1620 1845 1675 duos
1874 1610 1923 1670 B
1948 1617 2324 1688 commigravit
2356 1635 2369 1671 :
2395 1617 2488 1672 sed
2539 1633 2662 1672 cum
2700 1619 3043 1689 cognovisset
3102 1633 3197 1674 eos
3253 1634 3390 1689 quos
3436 1623 3504 1677 ab

272 1722 487 1770 tantum
519 1713 573 1767 in
600 1726 663 1767 eo
688 1710 829 1768 bello
849 1711 1103 1781 perdidit.
1157 1710 1273 1777 Qua
1305 1725 1482 1783 pugna
1509 1718 1563 1765 et
1592 1708 1848 1765 Afrorum

273 1805 475 1859 animis
494 1802 826 1858 inerebiliter
849 1801 1060 1868 fractis,
1087 1810 1144 1857 et
1190 1816 1410 1857 suorum
1444 1801 1497 1856 in
1525 1801 1847 1857 immensum

272 1899 473 1963 auctis,
500 1899 662 1953 urbes
686 1897 1016 1967 castellaque
1048 1902 1341 1967 expugnat,
1372 1895 1580 1966 przedas
1605 1895 1849 1965 ingentes

270 1988 406 2059 agit,
448 1988 683 2042 hostium
714 1987 882 2041 multa
914 1987 1083 2042 millia
1113 1984 1365 2042 trucidat.
1414 1984 1606 2040 Castra
1653 1982 1848 2039 deinde

269 2076 341 2131 ad
369 2077 614 2146 quintum
647 2076 876 2147 lapidem
901 2092 933 2131 a
967 2076 1291 2147 Carthagine
1316 2077 1531 2141 statuit,
1557 2084 1618 2131 ut
1644 2075 1848 2130 damna

270 2179 457 2219 remm
491 2164 1043 2235 opulentissimarum,
1084 2165 1548 2234 vastationemque
1571 2179 1845 2235 agrorum,

269 2264 329 2311 et
368 2256 619 2310 incendia
640 2255 907 2319 villarum,
955 2256 1022 2311 de
1048 2256 1221 2310 muris
1244 2256 1412 2325 ipsius
1436 2254 1589 2310 urbis
1608 2254 1849 2325 specula-

278 2355 488 2400 rentur.
539 2344 808 2415 Adjicitur
850 2345 1204 2414 praesentibus
1244 2345 1401 2402 malis
1442 2345 1650 2400 tristior
1677 2343 1842 2400 fama.

268 2432 411 2490 Nam
437 2440 491 2489 et
515 2436 654 2503 apud
676 2434 916 2490 Siciliam
948 2435 1155 2491 deletus
1187 2451 1312 2491 cum
1336 2435 1661 2506 imperatore
1690 2433 1847 2489 Afro-

267 2540 392 2579 rum
442 2525 714 2580 exercitus
770 2525 1067 2579 nuntiatur.
1106 2525 1275 2593 Quem
1323 2539 1513 2580 revera
1563 2526 1842 2579 incautum

268 2634 338 2675 ac
357 2635 495 2691 pene
527 2621 758 2676 otiosum
790 2620 995 2685 Andro,
1026 2620 1335 2692 Agathoclis
1359 2620 1545 2683 frater,
1568 2632 1846 2688 oppresse-

267 2718 376 2764 rat.
424 2708 538 2765 Hoc
559 2725 655 2781 per
686 2718 854 2765 totam
892 2711 1131 2766 Africam
1170 2725 1388 2766 rumore
1413 2710 1679 2780 disperso,
1734 2723 1841 2763 nou

267 2799 568 2857 tributaria:
600 2809 807 2856 tantum
834 2802 997 2857 urbes
1021 2804 1090 2856 ab
1113 2802 1220 2867 bis,
1275 2815 1463 2857 verum
1494 2800 1659 2854 etiam
1709 2798 1842 2853 socii

266 2908 425 2964 reges
454 2894 794 2948 deﬁciebant.
841 2892 989 2948 Inter
1043 2907 1180 2963 quos
1215 2907 1310 2946 rex
1365 2906 1578 2960 quoque
1604 2889 1844 2960 Cyrena-

266 2952 390 3036 rum
429 2983 633 3038 Asellus
661 2992 847 3052 pactus
873 2991 956 3038 est
984 2952 1107 3037 cum
1158 2952 1458 3052 Agathoele
1492 2952 1842 3035 communio-
1869 2952 1913 3014 (ἶ

265 3090 392 3129 nem
450 3073 596 3136 belli,
636 3074 762 3127 dum
789 3088 1013 3144 regnum
1052 3071 1250 3126 Africa:
1275 3071 1528 3126 ardenter
1576 3068 1834 3124 allectat:

264 3161 361 3217 sed
386 3170 669 3231 postquam
700 3162 755 3216 in
779 3178 942 3216 unum
966 3162 1240 3217 exercitus
1255 3169 1312 3215 et
1335 3168 1510 3215 castra
1518 3158 1835 3228 junxerunt,

269 3268 374 3322 per
395 3252 746 3323 Agathoclem
775 3251 1153 3307 blandimentis
1173 3259 1231 3307 et
1274 3252 1484 3307 insidiis
1510 3251 1840 3306 circumven-

263 3351 356 3397 tus
390 3344 605 3398 occisus
629 3352 737 3398 est.

336 3432 789 3504 Carthaginenses
816 3433 1109 3489 contractis
1149 3432 1385 3502 undique
1421 3430 1592 3501 copiis
1623 3430 1675 3485 in
1726 3429 1837 3486 bel-

265 3523 382 3578 lum
430 3538 700 3579 exarsere.
754 3524 962 3591 Quibus
1016 3521 1354 3594 Agathocles,
1397 3521 1601 3576 habens
1653 3536 1836 3576 secum

273 3615 473 3670 Asella:
500 3614 701 3684 copias,
729 3615 1093 3686 congreditur,
1108 3627 1309 3683 eosque
1334 3625 1529 3680 magno
1555 3610 1837 3680 utriusque

276 3704 554 3759 exercitus
605 3704 889 3775 sanguine,
934 3713 988 3759 et
1015 3703 1166 3775 gravi
1207 3701 1392 3772 praelio
1436 3707 1673 3769 superat.
1724 3698 1838 3754 Hoc

273 3795 590 3849 certaminis
642 3795 950 3851 discrimine
1002 3803 1149 3849 tanta
1201 3793 1506 3863 desperatio
1550 3791 1696 3847 illata
1752 3797 1837 3846 est

264 3888 475 3955 Paeuis,
521 3899 583 3944 ut
632 3891 735 3945 nisi
777 3891 830 3945 in
857 3889 1096 3944 exercitu
1138 3886 1445 3959 Agatboelis
1484 3876 1604 3940 orta
1644 3883 1836 3940 seditio

265 3978 478 4065 fuisset,
501 3979 918 4052 transfugiturns
939 3981 1005 4034 ad
1039 3993 1163 4047 eum
1189 3976 1463 4032 Hamilcar
1519 3973 1832 4047 [Bomilcar]

264 4071 375 4125 dux
400 4071 686 4126 Poenorum
716 4088 837 4126 cum
870 4071 1108 4126 exercitu
1137 4069 1320 4124 fuerit.
1349 4066 1429 4123 Ob
1443 4083 1604 4137 quam
1636 4083 1833 4121 noxam

263 4161 322 4215 in
381 4161 557 4215 medio
625 4159 742 4215 foro
792 4159 947 4230 jussu
1019 4156 1523 4229 Carthaginensium
1594 4155 1834 4226 patibulo

1949 1705 2336 1778 Hierosolymis
2400 1707 2761 1773 abstraxerat,
2829 1707 3016 1763 firmos
3056 1707 3409 1778 jurisjurandi
3468 1719 3525 1767 et

1950 1796 2048 1852 Dei
2076 1798 2309 1855 cultores
2338 1800 2593 1865 existere,
2625 1814 2750 1855 cum
2787 1800 3095 1857 Alexander
3139 1801 3209 1856 ad
3245 1817 3339 1857 eos
3373 1802 3520 1873 lega-

1958 1890 2161 1945 tionem
2213 1891 2473 1956 mitteret,
2521 1892 2600 1946 sic
2633 1893 3055 1961 respondissent,
3109 1894 3271 1950 Dario
3302 1895 3520 1952 vivente

1952 1990 2140 2037 contra
2192 1997 2318 2038 eum
2352 1998 2504 2038 arma
2553 1997 2890 2054 nequaquam
2936 1998 3171 2039 sumere.
3212 1970 3364 2041 Unde
3396 1995 3522 2056 post

1948 2072 2094 2127 Darii
2130 2074 2580 2144 expugnationem
2621 2074 2820 2130 multos
2852 2076 2918 2129 ad
2953 2074 3172 2131 castella
3223 2077 3519 2144 deputavit,

1946 2171 2002 2218 et
2020 2173 2201 2232 partes
2221 2180 2344 2219 cum
2371 2164 2749 2221 Macedonibus
2782 2164 3122 2221 Alexandria:
3147 2166 3293 2221 cives
3331 2169 3520 2221 statuit

1947 2252 2212 2323 fidemque
2233 2255 2301 2311 ab
2327 2255 2457 2324 ipsis
2487 2256 2708 2325 recepit,
2737 2263 2797 2310 ut
2820 2256 3104 2325 nepotibus
3133 2257 3245 2312 suis
3283 2257 3515 2312 societa-

1945 2351 2054 2399 tem
2081 2345 2443 2411 custodirent;
2470 2361 2593 2401 cum
2632 2354 2688 2400 et
2713 2345 2804 2400 alii
2825 2360 2931 2401 non
2959 2346 3114 2416 pauci
3133 2344 3300 2400 Judaei
3325 2354 3518 2415 sponte

1944 2433 2014 2489 ad
2040 2432 2331 2505 Egyptum
2356 2435 2754 2505 pervenissent,
2784 2434 3059 2505 opulentia
3089 2434 3329 2502 locorum
3351 2433 3517 2489 Ptbo-

1943 2521 2619 2594 lomzeique‘muniﬂceutia
2648 2526 2880 2581 invitati.
2915 2526 3154 2593 Quorum
3182 2535 3405 2596 nepotes
3431 2541 3519 2581 se-

1944 2614 2178 2671 ditiones
2196 2618 2383 2671 contra
2421 2616 2741 2682 Samaritas,
2770 2617 2896 2672 dum
2928 2631 3038 2672 suae
3079 2617 3255 2685 gentis
3285 2618 3518 2687 patriam

1942 2702 2272 2759 oblationem
2323 2719 2542 2760 servare
2585 2703 2925 2769 festinarent,
2983 2703 3309 2760 excitabant.
3380 2702 3518 2758 Nam

1944 2789 2369 2864 Hierosolymiue
2396 2790 2777 2857 defendebant,
2810 2792 3049 2846 dicentes
3071 2807 3226 2846 suum
3258 2792 3515 2861 templum

1945 2892 2189 2938 sanctum
2236 2885 2489 2947 existere,
2527 2892 2583 2940 et
2626 2884 3024 2940 immolationes
3050 2883 3174 2939 illuc
3217 2883 3511 2938 transmitti

1944 2981 2213 3043 oportere.
2255 2973 2759 3046 Sychimitarvero,
2799 2974 2863 3029 ad
2888 2972 3107 3028 Garizin
3153 2983 3388 3028 montem
3411 2973 3509 3027 de-

1942 3063 2130 3119 stinari
2167 3062 2445 3133 jubebaut.
2493 3064 2749 3136 Princeps
2769 3077 2898 3121 vero
2932 3066 3271 3121 sacerdotum
3305 3066 3357 3120 in
3387 3064 3515 3120 Hie-

1942 3155 2223 3226 rosolymis
2244 3152 2449 3223 Ionias,
2496 3153 2681 3211 Joaddi
2711 3155 2871 3221 filius,
2899 3142 3045 3223 erat;
3094 3156 3248 3227 cujus
3268 3155 3412 3212 ﬁlius
3447 3172 3516 3212 eo

1941 3252 2178 3312 mortuo,
2204 3245 2421 3301 Simeon
2446 3262 2730 3303 successor
2751 3248 2977 3303 exstitit.

2472 3355 2699 3413 CAPUT
2738 3352 2969 3413 XXVIII.

2340 3463 2386 3501 ω
2415 3444 2687 3501 Tarentini
2707 3458 2889 3501 contra
2918 3446 3205 3511 Romanos,
3239 3465 3346 3502 una
3391 3466 3510 3504 cum

2301 3516 2593 3588 piratarum
2623 3532 2758 3586 rege.
2788 3518 2879 3586 qui
2903 3515 3421 3588 pﬁmuselephatztes
3448 3520 3504 3573 in

1940 3445 2018 3502 De
2043 3446 2241 3503 arwliis

2059 3516 2218 3588 yrrho

2010 3583 2226 3639 Italiam
2251 3583 2424 3655 secum
2454 3584 2626 3650 duxit,
2651 3583 2935 3655 gesserant,
2953 3595 3002 3639 et
3029 3603 3061 3639 ι
3101 3583 3355 3642 Romanis
3384 3588 3513 3643 victi

2008 3664 2164 3724 atque
2185 3654 2429 3727 edomiti;
2456 3663 2507 3708 et
2549 3656 2615 3708 de
2638 3656 2889 3727 portentis
2909 3656 3284 3727 _dioersimodis
3301 3674 3421 3727 quia
3446 3674 3511 3712 eo

2007 3723 2237 3796 tempore
2268 3724 2611 3796 contigerunt.
2640 3723 2706 3778 Et
2737 3725 2877 3796 quod
2900 3723 3062 3780 Italia
3111 3735 3235 3780 tunc
3264 3723 3507 3782 uniuersa

2007 3740 2237 3847 tangore
2268 3740 2611 3794 contigerunt.

2007 3795 2074 3848 sit
2151 3794 2354 3848 omanis
2385 3793 2636 3863 subjecta.

2008 3881 2207 3939 Eodem
2237 3882 2398 3939 etiam
2446 3891 2686 3953 tempore
2715 3881 3019 3939 Tarentinis
3045 3884 3345 3940 Romanam
3372 3886 3512 3942 forte

1936 3976 2161 4033 classem
2201 3983 2635 4046 prmtereuntem,
2669 3992 2735 4031 ex
2761 3977 3065 4046 spectaculo
3094 3977 3294 4033 theatri
3322 3978 3511 4034 viden—

1935 4066 2105 4134 tibus,
2132 4075 2365 4122 retracta
2392 4074 2445 4122 et
2484 4065 2763 4138 proﬂigata
2787 4075 2871 4123 est
2902 4068 2970 4123 ab
2992 4070 3091 4123 eis.
3120 4067 3253 4123 Nam
3284 4071 3337 4123 in
3387 4085 3511 4140 por-

1934 4168 2048 4212 tum
2091 4153 2342 4212 afﬂictam
2374 4164 2776 4227 pertraxerunt.
2819 4153 3063 4213 Prtefecti
3099 4160 3313 4215 navium
3344 4163 3509 4218 truci-

263 4250 517 4313 sufﬁxus,
552 4251 768 4307 crudele
799 4249 1165 4321 spectaculum
1187 4248 1302 4303 suis
1338 4247 1588 4318 praebuit.
1629 4247 1829 4303 Deinde
1866 4319 1887 4321 Α
1934 4244 2044 4301 dati
2098 4252 2243 4310 sunt,
2294 4259 2482 4299 omnes
2518 4244 2659 4299 bello
2708 4244 2866 4300 utiles
2893 4246 3039 4311 caesi,
3084 4248 3278 4319 reliqui
3331 4251 3508 4319 pretio

262 4354 389 4393 cum
419 4349 559 4409 post
593 4319 1165 4410 mortem—Agathoclis
1201 4336 1653 4407 Carthagincnses
1691 4335 1832 4391 Sici-
1856 4319 1910 4378 Β
1934 4335 2135 4390 venditi
2180 4343 2323 4389 sunt.
2369 4333 2464 4389 His
2493 4348 2725 4403 namque
2758 4335 2937 4391 causis
2961 4335 3159 4390 bellum
3196 4337 3385 4408 ingens
3410 4353 3507 4393 ex-

263 4429 396 4483 liam
433 4430 692 4484 instructa
715 4430 888 4486 classe
918 4436 1214 4493 vastarent,
1240 4444 1270 4482 a
1292 4428 1500 4499 Pyrrho
1530 4442 1657 4498 rege
1687 4428 1832 4497 Epiri

263 4519 336 4569 ab
383 4516 531 4569 Italia
585 4517 869 4581 accersito,
914 4516 1158 4572 terrestri
1215 4514 1498 4584 navalique
1539 4514 1834 4571 certamine

259 4620 408 4673 smpe
457 4607 712 4674 superati,
775 4606 1065 4661 novissime
1115 4606 1183 4661 ad
1227 4605 1455 4661 Romani
1519 4606 1656 4661 bella
1706 4621 1836 4661 con-

261 4695 410 4748 versi
441 4703 588 4748 sunt.

802 4806 1026 4863 CAPUT
1066 4807 1280 4863 XXVII.

261 4892 506 4959 Qualiter
554 4892 930 4960 Ptholoma’m,
967 4896 1252 4951 Alexandri
1279 4913 1566 4961 successor,
1589 4895 1832 4952 Hieroso-

334 4961 527 5034 lymam
571 4964 691 5017 dolo
730 4965 938 5034 ceperit.
976 4965 1262 5031 multosque
1306 4965 1614 5021 Juda'orum
1657 4983 1830 5022 secum

333 5033 558 5102 captivos
599 5035 652 5086 in
686 5033 973 5103 Afgyptum
1000 5034 1295 5089 deduxerit.

330 5141 460 5197 Post
484 5142 850 5198 Alexandrum
885 5143 1250 5201 Ptbolomzeus
1270 5145 1397 5217 Lagi
1429 5144 1570 5202 filius
1590 5147 1831 5213 Alexan-

255 5231 395 5286 dria:
439 5241 669 5304 regnat,
721 5240 781 5288 ut
834 5233 1213 5304 praemisimus,
1253 5235 1408 5290 annis
1451 5237 1827 5306 quadraginta.

254 5320 502 5393 Namque
526 5324 613 5379 hic
639 5325 801 5380 etiam
829 5323 1252 5395 Hierosolymam
1271 5326 1598 5397 expugnavit
1628 5326 1823 5382 fraudi-

253 5409 360 5465 bus
381 5419 434 5465 et
457 5413 595 5468 dolis
620 5414 917 5479 civitatem,
942 5413 1028 5468 die
1050 5413 1397 5469 sabbatorum
1427 5416 1705 5485 ingressus
1728 5417 1827 5472 sub

254 5500 438 5567 specie
486 5504 756 5569 sacrificii,
800 5519 1139 5573 nequaquam
1182 5502 1377 5561 Iudaeis
1429 5506 1820 5571 resistentibus,

1936 4433 2115 4480 ortum
2153 4432 2236 4480 est
2266 4424 2406 4479 inter
2440 4424 2711 4479 Romanos
2746 4432 2909 4494 atque
2933 4426 3274 4482 Tarentinos.
3302 4427 3503 4483 Ultima

1937 4513 2052 4568 haec
2090 4513 2383 4568 necessitas
2429 4514 2604 4584 adegit
2640 4513 2912 4570 Romanos
2947 4515 3264 4584 proletarios
3291 4531 3505 4586 quoque

1936 4602 1989 4657 in
2040 4616 2190 4655 arma
2219 4617 2437 4673 cogere,
2488 4603 2593 4657 hoc
2625 4612 2727 4669 est,
2771 4618 2865 4661 eos
2898 4605 2990 4676 qui
3024 4605 3078 4660 in
3108 4605 3252 4663 Urbe
3289 4621 3505 4677 semper

1933 4690 2258 4747 suﬂlciendre
2278 4691 2441 4763 prolis
2469 4706 2631 4747 causa
2660 4694 2944 4759 vacabant,
2966 4696 3173 4751 militia:
3194 4697 3501 4752 ascribere:

1935 4782 2132 4853 quippe
2156 4796 2278 4838 cum
2293 4782 2495 4838 frustra
2525 4784 2589 4838 de
2608 4784 2758 4852 prole
2771 4799 2899 4838 cura
2920 4793 3026 4849 est,
3052 4787 3153 4840 nisi
3182 4789 3346 4843 rebus
3363 4800 3505 4858 prae-

1933 4876 2177 4931 sentibus
2209 4874 2541 4931 consulatur.
2589 4873 2777 4942 Itaque
2824 4873 2983 4929 irruit
3006 4875 3059 4929 in
3090 4877 3373 4932 universos
3397 4878 3501 4931 Ta-

1935 4967 2266 5023 rentinon
2312 4964 2446 5019 ﬂues
2496 4980 2617 5019 cum
2680 4963 2901 5018 Emilio
2948 4966 3169 5021 consule
3228 4967 3502 5022 Romanus

1936 5056 2222 5120 exercitus,
2261 5054 2371 5126 igni
2409 5052 2657 5122 ferroque
2698 5061 2875 5108 vastat
2914 5054 3113 5118 omnia,
3147 5054 3376 5124 plurima
3402 5071 3502 5110 ex-

1934 5155 2137 5216 pugnat
2165 5144 2384 5214 oppida,
2410 5142 2663 5213 iniuriam
2691 5142 2981 5199 insolenter
3004 5152 3280 5213 acceptam
3305 5145 3501 5199 crude-

1932 5234 2056 5288 liter
2084 5234 2339 5287 vindicat.

2002 5323 2268 5380 Continuo
2301 5322 2642 5389 Tarentinos,
2678 5321 2927 5393 plurimis
2972 5321 3324 5377 ﬁnitimorum
3369 5337 3503 5392 pra:-

1929 5415 2082 5470 sidiis
2106 5414 2288 5481 fultos,
2326 5414 2563 5470 maxime
2587 5414 2825 5485 Pyrrhus
2856 5415 3025 5481 auxit,
3052 5414 3144 5485 qui
3168 5414 3332 5470 etiam
3368 5414 3419 5468 in
3443 5429 3503 5469 se

1928 5506 2001 5561 ob
2038 5506 2459 5577 magnitudinem
2488 5506 2684 5563 virium
2734 5507 3186 5575 consiliorumque
3234 5521 3500 5562 summam
