3964 6172
436 177 573 237 ΜΞἹ

1453 158 1844 221 FRECULPlll
1880 156 2332 220 LEXOVIENSIS
2370 156 2672 220 ιεριεωῐη

3560 164 3712 222 1828

429 296 561 353 belli
587 304 892 363 nomenque
919 278 1243 344 transduxit.
1276 282 1572 337 Tarentum
1604 295 1735 333 vero
1763 277 2014 334 Laeedzc-
2041 284 2089 342 Λ
2112 279 2224 349 jam
2255 288 2383 334 tunc
2424 278 2879 350 Carthaginenses
2898 319 2913 343 ,
2952 281 3204 349 quamvis
3244 280 3486 335 nondum
3514 282 3715 339 hostes

429 386 741 442 moniorum
773 379 908 451 optis
944 378 1065 443 fuit,
1113 373 1377 430 Calabria:
1403 371 1675 441 quondam
1714 379 1770 424 et
1807 369 2015 439 Apulia:

433 481 710 550 totiusque
746 474 995 531 Lucania:
1018 479 1199 541 caput,
1231 469 1455 533 divitiis,
1484 467 1874 539 magnitudine,
1894 482 2015 519 mu-

434 573 530 635 ris,
561 578 743 641 portu,
785 568 1007 638 ipsoque
1033 565 1137 619 situ
1171 560 1432 616 mirabile.
1471 560 1638 630 Igitur
1666 557 1905 628 Pyrrhus
1934 558 2016 610 sc-

431 664 739 734 tnigraecam
766 671 832 713 ex
868 652 1288 712 Lacedtemoniis
1332 647 1701 704 conditoribus
1737 645 2013 700 civitatem

431 754 826 812 vindicaturus,
863 746 1010 802 venit
1036 759 1159 799 cum
1190 742 1317 796 totis
1345 739 1552 794 viribus
1584 737 1752 808 Epiri,
1781 733 2015 790 Thessa-

429 845 539 912 lim,
592 841 958 898 Macedoniae:
989 835 1385 907 incognitisque
1437 832 1491 886 in
1549 831 1602 885 id
1650 838 1863 898 tempus
1905 825 2014 880 ele-

432 936 671 1011 phantis,
701 933 862 997 mari,
889 940 1056 993 terra,
1087 928 1237 990 viris,
1279 923 1455 995 equis,
1489 923 1684 986 armis,
1716 920 1898 975 addito
1930 919 2016 972 in-

432 1008 597 1098 super
633 1024 870 1081 ferarum
900 1029 1127 1076 terrore.
1171 1016 1412 1084 Quarum
1442 1011 1813 1082 magnitudine
1837 1024 1901 1063 ac
1927 1008 2016 1063 de-

429 1118 709 1173 formitate
738 1123 794 1170 et
831 1127 969 1169 novo
1001 1111 1168 1166 odore
1210 1105 1370 1161 simul
1412 1120 1475 1160 ac
1513 1103 1777 1166 stridore,
1812 1098 2015 1154 Levino

426 1206 670 1271 consule,
724 1204 778 1258 in
822 1202 997 1273 prima
1045 1212 1219 1270 pugna
1269 1193 1602 1251 consternati
1646 1192 2012 1245 Romanorum

429 1298 576 1370 equi,
623 1311 749 1352 cum
800 1292 1100 1363 incognitas
1148 1288 1249 1343 sibi
1305 1286 1511 1342 belluas
1564 1282 1795 1352 amplius
1847 1295 2011 1350 quam

426 1395 587 1445 erant
624 1384 923 1442 horrendas
964 1382 1391 1453 suspicarentur,
1442 1375 1624 1447 fugam
1665 1381 2013 1445 stragemque

427 1478 540 1535 late
560 1477 842 1532 dederunt.

498 1569 615 1625 Hoc
642 1567 841 1623 bellum
873 1565 928 1619 in
962 1563 1191 1633 Apulia;
1237 1558 1435 1616 deinde
1476 1558 1531 1613 in
1577 1556 1776 1613 Asculo
1819 1556 2014 1612 melius

2114 370 2436 440 adjudicati,
2466 370 2607 424 vinci
2654 368 2832 427 tamen
2874 386 2905 424 a
2935 370 3196 426 Romanis
3230 386 3290 426 se
3323 387 3486 441 posse
3514 388 3716 429 sense-

2114 470 2259 513 runt.
2281 459 2412 526 Qum
2438 474 2524 515 res
2550 460 2864 514 occasiones
2887 460 3076 514 tribuit
3097 461 3359 516 bellorum
3380 471 3551 533 atque
3575 478 3714 518 cer-

2115 552 2377 606 taminum
2403 552 2546 607 inter
2565 551 2852 608 Africanos
2879 560 3043 622 atque
3068 553 3360 609 Romanos.
3400 555 3536 622 Qua:
3561 554 3717 610 bella

2113 644 2202 698 diu
2230 652 2504 713 protracta
2542 659 2606 698 ac
2639 644 2863 697 nimium
2904 645 3202 699 saevissima
3232 646 3450 716 utrique
3487 646 3718 715 experti

2113 743 2238 789 sunt
2280 734 2484 805 populi,
2533 735 2780 805 quamvis
2810 735 3026 789 demum
3069 734 3320 801 Romani,
3370 750 3499 789 cum
3528 735 3720 789 nimio

2112 824 2309 880 sudore
2337 825 2569 879 victores
2595 825 2919 880 exstiterint.

2180 914 2311 970 Post
2338 914 2685 970 Tarentinam
2714 930 2844 969 vero
2862 914 3093 978 cladem,
3118 914 3372 984 Picentes.
3393 914 3524 971 victi
3547 913 3721 969 Sem-

2110 1006 2304 1076 pronio
2346 1004 2599 1070 consule,
2650 1004 2933 1060 Sallentini
2978 1019 3108 1058 vero
3155 1004 3471 1059 Picentibus
3523 1004 3719 1059 additi

2111 1097 2241 1152 victi
2274 1105 2421 1151 sunt.
2463 1082 2728 1151 Postremi
2758 1095 3016 1151 [talorum
3051 1095 3107 1149 in
3136 1095 3298 1151 ﬁdem
3339 1095 3514 1150 Volsci
3556 1111 3718 1166 opu-

2114 1184 2396 1241 lentissimi
2429 1186 2783 1240 Etruscorum
2816 1185 2918 1241 hac
2954 1185 3276 1240 necessitate
3309 1192 3715 1254 pervenerunt,

2114 1277 2462 1347 implorantes
2489 1291 2648 1347 opem
2671 1291 2702 1330 a
2737 1275 2999 1332 Romanis
3023 1275 3284 1330 adversus
3308 1291 3493 1332 servos
3521 1290 3722 1345 quon-

2113 1369 2239 1423 dam
2270 1383 2398 1424 suos
2425 1368 2515 1438 qui
2548 1368 2799 1424 libertate
2827 1383 2860 1422 a
2889 1366 3123 1423 dominis
3151 1367 3299 1445 data,
3329 1377 3519 1423 contra
3546 1369 3721 1438 imos

2113 1475 2174 1518 se
2202 1470 2521 1527 erexerant,
2554 1460 2925 1531 translataque
2958 1461 3013 1515 in
3051 1475 3112 1516 se
3141 1459 3414 1530 republica
3444 1459 3723 1514 domina-

2112 1553 2331 1610 bantur.
2366 1552 2472 1609 Sed
2514 1553 2570 1607 hi
2612 1568 2827 1624 quoque
2867 1566 2936 1607 ex
2976 1552 3220 1608 consultu
3263 1560 3513 1616 senatus,
3555 1553 3720 1607 duce

425 1659 745 1716 dimicatum
786 1662 890 1720 est,
922 1654 1085 1709 Curio
1124 1651 1478 1719 Fabricioque
1523 1646 1849 1703 consulibus.
1888 1643 2010 1700 Jam
2040 1636 2282 1701 B’Fabio
2308 1644 2552 1715 Gurgite,
2584 1659 2774 1714 pmnas
2808 1644 3073 1700 dederunt
3101 1643 3326 1699 debitas.
3358 1641 3445 1698 Sic
3473 1643 3718 1697 demum

424 1750 627 1823 quippe
667 1757 842 1802 terror
877 1745 1179 1801 belluarum
1226 1741 1558 1804 exoleverat,
1597 1746 1652 1793 et
1692 1737 1858 1792 Gaius
1896 1734 2008 1790 Nu-

426 1840 637 1905 tnitius,
666 1845 874 1910 quarta:
901 1834 1127 1904 legionis
1162 1834 1430 1896 hastatus,
1470 1830 1633 1885 unius
1666 1827 2013 1899 promuscide

424 1930 657 1992 abscisa,
710 1926 849 1982 mori
884 1939 1047 1995 posse
1085 1923 1292 1979 belluas
1337 1920 1670 1976 ostenderat.
1720 1918 1909 1987 Itaque
1956 1917 2011 1972 in

426 2020 544 2091 ipsa
583 2018 690 2089 pila
720 2024 977 2088 congesta
1011 2021 1157 2079 sunt,
1207 2020 1263 2067 et
1292 2012 1345 2066 in
1374 2020 1553 2065 turres
1598 2010 1827 2065 vibrata:
1865 2009 2014 2064 faces

424 2116 511 2164 tot
554 2107 789 2163 hostium
827 2104 1042 2176 agmina
1083 2102 1398 2157 ardentibus
1441 2099 1614 2155 ruinis
1656 2098 2013 2170 operuerunt,

426 2216 534 2257 nec
568 2198 708 2254 alius
738 2196 908 2253 cladis
938 2194 1061 2250 linis
1092 2192 1211 2261 fuit,
1244 2207 1407 2263 quam
1446 2206 1553 2246 nox
1588 2190 1890 2255 dirimeret,
1920 2206 2017 2261 po-

427 2301 774 2360 stremusque
794 2287 1136 2359 fugientium,
1152 2301 1245 2340 rex
1273 2285 1388 2355 ipse
1407 2298 1439 2338 a
1452 2282 1772 2340 satellitibus
1791 2282 2019 2338 humero

426 2383 647 2440 saucius
680 2382 732 2435 in
766 2380 934 2434 armis
959 2378 1073 2434 suis
1110 2377 1238 2431 ruit.
1272 2373 1523 2429 Lucania:
1557 2386 1752 2443 pugna:
1790 2370 2017 2426 ducibus

428 2473 620 2528 iisdem
660 2471 858 2539 quibus
897 2467 1144 2537 superius
1175 2483 1189 2519 :
1223 2464 1318 2520 sed
1347 2462 1489 2518 bello
1513 2471 1568 2517 et
1598 2476 1770 2535 pace,
1800 2459 1937 2517 foris
1963 2469 2020 2514 et

427 2561 608 2626 domi,
637 2575 852 2616 omnem
882 2559 935 2613 in
972 2565 1182 2627 partem
1209 2554 1453 2608 Romana
1481 2552 1658 2605 virtus
1689 2561 1804 2605 tum
1837 2566 1896 2606 se
1924 2565 2019 2620 ap-

429 2654 703 2726 probavit.
731 2650 866 2707 Cum
909 2649 1150 2721 Pyrrhus
1180 2646 1270 2702 ille
1299 2644 1558 2700 terribilis
1583 2653 1705 2714 post
1730 2651 1894 2698 tanta:
1919 2658 2019 2713 pu-

425 2762 546 2818 gna:
573 2744 848 2800 victoriam
867 2783 881 2810 ,
914 2741 1185 2798 intellecta
1226 2738 1590 2794 Romanorum
1620 2733 1845 2800 virtute,
1874 2733 2019 2790 facto

426 2840 653 2906 foedere,
674 2836 921 2909 quamvis
946 2835 1204 2899 vinceret,
1229 2831 1284 2886 in
1310 2829 1601 2885 amicitiam
1630 2827 1798 2898 recipi
1825 2826 2015 2893 voluit,

427 2933 526 2989 sed
550 2931 844 3004 abnegavit
871 2936 1112 2986 senatus.
1144 2925 1257 2982 Nec
1285 2925 1388 2980 alia
1416 2923 1778 2995 magis-quam
1811 2920 2016 2976 Taren-

2112 1735 2355 1806 suhjecta
2397 1744 2560 1806 atque
2599 1751 2630 1791 a
2669 1735 2930 1791 Romanis
2966 1734 3170 1789 domita
3210 1742 3297 1790 est
3326 1733 3496 1788 Italia.
3540 1733 3725 1789 Licet

2113 1828 2262 1882 enim
2303 1827 2431 1881 dum
2479 1826 2613 1882 foris
2648 1834 2964 1897 gererentur
2998 1825 3116 1880 haec
3153 1836 3275 1896 quae
3312 1824 3717 1895 permisimus,

2116 1919 2262 1974 intus
2306 1917 2578 1972 diuturnis
2626 1915 2833 1972 morbis
2869 1930 2936 1971 ac
2966 1915 3135 1970 variis
3180 1915 3420 1971 cladibus
3465 1915 3720 1986 populus

2115 2006 2451 2079 allligebatur
2495 2006 2794 2071 Romanus,
2842 2005 3102 2077 prodigiis
3130 2006 3299 2060 etiam
3341 2020 3405 2060 eo
3450 2014 3719 2075 tempore

2116 2097 2348 2154 diversis
2386 2097 2751 2152 terrebantur.
2783 2095 2920 2150 Nam
2960 2104 3019 2151 et
3055 2094 3277 2165 sanguis
3303 2103 3428 2149 tunc
3461 2108 3499 2150 e
3544 2104 3717 2149 terra

2116 2188 2419 2246 scaturiens
2440 2186 2732 2252 emanavit,
2771 2194 2827 2242 et
2856 2187 2924 2241 de
2951 2184 3192 2242 fontibus
3222 2200 3383 2241 cruor
3403 2185 3586 2240 ﬂuxit.
3631 2187 3716 2241 De

2117 2281 2255 2338 ctelo
2267 2296 2397 2337 vero
2426 2281 2511 2336 lac
2547 2280 2602 2335 in
2630 2274 2845 2335 modum
2866 2278 3060 2349 pluviae
3081 2278 3274 2333 cecidit
3309 2296 3321 2332 :
3357 2286 3502 2332 terra
3530 2279 3719 2333 etiam

2119 2371 2372 2434 tremuit,
2424 2384 2549 2424 cum
2590 2367 2821 2424 Romani
2871 2367 3131 2422 adversus
3169 2365 3415 2422 Picentes
3454 2366 3512 2420 in
3555 2367 3717 2431 acie,

2118 2467 2377 2530 quantum
2401 2457 2582 2528 jactus
2608 2454 2694 2512 est
2723 2456 2844 2523 teli,
2881 2456 3273 2512 constitissent.
3304 2456 3419 2523 Quo
3446 2455 3627 2510 etiam
3658 2456 3717 2509 in

2122 2564 2409 2623 tempore:
2438 2565 2602 2607 censu
2635 2548 2821 2605 Romae
2841 2551 3073 2621 agitato,
3108 2549 3321 2604 inventa
3348 2558 3470 2603 sunt
3496 2548 3716 2603 civium

2119 2644 2486 2700 Romanorum
2548 2643 2778 2697 ducenta
2845 2641 3186 2712 septuaginta
3245 2640 3428 2696 millia.
3509 2640 3718 2711 Legati

2117 2732 2604 2788 Alexandrinorum
2673 2747 2706 2787 a
2767 2730 3100 2787 Ptholomaao
3172 2731 3404 2801 primum
3466 2730 3717 2785 Bonnam

2118 2824 2271 2879 missi
2313 2823 2606 2878 amicitiam
2655 2822 3104 2893 impetraverunt.
3143 2820 3414 2876 Ariminus
3446 2822 3626 2875 etiam
3658 2833 3723 2877 et

2117 2914 2456 2969 Beneventus
2485 2913 2730 2968 civitates
2768 2927 2800 2967 a
2826 2911 3088 2968 Romanis
3120 2912 3349 2967 conditae
3373 2919 3518 2966 sunt.

428 2983 1081 3082 tivo—ahvictgriahostendit
1120 3019 1303 3093 populi
1343 2983 1575 3076 Rbmabi
1620 2983 2012 3081 fortitudinem,
2043 2983 2089 3046 Ο
2188 3005 2395 3076 Appius
2438 3000 2696 3059 Claudius
2751 3001 2939 3058 Cmcus
2992 3002 3177 3057 Roma:
3217 3000 3394 3056 clarus
3440 3001 3719 3068 habetur,

427 3118 651 3173 senatos
674 3114 1015 3185 sapientiam,
1038 3114 1235 3169 ducum
1260 3111 1684 3183 magnitudinem
1712 3127 1726 3163 :
1755 3124 1857 3164 nec
1880 3108 2018 3163 alius

428 3208 709 3280 pulchrior
737 3208 790 3261 in
829 3208 1040 3269 urbem,
1071 3212 1166 3259 aut
1192 3203 1489 3279 speciosior
1515 3200 1821 3270 triumphus
1845 3200 2018 3254 intra—

428 3304 529 3357 vit.
556 3300 697 3355 Ante
726 3299 871 3353 hunc
901 3297 1042 3352 diem
1069 3295 1204 3350 nihil
1225 3302 1425 3366 praeter
1446 3308 1644 3365 pecora
1674 3291 2017 3357 Volscorum,

326 3446 332 3457 ,
431 3407 622 3463 greges
635 3390 984 3454 Sabinorum,
1005 3394 1259 3457 carpenta
1283 3384 1577 3448 Gallorum,
1605 3382 1777 3436 fracta
1807 3380 2021 3436 Samni-

430 3492 548 3539 tum
594 3498 745 3538 arma
791 3479 1063 3535 viderunt.
1115 3477 1253 3533 Tum
1289 3484 1471 3531 autem
1500 3475 1545 3530 si
1592 3473 1858 3544 captivos,
1908 3471 2020 3526 llo-

431 3574 593 3639 lossi,
626 3572 947 3638 Thessales,
972 3570 1326 3636 Macedones,
1358 3567 1580 3622 Brutius
1605 3606 1621 3633 ,
1649 3564 1883 3635 Apulus,
1914 3563 2022 3619 Lu-

430 3682 635 3732 canus;
672 3667 718 3722 si
749 3679 1025 3736 pompam,
1072 3678 1282 3727 aurum,
1330 3674 1592 3732 purpura,
1641 3660 1797 3728 signa
1825 3656 2023 3713 tabula:

432 3760 851 3828 Tarentimeque
879 3756 1107 3812 deliciis.

507 3855 614 3910 Sed
640 3852 776 3909 nihil
797 3851 1053 3907 libentius
1070 3847 1299 3921 pupulas
1321 3846 1597 3901 Romanus
1617 3842 1830 3912 aspexit
1859 3856 2020 3913 quam

436 3948 558 4004 illas
595 3961 733 4017 quas
774 3945 1028 3999 timuerat
1057 3957 1180 3996 cum
1218 3939 1457 3994 turribus
1486 3937 1600 3992 suis
1632 3934 1860 3999 belluas,
1902 3948 2023 4002 qua:

437 4057 546 4097 non
591 4040 710 4095 sine
755 4053 919 4093 sensu
966 4033 1323 4106 captivitatis,
1374 4029 1660 4087 submissis
1700 4026 2023 4090 cervicibus,

436 4135 680 4190 victores
723 4144 893 4199 equos
922 4127 1307 4197 sequebantur.
1350 4122 1593 4194 Pyrrhus
1641 4120 1803 4192 igitur
1830 4124 2025 4188 quarto

437 4227 655 4281 demum
697 4236 840 4276 anno
876 4233 983 4290 quo
1020 4223 1242 4274 venerat
1286 4216 1355 4270 ab
1391 4213 1541 4268 ltalia
1571 4212 1750 4295 victu's
1786 4208 2021 4279 refugit:

438 4318 533 4388 qui
552 4315 694 4386 apud
719 4313 894 4383 Argos
913 4308 1134 4367 Achaia:
1158 4307 1347 4362 urbem
1376 4302 1837 4365 ﬂorentissimam,
1861 4298 2025 4369 Spar-

440 4409 555 4467 tani
577 4407 728 4478 regni
756 4405 1014 4460 aviditate
1030 4401 1308 4466 seductus,
1345 4399 1455 4454 ictu
1483 4398 1603 4454 saxi
1631 4398 1684 4451 in
1712 4395 1899 4467 praelio
1929 4409 2026 4449 oc-

439 4499 645 4553 cubuit.
696 4494 974 4551 Tarentini
1016 4491 1217 4562 Pyrrhi
1255 4499 1430 4545 morte
1476 4496 1776 4559 comperta,
1830 4487 2025 4541 iterum

442 4602 581 4640 Ima
612 4584 873 4640 adversus
898 4582 1173 4636 Romanos
1201 4596 1353 4634 arma
1382 4579 1699 4634 sollicitant.
1738 4576 2023 4646 Carthagi-

443 4679 693 4734 nensium
729 4676 936 4733 auxilia
980 4682 1214 4746 poscunt
1254 4689 1355 4745 per
1397 4672 1640 4743 legatos,
1684 4680 1848 4740 atque
1886 4669 2028 4725 acci-

441 4771 618 4841 piunt.
681 4767 946 4824 Coaserto
1009 4765 1192 4837 praelia
1223 4805 1242 4833 ,
1288 4764 1534 4821 vicerunt
1605 4760 1855 4817 Romani.
1924 4760 2027 4816 Ubi

2118 3098 2211 3168 qui
2245 3112 2441 3167 aquam
2471 3094 2749 3152 Claudiam
2781 3093 2994 3148 induxit
3024 3094 3079 3148 in
3107 3093 3318 3159 urbem,
3346 3100 3402 3147 et
3420 3093 3567 3146 viam
3596 3094 3725 3164 Ap-

2116 3189 2263 3259 piam
2313 3186 2527 3243 stravit.
2581 3184 2802 3255 Serapis
2847 3184 3123 3255 ingressus
3166 3190 3251 3238 est
3297 3182 3721 3249 Alexandriam,

2121 3279 2399 3334 Sostratus
2463 3276 2690 3331 Enidius
2764 3274 2941 3330 forum
3017 3275 3185 3330 etiam
3251 3274 3306 3328 in
3376 3273 3725 3329 Alexandria

2119 3367 2438 3424 construxit.
2484 3365 2746 3422 Seleucus
2791 3364 3157 3430 Anti-shiam,
3208 3364 3554 3430 Laodiceam,
3603 3364 3724 3421 Se-

2118 3460 2372 3525 leuciam,
2411 3457 2715 3529 Apamiam,
2753 3456 3023 3521 Edissam,
3054 3456 3299 3510 Bermam
3329 3464 3383 3510 et
3404 3453 3593 3509 Pelam
3620 3472 3722 3509 ur—

2120 3554 2217 3609 bes
2255 3551 2515 3616 condidit,
2565 3564 2797 3619 qnarum
2840 3548 3183 3604 Antiochiam
3217 3547 3535 3603 duodecimo
3561 3562 3726 3603 anno

2120 3643 2272 3714 regni
2295 3642 2377 3698 sui
2398 3641 2684 3696 exstruxit.
2717 3639 2889 3707 Igitur
2908 3648 3193 3710 postquam
3221 3637 3548 3693 Alexandria
3573 3653 3724 3693 con-

2122 3735 2235 3790 dita
2271 3742 2354 3787 est
2372 3774 2387 3799 ,
2415 3747 2535 3802 quae
2568 3740 2730 3800 caput
2751 3738 2837 3786 est
2862 3730 3012 3802 regni
3047 3730 3442 3801 Aigyptiorum,
3465 3729 3725 3786 Alexan-

2123 3826 2221 3881 der
2267 3823 2491 3894 Magnus
2542 3821 2761 3876 Macedo
2822 3821 2980 3875 annis
3038 3821 3276 3889 quinque
3316 3821 3580 3890 regnavit,
3646 3836 3721 3877 ex

2123 3931 2230 3988 quo
2276 3913 2647 3970 monarchiam
2684 3912 2833 3966 orbis
2874 3911 3128 3966 obtinuit.
3167 3910 3307 3964 Anni
3352 3924 3477 3964 vero
3506 3925 3725 3980 prace-

2124 4009 2315 4064 dentes
2344 4011 2575 4076 septem
2615 4004 2809 4074 quibus
2860 4009 3183 4073 regnaverat
3243 4009 3537 4071 antequam
3579 4000 3726 4056 Per-

2125 4113 2309 4153 sarum
2361 4096 2597 4152 solveret
2640 4094 2976 4165 potentiam,
3044 4107 3154 4147 non
3212 4101 3602 4163 computantur
3662 4094 3723 4148 in

2128 4189 2340 4245 ordine.

2197 4279 2297 4335 Hic
2335 4292 2467 4333 vero
2500 4276 2590 4332 ubi
2630 4275 2917 4331 Persarum
2960 4275 3112 4346 regni
3155 4274 3316 4331 tinem
3353 4271 3725 4335 ostendimus,

2127 4371 2443 4440 [taliumque
2487 4369 2851 4424 Romanorum
2900 4367 3124 4422 servitio
3173 4365 3503 4435 subjectam,
3544 4363 3727 4420 ﬂuent

2128 4462 2378 4534 prtesenti
2412 4460 2577 4516 statui
2605 4459 2880 4529 imponere
2902 4457 3059 4513 libro.
3088 4456 3191 4524 Qui
3217 4454 3459 4511 contines
3486 4453 3543 4507 in
3565 4469 3655 4518 se,
3688 4470 3726 4507 α

2129 4555 2544 4611 remdilicatione
2580 4553 2762 4624 templi
2794 4567 2966 4622 usque
3001 4551 3068 4607 ad
3098 4551 3375 4607 interitum
3412 4547 3727 4605 Alexandri

2128 4647 2326 4719 Magni,
2358 4661 2531 4702 annos
2552 4644 2772 4701 circiter
2802 4644 2921 4701 l86.
