3958 6172
220 178 357 231 1029

1596 319 1902 335 ῳ

1419 462 1719 541 LIBER
1789 461 2287 554 QUINTUS.

1599 622 1964 637 _————_

739 699 965 757 CAPUT
991 700 1277 757 PRIMUM.

218 794 409 850 Textus
432 793 776 857 narrationis,
797 791 1021 861 qualiter
1040 791 1393 865 Ptlrolomrrus
1420 794 1789 865 Philadelphus

286 867 606 920 Eleazarum
643 878 902 915 sumntum
929 862 1247 915 sacerdote»:
1279 862 1588 924 Juda'orum,
1626 862 1790 918 Itono-

284 937 416 989 ravit
451 933 749 987 muneribus
775 941 821 984 et
848 930 1113 996 templum.
1137 931 1378 1000 Captivos
1402 933 1556 987 etiam
1572 933 1791 988 Juda’o-

284 1022 403 1058 rum
459 1003 599 1056 ultra
646 1011 849 1074 centum
882 1000 1074 1074 millia‘
1103 999 1372 1074 relaxavit.
1445 1002 1790 1074 Septuaginta

281 1090 486 1145 quoque
528 1087 594 1145 ea;
628 1070 934 1145 senioribus
961 1070 1353 1145 sapientissimis
1393 1073 1471 1145 Aad
1513 1070 1568 1126 se
1621 1070 1791 1128 venire

285 1139 427 1214 fecit,
455 1153 502 1197 et
533 1141 736 1195 divinas
764 1139 897 1209 leges
918 1141 1247 1208 interpretari
1272 1141 1444 1204 iussit.

284 1254 668 1315 Ptholomaeus,
693 1249 784 1320 qui
812 1258 868 1304 et
886 1248 1283 1318 Philadelphus,
1317 1251 1475 1306 annis
1502 1250 1785 1307 XXXVIII.

213 1347 258 1401 Α
300 1344 716 1401 retediﬁcatione
751 1358 880 1397 vero
930 1341 1109 1411 templi
1152 1341 1278 1396 anni
1330 1348 1486 1396 erant
1528 1342 1789 1397 transacti

1306 172 1711 231 annosum.
1737 204 1807 214 —-
1834 155 1999 230 'rosii
2036 173 2057 228 1
2095 172 2219 228 LIB.
2268 173 2329 228 v.

3327 180 3467 239 1030

1916 318 3458 369 ’Ἦ

1817 705 1870 765 Α
1897 701 2171 774 Cognosce
2203 712 2396 766 tamen,
2429 704 2700 774 princeps,
2724 722 2810 762 me
2838 724 2937 764 nec
2965 711 3179 769 afﬁnem
3215 716 3294 772 e's
3325 735 3465 785 esse,

1891 811 1992 849 nec
2021 795 2089 849 ab
2114 795 2300 848 eadem
2332 795 2568 865 genitum
2601 798 2836 863 natione,
2868 809 2927 853 ιιι
2951 815 3050 869 pro
3088 804 3192 860 illis
3214 808 3315 862 hoc
3344 825 3469 880 sug-

1889 899 2070 953 geram
2101 902 2113 936 :
2142 885 2235 937 sed
2263 884 2387 937 dum
2418 885 2653 938 ninnium
2690 886 2964 942 hominum
3010 889 3268 948 factorem
3297 895 3464 952 Deum

1890 975 2109 1037 scirem,
2154 975 2390 1029 suaviter
2417 991 2512 1030 vos
2546 978 2917 1035 benefactores
2952 983 3200 1052 amplecti
3231 989 3296 1042 ad
3326 989 3466 1045 hanc

1887 1062 2204 1131 petitionem
2243 1066 2483 1133 perveni.
2509 1062 2799 1135 Postquam
2827 1068 2931 1123 hoc
2963 1069 3222 1129 Aristaeus
3253 1075 3463 1132 locutus

1888 1159 1993 1216 est,
2020 1159 2075 1205 et
2106 1167 2197 1205 rex
2232 1152 2284 1206 in
2315 1154 2622 1214 eumhilari
2654 1162 2708 1209 et
2736 1156 2931 1211 ridenti
2964 1160 3110 1214 vultu
3142 1167 3421 1234 conspexit
3450 1186 3463 1221 :

1888 1238 2123 1306 Quanta,
2147 1241 2340 1313 inquit,
2366 1243 2652 1298 arbitraris
2679 1245 2844 1299 millia
2870 1262 3030 1316 posse
3059 1249 3289 1306 dimitti?
3316 1254 3468 1311 Tunc

1887 1328 2132 1386 Andreas
2173 1331 2471 1401 respondit,
2502 1348 2625 1387 cum
2653 1334 2979 1403 interesset,
3016 1347 3071 1393 et
3106 1340 3260 1408 dixit,
3295 1344 3501 1401 Paulo-

215 1436 434 1490 ducenti
462 1434 650 1504 viginti
691 1448 807 1486 sex.
850 1431 1096 1487 Pontifex
1137 1447 1265 1488 vero
1300 1431 1606 1488 Iudaeorum
1636 1433 1782 1487 Elea-

1885 1417 2006 1490 plus
2031 1435 2193 1489 quam
2221 1429 2433 1476 centum
2470 1423 2636 1477 millia
2663 1434 2909 1495 possunt.
2942 1422 3060 1513 Non
3098 1446 3347 1500 parvam,
3382 1435 3466 1489 iu-

214 1540 377 1578 zarus
399 1532 547 1587 erat,
579 1522 671 1591 qui
709 1537 807 1591 pro
833 1522 920 1575 tali
955 1522 1287 1592 principatus
1318 1524 1581 1579 honorem
1608 1540 1782 1580 susce-

1886 1510 2027 1580 quit,
2070 1526 2100 1565 a
2142 1510 2583 1578 nobis,Aristaec,
2623 1516 2965 1573 donationem
3005 1510 3205 1588 poscis.
3246 1523 3460 1582 Sosibio

210 1615 294 1683 pit
317 1627 495 1667 causa.
530 1611 794 1666 Defuncto
821 1611 1064 1682 principe
1090 1613 1430 1668 sacerdotum
1456 1613 1613 1679 Onia,
1645 1614 1782 1670 ﬁlius

1884 1614 2015 1655 vero
2046 1616 2167 1656 cum
2200 1603 2552 1672 prmsentibus
2582 1603 2793 1659 dicente
2834 1605 3053 1675 dignum
3079 1622 3200 1664 esse
3240 1613 3459 1667 muniﬁ-

212 1704 332 1774 ejus
367 1702 552 1757 Simon
581 1717 861 1757 successor
899 1702 1122 1765 exstitit,
1170 1703 1261 1774 qui
1286 1702 1471 1759 Justus
1503 1716 1588 1760 est
1612 1706 1789 1776 appel-
1886 1690 2063 1745 cem”
2097 1705 2192 1745 sua
2220 1691 2265 1746 εί
2297 1690 2429 1756 θεον
2464 1692 2553 1761 (ἰαί
2587 1710 2809 1764 regnum
2847 1696 2897 1751 εί
2929 1697 3174 1764 domm"
3209 1700 3306 1757 has
3333 1718 3458 1773 8⁸⁵³⁸·

211 1792 355 1847 latus
380 1801 603 1862 propter
641 1792 896 1862 pietatem
945 1808 1105 1862 quam
1155 1793 1207 1847 in
1245 1793 1437 1860 Deum,
1463 1804 1518 1850 et
1546 1796 1782 1852 favorem

1886 1780 2086 1834 tiarum
2138 1781 2285 1836 vices
2327 1781 2543 1837 offerret
2570 1824 2584 1848 ,
2636 1794 2919 1854 propterea
2979 1786 3131 1844 lmtus
3182 1789 3345 1861 jussit
3402 1800 3463 1847 ut

211 1900 373 1956 quem
413 1899 541 1956 erga
571 1899 753 1954 regem
794 1884 1046 1940 habuisse
1084 1885 1384 1941 videbatur.
1423 1887 1541 1955 Quo
1574 1898 1782 1945 mortuo

1884 1870 2144 1928 militibus
2172 1887 2379 1929 merces
2407 1889 2632 1929 annonae
2660 1885 3009 1945 praestaretur
3039 1890 3093 1935 et
3116 1897 3214 1950 pro
3247 1883 3462 1956 singulo

209 1985 265 2031 et
313 1975 481 2030 ﬁlium
537 1974 859 2030 infantulum
915 1976 1251 2045 relinquente
1308 1980 1525 2034 nomine
1562 1979 1780 2047 Ouiam,

1885 1961 2101 2030 captivo
2126 1963 2267 2033 apud
2301 1978 2395 2019 eos
2432 1964 2727 2020 constituto
2767 1967 3027 2024 darentur
3066 1972 3302 2044 dragmte
3333 1991 3459 2030 ceu-

210 2066 380 2121 frater
402 2066 519 2137 ejus
546 2066 836 2122 Eleazarus
857 2043 1217 2137 principatum
1242 2071 1525 2126 sacerdotii
1555 2043 1780 2142 accepit.
1812 2043 1858 2101 Β
1888 2059 1999 2105 mm
2028 2058 2081 2142 εί
2104 2052 2309 2120 νίείηίί·
2349 2053 2424 2109 De
2457 2055 2651 2124 ηυίδυε
2675 2058 2837 2111 “iam
2860 2070 3126 2129 Pmccpla
3157 2077 3462 2133 Ρνοροηθνα

209 2159 381 2228 Quem
405 2159 765 2215 Ptholoma‘us
793 2160 1087 2216 liberaliter
1122 2164 1434 2219 muneribus
1461 2165 1783 2234 honoravit;

208 2249 356 2321 quod
378 2264 447 2304 ex
461 2248 766 2319 hujusmodi
791 2264 953 2305 causa
968 2250 1194 2321 contigit
1224 2270 1238 2305 :
1266 2252 1566 2309 Demetrius
1595 2254 1786 2312 Phale-

208 2338 345 2405 rius,
377 2354 541 2409 super
571 2339 947 2395 bibliothecam
975 2342 1299 2397 constitutus
1333 2344 1491 2414 regis,
1519 2345 1643 2400 dum
1673 2356 1788 2402 stu-

209 2428 365 2484 deret
402 2429 582 2485 omnia
633 2444 731 2499 per
775 2431 1083 2485 universam
1133 2440 1331 2487 terram
1376 2433 1591 2489 inventa
1634 2436 1786 2492 volu-

208 2518 354 2572 mina
415 2532 742 2588 congregare
789 2526 845 2573 et
895 2521 1203 2590 acquirere,
1261 2522 1306 2578 si
1365 2522 1493 2593 quid
1546 2525 1786 2581 audisset

207 2604 428 2675 dignum
481 2605 743 2662 industria
791 2607 875 2664 vel
917 2608 1189 2666 voluntate
1234 2612 1396 2684 regis,
1445 2626 1606 2682 quem
1656 2626 1784 2684 erga

208 2694 580 2766 collectionem
630 2697 872 2752 codicum
916 2697 1290 2756 muniﬁcenter
1334 2701 1555 2767 accendi
1584 2716 1784 2772 cogno-

207 2792 364 2839 verat
399 2804 413 2839 :
452 2786 810 2857 interrogatus
848 2805 878 2843 a
923 2789 1251 2847 Ptholomaao
1274 2802 1405 2862 quot
1449 2793 1613 2848 millia
1641 2795 1785 2849 codi-

206 2888 332 2927 cum
361 2874 606 2941 haberet,
651 2892 774 2931 cum
816 2877 1001 2947 viginti
1041 2879 1204 2933 millia
1239 2879 1353 2950 jam
1392 2882 1779 2951 respondisset,

204 2964 304 3018 sed
333 2978 508 3033 pauco
548 2975 669 3036 post
705 2975 944 3037 tempore
972 2984 1141 3039 usque
1183 2970 1571 3043 quinquaginta
1611 2973 1780 3030 millia

203 3067 367 3121 posse
405 3056 683 3124 pervenire
708 3097 723 3120 ,
770 3066 825 3113 ct
868 3059 1167 3115 nuntiatum
1216 3061 1319 3117 sibi
1362 3058 1568 3117 diceret
1613 3062 1783 3119 multa

205 3141 352 3210 apud
377 3138 591 3197 Judaaos
615 3142 788 3215 legum
818 3160 1004 3200 eorum
1028 3162 1149 3203 esse
1167 3148 1494 3218 conscripta,
1524 3152 1702 3206 studio
1726 3161 1782 3216 et

201 3230 533 3287 bibliotheca
580 3233 742 3303 regali
793 3237 951 3307 digna
996 3256 1009 3291 :
1059 3238 1225 3306 Nihil,
1282 3241 1475 3311 inquit,
1528 3244 1782 3313 prohibet

201 3326 425 3373 tuarum
468 3322 816 3389 pecuniarum
854 3337 1067 3395 sumptu
1096 3340 1191 3381 eas
1233 3327 1602 3398 interpretari,
1632 3339 1692 3387 ut
1718 3333 1773 3388 in

199 3409 530 3467 bibliotheca
574 3422 663 3468 tua
712 3415 920 3472 illorum
950 3433 1164 3489 quoque
1195 3420 1338 3493 leges
1373 3425 1772 3482 contineantur.

199 3497 375 3572 Igitur
423 3516 517 3557 rex
564 3504 765 3575 Optima
822 3507 1077 3564 Demetrii
1127 3512 1395 3571 sententia
1448 3514 1777 3586 delectatus,

198 3590 429 3661 scripsit
463 3592 532 3647 ad
588 3595 886 3667 principem
944 3599 1282 3655 sacerdotum
1327 3602 1505 3673 gentis
1558 3602 1775 3673 Judmze,

1874 2141 2165 2217 .promisit',
2206 2157 2304 2213 per
2344 2159 2464 2212 qua:
2509 2145 2933 2203 muniﬁcentiam
2973 2166 3126 2206 suam
3157 2161 3213 2208 et
3244 2153 3460 2211 Aristaei

1882 2232 2196 2301 petitionem
2227 2234 2592 2291 conﬁrmaret.

1904 2325 1909 2331 '
1953 2320 2220 2379 Praeterea
2250 2325 2498 2383 voluntas
2532 2329 2626 2384 Dei
2655 2329 2854 2399 adfuit,
2890 2349 2990 2405 per
3015 2351 3176 2407 quam
3200 2355 3306 2394 non
3341 2351 3461 2396 tan‘

1885 2418 1998 2466 tum
2031 2413 2150 2469 illos
2182 2417 2275 2486 qui
2301 2433 2330 2471 a
2353 2427 2507 2487 patre
2534 2420 2648 2491 ejus
2678 2424 2761 2479 vel
2788 2428 3028 2482 exercitu
3059 2429 3177 2500 ejus
3206 2432 3456 2491 translati

1881 2499 2128 2568 fuissent,
2160 2520 2347 2560 verum
2368 2509 2531 2564 etiam
2559 2510 2678 2588 illos
2700 2513 2791 2582 qui
2816 2514 2916 2568 sub
2944 2530 3109 2586 regno
3133 2517 3251 2585 ejus
3276 2531 3455 2588 erant,

1883 2586 2207 2648 absolutioni
2231 2596 2477 2662 donaret,
2505 2579 2591 2653 vel
2610 2600 2652 2655 si
2679 2579 2768 2671 qui
2792 2611 2975 2673 postea
3000 2579 3456 2677 supervenissent,

1880 2696 1980 2755 pro
2011 2701 2238 2755 quorum
2286 2691 2653 2762 redemptione
2692 2693 2812 2764 plus
2859 2712 3021 2766 quam
3063 2700 3457 2770 quadringenta

1883 2777 2084 2833 talenta
2111 2788 2238 2834 sunt
2263 2795 2293 2834 a
2326 2796 2452 2854 rege
2477 2782 2690 2854 largita.
2724 2785 2801 2839 Ex
2836 2788 3064 2856 captivis
3087 2806 3218 2845 vero
3251 2800 3307 2846 ct
3340 2809 3460 2847 ser-

1880 2869 2153 2925 vientibus
2181 2871 2411 2941 amplius
2435 2882 2651 2928 centum
2679 2875 2846 2931 millia
2876 2880 3087 2934 remisit
3113 2881 3165 2936 in
3190 2880 3453 2940 Judaram.

1883 2956 2141 3027 Vigentes
2172 2973 2301 3014 vero
2335 2972 2561 3031 corpore
2590 2979 2655 3019 ac
2683 2974 2840 3022 attate
2869 2971 3111 3027 numeris
3135 2972 3462 3032 militaribus

1882 3046 2213 3116 designavit;
2248 3048 2444 3105 multos
2469 3052 2631 3106 etiam
2657 3055 2748 3124 qui
2780 3054 2938 3111 ﬁdem
2966 3059 3102 3114 aulae
3129 3076 3345 3117 servare
3363 3079 3460 3134 po-

1883 3136 2130 3203 tuissent,
2171 3138 2226 3194 in
2264 3140 2468 3210 palatio
2505 3146 2804 3201 constituit.
2851 3147 2992 3218 Ergo
3018 3143 3309 3218 Andream,
3338 3153 3454 3224 pri-

1880 3234 2083 3281 matem
2104 3230 2388 3285 custodum
2423 3234 2508 3288 sui
2537 3236 2805 3304 corporis,
2831 3245 2887 3292 et
2909 3237 3195 3294 Aristaeum
3222 3240 3459 3300 dilectis-

1882 3316 2084 3384 simos,
2134 3317 2562 3395 Hierosolymam
2613 3325 2846 3395 direxit,
2886 3343 2986 3398 per
3026 3345 3163 3400 quos
3190 3333 3458 3401 primitias

1881 3413 2128 3465 votorum
2165 3411 2234 3466 ad
2262 3411 2516 3483 templum
2544 3415 2757 3470 Domini
2790 3419 3061 3486 porrexit.
3089 3420 3141 3474 id
3172 3429 3273 3486 est,
3302 3432 3457 3494 pate-

1879 3513 1970 3554 ras
1992 3515 2189 3556 aurcas
2216 3500 2408 3574 viginti
2442 3515 2753 3575 argenteas,
2786 3508 3005 3579 triginta
3041 3519 3283 3565 crateras
3304 3514 3458 3582 quin-

1876 3600 2005 3658 que,
2035 3603 2280 3647 mensam
2315 3605 2448 3649 vero
2492 3594 2816 3650 mirabiliter
2851 3596 3189 3666 fabricatam,
3228 3604 3457 3672 gemmis

85 4346 92 4358 .
193 4326 441 4384 quorum
480 4316 750 4370 sententia
780 4316 1131 4375 confirmatus
1162 4317 1295 4376 adiit
1331 4337 1511 4395 regem
1546 4325 1775 4383 dicens:

199 3681 310 3738 hoc
335 3682 457 3737 ﬁeri
493 3685 844 3743 demandans.
874 3684 1120 3744 Aristeus
1145 3696 1348 3757 autem,
1391 3693 1599 3749 amicus
1637 3696 1781 3768 regis
1876 3678 2287 3768 Ρηιίοβίεείπηίε
2332 3681 2613 3738 inﬁmam-
2648 3685 2779 3765 ,θθο
2825 3686 3096 3744 efferenda
3149 3689 3264 3746 11330
3307 3692 3457 3747 ῐῐιίθίι

199 3771 574 3841 necessarius,
614 3775 706 3845 qui
733 3786 952 3846 ρηοριει.
983 3778 1338 3835 humilitatem
1371 3797 1583 3838 morum
1621 3785 1689 3841 ab
1709 3767 1780 3842 έο
1877 3781 2026 3832 vasa,
2059 3767 2285 3840 insuper
2311 3770 2513 3828 talenta
2543 3783 2758 3829 centum
2793 3791 2892 3846 pro
2919 3776 3376 3836 immolationibus
3399 3790 3457 3837 et

196 3859 437 3917 dilectus
471 3870 577 3929 εει,
630 3878 754 3919 cum
801 3866 994 3944 saepius
1042 3877 1167 3923 ante
1211 3870 1361 3926 nisus
1410 3881 1554 3928 esse;
1598 3883 1782 3944 ρυιειυθ
1879 3860 2000 3916 aliis
2030 3862 2194 3918 rebus
2235 3864 2436 3935 templo
2485 3870 2837 3937 necessariis;
2892 3871 3157 3929 mandans
3192 3873 3453 3931 Eleazaro

196 3949 602 4008 Ptbolomzeum
648 3941 1243 4025 quatinusbdimitteret
1285 3963 1527 4032 captivos
1569 3941 1782 4022 Judazos

1884 3950 2108 4022 principi
2156 3955 2496 4010 sacerdotum
2547 3956 2669 4028 eligi
2727 3960 2842 4016 viro
2895 3962 3138 4018 seniores
3191 3979 3256 4019 ex
3305 3967 3454 4022 omni

196 4043 295 4114 qui
330 4043 437 4098 sub
477 4044 704 4114 imperio
732 4047 848 4119 ejus
880 4058 1099 4117 essent;
1142 4058 1352 4130 tempus
1379 4056 1483 4111 hoc
1505 4055 1782 4125 petitionis

1884 4041 2046 4108 tribu,
2095 4045 2361 4115 sapientia
2394 4062 2458 4103 ac
2484 4050 2723 4106 moribus
2766 4062 3007 4119 ornatos,
3044 4069 3139 4111 sex
3161 4056 3250 4126 qui
3281 4056 3454 4130 legem

193 4146 530 4204 prosperum
567 4135 876 4203 arbitratus,
910 4147 1035 4194 ante
1071 4126 1310 4211 ιοίιυῑωιυ
1334 4144 1653 4211 primatibus
1687 4162 1781 4202 ου-
1880 4134 1983 4191 sibi
2011 4134 2272 4218 afferrent
2294 4136 2410 4204 Dei,
2437 4154 2663 4211 eamque
2688 4152 2843 4198 caute
2877 4160 2941 4200 ac
2962 4147 3257 4218 prudenter
3280 4148 3454 4206 inter-

194 4224 427 4278 stodum
444 4224 586 4295 regis
604 4227 866 4297 corporis,
882 4227 1111 4297 Sosibio,
1129 4229 1421 4289 Tarentino
1441 4233 1778 4292 ειΑηάιιοωε
1877 4213 2162 4298 pretaudo,
2206 4230 2261 4284 in
2306 4229 2547 4287 Graecam
2585 4213 3252 4309 transferrent—linguam.
3309 4241 3455 4314 Ergo

1879 4331 2004 4372 cum
2024 4319 2167 4389 regis
2191 4319 2417 4391 epistola
2439 4320 2697 4378 Eleazaro
2719 4323 2909 4380 fuisset
2928 4336 3197 4396 porrecta,
3224 4329 3450 4386 nimium

193 4400 452 4469 Iinime,
501 4418 618 4470 rex,
659 4415 872 4476 oportet
897 4424 1037 4466 vana
1074 4427 1172 4469 nos
1203 4425 1299 4482 spe
1327 4415 1657 4486 negligenter
1681 4419 1779 4474 de-

1884 4406 2175 4466 liberaliter
2199 4411 2265 4466 de
2290 4411 2546 4468 benevola
2577 4413 2852 4472 voluntate
2872 4418 3091 4488 gavisus
3114 4428 3200 4474 est
3216 4461 3230 4487 ,
3263 4420 3453 4479 eiectis

194 4492 337 4563 cipi,
364 4493 463 4548 sed
489 4495 765 4551 veritatem
781 4497 1047 4556 intimare.
1070 4500 1203 4556 Nam
1217 4503 1263 4558 si
1287 4504 1457 4574 legem
1470 4502 1779 4563 Judazorum

1884 4499 2185 4556 senioribus
2228 4502 2361 4558 viris
2411 4506 2749 4575 septuaginta
2790 4507 2962 4578 legem
3005 4509 3261 4577 ferentes,
3300 4513 3455 4570 festi-

194 4597 318 4638 non
342 4590 556 4639 tantum
584 4589 977 4658 transcribere,
1005 4592 1100 4647 sed
1119 4593 1284 4649 etiam
1306 4595 1647 4667 interpretari
1680 4611 1780 4666 pro

1884 4599 2074 4647 nanter
2108 4592 2258 4648 misit
2292 4609 2386 4650 eos
2422 4596 2490 4650 ad
2527 4611 2729 4669 regem,
2756 4600 3035 4670 postulans
3067 4610 3124 4656 ιιι
3154 4612 3277 4671 post
3305 4613 3456 4660 tran-

192 4687 298 4731 ωε
330 4679 508 4749 gnua
536 4680 810 4737 studemus
828 4723 844 4749 ,
881 4682 1048 4738 babes
1079 4699 1184 4754 qua
1210 4685 1421 4742 ηιῑοηθ
1469 4688 1641 4758 possit
1674 4688 1779 4745 hoc
1802 4719 1856 4761 η
1881 4680 2228 4751 scriptionem
2249 4682 2385 4754 legis
2412 4699 2532 4740 eam
2561 4696 2719 4742 caute
2740 4692 2861 4744 cum
2881 4691 3234 4761 portitoribus
3261 4697 3452 4751 remit-

188 4766 352 4832 ὕοι-ἰ,
387 4774 467 4822 tot
490 4765 702 4826 Iudaeos
730 4771 784 4825 in
808 4786 974 4843 regno
999 4774 1089 4828 tuo
1115 4775 1489 4841 servientibus,
1525 4791 1660 4848 quos
1683 4779 1777 4833 be-

1887 4778 2044 4826 teret.
2070 4770 2239 4843 Igitur
2256 4770 2635 4830 Alexandriam
2660 4788 2976 4859 perventum
2995 4789 3099 4848 est,
3126 4793 3182 4838 et
3206 4792 3265 4838 ut
3289 4783 3455 4842 Ptho-

187 4860 531 4932 nignitatem
557 4869 662 4917 tua:
696 4863 1107 4934 magniﬁcentia!
1140 4866 1294 4922 decet
1324 4882 1355 4921 a
1378 4869 1629 4937 praesenti
1646 4868 1778 4940 jugo
1881 4862 2105 4919 lomteus
2127 4864 2471 4933 praesentiam
2494 4879 2678 4918 eorum
2702 4881 2837 4934 quos
2858 4868 3078 4923 miserat
3098 4885 3219 4925 cum
3238 4882 3452 4940 septua-

187 4949 490 5005 servilntis
513 4951 820 5018 absolvere,
849 4968 914 5008 ac
943 4954 1051 5010 Deo
1081 4956 1170 5025 qui
1207 4956 1352 5028 leges
1370 4958 1450 5014 eis
1476 4959 1655 5029 posuit
1679 4975 1779 5031 pro
1884 4954 2032 5028 ginta
2071 4956 2376 5010 senioribus
2416 4955 2637 5019 audivit,
2684 4957 2867 5010 statim
2907 4957 3176 5014 Andream
3218 4969 3275 5016 et
3323 4961 3452 5016 Ari-

190 5040 281 5095 tui
316 5039 468 5109 regni
510 5040 669 5096 tutela
697 5042 929 5099 mittere.
961 5043 1094 5099 Nam
1130 5061 1251 5101 cum
1289 5046 1455 5102 multa
1482 5048 1675 5120 saepius
1701 5050 1781 5104 in-

184 5132 517 5202 dagassem,
554 5134 779 5205 cognovi
812 5133 1071 5189 factorem
1102 5151 1194 5190 eos
1221 5136 1461 5190 omnium
1493 5137 1661 5191 Deum
1694 5152 1782 5194 co-

188 5224 343 5288 lere,
378 5237 543 5292 quem
588 5238 688 5280 nos
724 5225 887 5290 Zena,
930 5225 983 5281 id
1020 5236 1132 5290 est,
1171 5225 1381 5291 Jovem,
1417 5226 1777 5294 nominamus,

188 5316 355 5387 quod
387 5316 641 5372 euntibus
667 5317 908 5390 indulget
936 5334 1056 5382 zen,
1087 5318 1140 5372 id
1166 5326 1267 5382 est,
1293 5318 1497 5373 vivere.
1532 5318 1780 5388 Quapro-

187 5398 328 5477 pter
361 5405 434 5459 ad
476 5406 733 5463 honorem
762 5408 891 5474 Dei,
923 5424 1081 5480 quem
1116 5409 1345 5463 maxima
1380 5409 1632 5478 religione
1668 5410 1781 5478 pla-

185 5506 358 5565 cant,
394 5498 594 5554 liberos
622 5515 715 5557 eos
740 5502 928 5572 patria:
964 5501 1306 5571 moribusque
1332 5501 1442 5556 suis
1469 5501 1772 5556 restituere.

1883 5054 2074 5102 statum
2113 5045 2318 5116 legatos
2353 5044 2693 5099 introducere
2740 5044 2919 5110 jussit.
2978 5046 3079 5115 Qui
3132 5049 3452 5115 venientes,

1883 5137 2140 5208 epistolas
2181 5150 2316 5207 quas
2359 5149 2391 5189 a
2428 5133 2671 5203 principe
2710 5136 3047 5190 sacerdotum
3094 5135 3452 5206 deportabant

1883 5229 2222 5292 obtulerunt;
2250 5234 2305 5280 et
2332 5239 2398 5279 ea
2434 5239 2553 5295 quae
2582 5221 2759 5279 verbis
2784 5237 2878 5281 eos
2899 5224 3164 5281 disserere
3190 5223 3447 5295 iusserat,

1884 5320 2190 5376 edixerunt.
2222 5317 2464 5384 Dumque
2485 5314 2725 5369 seniores
2749 5330 2869 5369 cum
2899 5315 3050 5371 donis
3073 5332 3193 5386 quae
3220 5317 3332 5387 regi
3357 5319 3451 5374 de-

1883 5408 2145 5480 portanda
2182 5407 2429 5475 princeps
2465 5405 2802 5459 saccrdotum
2844 5405 2923 5460 cis
2947 5405 3167 5461 dederat
3201 5407 3447 5463 advenis-

1884 5508 2002 5556 sent
2030 5498 2080 5552 in
2117 5495 2457 5567 praesentiam
2498 5492 2805 5550 Ptholomtei
2843 5510 2964 5550 cum
2996 5497 3355 5555 voluminibus
3394 5501 3444 5554 in
