3958 6172
459 160 589 221 1031

1478 136 1866 197 FRECULPHI
1908 129 2369 192 LEXOVIENSIS
2410 124 2712 184 EPISCOPi

3580 112 3714 172 ηυδε

467 272 667 344 quibus
721 263 921 321 litteris
970 254 1151 316 aureis
1214 254 1533 325 conscripta
1601 253 1748 322 leges
1800 250 2037 305 contine-
2065 253 2112 309 Α
2139 262 2328 303 eorum
2350 245 2468 300 ficri
2497 262 2510 297 :
2537 256 2660 298 nam
2689 237 2954 310 profuisse
2971 233 3019 291 ci
3046 235 3189 306 quod
3212 233 3489 290 didicisset
3514 235 3587 289 ab
3616 234 3718 288 illis

463 367 666 422 bantur
696 400 711 426 ,
763 374 858 412 rex
917 369 1012 409 eos
1060 352 1125 406 de
1185 348 1463 405 codicibus
1524 350 1876 415 percontatus
1927 349 2030 394 est.

461 453 599 509 Cum
635 447 939 504 revelarent
971 450 1028 496 et
1048 439 1394 496 ostenderent
1426 435 1739 491 tenuitatem
1766 432 2037 487 membra-

460 562 566 609 ηαξ,
588 542 671 597 vel
694 530 1289 605 incomprehensibilem
1312 543 1499 583 eorum
1523 524 1917 594 compagincm,
1943 535 2037 575 rex

460 636 688 690 miratus
730 637 813 684 cst
864 624 1007 695 quod
1056 624 1129 677 ita
1174 621 1404 675 fuissent
1445 615 1732 685 compacti.
1793 613 2039 680 Dumque

461 730 563 784 hoc
591 722 791 779 diutius
821 719 1071 781 fecisset,
1101 715 1319 771 Gratias
1348 727 1473 783 ago,
1505 708 1702 779 inquit,
1743 707 1895 760 vobis
1921 704 2041 773 qui—

461 821 582 875 dem
609 814 750 885 quod
779 810 1023 873 venistis,
1067 802 1301 874 majores
1342 817 1473 857 vero
1499 801 1571 856 illi
1617 799 1706 869 qui
1752 812 1850 851 vos
1877 793 2038 850 desti-

461 914 649 977 navit;
692 910 784 966 sed
823 918 946 961 ante
984 920 1170 960 omnes
1199 904 1344 966 Deo,
1389 898 1543 970 cujus
1582 898 1667 952 ba:
1704 896 1850 966 leges
1884 908 2043 947 vene-

465 1004 644 1060 randae
674 1000 993 1072 probantur.

531 1094 771 1161 Cumque
805 1091 1126 1144 clamassent
1147 1084 1388 1139 seniores
1415 1090 1469 1136 et
1497 1079 1552 1135 lii
1583 1079 1673 1150 qui
1698 1076 1752 1132 in
1775 1072 2035 1147 praesenti

463 1194 636 1249 erant,
674 1191 890 1235 orantes
926 1192 1183 1248 prospera
1227 1175 1338 1244 regi
1388 1171 1648 1226 divinitus
1678 1168 1930 1230 evenire,
1962 1164 2042 1219 ui-

463 1276 633 1331 mium
664 1273 956 1327 delectatus
977 1308 990 1331 ,
1022 1262 1264 1337 prorupit
1290 1266 1342 1318 in
1368 1260 1654 1332 lacrymas.
1681 1258 1815 1313 Nam
1847 1257 2043 1325 smpius

465 1373 657 1419 natura
688 1364 787 1418 hoc
831 1373 927 1430 pro
964 1372 1173 1413 Summo
1203 1354 1395 1427 gaudio
1436 1353 1661 1423 patitur,
1703 1349 1846 1419 quod
1876 1347 2041 1403 etiam

465 1453 769 1509 dolentibus
803 1450 937 1505 solet
972 1446 1238 1501 accidere.
1269 1443 1335 1498 Et
1362 1449 1490 1497 tunc
1512 1437 1673 1510 jussit
1699 1437 1912 1492 codices
1931 1434 2043 1504 pri-

465 1545 695 1600 matibus
748 1541 909 1596 ofﬁcii
956 1532 1243 1609 designari.
1304 1534 1464 1589 Viros
1507 1537 1687 1587 autem
1740 1526 2036 1589 osculatus,

2135 337 2588 408 quemadmodum
2619 334 2859 388 deberet.

2206 428 2377 482 Jussit
2423 433 2604 480 autem
2636 421 2859 493 singulis
2908 420 3022 475 dari
3073 418 3295 481 talenta,
3340 431 3404 470 ac
3446 415 3722 485 deputavit

2136 518 2243 574 illis
2291 518 2383 588 qui
2436 531 2529 571 eos
2578 514 2874 585 perducere
2925 515 2994 567 ad
3038 509 3393 565 diversorium
3440 506 3719 561 deberent.

2138 609 2431 678 Postquam
2479 620 2608 660 vero
2653 615 2763 659 tres
2803 608 3155 657 excesserunt
3197 600 3348 663 dies,
3387 612 3723 667 congregans

2139 716 2233 755 eos
2260 698 2564 753 Demetrius
2590 705 2645 750 ct
2680 693 2947 749 transiens
2990 700 3230 761 pontem,
3260 689 3393 743 abiit
3436 688 3491 742 in
3544 697 3723 756 partes

2140 787 2390 858 Aquiloni
2435 784 2785 854 conjunctas,
2831 782 3228 849 conciliumque
3277 778 3403 832 fecit
3455 778 3509 831 in
3564 777 3726 830 domo

2140 894 2305 949 prope
2336 878 2486 933 littus
2527 884 2707 932 stante
2733 885 2786 930 et
2814 881 2937 943 apta
2972 871 3197 927 secretis
3238 870 3305 923 ad
3339 869 3725 939 Cogitationem

2140 967 2499 1037 negotiorum.
2532 965 2632 1020 libi
2662 980 2756 1020 eos
2790 963 3096 1033 perducens
3125 962 3340 1030 petebat
3379 960 3567 1015 omnia
3609 975 3729 1029 qua:

2141 1075 2277 1128 opus
2307 1059 2578 1113 habebant
2618 1057 2684 1110 ad
2727 1055 2859 1125 legis
2893 1054 3389 1122 interpretationem
3429 1052 3565 1121 ipsis
3591 1067 3728 1119 prte-

2143 1150 2403 1214 sentibus,
2447 1159 2511 1203 ut
2556 1149 2891 1202 incessanter
2938 1158 3074 1213 opus
3127 1142 3427 1212 implerent.
3481 1144 3727 1210 Cumque

2143 1245 2220 1299 illi
2270 1243 2646 1297 munificenter
2688 1250 2742 1296 et
2772 1238 3042 1293 laboriose
3071 1244 3283 1291 cautam
3326 1235 3729 1305 interpretatio-

2143 1351 2266 1393 nem
2303 1335 2564 1397 faeerent,
2618 1346 2791 1402 usque
2818 1330 2885 1384 ad
2931 1330 3122 1384 boram
3172 1342 3368 1382 nonam
3399 1327 3452 1380 in
3498 1326 3605 1380 hoc
3645 1342 3730 1380 se-

2144 1427 2335 1482 dentes
2371 1425 2436 1479 ad
2469 1438 2658 1480 curam
2704 1421 2950 1490 corporis
2986 1419 3352 1473 vertebantur.
3382 1414 3461 1469 ita
3501 1430 3599 1469 eus
3643 1415 3726 1467 in-

2144 1518 2347 1573 vitante
2400 1515 2668 1573 Dorotbeo
2723 1526 2778 1571 et
2825 1509 3110 1586 opulenter
3158 1504 3591 1566 conversationis
3644 1518 3727 1558 sa-

464 1649 673 1705 acquum
709 1632 847 1688 dixit
889 1646 1008 1686 esse
1040 1598 1272 1698 primum
1313 1626 1380 1680 ad
1405 1638 1500 1678 eos
1524 1622 1703 1677 facere
1735 1614 2035 1674 sermonem
2067 1598 2114 1656 Β
2141 1608 2313 1663 lubria
2356 1611 2653 1680 prmbcnte,
2707 1608 2981 1677 multaque
3014 1605 3179 1660 etiam
3223 1618 3287 1657 ex
3320 1603 3405 1656 his
3446 1616 3570 1671 qua:
3614 1601 3727 1670 regi

467 1726 533 1780 de
566 1724 649 1778 bis
669 1738 768 1793 pro
799 1720 992 1791 quibus
1019 1726 1202 1775 essent
1231 1717 1426 1773 vocati.
1453 1714 1567 1769 imo
1592 1717 1644 1768 et
1679 1710 1945 1782 dicm‘quo
1972 1709 2041 1765 ad

466 1829 587 1868 eum
621 1810 851 1868 fuissent
880 1810 1089 1866 deducti
1109 1850 1124 1877 ,
1155 1809 1361 1866 clarum
1388 1806 1613 1879 singulis
1644 1805 1802 1860 annis
1838 1820 1934 1874 per
1962 1811 2041 1857 to-

470 1917 580 1961 tum
628 1904 750 1959 vita:
792 1918 900 1959 sua:
945 1912 1155 1973 tempus
1193 1916 1253 1956 se
1292 1899 1566 1955 celebrare
1599 1896 1866 1967 promisit.
1907 1895 2039 1949 Nam

466 1997 642 2053 evenit
672 1996 917 2050 eumdem
946 2009 1067 2049 esse
1108 1992 1408 2064 praesentiae
1452 1990 1686 2054 illorum,
1715 1996 1770 2042 et
1804 1986 2041 2041 victoriae

468 2087 609 2141 diem
639 2101 745 2155 quo
787 2084 1114 2154 Antigonum
1146 2081 1320 2137 navali
1350 2080 1533 2151 praelio
1567 2080 1789 2134 vicerat.
1825 2077 2041 2147 Epulari

467 2178 629 2234 etiam
670 2192 851 2232 secum
888 2191 982 2230 eos
1018 2175 1273 2245 praecepit
1308 2172 1650 2243 hospitiaque
1684 2171 1739 2225 in
1781 2184 1908 2224 arce
1951 2169 2042 2223 de-
2078 2186 2083 2187 ί

468 2268 734 2323 nuntiavit
759 2269 839 2323 eis
865 2267 1044 2331 omnia
1077 2266 1343 2336 deputari.
1379 2264 1615 2319 Nicanor
1652 2269 1851 2325 autem,
1879 2274 2044 2330 super

468 2359 864 2428 susceptionem
895 2357 1299 2428 peregrinorum
1327 2354 1671 2412 constitutus.
1712 2351 2043 2406 Dorotbeum

469 2464 667 2505 vocans
700 2450 792 2520 qui
840 2450 905 2505 de
953 2448 1039 2533 bis
1072 2464 1257 2504 curam
1310 2447 1564 2511 habebat,
1609 2444 1773 2514 jussit
1816 2441 2043 2512 singulis

469 2539 772 2594 necessaria
816 2552 1139 2608 praeparare.
1193 2536 1327 2591 Nam
1364 2537 1439 2591 ita
1487 2536 1804 2605 dispositum
1851 2549 1884 2588 a
1918 2547 2043 2601 rege

470 2627 645 2683 fuerat
670 2638 730 2684 ut
761 2629 1013 2683 alimenta
1037 2628 1234 2698 quibus
1261 2626 1483 2698 singulae
1513 2626 1758 2681 civitates
1796 2634 2041 2690 utuntur,

449 2720 857 2776 'exbiberentur
886 2716 1212 2792 indulgentia
1239 2719 1612 2775 consuetudini
1637 2718 2043 2789 peregrinorum

468 2815 536 2869 ad
568 2828 662 2868 eos
692 2810 1018 2867 venientium
1038 2851 1053 2877 ,
1087 2819 1142 2866 et
1173 2808 1253 2866 eis
1282 2811 1463 2865 omnia
1485 2817 1827 2880 pararentur,
1854 2816 2044 2880 quate-

471 2920 573 2961 nus
602 2906 736 2960 cibis
764 2904 938 2959 solitis
963 2904 1135 2972 magis
1170 2901 1585 2966 delectarentur,
1620 2914 1689 2955 ne
1714 2899 1895 2955 forsan
1923 2914 2044 2955 cor-

470 2995 612 3064 rupti
638 2995 911 3048 extraneis
935 3000 1309 3064 gravarentur.

539 3068 690 3148 Quod
721 3091 775 3137 et
815 3084 957 3137 circa
984 3083 1115 3136 istos
1159 3080 1411 3135 effectum
1456 3090 1558 3135 est.
1591 3079 1861 3135 Dorotbeo
1893 3093 2045 3144 vero,

469 3192 633 3246 quem
674 3192 771 3245 pro
799 3177 1107 3231 sinceritate
1132 3174 1258 3229 vitte
1287 3188 1447 3243 super
1474 3173 1579 3227 hoc
1608 3187 1706 3226 rex
1748 3173 2048 3227 constitue-

476 3275 583 3333 rat,
616 3281 712 3336 per
739 3282 895 3334 quem
923 3275 977 3319 et
1003 3272 1401 3333 praeparaverat
1419 3262 1599 3317 omnia
1625 3277 1744 3331 quae
1773 3262 1839 3316 ad
1865 3261 2044 3330 hujus-

472 3353 617 3412 modi
667 3357 913 3412 convivia
961 3356 1332 3420 convenirent,
1370 3356 1473 3409 hoc
1517 3354 1795 3424 implente,
1827 3354 1880 3410 in
1916 3355 2050 3410 duas

473 3456 657 3520 partes
697 3461 792 3503 eos
840 3445 1181 3502 discumbere
1225 3445 1516 3516 praecepit,
1569 3456 1776 3515 partem
1833 3445 2049 3515 quidem

474 3538 709 3596 mediam
747 3552 932 3594 eorum
966 3537 1034 3594 ad
1071 3537 1347 3593 dexteram
1386 3552 1569 3602 suam,
1607 3535 1842 3606 reliquos
1872 3543 2048 3591 autem

472 3640 594 3701 post
632 3628 748 3700 ejus
795 3629 1122 3693 accubitum,
1168 3627 1300 3683 nihil
1349 3627 1782 3697 praetermittens,
1813 3626 1956 3698 quod
1984 3626 2050 3681 ad

473 3735 662 3778 eorum
698 3716 1161 3775 honorificentiam
1202 3720 1516 3788 pertineret.
1547 3716 1839 3786 Postquam
1870 3723 2047 3771 autem

474 3812 550 3867 ita
586 3808 991 3875 discubuerant,
1023 3808 1185 3879 jussit
1225 3808 1492 3864 Dorotbeo
1517 3808 1675 3865 solita
1720 3808 2047 3874 ministrare,

475 3903 671 3973 quibus
708 3917 896 3957 omnes
931 3896 1099 3956 Judaei
1145 3901 1214 3955 ad
1256 3915 1380 3955 eum
1419 3900 1695 3955 venientes
1738 3900 2045 3955 utebantur.

479 3994 633 4049 'l‘unc
660 3995 844 4064 itaque
867 4008 1052 4049 sacros
1077 4006 1350 4062 praecones
1372 4000 1428 4047 et
1452 3991 1817 4047 immolatores
1835 4000 1891 4046 et
1917 3991 2051 4047 alios

477 4085 569 4155 qui
607 4094 729 4140 vota
780 4082 981 4139 faciunt
1028 4082 1316 4146 recusavit,
1364 4090 1420 4137 et
1464 4097 1629 4136 unum
1678 4097 1706 4135 a
1751 4081 2051 4136 senioribus

478 4176 698 4232 nomine
731 4172 1001 4229 Hcliseum
1054 4172 1388 4228 sacerdotem
1428 4170 1750 4226 existentem
1803 4172 2054 4241 repetivit

2137 1705 2491 1775 parabantur,
2527 1717 2683 1757 mane
2713 1701 2778 1755 ad
2803 1700 2981 1754 aulam
3006 1697 3306 1761 venientes,
3326 1693 3724 1749 Ptbolomzeum

2139 1797 2466 1859 salutabant,
2509 1802 2563 1850 et
2600 1807 2785 1848 rursus
2829 1791 2897 1845 ad
2936 1788 3185 1844 eumdem
3229 1793 3405 1841 locum
3448 1785 3722 1846 redibant,

2139 1899 2195 1946 et
2219 1903 2413 1944 manus
2434 1886 2487 1941 in
2508 1870 2659 1939 'mari
2690 1883 2963 1945 lavantes,
2997 1887 3052 1935 et
3084 1879 3291 1948 seipsos
3328 1875 3684 1947 purificantes
3710 1891 3726 1938 ;

2141 1982 2216 2036 ita
2243 1979 2376 2050 legis
2419 1974 2850 2047 interpretationi
2878 1972 3160 2028 vacabant.
3191 1970 3376 2040 itaque
3398 1967 3728 2035 transcripta

2140 2074 2284 2144 lege,
2342 2081 2398 2127 et
2448 2085 2610 2141 opera
2671 2064 3136 2136 interpretationis
3189 2064 3256 2118 ad
3315 2059 3571 2116 effectum
3636 2070 3731 2127 per

2141 2165 2476 2236 septuaginta
2521 2162 2657 2217 duos
2704 2161 2821 2215 dies
2875 2164 3147 2212 transacta
3173 2195 3188 2220 ,
3234 2166 3577 2223 congregans
3623 2150 3731 2203 De-

2153 2257 2379 2312 metrius
2420 2251 2633 2308 Judazos
2677 2264 2886 2314 omnes,
2920 2247 2989 2302 ad
3014 2246 3191 2301 locum
3218 2246 3272 2300 in
3303 2258 3412 2314 quo
3456 2240 3734 2296 translata:

2143 2347 2293 2417 leges
2343 2343 2574 2408 fuerant,
2620 2339 2975 2411 prmsentibus
3018 2337 3183 2393 etiam
3233 2333 3627 2404 interpretibus
3665 2332 3734 2384 ιε.

2141 2436 2220 2507 git
2236 2450 2351 2490 eas.

2216 2525 2461 2596 Cumque
2486 2520 2770 2579 multitudo
2801 2516 3046 2592 amplexa
3076 2518 3248 2589 legem
3274 2523 3329 2571 et
3353 2514 3602 2570 seniores
3622 2510 3735 2579 ejus

2142 2615 2490 2683 interpretes,
2529 2611 2860 2666 Demetrium
2904 2624 2970 2665 eo
3014 2607 3157 2678 quod
3198 2618 3520 2674 magnarum
3555 2614 3735 2655 rerum

2143 2708 2389 2762 inventor
2417 2719 2538 2759 esse
2564 2702 2859 2768 videretur,
2891 2701 3193 2763 laudasset,
3242 2696 3456 2767 rogavit
3483 2694 3647 2748 etiam
3676 2700 3733 2745 ut

2142 2797 2463 2870 praesidibus
2488 2797 2602 2853 suis
2628 2797 2848 2852 daretur
2881 2794 3123 2865 legenda.
3151 2790 3220 2846 Et
3243 2790 3517 2861 petierunt
3548 2800 3734 2841 omnes

2147 2890 2478 2953 sacerdotes,
2506 2888 2849 2957 interpretes,
2877 2884 3121 2940 seniores
3146 2890 3202 2936 et
3233 2880 3511 2950 praepositi
3538 2877 3730 2948 gentis,

2150 2987 2209 3033 ut
2236 2978 2372 3043 bene
2402 2974 2749 3046 interpretata
2778 2980 3120 3044 permaneret
3149 2968 3459 3025 immobilis.
3492 2967 3734 3036 Cumque

2112 3114 2117 3119 .
2149 3068 2470 3123 sententiam
2505 3066 2815 3120 laudassent
2851 3078 3062 3127 omnes,
3089 3060 3365 3130 jusserunt
3390 3059 3437 3112 si
3474 3057 3607 3126 quid
3649 3063 3735 3109 aut

2151 3157 2499 3228 superfluum,
2546 3165 2638 3211 aut
2677 3156 2837 3211 nimis
2872 3154 3074 3224 aliquid
3117 3152 3374 3221 scriptum
3402 3150 3654 3204 viderent
3684 3147 3733 3200 in

2151 3251 2289 3320 lege.
2315 3250 2416 3303 hoc
2448 3248 2799 3318 respicerent,
2828 3254 2884 3302 et
2907 3245 3250 3300 manifestum
3278 3242 3541 3297 facientes
3564 3254 3734 3296 emen-

2150 3340 2379 3394 darent:
2436 3339 2537 3394 hoc
2586 3338 2914 3408 castigantes
2957 3345 3016 3390 ut
3057 3334 3200 3404 quod
3242 3332 3407 3387 semel
3436 3327 3733 3401 judicatum

2151 3430 2346 3496 fuerat,
2378 3430 2516 3486 bene
2544 3446 2602 3486 se
2629 3429 2831 3484 habere
2860 3428 3184 3497 sempiterna
3224 3424 3487 3481 memoria
3526 3438 3735 3495 perma-

2153 3530 2329 3578 neret.
2364 3522 2595 3579 Gavisus
2616 3537 2744 3592 ergo
2783 3533 2897 3582 rex.
2931 3527 2986 3575 et
3015 3519 3200 3574 videns
3224 3517 3560 3571 voluntatem
3591 3528 3733 3570 suam

2153 3611 2221 3668 ad
2248 3614 2432 3668 utilem
2468 3629 2577 3668 rem
2619 3626 2739 3667 esse
2779 3612 3091 3682 perfectam,
3123 3616 3177 3663 et
3210 3605 3513 3661 delectatus
3542 3604 3736 3659 relictis

2153 3704 2376 3775 legibus,
2408 3713 2462 3759 et
2490 3719 2706 3760 sensum
2734 3710 2789 3757 et
2816 3700 3135 3772 sapientiam
3155 3706 3211 3753 et
3234 3697 3368 3768 legis
3403 3695 3625 3750 labores
3646 3694 3737 3748 ob-

2152 3800 2488 3864 stupescens,
2526 3792 2592 3846 ad
2623 3790 2953 3846 Demetrium
2992 3801 3270 3843 sermones
3313 3783 3498 3839 facere
3537 3783 3733 3853 erepit:

2152 3884 2293 3955 quod
2323 3893 2434 3939 tam
2465 3884 2601 3938 mira
2644 3882 2915 3937 existente
2958 3879 3327 3950 legislatione,
3363 3890 3527 3931 nemo
3568 3887 3738 3944 neque

2153 3974 2638 4045 bistoriographus,
2670 3986 2772 4027 nec
2790 3980 2949 4042 poeta
2980 3968 3318 4025 meminisset
3340 3966 3483 4037 ejus.
3512 3965 3614 4021 Cui
3642 3966 3742 4020 De-

2152 4064 2379 4120 metrius
2426 4062 2730 4133 respondit,
2777 4060 3282 4115 neminemsausum
3327 4058 3501 4113 fuisse
3550 4059 3742 4114 barum

2153 4153 2330 4225 legum
2358 4162 2578 4223 tangere
2605 4150 3078 4221 conscriptionem,
3104 4147 3245 4218 quod
3274 4147 3473 4203 divinae
3500 4155 3559 4203 et
3581 4163 3743 4203 νοηθ-

478 4268 656 4322 facere
692 4264 1013 4321 orationem.
1054 4261 1155 4331 Qui
1188 4262 1241 4317 in
1268 4260 1441 4331 medio
1477 4270 1651 4329 stans,
1688 4261 1803 4332 regi
1832 4236 1970 4316 bona
1998 4270 2052 4317 et
2076 4291 2130 4350 Β
2159 4243 2356 4298 “biles
2376 4239 2975 4350 ,σεδεξιίοξίὲιιίξίοθξξθι
3000 4253 3133 4350 Ῠξξο
3167 4236 3401 4350 Taliter
3433 4236 3744 4350 T290901“:

478 4354 736 4425 subjectis
761 4352 878 4421 ejus
901 4326 1138 4422 optavi},
1173 4360 1227 4406 et
1250 4326 1471 4421 plausus
1493 4365 1617 4404 cum
1637 4326 1839 4421 Ὑακιυᾶίο
1871 4349 2054 4405 31cm-
2076 4326 2130 4350 υ
2153 4346 2276 4404 pus,
2305 4331 2489 4386 volens
2514 4331 2566 4385 in
2595 4329 2821 4384 historia
2849 4328 3049 4398 aliquid
3076 4328 3143 4382 de
3167 4327 3252 4381 his
3274 4326 3651 4392 conscribere.
3676 4327 3748 4381 sit

482 4458 634 4497 more
664 4442 905 4495 omnium
933 4447 1301 4505 surrexerunt,
1349 4447 1402 4493 et
1430 4438 1731 4495 desidentes
1773 4439 1839 4494 ad
1871 4438 2053 4507 epula-

479 4532 679 4585 tionem
739 4536 795 4583 et
851 4529 1089 4592 delicias,
1140 4528 1343 4598 pariter
1389 4543 1571 4583 secum
1622 4528 1824 4598 epulari
1865 4526 2047 4598 jussit.

474 4618 742 4673 Prmterea
774 4624 953 4671 autem
999 4631 1125 4682 rex,
1168 4623 1426 4686 quantum
1473 4616 1608 4671 satis
1640 4617 1690 4672 ei
1724 4618 1897 4672 visum
1943 4629 2046 4685 est,

477 4707 641 4776 erepit
680 4706 1067 4777 pbiloSOpiiari,
1106 4714 1161 4761 et
1189 4720 1623 4776 unumquemque
1664 4721 1850 4761 eorum
1891 4718 2047 4763 natu-

478 4795 620 4851 rales
660 4796 965 4866 percontari
1006 4811 1299 4863 sermones,
1349 4803 1403 4851 et
1443 4796 1511 4851 ad
1539 4796 2044 4865 contemplationem

479 4888 790 4958 quaestionis
826 4888 1139 4944 accendere.
1166 4886 1335 4943 Caute
1363 4886 1467 4942 illis
1505 4886 1572 4941 ad
1604 4888 1783 4942 omnia
1826 4904 2048 4960 respon-

478 4978 749 5042 dentibus,
798 4993 917 5047 qua:
954 4978 1032 5033 eis
1071 4976 1280 5046 objecta
1323 4984 1505 5033 essent
1529 4986 1585 5032 et
1611 4975 2042 5047 explanantibus,

477 5071 692 5140 gavisus
713 5085 808 5140 per
830 5069 1109 5129 duodecim
1134 5069 1249 5125 dies
1269 5069 1372 5125 hoc
1394 5068 1696 5124 convivium
1720 5072 2041 5125 constru'xit.

478 5160 546 5213 Et
569 5158 659 5229 qui
690 5158 799 5213 vult
822 5158 1030 5230 singula
1060 5173 1382 5230 cognoscere
1407 5175 1525 5229 quae
1554 5159 1607 5212 in
1633 5159 1880 5213 convivio
1903 5176 2044 5230 prse-

480 5259 665 5319 parata
693 5259 838 5314 sunt,
863 5248 1004 5320 legat
1030 5248 1299 5303 volumina
1324 5248 1535 5303 Aristaei
1556 5264 1675 5318 qua:
1699 5251 2046 5320 pr0ptcrlnec

478 5342 897 5412 conscripserat,
924 5349 980 5395 et
999 5348 1274 5412 agnoscet.
1304 5339 1531 5395 Mirante
1558 5356 1685 5395 vero
1712 5354 1776 5394 eo
1802 5355 1907 5394 non
1932 5348 2047 5394 tan-

480 5437 593 5484 tum
629 5447 776 5502 rege,
811 5433 904 5486 sed
930 5436 1093 5486 etiam
1120 5431 1420 5487 Menedimo
1452 5431 1791 5501 philosopho,
1821 5430 2043 5486 destitit.

482 5519 702 5578 Dicebat
751 5530 929 5576 autem
978 5538 1074 5578 rex
1122 5522 1353 5578 maxima
1410 5523 1547 5577 bona
1610 5521 1709 5577 sibi
1768 5521 2046 5589 praesentia

2152 4434 2335 4480 mente
2370 4424 2614 4478 turbatus
2642 4421 2763 4492 plus
2798 4421 3016 4492 triginta
3059 4419 3280 4475 diebus:
3315 4427 3371 4474 et
3401 4434 3527 4475 cum
3558 4419 3744 4473 humi-

2150 4516 2304 4570 litate
2328 4530 2357 4568 a
2384 4514 2495 4568 Deo
2519 4513 2731 4567 veniam
2778 4511 3149 4582 supplicabat,
3183 4510 3308 4564 dum
3340 4510 3467 4564 inde
3494 4509 3744 4565 elemen-

2150 4605 2283 4659 tiam
2311 4604 2410 4658 sibi
2435 4602 2630 4658 factam
2657 4601 2961 4670 suspicatus
2985 4609 3150 4654 esset.
3170 4597 3279 4653 Nec
3302 4615 3409 4653 non
3432 4607 3488 4654 et
3519 4601 3574 4654 in
3603 4616 3748 4654 som-

2149 4696 2255 4750 niis
2297 4694 2432 4748 vidit
2463 4694 2606 4763 quod
2649 4692 2697 4747 ei
2741 4693 2845 4746 hoc
2885 4691 3004 4746 ideo
3032 4690 3333 4750 accidisset,
3367 4690 3497 4759 quia
3526 4691 3751 4746 divinas

2151 4794 2427 4842 scrutatus
2451 4793 2596 4839 esset
2620 4784 2764 4855 leges
2785 4790 2835 4838 et
2862 4781 3107 4852 proferre
3145 4796 3238 4836 eas
3262 4781 3329 4836 ad
3356 4782 3616 4837 homines
3647 4783 3750 4837 im-

2151 4894 2317 4949 puros
2354 4876 2530 4932 vellet.
2561 4876 2804 4945 Cumque
2830 4874 3172 4930 conscribere
3216 4873 3548 4944 quievisset,
3593 4891 3753 4930 rece-

2150 4976 2321 5047 pisset
2361 4988 2598 5029 sensum.
2636 4969 2922 5027 Referebat
2968 4979 3147 5025 autem
3197 4976 3253 5023 et
3296 4969 3364 5023 de.
3402 4967 3749 5031 Theoteeto.

2152 5066 2537 5138 tragcediarum
2567 5072 2755 5134 poeta,
2803 5063 3019 5127 dicens,
3047 5061 3171 5130 quia
3206 5076 3329 5115 cum
3360 5060 3516 5115 nisus
3548 5060 3757 5116 fuisset

2150 5160 2204 5215 in
2236 5160 2427 5229 aliquo.
2445 5158 2688 5213 dramate
2719 5156 2911 5211 horum
2953 5153 3264 5209 meminisse
3304 5167 3426 5220 qua:
3466 5151 3521 5205 in
3555 5152 3754 5207 divino

2147 5251 2421 5306 volumine
2447 5250 2823 5312 continentur,
2869 5246 3040 5301 oculis
3064 5236 3387 5309 obscuratis,
3421 5249 3757 5313 recognovit

2148 5355 2369 5396 causam
2397 5354 2506 5394 suae
2534 5337 2815 5402 caecitatis,
2840 5346 2893 5391 et
2916 5336 2989 5389 ita
3009 5334 3265 5390 liberatus
3289 5342 3375 5390 est
3403 5349 3432 5385 a
3456 5348 3752 5401 passione.

2148 5428 2262 5484 Deo
2290 5427 2498 5482 veniam
2542 5425 2864 5495 indulgente.
2909 5424 3035 5479 ilzec
3071 5438 3198 5493 ergo
3241 5436 3332 5476 rex
3377 5436 3513 5491 pure
3560 5425 3753 5478 susci-

2149 5521 2334 5589 piens,
2364 5519 2551 5589 petivit
2581 5518 2900 5587 interpretes
2928 5515 3239 5587 frequcnter
3267 5514 3336 5569 ad
3363 5525 3422 5569 se
3455 5514 3526 5568 de
3556 5513 3752 5571 Iudaea
