3964 6172
391 321 526 377 1035

1481 308 1895 366 (IllRONICON.
1935 339 2003 349 ——
2043 308 2210 364 ΤΟΜΙ
2249 309 2267 362 1
2308 309 2436 363 LIB.
2491 312 2555 371 V.

3513 317 3641 372 1051

386 431 677 505 proficisci.
711 428 822 483 Hoc
853 427 996 481 enim
1041 428 1302 481 honorem
1331 434 1384 479 et
1410 426 1754 480 donationem
1797 426 1866 479 ab
1901 440 1969 478 eo
1995 428 2045 486 Α
2069 422 2352 478 Cornelius
2373 421 2591 485 consul,
2625 422 2813 477 fraude
2853 422 3083 489 Punica,
3110 424 3238 479 dum
3267 427 3333 480 ad
3364 427 3645 498 Lipparam

386 524 750 597 profuturum.
779 518 932 577 Nunc
961 533 1091 574 vero
1114 517 1320 586 justum
1362 533 1483 573 esse
1518 517 1716 572 dimitti
1749 533 1843 571 eos
1884 517 1966 571 di—

386 615 565 670 cebat.
599 611 802 681 Sponte
830 619 1011 664 autem
1046 609 1113 662 ad
1149 624 1271 663 eum
1299 607 1610 671 venientes,
1640 607 1819 660 omnii
1848 622 1968 675 quae

384 717 598 772 acquum
624 710 768 756 esset
791 699 1109 769 sapientiam
1137 712 1325 751 eorum
1352 698 1660 766 impetrare,
1682 706 1738 750 et
1756 711 1853 765 pro
1872 712 1966 750 sua

386 791 670 860 majestate
698 792 856 860 digne
885 788 1067 859 largiri
1091 789 1355 857 promisit.
1388 788 1453 842 Et
1488 794 1616 842 tunc
1644 787 1860 855 quidem
1886 803 1969 840 re-

385 885 536 940 misit
583 898 679 936 eos
724 897 839 943 rex,
881 881 1090 935 donans
1118 878 1406 947 unicuique
1434 879 1664 946 optimas
1698 877 1883 942 stolas,
1912 886 1970 931 et

385 975 504 1029 auri
529 973 728 1027 talenta
755 969 881 1035 duo,
918 981 974 1024 et
1011 970 1232 1024 calicem
1265 969 1425 1023 unius
1454 968 1659 1034 talenti,
1689 976 1968 1037 totumque

385 1065 617 1119 convivii
664 1064 898 1117 thorum.
938 1060 1171 1131 Principi
1210 1069 1390 1114 autem
1433 1060 1773 1115 sacerdotqu
1814 1059 1967 1114 Elea-

385 1176 515 1213 zaro
545 1158 833 1214 destinavit
857 1172 953 1227 per
978 1171 1071 1218 eos
1100 1156 1267 1209 lectos
1296 1170 1417 1210 cum
1449 1156 1721 1225 argenteis
1742 1156 1968 1225 pedibus

385 1251 596 1311 decem,
628 1256 681 1301 et
703 1246 1110 1301 convenientem
1133 1246 1212 1299 eis
1235 1246 1643 1315 supellectilem,-
1666 1255 1720 1299 et
1743 1246 1965 1302 calicem

386 1339 711 1393 talentorum
753 1337 1008 1407 triginta:
1049 1336 1267 1405 insuper
1305 1336 1473 1391 stolas
1498 1338 1708 1401 decem,
1749 1346 1806 1391 et
1840 1352 1969 1407 pur-

382 1448 600 1501 puram,
629 1440 683 1484 et
717 1445 970 1486 coronam
1001 1429 1272 1492 decoram,
1297 1438 1350 1482 et
1372 1429 1544 1484 lineas
1563 1430 1628 1484 de
1656 1430 1817 1502 bysso
1840 1446 1967 1486 ceu-

385 1532 518 1573 tum.
550 1519 818 1573 Prieterea
844 1526 899 1571 et
920 1526 1158 1586 pateras,
1184 1526 1242 1572 et
1272 1517 1504 1581 trullam,
1538 1527 1592 1573 et
1621 1519 1891 1585 libatoria,
1913 1529 1969 1576 et

383 1618 626 1662 crateras
650 1624 845 1662 aureas
879 1608 1032 1673 duas,
1067 1608 1178 1662 Deo
1206 1609 1498 1663 vovendas.
1541 1609 1740 1665 Petivit
1783 1620 1964 1665 autem

382 1713 506 1751 eum
531 1706 587 1752 et
610 1713 709 1767 per
738 1697 1014 1771 epistolas,
1046 1710 1103 1751 ut
1133 1698 1177 1752 si
1204 1698 1325 1767 quis
1345 1714 1412 1752 ex
1439 1697 1523 1753 his
1545 1699 1675 1755 viris
1708 1701 1966 1757 voluisset

2069 514 2298 569 insulam
2323 513 2651 585 perveniret,
2683 512 2750 567 ab
2772 512 3073 569 Hannibale
3109 526 3300 586 captus
3340 518 3392 571 in
3422 520 3648 574 vinculis

2067 611 2293 658 necatus
2312 611 2416 659 est.
2445 602 2615 670 Quem
2642 618 2765 659 mox
2794 604 2979 659 Diulus
3018 605 3157 665 alter
3180 609 3388 672 consul,
3416 618 3477 663 ut
3499 611 3649 666 occi-

2067 706 2187 746 sum
2209 691 2434 756 audivit,
2457 692 2746 746 commisso
2765 692 2939 746 navali
2969 694 3152 762 pnelio
3173 697 3500 754 vindicavit:
3521 715 3647 755 nam

2070 780 2354 843 Hannibal,
2384 795 2508 835 eum
2543 781 2897 850 perditionem
2942 782 3023 836 sui
3070 786 3341 841 exercitus
3378 798 3648 855 cerneret,

2069 872 2270 925 amissa
2298 871 2423 924 navi
2453 887 2559 941 qua
2589 871 2917 936 vehebatur,
2955 875 3157 942 scapha
3189 876 3481 933 subductus
3501 878 3652 933 aufu-

2070 961 2167 1032 git.
2198 961 2390 1017 Hanno
2415 977 2563 1027 vero,
2593 961 2686 1032 qui
2712 962 2766 1016 in
2790 962 2910 1016 loco
2939 961 3058 1030 ejus
3094 965 3416 1037 subrogatus
3441 967 3649 1034 fuerat,

2038 1106 2039 1109 η
2069 1068 2100 1107 a
2131 1052 2380 1124 Scipione
2407 1053 2629 1109 consule
2656 1054 2851 1109 dehinc
2880 1054 3197 1111 interfectus
3227 1067 3328 1112 est.

2140 1142 2278 1197 Hinc
2300 1144 2444 1198 enim
2464 1143 2747 1199 Calarinus
2770 1145 2960 1200 consul
2989 1145 3375 1214 Romanorum,
3401 1150 3526 1205 dum
3553 1151 3654 1207 Ca-

2068 1235 2334 1288 marinam
2368 1234 2568 1289 Sicilia:
2592 1234 2780 1290 urbem
2811 1244 3039 1306 peteret,
3072 1246 3275 1293 temere
3299 1240 3354 1295 in
3378 1244 3654 1313 angustias

2070 1323 2293 1379 deduxit
2316 1324 2640 1389 exercitum,
2662 1340 2797 1393 quas
2822 1325 3111 1382 Poenorum
3135 1331 3304 1400 copia:
3319 1329 3432 1399 jam
3454 1334 3653 1388 dudum

2069 1424 2513 1486 pratstruxerant.
2551 1415 2652 1483 Qui
2699 1432 2822 1471 cum
2870 1419 3126 1475 resistere
3155 1420 3238 1475 vel
3282 1424 3510 1480 evadere
3548 1439 3653 1479 non

2068 1516 2266 1579 posset,
2301 1506 2574 1577 Calpurnii
2601 1507 2856 1564 Flamma:
2876 1510 3073 1564 virtute
3100 1512 3360 1568 liberatus
3381 1523 3484 1569 est.
3518 1513 3662 1570 Sici-

2068 1597 2155 1653 lize
2181 1614 2413 1667 namque
2438 1599 2598 1653 urbes
2626 1599 2884 1655 Romanis
2916 1600 3171 1671 subjecta:
3210 1612 3354 1657 sunt.
3394 1605 3653 1662 Consules

2068 1705 2197 1746 vero
2219 1690 2345 1745 dum
2371 1691 2427 1745 in
2451 1691 2740 1761 Aphricam
2781 1692 2977 1747 bellum
3007 1692 3302 1752 transferre
3328 1697 3651 1762 niterentur,

385 1788 582 1843 reveni
612 1788 679 1842 ad
708 1803 787 1853 se,
812 1803 935 1843 eum
959 1788 1314 1858 pel-mitterer,
1351 1804 1416 1844 εο
1453 1792 1595 1860 quod
1622 1792 1845 1847 nimium
1872 1794 1965 1849 de.
1994 1776 2040 1835 Β
2067 1798 2188 1838 cum
2235 1785 2493 1839 trecentis
2541 1784 2758 1855 triginta
2808 1786 3036 1841 navibus
3085 1785 3322 1843 Siciliam
3358 1790 3651 1859 petierunt.

381 1881 675 1938 lectaretur
700 1899 821 1938 cum
844 1883 1070 1937 eruditis
1093 1898 1306 1954 semper
1333 1884 1534 1940 habere
1553 1902 1877 1953 sermonem,
1909 1898 1965 1944 et

381 1972 600 2027 divitias
638 1988 765 2028 suas
806 1973 1035 2028 libenter
1072 1972 1271 2028 talibus
1315 1973 1597 2044 impartiri.
1646 1975 1962 2045 Hujusmodi

380 2062 599 2130 quidem
634 2064 835 2133 regiam
876 2063 1326 2134 magnificentiam
1366 2065 1433 2118 ad
1475 2066 1736 2123 honorem
1765 2077 1819 2124 et
1851 2070 1965 2140 glo-

379 2154 518 2207 riam
546 2151 882 2218 Judzeorum,
930 2168 959 2206 a
1006 2152 1334 2209 Ptholommo
1372 2156 1590 2212 nomine
1614 2157 1964 2230 Philadelpho

382 2243 497 2296 fieri
528 2243 772 2313 contigit.
803 2242 1228 2312 linpvtraverunt
1248 2252 1426 2299 autem
1450 2253 1504 2299 et
1532 2262 1563 2300 a
1587 2249 1802 2318 regibus
1821 2250 1962 2305 Asite

380 2333 662 2395 honorem,
693 2331 944 2402 quoniam
973 2348 1095 2387 cum
1125 2332 1205 2387 eis
1237 2337 1605 2390 castrametati
1641 2346 1784 2392 sunt.
1825 2338 1961 2395 Nam

378 2421 640 2476 Seleucus
686 2422 902 2477 nomine
946 2422 1179 2478 Nicanor
1227 2424 1280 2477 in
1325 2425 1634 2482 civitatibus
1683 2443 1819 2498 quas
1864 2446 1963 2500 per

379 2512 561 2566 Asiam
592 2512 972 2577 terlilicaverat,
1002 2520 1054 2566 et
1078 2514 1130 2567 in
1162 2513 1417 2571 inferiore
1451 2514 1609 2587 Syria
1632 2528 1686 2572 et
1713 2519 1827 2589 ipsa
1852 2537 1965 2577 me-

378 2603 574 2673 tropoli
612 2604 891 2658 Antiochia
930 2606 1201 2675 republica
1225 2623 1321 2661 sua
1351 2608 1540 2680 dignos
1566 2624 1660 2665 eos
1685 2609 1882 2677 effecit,
1908 2620 1965 2667 et

379 2708 595 2760 aequum
622 2693 701 2748 eis
725 2694 981 2749 honorem
1009 2710 1131 2750 cum
1163 2697 1555 2755 habitatoribus
1581 2698 1964 2760 Macedonibus

378 2794 437 2837 et
468 2782 671 2841 Craacis
695 2786 993 2856 deputavit.

1007 2904 1233 2961 CAPUT
1268 2906 1331 2961 ll.

383 3013 460 3067 De
501 3014 718 3089 diuersis
764 3015 901 3089 inter
938 3015 1202 3089 Romanos
1247 3028 1293 3072 et
1339 3017 1774 3089 Carthaginem“
1820 3031 1962 3075 terra

448 3086 686 3156 marique
715 3085 907 3156 proeliis
927 3126 941 3151 ,
974 3095 1023 3139 et
1052 3087 1326 3141 innumera
1353 3085 1689 3144 multitudine
1712 3107 1777 3144 ea:
1807 3100 1962 3146 utris-

448 3171 549 3223 que
567 3155 810 3229 partibus
828 3156 1093 3210 hominum
1119 3157 1413 3226 interfecta,
1447 3175 1565 3229 qua:
1591 3162 1837 3215 continua
1857 3163 1961 3215 mi-

451 3240 683 3278 serorum
710 3223 842 3278 bella
871 3242 963 3296 per
983 3242 1148 3280 annos
1170 3223 1353 3298 viginti
1372 3223 1598 3299 quinque
1619 3231 1957 3285 duraverunt.

448 3334 584 3391 Cum
616 3336 731 3390 lucc
758 3351 878 3406 qua:
913 3338 1270 3407 praemisimus
1301 3340 1403 3395 sub
1426 3339 1757 3397 Ptholomaco
1787 3343 1840 3397 in
1867 3341 1961 3397 Ju-

376 3430 494 3483 dzea
520 3436 681 3497 atque
709 3427 944 3499 [Egypto
969 3429 1041 3483 ita
1070 3445 1128 3484 se
1153 3431 1434 3496 haberent,
1470 3432 1697 3488 Romani
1726 3433 1960 3504 Appium

372 3518 660 3574 Claudium
690 3519 964 3574 consulem
983 3559 999 3586 ,
1033 3518 1367 3578 Mamertinis
1401 3523 1599 3578 auxilia
1625 3525 1961 3594 deposcenti—

375 3611 479 3664 bus
515 3618 701 3664 contra
740 3609 981 3665 leronem
1010 3610 1447 3683 Syracusanum,
1483 3630 1663 3683 regem
1693 3616 1959 3684 potentis-

374 3700 596 3762 simum,
620 3706 676 3753 et
704 3697 993 3754 Poenorum
1020 3703 1233 3771 copias,
1269 3718 1403 3773 quas
1426 3704 1541 3774 ipse
1569 3719 1664 3759 rex
1691 3706 1961 3762 conduxe-

377 3795 483 3853 rat,
513 3787 796 3844 misernnt.
822 3788 921 3856 Qui
946 3799 1056 3844 tam
1079 3791 1326 3847 celeriter
1346 3792 1717 3864 Syracusanos
1738 3793 1960 3850 Paenos-

375 3893 485 3947 que
515 3880 809 3947 superavit,
835 3888 895 3934 ut
922 3880 1037 3950 ipse
1063 3896 1277 3951 quoque
1307 3898 1400 3937 rex
1418 3922 1434 3949 ,
1467 3898 1651 3939 rerum
1692 3885 1960 3954 magnitu-

377 3970 506 4024 dine
547 3956 888 4040 perterritus,
937 3980 1061 4026 ante
1088 3986 1146 4026 se
1175 3972 1374 4027 victum
1414 3989 1574 4042 quam
1606 3991 1959 4046 congressum

380 4060 548 4115 fuisse
590 4062 906 4131 prodiderit.
939 4062 1041 4129 Qui
1084 4077 1206 4117 cum
1245 4062 1450 4119 viribus
1487 4062 1732 4120 infractis
1767 4079 1958 4134 pacem

383 4159 615 4218 rogaret,
644 4150 899 4207 multatus
935 4152 1141 4222 argenti
1184 4151 1404 4207 talentis
1429 4153 1698 4220 ducentis,
1727 4155 1953 4223 accepit.

378 4238 643 4294 Consules
672 4255 800 4295 vero
830 4240 1178 4295 Hannibalem
1219 4242 1507 4297 Pmnorum
1542 4243 1953 4315 imperatorem,

380 4330 508 4383 dum
534 4329 588 4382 in
619 4329 926 4401 Agrigento,
960 4330 1158 4387 Siciliae
1181 4332 1421 4398 civitate,
1447 4334 1728 4390 obsidione
1755 4335 1957 4391 cinxis-

380 4424 523 4481 sent,
551 4419 617 4473 ad
646 4433 909 4473 summam
937 4430 1230 4491 egestatem
1265 4437 1389 4477 eum
1419 4425 1735 4493 perductum
1776 4427 1955 4496 inopia

381 4509 820 4578 consumpsisset,
850 4509 952 4564 nisi
982 4509 1192 4577 Hanno,
1222 4527 1392 4568 novus
1410 4512 1706 4583 imperator
1726 4516 1954 4572 Cartha-
1982 4497 2036 4556 D

379 4597 703 4664 ginensinm,
726 4614 848 4653 cum
873 4600 1144 4671 equitibus
1170 4602 1311 4658 mille
1332 4603 1637 4675 quingentis
1654 4615 1709 4661 et
1733 4609 1954 4679 triginta

381 4686 621 4742 millibus
647 4689 904 4758 peditum,
937 4699 993 4744 et
1029 4691 1245 4761 triginta
1279 4692 1611 4763 elephantis,
1649 4711 1715 4751 ex
1757 4698 1955 4769 impro-

358 4775 500 4849 atiso
534 4775 945 4845 intercessisset,
973 4783 1532 4853 expugnationemque
1558 4786 1792 4843 civitatis
1823 4805 1955 4858 pau-

383 4869 551 4939 lisper
593 4868 921 4926 distulisset:
971 4872 1065 4927 sed
1112 4876 1366 4930 continuo
1411 4876 1603 4933 civitas
1650 4889 1805 4950 capta
1850 4892 1952 4937 est.

386 4957 538 5013 ι’ωηί
572 4960 808 5016 maximo
831 4960 976 5017 bello
1002 4963 1129 5016 victi
1164 4973 1220 5018 et
1257 4964 1548 5037 proﬂigati,
1574 4971 1825 5026 undecim
1848 4972 1956 5028 ele-

384 5047 569 5115 phanti
594 5048 647 5103 in
671 5051 1235 5119 potestatem-redacti,
1262 5053 1591 5124 Agrigentini
1621 5059 1722 5113 sub
1756 5075 1954 5117 corona

383 5151 576 5192 omnes
595 5139 799 5195 venditi
831 5147 975 5195 sunt.
1015 5138 1279 5196 Hannibal
1309 5144 1488 5198 senior
1514 5160 1638 5200 cum
1671 5149 1857 5217 paucis
1881 5149 1958 5205 ef-

386 5226 542 5296 fugit.
574 5226 673 5295 Qui
714 5245 836 5286 enm
874 5231 1066 5287 iterum
1109 5246 1259 5285 oram
1300 5230 1465 5288 Italiae
1510 5237 1834 5292 maritimam
1873 5239 1957 5294 in-

383 5324 591 5374 structa
618 5319 791 5377 classe
827 5323 1162 5394 septuaginta
1190 5324 1405 5378 navium
1430 5333 1701 5392 vastaret,
1725 5327 1954 5385 Romani

383 5418 434 5460 et
467 5407 569 5476 ipsi
596 5409 823 5466 classem
862 5411 1110 5466 fabricari
1137 5420 1298 5482 atque
1334 5411 1524 5468 instrui
1564 5428 1955 5486 praeceperunt,

385 5496 529 5563 quod
553 5497 739 5553 Diulus
758 5500 944 5555 consul
966 5502 1215 5556 celeriter
1236 5503 1494 5572 implevit.
1514 5503 1645 5558 Nam
1671 5506 1810 5561 intra
1832 5524 1959 5577 qua-

384 5586 634 5657 draginta
661 5590 778 5644 dies
804 5605 961 5659 quam
990 5592 1208 5647 arbores
1236 5607 1390 5647 caesa)
1416 5602 1591 5660 erant,
1621 5606 1833 5652 centum
1863 5601 1959 5655 tri-

383 5678 535 5742 ginta
564 5681 779 5736 navium
804 5680 991 5741 classis
1014 5683 1242 5738 deducta
1272 5684 1326 5739 in
1354 5685 1568 5743 ancoris
1598 5688 1764 5742 stetit.
1789 5687 1955 5746 Asina

751 5771 1028 5834 Panos.
1074 5774 1228 5838 CVI.

2066 1875 2272 1942 Quibus
2296 1874 2567 1931 Hamilcar
2586 1875 2875 1932 Poenorum
2897 1877 3190 1947 imperator
3207 1887 3263 1935 et
3283 1879 3473 1936 Hanno
3492 1882 3652 1937 classi

2064 1964 2351 2035 praefectus
2378 1966 2633 2020 occurrit.
2666 1965 2931 2021 Conserto
2957 1967 3134 2021 navali
3172 1969 3386 2038 praelio,
3427 1970 3655 2026 Cartha-

2065 2050 2317 2122 gine'nscs
2342 2054 2397 2109 in
2425 2054 2605 2126 fugam
2630 2054 2797 2119 versi,
2833 2057 3111 2127 sexaginta
3144 2065 3199 2111 et
3233 2066 3466 2128 quatuor
3491 2075 3655 2116 naves

2064 2146 2434 2214 perdiderunt.
2466 2146 2710 2201 Victores
2755 2145 3004 2203 consules
3047 2147 3104 2201 in
3140 2147 3434 2217 Aphricam
3478 2159 3655 2207 trans-

2066 2238 2206 2293 vecti
2239 2245 2384 2302 sunt,
2414 2239 2757 2308 primamque
2794 2239 3034 2294 omnium
3077 2238 3333 2312 Clupeam
3379 2241 3567 2299 urbem
3596 2244 3650 2299 in

2065 2328 2390 2385 deditionem
2420 2336 2762 2399 receperunt.

2133 2418 2262 2473 lnde
2285 2419 2665 2490 Carthaginem
2710 2427 2984 2490 petentes,
3035 2428 3279 2478 trecenta
3315 2432 3411 2478 aut
3437 2439 3505 2480 eo
3532 2440 3651 2480 am-

2062 2508 2206 2579 plius
2233 2509 2453 2565 castella
2492 2510 2731 2580 populati
2759 2520 2906 2577 sunt,
2937 2510 3132 2568 infesta
3158 2513 3472 2586 Carthagini
3499 2516 3653 2588 signa

2064 2603 2530 2658 circumtulerunt.
2549 2601 2778 2656 Manlius
2803 2602 3011 2670 consul,
3036 2604 3272 2674 Aphrica
3301 2620 3425 2661 cum
3441 2607 3654 2663 victrici

2065 2685 2241 2749 classe
2268 2692 2556 2757 decedens,
2589 2702 2797 2763 septem
2822 2701 2876 2749 et
2899 2694 3089 2764 viginti
3119 2694 3287 2750 millia
3314 2697 3651 2767 captivorum

2065 2802 2186 2842 cum
2214 2785 2521 2856 ingentibus
2542 2786 2732 2855 spoliis
2758 2787 2987 2843 Romam
3019 2789 3244 2844 revexit.
3281 2789 3519 2862 Regulus
3540 2792 3652 2848 bel-

2064 2875 2173 2929 lum
2212 2875 2638 2945 Carthaginense
2676 2876 2928 2940 sortitus,
2973 2877 3077 2932 iter
3117 2894 3239 2932 cum
3279 2880 3522 2934 exercitu
3568 2880 3654 2936 fa-

2063 2967 2235 3029 ciens,
2265 2965 2408 3019 haud
2438 2964 2626 3035 procul
2658 2980 2690 3018 a
2717 2964 2937 3021 ﬂumine
2972 2965 3216 3037 Bagrada
3245 2978 3424 3024 castra
3452 2972 3654 3026 consti-

2066 3055 2188 3110 tuit.
2221 3053 2325 3110 Ubi
2348 3069 2470 3110 cum
2494 3054 2758 3124 plurimos
2786 3055 3043 3123 militum,
3072 3059 3307 3127 aquandi
3332 3062 3655 3118 necessitate

1989 3121 2033 3184 Ο
2065 3146 2133 3202 ad
2156 3146 2355 3201 ﬂumen
2377 3121 2797 3213 descendentes,
2832 3121 3056 3217 serpens
3083 3121 3232 3204 mira:
3268 3152 3654 3222 magnitudinis

2062 3237 2382 3306 devoraret,
2424 3241 2662 3314 Regulus
2707 3248 2777 3300 ad
2817 3247 3227 3317 expugnandam
3256 3248 3484 3304 bestiam
3527 3265 3651 3305 cum

2061 3329 2304 3385 exercitu
2333 3331 2607 3400 profectus
2640 3342 2743 3389 est.
2788 3333 2894 3391 Sed
2926 3336 3003 3391 nil
3046 3337 3102 3391 in
3149 3347 3298 3409 tergo
3336 3338 3454 3408 ejus
3485 3341 3646 3409 proﬁ-

2061 3420 2327 3481 cientibus
2349 3422 2563 3491 jaculis,
2592 3432 2756 3495 atque
2785 3426 3026 3481 omnium
3057 3426 3285 3482 telorum
3318 3429 3427 3485 ictu
3463 3431 3649 3498 irrito,

2059 3529 2179 3584 quae
2206 3529 2305 3583 per
2342 3515 2667 3570 horrendam
2710 3532 3057 3585 squamarum
3103 3527 3330 3587 cratem,
3362 3525 3519 3591 quasi
3553 3539 3652 3595 per

2059 3605 2332 3674 obliquam
2364 3613 2640 3660 scutorum
2666 3608 3015 3675 testudinem,
3055 3609 3396 3678 labebantur,
3425 3614 3650 3670 mirum-

2059 3710 2166 3765 que
2191 3696 2245 3750 in
2272 3696 2490 3751 modum
2520 3711 2590 3752 ne
2614 3712 2811 3768 corpus
2838 3699 3125 3756 laederetur
3148 3703 3265 3773 ipso
3286 3719 3514 3776 corpore
3538 3709 3650 3778 pel-

2060 3785 2328 3850 lebantur,
2355 3802 2478 3842 cum
2516 3787 2738 3858 insuper
2761 3804 3012 3860 magnam
3036 3793 3437 3853 multitudinem
3464 3814 3648 3857 morsu

2058 3880 2352 3945 communi,
2384 3880 2583 3950 impetu
2612 3882 2841 3951 proteri,
2867 3883 3035 3939 halitu
3080 3887 3245 3942 etiam
3266 3889 3525 3960 pestifero
3553 3906 3649 3949 ett-

2058 3971 2286 4025 animari
2332 3972 2574 4035 videret,
2618 3971 2842 4029 balistas
2888 3974 3088 4031 deferri
3117 3977 3362 4049 imperat,
3394 3997 3491 4052 per
3510 3999 3646 4054 quas

2057 4060 2265 4115 morale
2292 4075 2505 4127 saxum,
2532 4063 2701 4132 spinae
2725 4063 2843 4133 ejus
2874 4064 3172 4133 incussum,
3202 4084 3516 4143 compagem
3558 4082 3644 4129 to-

2057 4150 2166 4206 tius
2192 4150 2437 4221 corporis
2460 4151 2639 4206 solvit.
2674 4150 2852 4207 Bestia
2883 4168 3034 4225 ergo,
3058 4171 3180 4226 qua:
3206 4163 3313 4213 tam
3340 4160 3430 4214 diu
3459 4167 3540 4217 tot
3561 4163 3646 4233 ja-

2058 4241 2193 4297 culis
2222 4240 2630 4297 invulnerabilis
2653 4242 2885 4310 obstitit,
2913 4244 2981 4298 ad
3011 4246 3175 4303 unius
3210 4249 3328 4304 saxi
3364 4249 3531 4307 ictum
3553 4254 3647 4309 de-

2057 4331 2180 4387 bilis
2202 4332 2388 4397 cessit,
2416 4339 2473 4387 et
2496 4346 2622 4387 mox
2647 4332 3014 4389 circumventa
3037 4335 3177 4403 telis,
3203 4336 3362 4396 facile
3385 4355 3640 4412 oppressa

2058 4432 2160 4479 est.
2176 4424 2394 4480 Corium
2416 4434 2597 4482 autem
2617 4425 2732 4497 ejus
2748 4427 2976 4484 Romam
2996 4430 3297 4498 devectum,
3313 4435 3454 4504 quod
3475 4432 3645 4494 fuisse

2061 4523 2277 4570 centum
2303 4514 2490 4587 viginti
2520 4518 2718 4587 pedum
2741 4517 2943 4586 ferunt,
2972 4518 3281 4590 aliquandiu
3308 4526 3518 4582 cunctis
3542 4527 3642 4583 mi-

2063 4606 2246 4661 raculo
2281 4605 2399 4660 fuit.

2131 4696 2367 4767 Regulus
2393 4697 2678 4752 adversam
2712 4706 2822 4755 tres
2858 4702 3230 4771 imperatores,
3273 4706 3327 4760 id
3357 4717 3462 4775 est,
3509 4710 3643 4768 Has-

2061 4790 2312 4845 drubales
2336 4790 2503 4853 duos,
2533 4797 2587 4844 et
2627 4792 2857 4847 accitum
2907 4809 2972 4849 ex
3020 4794 3200 4853 Sicilia
3247 4797 3637 4871 Hamilcarem,

2061 4881 2459 4936 atrocissimum
2481 4880 2676 4937 bellum
2715 4884 2916 4952 gessit:
2956 4887 3009 4940 in
3049 4903 3155 4957 quo
3191 4905 3329 4945 cassa
3358 4902 3483 4948 sunt
3510 4894 3639 4951 Car-

2061 4970 2460 5038 thaginensium
2494 4969 2679 5023 decem
2710 4977 2765 5024 et
2800 4981 3004 5040 septem
3044 4975 3231 5043 millia,
3262 4988 3420 5050 capta
3457 4992 3638 5038 autem

2060 5059 2297 5129 quinque
2326 5058 2512 5123 millia,
2540 5067 2662 5113 octo
2688 5067 2743 5114 et
2766 5061 2949 5117 decem
2976 5063 3243 5134 elephanti
3282 5067 3518 5137 adducti,
3544 5086 3641 5143 op—

2058 5149 2183 5219 pida
2207 5148 2479 5219 octoginta
2505 5149 2609 5204 duo
2646 5149 2700 5204 in
2740 5151 3068 5210 deditionem
3104 5171 3319 5212 cessere
3355 5158 3635 5219 Romanis.

2061 5239 2543 5311 Carthaginenses,
2585 5239 2741 5296 fracti
2771 5242 2924 5300 bellis
2962 5253 3019 5300 et
3057 5247 3298 5304 cladibus
3340 5250 3636 5322 exinaniti,

2062 5345 2249 5399 pacem
2279 5348 2309 5386 a
2336 5330 2543 5401 Regulo
2572 5344 2946 5402 poposcerunt.
2980 5335 3085 5392 Sed
3122 5352 3243 5394 cum
3271 5340 3639 5402 intolerabiles

2062 5430 2116 5476 et
2147 5422 2310 5475 duras
2334 5421 2673 5477 conditiones
2695 5425 2844 5494 pacis
2868 5428 3163 5493 audissent,
3191 5431 3358 5487 tutius
3386 5433 3489 5488 rati
3516 5448 3637 5493 sese

2061 5520 2298 5567 armatos
2327 5511 2462 5566 mori
2495 5526 2659 5582 quam
2704 5514 2929 5570 miseros
2977 5517 3179 5586 vivere,
3205 5522 3381 5590 pretio
3408 5537 3518 5581 non
3553 5539 3639 5581 so-

2062 5600 2193 5665 luto,
2228 5602 2583 5671 Hispanorum
2608 5604 2691 5658 vel
2716 5603 2988 5660 Gallorum
3014 5609 3231 5676 auxilia,
3258 5627 3378 5682 quas
3397 5616 3509 5685 jam
3538 5615 3637 5671 du-

2061 5692 2188 5748 dum
2218 5690 2446 5762 plurima
2474 5691 2761 5762 habebant,
2785 5695 2880 5752 sed
2901 5696 3063 5753 etiam
3093 5696 3401 5774 Gnecorum
3422 5718 3637 5778 compa-

3123 5791 3202 5854 33
