3964 6172
401 314 422 365 l
433 311 533 363 03‘5

1412 303 1791 359 FRECUIJ‘HI
1831 302 2284 359 LEXOVIENSIS
2324 302 2639 358 EPISCOPI

3502 304 3642 358 ωδε

393 424 561 479 randa
585 422 868 476 duxerunt.
893 416 1074 485 itaque
1093 414 1417 485 Xantippum
1438 415 1961 470 Lacedaemoniorum
1990 420 2039 475 Α
2066 413 2239 483 gnior,
2277 414 2384 468 imo
2412 414 2635 468 consilia
2663 413 2952 467 Poenorum
2970 453 2986 478 ,
3023 414 3160 466 mira
3198 411 3478 473 celeritate
3506 433 3648 488 ιιι-ει».

394 526 574 584 regem
614 526 734 567 cum
777 507 989 563 auxiliis
1019 506 1282 570 accitum,
1314 505 1503 559 ducem
1548 504 1686 559 bello
1711 505 1964 575 praefece-

392 614 539 662 runt.
568 603 869 672 Xantippus
898 598 1153 667 inspectis
1192 597 1481 651 Poenorum
1522 596 1692 666 copiis
1719 605 1878 666 atque
1910 595 1963 651 in

390 708 637 765 campum
658 690 931 753 deductis,
958 689 1111 757 longe
1136 688 1188 741 in
1210 686 1408 741 melius
1436 693 1651 740 mutato
1677 693 1929 754 apparatu
1946 726 1963 750 ,

388 799 620 856 pugnam
650 797 783 836 cum
821 778 1079 834 Romanis
1117 777 1408 832 conseruit.
1460 776 1651 845 ingens
1694 776 1768 829 ibi
1806 775 1962 830 ruina

392 875 751 936 Romanorum
777 870 974 924 virium
1004 868 1122 923 fuit.
1145 867 1280 922 Nam
1302 867 1523 937 triginta
1548 866 1711 920 millia
1724 866 1961 920 militum

390 968 751 1021 ltomanorum
782 964 833 1017 in
864 962 1103 1017 illa‘tunc
1128 960 1504 1030 congressione
1526 966 1795 1028 prostrata
1818 965 1957 1011 sum.

390 1058 623 1128 Regulus
650 1056 733 1110 ille
758 1055 866 1108 dux
896 1055 978 1107 vir
1006 1053 1199 1107 nobilis
1220 1067 1352 1106 cum
1378 1050 1681 1120 quingentis
1704 1049 1838 1102 viris
1873 1064 1963 1101 ca-

384 1162 508 1221 ptus
551 1161 667 1213 est,
713 1159 767 1203 ct
812 1150 864 1203 in
908 1157 1128 1203 catenas
1144 1147 1449 1217 ‘coujectus.
1496 1144 1718 1199 Decimo
1747 1145 1959 1200 demum

384 1260 525 1299 anno
550 1242 734 1296 Punici
764 1240 892 1295 belli
928 1238 1123 1293 nobilis
1162 1237 1491 1306 triumphum
1516 1236 1962 1305 Carthaginiensi-

382 1337 484 1390 bus
510 1332 756 1403 praebuit.
787 1329 1107 1398 Xantippus,
1141 1337 1246 1381 tam
1274 1326 1494 1381 audacis
1525 1325 1651 1380 facti
1689 1325 1953 1383 conscius,

385 1440 562 1479 rerum
621 1420 947 1477 instabilimu
994 1419 1348 1474 mutationem
1398 1417 1631 1481 timens,
1694 1416 1835 1471 illico
1892 1431 1958 1471 ex

380 1517 560 1571 Africa
592 1515 839 1583 migravit
864 1514 928 1568 lin
956 1513 1238 1569 Grteciam.
1266 1512 1441 1583 igitur
1482 1509 1734 1566 Emilius
1755 1510 1960 1565 Paulus

380 1616 433 1660 et
462 1605 677 1658 Fulvius
704 1603 946 1657 Nobilior
963 1602 1251 1668 consules,
1294 1602 1472 1657 audita
1506 1601 1819 1671 captivitate
1840 1601 1955 1656 Re-

379 1696 487 1766 gu‘ii
513 1704 569 1749 et
595 1695 747 1749 clade
775 1694 1044 1749 exercitus
1072 1692 1338 1757 Romani,
1374 1692 1607 1748 transire
1634 1692 1685 1745 in
1718 1690 1955 1746 Africam

2065 507 2231 561 venit.
2272 505 2563 577 Postquam
2605 508 2862 576 proxima:
2906 507 3009 561 sibi
3053 516 3407 578 utrorumque
3444 509 3653 566 classes

2066 594 2205 667 apud
2232 595 2467 667 )Egades
2494 597 2716 660 insulas,
2750 610 2845 667 per
2891 605 3052 651 totam
3091 606 3303 653 noctem
3338 598 3655 668 interiectis

2061 686 2444 755 propemodum
2473 687 2746 749 anchoris,
2773 686 3150 753 constiterunt,
3178 696 3298 742 orta
3322 688 3468 753 luce,
3492 690 3655 759 prior

2062 777 2309 832 Lutatius
2328 780 2536 848 signum
2548 778 2697 833 bello
2712 778 2877 833 dedit.
2895 777 3259 834 Crudescente
3272 795 3453 851 pugna
3471 782 3658 836 victus

2064 867 2253 922 Hormo
2280 884 2466 922 navem
2499 869 2715 933 avertit,
2749 878 2805 923 et
2839 870 2945 923 dux
2976 868 3115 939 fugae
3139 870 3347 939 primus
3366 871 3490 925 fuit.
3536 871 3655 924 Ali-

2062 969 2261 1029 quanta
2292 974 2415 1014 cum
2457 974 2521 1013 eo
2558 973 2686 1027 pars
2725 960 2997 1014 exercitus
3028 960 3111 1013 sui
3140 959 3427 1029 Aphricam
3456 962 3611 1030 petiit
3631 1003 3651 1023 ,

2062 1049 2150 1103 alii
2172 1048 2464 1120 confugere
2491 1049 2773 1105 Lilibeum.
2794 1049 3088 1120 Sexaginta
3111 1058 3166 1103 et
3181 1058 3291 1104 tres
3309 1048 3530 1104 Punica:
3554 1066 3653 1105 na-

2058 1156 2154 1197 ves
2198 1151 2368 1215 capta:
2409 1155 2536 1199 sunt
2556 1185 2570 1209 ,
2614 1156 2831 1200 centum
2861 1144 3049 1215 viginti
3090 1145 3328 1214 quinque
3355 1146 3643 1210 demersa,

2050 1216 2280 1304 triginta
2303 1236 2408 1290 duo
2436 1236 2602 1290 millia
2629 1237 2905 1292 hominum
2930 1244 3108 1308 capta,
3139 1252 3281 1292 caesa
3312 1242 3647 1308 quatuorde-

2060 1326 2165 1380 cim
2195 1326 2362 1381 millia
2382 1325 2550 1383 fuere.
2577 1325 2945 1383 Romanorum
2964 1336 3142 1383 autem
3164 1329 3446 1384 duodecim
3473 1346 3646 1385 naves

2060 1419 2323 1473 demersae
2355 1428 2496 1474 sunt.
2526 1419 2773 1474 Lutatius
2811 1419 3002 1474 deinde
3046 1420 3113 1472 ad
3152 1418 3423 1474 Ericinam
3454 1421 3649 1475 civita.

2058 1516 2189 1570 tem,
2218 1522 2377 1576 quam
2404 1507 2555 1563 Potui
2576 1508 2853 1572 tenebant,
2878 1507 3047 1573 venit,
3084 1509 3262 1578 ibique
3278 1509 3480 1565 multos
3500 1510 3646 1581 ML,

2055 1600 2165 1653 duo
2201 1596 2389 1671 millia]
2433 1598 2931 1671 Carthaginensium
2965 1607 3214 1654 conserta
3250 1614 3427 1671 pugna
3468 1601 3647 1655 inter-

2059 1689 2204 1744 fecit.
2234 1690 2386 1743 Tuuc
2402 1689 2861 1761 Carthaginenscs
2897 1689 3160 1760 prmcipiti
3192 1688 3545 1745 festinatione
3572 1693 3649 1746 ad

377 1801 501 1841 cum
529 1786 704 1839 classe
734 1792 1094 1839 trecentarum
1138 1783 1354 1837 navium
1383 1780 1542 1848 jussi,
1582 1781 1835 1850 Clupeam
1865 1795 1958 1850 pe-
1984 1776 2030 1835 Β
2052 1781 2329 1836 Lutatium
2360 1782 2633 1837 consulem
2658 1796 2723 1836 ac
2744 1780 2934 1836 deinde
2954 1780 3183 1838 Romam
3204 1782 3444 1847 mittunt,
3470 1794 3642 1839 orant

377 1886 514 1931 tunt.
543 1877 619 1931 Eo
655 1874 938 1930 confestim
957 1872 1418 1942 Carthaginienses
1457 1886 1578 1926 cum
1624 1872 1739 1941 pari
1785 1870 1957 1924 classe

375 1975 654 2021 venerunt.
685 1964 795 2020 Nec
812 1962 1018 2020 differri
1058 1964 1233 2033 potuit
1260 1962 1457 2017 navale
1493 1962 1958 2017 certameuuCen-

376 2067 487 2112 tum
516 2066 569 2111 et
589 2065 822 2126 quatuor
841 2070 1007 2111 naves
1022 2055 1541 2126 lCarthaginensium
1571 2056 1839 2123 dimersaa,
1863 2057 1956 2111 tri-

373 2149 518 2216 ginta
546 2162 668 2202 cum
692 2148 1085 2218 pugnatoribus
1118 2154 1289 2217 capta:
1314 2164 1325 2199 :
1365 2155 1625 2216 prmterea
1655 2148 1873 2216 triginta
1903 2157 1958 2203 et

372 2238 613 2306 quinque
642 2235 809 2291 millia
830 2235 1163 2291 ~militum~cx
1189 2236 1322 2306 ipsis
1351 2246 1655 2291 caesasunt.
1682 2236 1957 2295 Romano-

376 2343 492 2380 rum
522 2334 701 2381 autem
724 2341 916 2381 novem
945 2325 1196 2381 manibus
1225 2326 1523 2395 depressis,
1555 2325 1701 2380 mille
1735 2336 1955 2381 centum

371 2416 580 2483 periere
598 2416 823 2470 militias.
863 2414 1124 2471 Consules
1161 2417 1299 2484 apud
1338 2415 1596 2486 Clupeam
1643 2426 1819 2471 castra
1850 2432 1955 2487 ’ρο-

370 2515 612 2559 suerunt.
650 2507 773 2560 iBue
798 2500 1119 2569 lannones,
1146 2507 1512 2576 imperatores
1536 2506 1848 2570 Pomorum,
1888 2522 1954 2562 eo

368 2609 556 2649 rursus
583 2609 707 2649 cum
732 2609 925 2666 magno
952 2597 1193 2650 exemita
1224 2604 1591 2649 convenerunt
1610 2636 1624 2659 ,
1655 2596 1953 2667 prrelioque

370 2686 660 2740 commisso
676 2698 878 2739 novem
909 2684 1076 2740 millia
1102 2684 1329 2739 militum
1358 2684 1727 2755 perdiderunt.

444 2774 548 2827 Sed
573 2784 642 2828 tut
664 2782 799 2829 tunc
828 2775 968 2844 apud
992 2773 1263 2830 Romanos
1279 2788 1563 2843 nunquam
1593 2774 1844 2828 diuturna
1874 2774 1951 2830 fe-

358 2864 547 2920 licitas
568 2873 849 2929 erat,vnam
872 2863 1272 2934 qualescunque
1290 2878 1573 2919 successus
1592 2865 1802 2934 magnis
1822 2879 1951 2919 con-

358 2955 519 3009 tinuo
557 2955 819 3009 malorum
863 2953 1095 3009 molibus
1126 2952 1512 3007 obruebantur.
1545 2950 1679 3006 Cum
1710 2951 1951 3008 Romana

369 3044 562 3098 classis
576 3044 649 3097 ad
688 3042 894 3096 italiam
920 3041 1123 3111 :prazdis
1166 3051 1360 3097 onusta
1400 3051 1696 3104 remearet,
1732 3042 1950 3099 infando

2060 1887 2264 1941 pacem.
2306 1872 2486 1939 'Quam
2537 1872 2934 1927 conditionibus
2981 1879 3107 1928 ante
3144 1873 3433 1943 propositis
3476 1873 3644 1929 illico

2058 1970 2482 2030 consequuntur.
2524 1962 2882 2018 ‘Conditiones
2917 1971 3096 2017 autem
3143 1971 3299 2019 erant
3330 1973 3399 2019 ut
3442 1964 3640 2020 Sicilia

2040 2051 2414 2121 Sardiniaque
2455 2053 2820 2115 decederent,
2874 2066 3078 2122 proque
3126 2052 3378 2124 impensis
3418 2055 3645 2111 bellicis

2051 2144 2174 2213 puri
2231 2144 2438 2214 argenti
2484 2144 2590 2197 tria
2643 2143 2806 2197 millia
2860 2142 3178 2198 talentorum
3234 2140 3645 2207 Euboicorum,

2053 2233 2223 2302 aequis
2274 2232 2622 2302 pensionibus
2647 2272 2662 2297 ,
2713 2246 2812 2301 per
2858 2247 3029 2287 annos
3073 2233 3260 2304 viginti
3306 2234 3636 2303 penderent.

2048 2320 2401 2391 liuius-pacis
2418 2321 2662 2376 conditio
2682 2320 2870 2375 'babita
2898 2330 2982 2377 est
3013 2330 3133 2393 post
3167 2337 3365 2377 annum
3400 2325 3641 2379 tertium

2052 2416 2443 2471 etvicesimum
2474 2430 2673 2485 cx'quo
2700 2414 2897 2469 bellum
2924 2414 3184 2471 Punicum
3208 2416 3435 2488 primum
3460 2415 3641 2472 fuerit

2042 2505 2384 2560 inchoatum.

2640 2596 2877 2652 ’CA‘PUT
2922 2594 3009 2651 ιη.

2044 2688 2171 2755 Quo
2201 2698 2427 2759 tempore
2446 2689 2954 2761 ignisftimmdqtio
2984 2706 3238 2760 aquarum
3263 2690 3474 2744 insolita
3495 2707 3636 2761 pene

2579 2758 2765 2813 Urbem
2790 2758 3105 2814 deleverunt.

2122 2866 2238 2933 Quo
2263 2868 2426 2922 etiam
2468 2877 2708 2937 tempore
2747 2869 2970 2923 diversa:
3016 2868 3215 2939 ignium
3252 2883 3635 2939 aquarumque

2052 2958 2232 3014 clades
2274 2974 2412 3030 pene
2449 2969 2895 3029 consumpserunt
2924 2958 3142 3016 Urbem.
3195 2960 3325 3015 Nam
3369 2960 3632 3032 Tyberis,

2054 3049 2285 3105 insolitis
2312 3060 2502 3106 auctus
2522 3051 2805 3115 imbribus,
2833 3061 2887 3106 et
2904 3052 3051 3106 ultra
3073 3054 3370 3124 Opinionem
3392 3055 3487 3108 vel
3510 3057 3631 3109 diu-

358 3133 649 3203 ‘uaufragio
690 3148 877 3186 eversa
914 3140 1019 3186 est.
1062 3131 1199 3186 Nam
1226 3132 1576 3187 de‘ll'ecemis
1607 3133 1950 3188 na‘Vibus‘du-
1971 3123 2020 3185 (ἶ
2048 3140 2311 3194 tumitate
2336 3142 2421 3195 vel
2455 3142 2824 3211 magnitudine
2857 3123 3191 3209 redundans,
3220 3145 3392 3198 omnia
3436 3146 3631 3202 Roma:

362 3230 538 3278 cenae
563 3222 747 3289 viginti
777 3220 1075 3289 perierunt,
1115 3220 1388 3290 octoginta
1428 3221 1541 3286 vix,
1568 3220 1793 3289 abiectis
1817 3238 1947 3278 one-

366 3312 537 3376 ribus,
565 3313 805 3367 liberata:
835 3318 979 3366 sunt.
1010 3310 1150 3365 Hinc
1179 3308 1503 3375 Hasdrubal,
1522 3326 1699 3365 novus
1721 3312 1947 3367 Cartha-

364 3402 1002 3473 ginensiumimperator,
1020 3414 1142 3456 cum
1158 3398 1945 3471 elephantiscentum'triginta,

363 3502 420 3548 et
442 3493 682 3563 equitum
700 3492 1058 3561 peditumque
1089 3490 1318 3560 amplius
1339 3490 1558 3561 triginta
1572 3491 1946 3556 millibusuLi-

365 3583 564 3638 libeum
585 3583 730 3636 venit
748 3596 811 3636 ex
833 3580 1086 3649 Apbrica,
1104 3587 1159 3634 et
1177 3579 1435 3634 continuo
1456 3594 1580 3634 cum
1595 3579 1806 3635 Metello
1824 3595 1948 3636 eon-

364 3674 479 3729 sule
505 3673 645 3743 apud
668 3672 1284 3740 Panhormum-pugnam
1310 3670 1605 3725 censeruit.
1638 3669 1743 3725 Sed
1763 3672 1947 3726 Metel-

363 3765 447 3820 lus
470 3764 577 3818 vim
604 3778 853 3831 magnam
864 3760 1170 3817 'belluarum
1198 3758 1413 3823 timens,
1439 3758 1730 3828 prius-eas,
1750 3774 1945 3830 magno

362 3866 496 3907 usus
521 3851 768 3915 consilio,
794 3848 880 3904 vel
900 3849 955 3903 in
982 3846 1162 3918 fugam
1190 3846 1275 3901 vel
1303 3846 1358 3900 in
1386 3855 1617 3902 mortem
1637 3849 1765 3919 egit,
1793 3858 1849 3903 et
1865 3849 1945 3904 sic

362 3943 543 4009 facile,
570 3941 820 4011 quamvis
844 3954 1119 4011 magnam,
1140 3938 1249 3992 vim
1272 3936 1509 3992 hostium
1537 3939 1822 4006 superavit.
1855 3937 1944 3992 Vi-

363 4035 497 4103 ginti
524 4032 692 4088 millia
714 4029 1223 4101 Carthagineusium
1238 4028 1306 4082 in
1326 4042 1396 4084 eo
1424 4027 1611 4098 proelio
1636 4042 1777 4083 εωειι
1794 4037 1939 4084 sunt.

362 4122 647 4193 Elephanti
678 4134 892 4191 quoque
921 4134 1017 4175 sex
1050 4126 1114 4174 et
1153 4118 1343 4186 viginti
1382 4116 1679 4182 interfecti,
1722 4128 1939 4174 centum

362 4223 417 4268 et
449 4222 682 4284 quatuor
723 4211 903 4282 capti,
933 4219 990 4267 et
1031 4224 1130 4280 per
1153 4209 1370 4265 italiam
1413 4209 1600 4275 ducti,
1643 4210 1935 4265 maximum

362 4304 559 4360 Italicis
585 4303 837 4375 gentibus
859 4299 1607 4372 spectaculumpraabuerunt.
1638 4299 1937 4356 Hasdrubal

360 4410 485 4450 cum
508 4395 693 4464 paucis
715 4393 977 4448 Lilibeum
1002 4390 1256 4461 profugit,
1289 4399 1450 4461 atque
1472 4393 1723 4448 absens-a
1744 4390 1934 4448 Ptenis

360 4484 535 4553 capite
560 4484 847 4538 damnatus
862 4490 961 4535 est.
990 4479 1119 4534 Post
1150 4481 1267 4534 haec
1286 4479 1415 4535 fessi
1434 4489 1522 4535 tot
1542 4480 1696 4536 malis
1713 4480 1935 4536 Cartba-
1958 4473 2012 4532 D

361 4573 634 4643 ginenses,
665 4571 947 4640 petendam
978 4584 1099 4624 esse
1126 4583 1312 4637 pacem
1345 4584 1376 4622 a
1404 4568 1662 4625 Romanis
1686 4571 1937 4627 decreve-

363 4670 506 4716 runt.
535 4661 616 4715 Ad
639 4675 799 4729 quam
822 4673 938 4713 rem
955 4657 1199 4712 Attilium
1227 4658 1490 4728 Regulum
1515 4661 1704 4715 ducem
1738 4662 1936 4717 Roma-

361 4767 575 4817 uorum,
599 4766 758 4819 quem
784 4750 896 4820 jam
925 4763 1024 4819 per
1046 4749 1283 4818 quinque
1315 4764 1485 4805 annos
1506 4752 1774 4820 captivum
1803 4754 1934 4809 deti-

361 4841 593 4905 nebant,
642 4840 782 4894 inter
814 4846 1038 4894 caeteros
1066 4837 1269 4908 legatos
1307 4839 1572 4908 pracipue
1612 4839 1929 4896 mittendum

360 4939 719 5001 putaverunt;
759 4942 920 4999 quem
946 4943 1053 4982 non
1083 4928 1365 4998 impetrata
1393 4942 1526 4997 pace
1558 4927 1629 4983 ab
1665 4929 1814 4997 Italia
1846 4946 1931 4987 re-

359 5036 603 5086 versum,
634 5018 857 5076 resectis
898 5017 1212 5089 palpebris,
1260 5017 1522 5088 illigatum
1571 5018 1625 5072 in
1658 5021 1929 5086 machina,

350 5111 646 5184 jugulando
689 5106 1030 5184 [vigilando]
1058 5117 1409 5164 necaverunt.
1444 5110 1652 5164 interea
1685 5108 1931 5166 Lutatius

358 5218 480 5258 cum
501 5202 675 5259 classe
697 5211 1059 5257 trecentarum
1100 5199 1317 5253 navium
1344 5199 1398 5253 in
1426 5198 1664 5255 Siciliam
1692 5208 1934 5257 transve-

357 5303 497 5362 ctus,
526 5296 651 5350 dum
670 5294 813 5364 apud
839 5293 1140 5363 Drepanum
1165 5292 1436 5347 civitatem
1473 5308 1705 5364 pugnant
1740 5310 1929 5351 conse-

361 5382 572 5450 ruisset,
604 5383 864 5438 transfixo
880 5382 1090 5438 femore
1114 5382 1379 5437 acerrime
1415 5382 1736 5457 [aegerrime]
1757 5425 1772 5451 ,
1800 5401 1924 5440 eum

351 5474 462 5543 jam
485 5476 824 5541 obrueretur,
854 5481 1200 5544 ereptusest.
1228 5471 1397 5529 Porro
1415 5484 1593 5529 autem
1623 5474 1777 5530 Pceni
1802 5492 1924 5531 cum

359 5568 761 5638 quadringentis
788 5568 1014 5622 navibus
1042 5566 1353 5635 magnisque
1374 5566 1543 5635 copiis
1565 5567 1633 5621 ad
1662 5568 1920 5633 Siciliam,

359 5655 493 5711 duce
519 5655 799 5724 llannoue,
821 5666 1167 5713 concurrunt.
1200 5655 1310 5713 Nec
1346 5664 1523 5712 tamen
1566 5656 1811 5714 Lutatius
1834 5674 1923 5714 sc-

438 5904 489 5919 ’.4

2049 3229 2274 3285 azdillcia
2303 3230 2357 3286 in
2400 3231 2561 3301 plano
2588 3233 2761 3301 posita
2793 3233 3005 3288 delevit.
3049 3233 3192 3305 Ignis
3225 3236 3382 3289 etiam
3402 3276 3419 3299 ,
3454 3238 3633 3292 inccr-

2045 3332 2160 3376 tum
2196 3323 2338 3377 unde
2377 3323 2706 3386 surrexerit,
2741 3323 2996 3393 plurimas
3029 3325 3264 3379 civitatis
3288 3335 3469 3394 partes
3502 3343 3632 3396 pcr-

2047 3422 2305 3484 vagatus,
2350 3415 2628 3470 hominum
2670 3416 3059 3484 domorumque
3084 3416 3444 3470 miserabilem
3474 3428 3627 3473 stra-

2046 3519 2168 3575 gem
2193 3504 2340 3559 fecit.
2362 3504 2574 3559 Dehinc
2592 3520 2723 3559 cum
2753 3506 2931 3559 omnia
2970 3506 3021 3560 in
3062 3507 3288 3561 circuitu
3332 3506 3432 3561 fori
3466 3509 3633 3579 depo-

2045 3596 2345 3667 pularetur,
2371 3596 2540 3651 (edem
2567 3597 2742 3652 Vesta:
2770 3598 3058 3667 corripuit:
3093 3600 3271 3669 ignem
3304 3597 3459 3652 illum
3480 3640 3496 3662 ,
3532 3602 3627 3669 qui

2046 3696 2283 3755 internus
2303 3689 2609 3758 putabatur,
2634 3688 2991 3756 temporarias
3016 3687 3155 3757 ignis
3172 3688 3467 3757 oppressit.
3498 3690 3630 3755 Qui-

2045 3777 2147 3832 bus
2193 3777 2382 3831 diebus
2425 3785 2712 3847 argenteus
2745 3793 2995 3831 nummus
3012 3779 3248 3847 primum
3281 3779 3331 3831 in
3358 3776 3631 3833 Urbe'est

2045 3866 2322 3937 figuratus.
2353 3866 2650 3922 Antiochus
2674 3882 2821 3930 vero,
2853 3869 2945 3938 qui
2972 3876 3027 3922 et
3052 3868 3247 3932 Soter,
3274 3877 3399 3938 post
3426 3866 3626 3924 Seleu-

2043 3972 2165 4012 cum
2197 3957 2250 4011 in
2266 3954 2433 4027 Syria
2458 3966 2515 4013 et
2552 3959 2681 4014 Asia
2721 3960 3020 4028 regnabat:
3056 3960 3304 4029 quoniam
3324 3958 3623 4025 Seleucus,

2041 4047 2501 4117 Demetrio-capto
2527 4047 2809 4115 in‘Sieilia,
2842 4050 3111 4104 destructo
3128 4065 3302 4120 regno
3338 4049 3521 4115 'ASian,
3552 4067 3621 4106 ex

2040 4150 2269 4211 utroque
2298 4126 2484 4212 regno,
2516 4142 2571 4195 id
2598 4151 2682 4196 est
2714 4142 2855 4196 Asite
2889 4152 2944 4197 et
2982 4140 3189 4213 Syriae,
3217 4157 3375 4196 unum
3405 4140 3625 4197 fecerat

2039 4232 2344 4302 imperium.

2645 4319 2872 4377 CA-PUT
2903 4319 2977 4375 ιν

2036 4433 2298 4505 Regnante
2334 4432 2651 4505 Ptholommo
2679 4433 2921 4502 Euergcte
2941 4473 2956 4496 ,
2981 4430 3147 4505 Iesus
3173 4431 3359 4505 librant
3384 4428 3619 4505 Sapit»-

2111 4500 2199 4558 Eia:
2226 4505 2535 4573 composuit,
2565 4500 3014 4573 Josephus'autem
3037 4500 3196 4555 Iuda:
3223 4503 3617 4573 regirggatiam

2109 4577 2164 4629 in
2202 4568 2403 4628 tantum
2445 4568 2761 4643 promeruit,
2802 4580 2867 4643 ut
2901 4572 3012 4643 dua:
3048 4568 3360 4643 noeentum
3384 4568 3620 4626 ’Jttda'tr

2106 4654 2155 4699 et
2200 4638 2492 4707 Samaria},
2530 4642 2621 4695 sed
2645 4645 2802 4696 etiam
2832 4640 3004 4711 Syria
3028 4651 3081 4695 et
3122 4638 3381 4694 Phania}
3411 4644 3623 4695 consti-

2104 4724 2350 4768 tueretur.

2104 4846 2461 4903 Ptholomteus
2479 4844 2782 4914 IEvergetes
2805 4844 2962 4899 annis
2982 4842 3172 4914 viginti
3196 4857 3314 4897 ses.
3344 4841 3390 4894 Δ
3404 4844 3618 4897 randi-

2035 4937 2284 4993 ﬁcatione
2304 4952 2436 4993 vero
2468 4936 2687 5007 templi,
2732 4937 2858 4991 anni
2888 4946 3061 4991 erant
3096 4936 3351 4990 transacti
3376 4935 3613 4991 ducenti

2032 5029 2311 5098 sexaginta
2354 5034 2614 5095 quenter,
2643 5027 2744 5082 sub
2778 5040 2886 5096 quo
2910 5022 3236 5080 lesustllius
3498 5022 3616 5077 3n-

2031 5119 2246 5188 pientiaa
2280 5118 2477 5173 librum
2510 5117 2827 5187 composuit.
2868 5115 3236 5186 Principatum
3262 5126 3390 5168 vero
3419 5127 3613 5169 sacer-

2031 5211 2183 5274 dotii,
2213 5210 2467 5264 defuncto
2490 5209 2772 5274 Eleazaro,
2798 5217 3027 5277 patrima
3047 5206 3161 5277 ejus
3180 5204 3455 5260 lanasses
3479 5221 3617 5260 sus-

2029 5303 2189 5373 cepit.
2226 5301 2390 5370 Cujus
2414 5314 2536 5371 post
2558 5301 2682 5355 vita:
2707 5301 2898 5364 linem,
2928 5297 3096 5353 Onias
3131 5294 3420 5359 successit,
3458 5295 3612 5354 ﬁlius

2027 5395 2265 5450 existens
2287 5392 2544 5459 Simonis,
2570 5393 2888 5463 cognomine
2906 5389 3067 5446 Justi.
3088 5389 3195 5456 Qui
3212 5388 3401 5442 Simon
3429 5387 3611 5442 frater

2026 5483 2288 5547 Eleazari,
2306 5484 2445 5539 sicut
2469 5482 2842 5553 pmdiximus,
2865 5486 3005 5536 erat.
3028 5478 3128 5546 Qui
3148 5477 3606 5548 Onias,parvulus

2027 5586 2206 5629 mente
2230 5585 2288 5631 et
2300 5574 2543 5645 pecuniis
2567 5589 2767 5628 avarus
2784 5572 3042 5637 existens,
3057 5585 3155 5641 pro
3175 5569 3371 5641 popqu
3388 5571 3603 5639 regium

2028 5665 2273 5736 vectigal,
2304 5666 2444 5735 quod
2472 5673 2654 5735 patres
2683 5663 2798 5733 ejus
2817 5678 2884 5718 ex
2911 5661 3143 5731 propriis
3174 5659 3370 5715 dabant
3396 5672 3593 5730 expet»
