  <div class='ocr_page' id='page_1' title='image "/cluster/home/n/w/nwhite01/storage/ocr_20150623/106/hvd.32044054759717/524.png"; bbox 0 0 3964 6172; ppageno 0'>
   <div class='ocr_carea' id='block_1_1' title="bbox 349 246 3619 317">
    <p class='ocr_par' dir='ltr' id='par_1_1' title="bbox 349 246 3619 317">
     <span class='ocr_line' id='line_1_1' title="bbox 349 246 3619 317; baseline -0.001 -8"><span class='ocrx_word' id='word_1_1' title='bbox 349 253 484 309; x_wconf 67' lang='grc'><strong>1637</strong></span> <span class='ocrx_word' id='word_1_2' title='bbox 1445 248 1858 307; x_wconf 67' lang='lat' dir='ltr'><strong>CHRONICON.</strong></span> <span class='ocrx_word' id='word_1_3' title='bbox 1901 279 1969 289; x_wconf 86' lang='lat'><strong>-—</strong></span> <span class='ocrx_word' id='word_1_4' title='bbox 2005 246 2170 303; x_wconf 70' lang='lat' dir='ltr'><strong>T0)&quot;</strong></span> <span class='ocrx_word' id='word_1_5' title='bbox 2208 249 2227 303; x_wconf 89' lang='lat' dir='ltr'><strong>l</strong></span> <span class='ocrx_word' id='word_1_6' title='bbox 2266 249 2394 303; x_wconf 76' lang='lat' dir='ltr'><strong>LIB.</strong></span> <span class='ocrx_word' id='word_1_7' title='bbox 2438 250 2498 302; x_wconf 65' lang='grc' dir='ltr'><strong>ν.</strong></span> <span class='ocrx_word' id='word_1_8' title='bbox 3482 252 3619 317; x_wconf 61' lang='grc'><strong>11938</strong></span> 
     </span>
    </p>
   </div>
   <div class='ocr_carea' id='block_1_2' title="bbox 341 359 3621 435">
    <p class='ocr_par' dir='ltr' id='par_1_2' title="bbox 341 359 3621 435">
     <span class='ocr_line' id='line_1_2' title="bbox 341 359 3621 435; baseline -0.002 -11"><span class='ocrx_word' id='word_1_9' title='bbox 341 370 438 425; x_wconf 77' lang='lat' dir='ltr'><strong>sis.</strong></span> <span class='ocrx_word' id='word_1_10' title='bbox 462 366 518 420; x_wconf 90' lang='lat' dir='ltr'><strong>id</strong></span> <span class='ocrx_word' id='word_1_11' title='bbox 536 372 630 420; x_wconf 80' lang='lat' dir='ltr'><strong>est</strong></span> <span class='ocrx_word' id='word_1_12' title='bbox 661 363 848 435; x_wconf 84' lang='lat' dir='ltr'><strong>viginti</strong></span> <span class='ocrx_word' id='word_1_13' title='bbox 892 363 1094 419; x_wconf 84' lang='lat' dir='ltr'><strong>talenta</strong></span> <span class='ocrx_word' id='word_1_14' title='bbox 1124 363 1478 435; x_wconf 87' lang='lat' dir='ltr'><strong>pecuniarum</strong></span> <span class='ocrx_word' id='word_1_15' title='bbox 1510 379 1624 419; x_wconf 78' lang='lat' dir='ltr'><strong>non</strong></span> <span class='ocrx_word' id='word_1_16' title='bbox 1654 362 1925 426; x_wconf 76' lang='lat' dir='ltr'><strong>reddens,</strong></span> <span class='ocrx_word' id='word_1_17' title='bbox 1959 366 2006 422; x_wconf 78' lang='grc' dir='ltr'><strong>Α</strong></span> <span class='ocrx_word' id='word_1_18' title='bbox 2034 360 2099 414; x_wconf 89' lang='lat' dir='ltr'><strong>ad</strong></span> <span class='ocrx_word' id='word_1_19' title='bbox 2123 359 2431 430; x_wconf 56' lang='lat' dir='ltr'><strong>praesidium</strong></span> <span class='ocrx_word' id='word_1_20' title='bbox 2456 359 2668 429; x_wconf 83' lang='lat' dir='ltr'><strong>imperii</strong></span> <span class='ocrx_word' id='word_1_21' title='bbox 2697 368 3017 413; x_wconf 58' lang='lat' dir='ltr'><strong>contrusus</strong></span> <span class='ocrx_word' id='word_1_22' title='bbox 3048 361 3211 415; x_wconf 62' lang='lat' dir='ltr'><strong>viros.</strong></span> <span class='ocrx_word' id='word_1_23' title='bbox 3240 359 3359 428; x_wconf 79' lang='lat' dir='ltr'><strong>Quo</strong></span> <span class='ocrx_word' id='word_1_24' title='bbox 3388 360 3551 427; x_wconf 60' lang='lat' dir='ltr'><strong>lacte,</strong></span> <span class='ocrx_word' id='word_1_25' title='bbox 3569 363 3621 416; x_wconf 89' lang='lat' dir='ltr'><strong>in</strong></span> 
     </span>
    </p>
   </div>
   <div class='ocr_carea' id='block_1_3' title="bbox 342 452 1933 524">
    <p class='ocr_par' dir='ltr' id='par_1_3' title="bbox 342 452 1933 524">
     <span class='ocr_line' id='line_1_3' title="bbox 342 452 1933 524; baseline -0.004 -12"><span class='ocrx_word' id='word_1_26' title='bbox 342 456 412 512; x_wconf 90' lang='lat' dir='ltr'><strong>ad</strong></span> <span class='ocrx_word' id='word_1_27' title='bbox 441 455 582 510; x_wconf 88' lang='lat' dir='ltr'><strong>iram</strong></span> <span class='ocrx_word' id='word_1_28' title='bbox 613 468 795 524; x_wconf 81' lang='lat' dir='ltr'><strong>regem</strong></span> <span class='ocrx_word' id='word_1_29' title='bbox 831 452 1221 509; x_wconf 63' lang='lat' dir='ltr'><strong>Pthclomaeum</strong></span> <span class='ocrx_word' id='word_1_30' title='bbox 1247 453 1555 509; x_wconf 77' lang='lat' dir='ltr'><strong>commovit.</strong></span> <span class='ocrx_word' id='word_1_31' title='bbox 1588 452 1690 520; x_wconf 80' lang='lat' dir='ltr'><strong>Qui</strong></span> <span class='ocrx_word' id='word_1_32' title='bbox 1714 468 1818 522; x_wconf 83' lang='lat' dir='ltr'><strong>per</strong></span> <span class='ocrx_word' id='word_1_33' title='bbox 1848 452 1933 506; x_wconf 33' lang='lat' dir='ltr'><strong>tle-</strong></span> 
     </span>
    </p>
   </div>
   <div class='ocr_carea' id='block_1_4' title="bbox 342 544 1936 619">
    <p class='ocr_par' dir='ltr' id='par_1_4' title="bbox 342 544 1936 619">
     <span class='ocr_line' id='line_1_4' title="bbox 342 544 1936 619; baseline -0.002 -18"><span class='ocrx_word' id='word_1_34' title='bbox 342 555 527 619; x_wconf 80' lang='lat' dir='ltr'><strong>gntum</strong></span> <span class='ocrx_word' id='word_1_35' title='bbox 558 544 753 601; x_wconf 80' lang='lat' dir='ltr'><strong>Galam</strong></span> <span class='ocrx_word' id='word_1_36' title='bbox 776 544 1010 615; x_wconf 75' lang='lat' dir='ltr'><strong>culparis</strong></span> <span class='ocrx_word' id='word_1_37' title='bbox 1040 560 1149 600; x_wconf 91' lang='lat' dir='ltr'><strong>non</strong></span> <span class='ocrx_word' id='word_1_38' title='bbox 1169 545 1491 600; x_wconf 78' lang='lat' dir='ltr'><strong>reddentem</strong></span> <span class='ocrx_word' id='word_1_39' title='bbox 1519 544 1736 607; x_wconf 82' lang='lat' dir='ltr'><strong>tributa,</strong></span> <span class='ocrx_word' id='word_1_40' title='bbox 1759 545 1936 599; x_wconf 84' lang='lat' dir='ltr'><strong>inter-</strong></span> 
     </span>
    </p>
   </div>
   <div class='ocr_carea' id='block_1_5' title="bbox 339 634 1939 706">
    <p class='ocr_par' dir='ltr' id='par_1_5' title="bbox 339 634 1939 706">
     <span class='ocr_line' id='line_1_5' title="bbox 339 634 1939 706; baseline -0.003 -14"><span class='ocrx_word' id='word_1_41' title='bbox 339 637 657 692; x_wconf 79' lang='lat' dir='ltr'><strong>minahatur</strong></span> <span class='ocrx_word' id='word_1_42' title='bbox 688 635 767 691; x_wconf 75' lang='lat' dir='ltr'><strong>ad</strong></span> <span class='ocrx_word' id='word_1_43' title='bbox 782 636 982 706; x_wconf 76' lang='lat' dir='ltr'><strong>jugera</strong></span> <span class='ocrx_word' id='word_1_44' title='bbox 1015 643 1219 691; x_wconf 80' lang='lat' dir='ltr'><strong>terram</strong></span> <span class='ocrx_word' id='word_1_45' title='bbox 1266 634 1572 690; x_wconf 59' lang='lat' dir='ltr'><strong>indu-orum</strong></span> <span class='ocrx_word' id='word_1_46' title='bbox 1619 635 1830 698; x_wconf 91' lang='lat' dir='ltr'><strong>metiri,</strong></span> <span class='ocrx_word' id='word_1_47' title='bbox 1882 644 1939 689; x_wconf 90' lang='lat' dir='ltr'><strong>et</strong></span> 
     </span>
    </p>
   </div>
   <div class='ocr_carea' id='block_1_6' title="bbox 344 726 1937 792">
    <p class='ocr_par' dir='ltr' id='par_1_6' title="bbox 344 726 1937 792">
     <span class='ocr_line' id='line_1_6' title="bbox 344 726 1937 792; baseline -0.003 -9"><span class='ocrx_word' id='word_1_48' title='bbox 344 728 550 784; x_wconf 80' lang='lat' dir='ltr'><strong>milites</strong></span> <span class='ocrx_word' id='word_1_49' title='bbox 578 727 707 783; x_wconf 86' lang='lat' dir='ltr'><strong>illuc</strong></span> <span class='ocrx_word' id='word_1_50' title='bbox 731 726 801 782; x_wconf 86' lang='lat' dir='ltr'><strong>ad</strong></span> <span class='ocrx_word' id='word_1_51' title='bbox 834 726 1198 783; x_wconf 75' lang='lat' dir='ltr'><strong>habitandum</strong></span> <span class='ocrx_word' id='word_1_52' title='bbox 1236 728 1454 781; x_wconf 70' lang='lat' dir='ltr'><strong>mittere</strong></span> <span class='ocrx_word' id='word_1_53' title='bbox 1482 726 1641 792; x_wconf 80' lang='lat' dir='ltr'><strong>velle,</strong></span> <span class='ocrx_word' id='word_1_54' title='bbox 1669 726 1714 780; x_wconf 91' lang='lat' dir='ltr'><strong>si</strong></span> <span class='ocrx_word' id='word_1_55' title='bbox 1742 740 1849 780; x_wconf 89' lang='lat' dir='ltr'><strong>non</strong></span> <span class='ocrx_word' id='word_1_56' title='bbox 1875 726 1937 779; x_wconf 91' lang='lat' dir='ltr'><strong>il-</strong></span> 
     </span>
    </p>
   </div>
   <div class='ocr_carea' id='block_1_7' title="bbox 345 816 1937 889">
    <p class='ocr_par' dir='ltr' id='par_1_7' title="bbox 345 816 1937 889">
     <span class='ocr_line' id='line_1_7' title="bbox 345 816 1937 889; baseline -0.003 -16"><span class='ocrx_word' id='word_1_57' title='bbox 345 819 453 876; x_wconf 83' lang='lat' dir='ltr'><strong>lico</strong></span> <span class='ocrx_word' id='word_1_58' title='bbox 474 819 593 889; x_wconf 83' lang='lat' dir='ltr'><strong>ejus</strong></span> <span class='ocrx_word' id='word_1_59' title='bbox 617 830 874 877; x_wconf 83' lang='lat' dir='ltr'><strong>consueta</strong></span> <span class='ocrx_word' id='word_1_60' title='bbox 915 818 1270 874; x_wconf 78' lang='lat' dir='ltr'><strong>redderentur</strong></span> <span class='ocrx_word' id='word_1_61' title='bbox 1294 818 1516 873; x_wconf 86' lang='lat' dir='ltr'><strong>tributa.</strong></span> <span class='ocrx_word' id='word_1_62' title='bbox 1562 816 1696 884; x_wconf 79' lang='lat' dir='ltr'><strong>Quae</strong></span> <span class='ocrx_word' id='word_1_63' title='bbox 1722 831 1810 871; x_wconf 90' lang='lat' dir='ltr'><strong>res</strong></span> <span class='ocrx_word' id='word_1_64' title='bbox 1836 816 1937 871; x_wconf 86' lang='lat' dir='ltr'><strong>Ju-</strong></span> 
     </span>
    </p>
   </div>
   <div class='ocr_carea' id='block_1_8' title="bbox 346 906 1937 980">
    <p class='ocr_par' dir='ltr' id='par_1_8' title="bbox 346 906 1937 980">
     <span class='ocr_line' id='line_1_8' title="bbox 346 906 1937 980; baseline -0.004 -14"><span class='ocrx_word' id='word_1_65' title='bbox 346 912 480 967; x_wconf 70' lang='lat' dir='ltr'><strong>duzis</strong></span> <span class='ocrx_word' id='word_1_66' title='bbox 514 911 820 965; x_wconf 80' lang='lat' dir='ltr'><strong>maximum</strong></span> <span class='ocrx_word' id='word_1_67' title='bbox 852 910 1092 965; x_wconf 76' lang='lat' dir='ltr'><strong>incussit</strong></span> <span class='ocrx_word' id='word_1_68' title='bbox 1128 924 1410 980; x_wconf 79' lang='lat' dir='ltr'><strong>pavorem,</strong></span> <span class='ocrx_word' id='word_1_69' title='bbox 1444 909 1695 979; x_wconf 86' lang='lat' dir='ltr'><strong>quamvis</strong></span> <span class='ocrx_word' id='word_1_70' title='bbox 1720 906 1937 973; x_wconf 68' lang='lat' dir='ltr'><strong>Ollium,</strong></span> 
     </span>
    </p>
   </div>
   <div class='ocr_carea' id='block_1_9' title="bbox 2038 450 3622 521">
    <p class='ocr_par' dir='ltr' id='par_1_9' title="bbox 2038 450 3622 521">
     <span class='ocr_line' id='line_1_9' title="bbox 2038 450 3622 521; baseline -0.001 -14"><span class='ocrx_word' id='word_1_71' title='bbox 2038 452 2322 521; x_wconf 80' lang='lat' dir='ltr'><strong>utriusque</strong></span> <span class='ocrx_word' id='word_1_72' title='bbox 2386 451 2626 507; x_wconf 79' lang='lat' dir='ltr'><strong>consulis</strong></span> <span class='ocrx_word' id='word_1_73' title='bbox 2686 450 2936 506; x_wconf 78' lang='lat' dir='ltr'><strong>exercitu</strong></span> <span class='ocrx_word' id='word_1_74' title='bbox 2993 450 3229 517; x_wconf 84' lang='lat'><strong>800,000</strong></span> <span class='ocrx_word' id='word_1_75' title='bbox 3290 461 3622 511; x_wconf 65' lang='lat' dir='ltr'><strong>armatarum</strong></span> 
     </span>
    </p>
   </div>
   <div class='ocr_carea' id='block_1_10' title="bbox 2041 541 3628 611">
    <p class='ocr_par' dir='ltr' id='par_1_10' title="bbox 2041 541 3628 611">
     <span class='ocr_line' id='line_1_10' title="bbox 2041 541 3628 611; baseline -0.002 -13"><span class='ocrx_word' id='word_1_76' title='bbox 2041 544 2209 599; x_wconf 89' lang='lat' dir='ltr'><strong>fuisse</strong></span> <span class='ocrx_word' id='word_1_77' title='bbox 2245 542 2558 598; x_wconf 62' lang='lat' dir='ltr'><strong>reibruntur</strong></span> <span class='ocrx_word' id='word_1_78' title='bbox 2580 582 2596 605; x_wconf 94' lang='lat'><strong>,</strong></span> <span class='ocrx_word' id='word_1_79' title='bbox 2650 542 2792 597; x_wconf 89' lang='lat' dir='ltr'><strong>sicut</strong></span> <span class='ocrx_word' id='word_1_80' title='bbox 2835 541 3037 596; x_wconf 83' lang='lat' dir='ltr'><strong>Fabius</strong></span> <span class='ocrx_word' id='word_1_81' title='bbox 3064 541 3356 598; x_wconf 67' lang='lat' dir='ltr'><strong>historicus</strong></span> <span class='ocrx_word' id='word_1_82' title='bbox 3378 583 3395 607; x_wconf 94' lang='lat'><strong>,</strong></span> <span class='ocrx_word' id='word_1_83' title='bbox 3414 541 3516 611; x_wconf 66' lang='lat' dir='ltr'><strong>qui</strong></span> <span class='ocrx_word' id='word_1_84' title='bbox 3537 543 3628 605; x_wconf 57' lang='lat' dir='ltr'><strong>;ei-</strong></span> 
     </span>
    </p>
   </div>
   <div class='ocr_carea' id='block_1_11' title="bbox 2038 633 3625 703">
    <p class='ocr_par' dir='ltr' id='par_1_11' title="bbox 2038 633 3625 703">
     <span class='ocr_line' id='line_1_11' title="bbox 2038 633 3625 703; baseline -0.003 -12"><span class='ocrx_word' id='word_1_85' title='bbox 2038 636 2161 691; x_wconf 84' lang='lat' dir='ltr'><strong>dem</strong></span> <span class='ocrx_word' id='word_1_86' title='bbox 2212 634 2352 690; x_wconf 86' lang='lat' dir='ltr'><strong>bello</strong></span> <span class='ocrx_word' id='word_1_87' title='bbox 2379 634 2645 699; x_wconf 78' lang='lat' dir='ltr'><strong>interfuit,</strong></span> <span class='ocrx_word' id='word_1_88' title='bbox 2680 633 2913 702; x_wconf 87' lang='lat' dir='ltr'><strong>scripsit,</strong></span> <span class='ocrx_word' id='word_1_89' title='bbox 2947 648 3013 688; x_wconf 83' lang='lat' dir='ltr'><strong>ex</strong></span> <span class='ocrx_word' id='word_1_90' title='bbox 3039 634 3233 703; x_wconf 83' lang='lat' dir='ltr'><strong>quibus</strong></span> <span class='ocrx_word' id='word_1_91' title='bbox 3260 634 3625 695; x_wconf 59' lang='lat' dir='ltr'><strong>kornemann:</strong></span> 
     </span>
    </p>
   </div>
   <div class='ocr_carea' id='block_1_12' title="bbox 2040 725 3625 796">
    <p class='ocr_par' dir='ltr' id='par_1_12' title="bbox 2040 725 3625 796">
     <span class='ocr_line' id='line_1_12' title="bbox 2040 725 3625 796; baseline -0.001 -15"><span class='ocrx_word' id='word_1_92' title='bbox 2040 737 2095 781; x_wconf 90' lang='lat' dir='ltr'><strong>et</strong></span> <span class='ocrx_word' id='word_1_93' title='bbox 2126 727 2527 796; x_wconf 71' lang='lat' dir='ltr'><strong>Campanorum</strong></span> <span class='ocrx_word' id='word_1_94' title='bbox 2557 725 2778 781; x_wconf 79' lang='lat' dir='ltr'><strong>fuerunt</strong></span> <span class='ocrx_word' id='word_1_95' title='bbox 2805 725 3047 793; x_wconf 79' lang='lat' dir='ltr'><strong>peditum</strong></span> <span class='ocrx_word' id='word_1_96' title='bbox 3088 726 3352 789; x_wconf 50' lang='lat'><strong>518,900,</strong></span> <span class='ocrx_word' id='word_1_97' title='bbox 3381 727 3625 796; x_wconf 83' lang='lat' dir='ltr'><strong>equitnm</strong></span> 
     </span>
    </p>
   </div>
   <div class='ocr_carea' id='block_1_13' title="bbox 2040 815 3622 882">
    <p class='ocr_par' dir='ltr' id='par_1_13' title="bbox 2040 815 3622 882">
     <span class='ocr_line' id='line_1_13' title="bbox 2040 815 3622 882; baseline -0.003 -10"><span class='ocrx_word' id='word_1_98' title='bbox 2040 833 2172 873; x_wconf 86' lang='lat' dir='ltr'><strong>vero</strong></span> <span class='ocrx_word' id='word_1_99' title='bbox 2226 816 2425 882; x_wconf 71' lang='lat'><strong>30,600</strong></span> <span class='ocrx_word' id='word_1_100' title='bbox 2453 858 2468 881; x_wconf 97' lang='lat'><strong>,</strong></span> <span class='ocrx_word' id='word_1_101' title='bbox 2523 825 2578 871; x_wconf 91' lang='lat' dir='ltr'><strong>et</strong></span> <span class='ocrx_word' id='word_1_102' title='bbox 2628 825 2825 871; x_wconf 64' lang='lat' dir='ltr'><strong>caetera</strong></span> <span class='ocrx_word' id='word_1_103' title='bbox 2852 815 3147 872; x_wconf 74' lang='lat' dir='ltr'><strong>multitudo</strong></span> <span class='ocrx_word' id='word_1_104' title='bbox 3200 818 3467 873; x_wconf 83' lang='lat' dir='ltr'><strong>sociorum</strong></span> <span class='ocrx_word' id='word_1_105' title='bbox 3498 816 3622 871; x_wconf 63' lang='lat' dir='ltr'><strong>fuit.</strong></span> 
     </span>
    </p>
   </div>
   <div class='ocr_carea' id='block_1_14' title="bbox 2040 906 3628 979">
    <p class='ocr_par' dir='ltr' id='par_1_14' title="bbox 2040 906 3628 979">
     <span class='ocr_line' id='line_1_14' title="bbox 2040 906 3628 979; baseline -0.003 -16"><span class='ocrx_word' id='word_1_106' title='bbox 2040 907 2348 964; x_wconf 88' lang='lat' dir='ltr'><strong>Commisso</strong></span> <span class='ocrx_word' id='word_1_107' title='bbox 2378 907 2564 979; x_wconf 62' lang='lat' dir='ltr'><strong>pratlio</strong></span> <span class='ocrx_word' id='word_1_108' title='bbox 2618 908 2759 977; x_wconf 80' lang='lat' dir='ltr'><strong>apud</strong></span> <span class='ocrx_word' id='word_1_109' title='bbox 2812 907 3086 961; x_wconf 79' lang='lat' dir='ltr'><strong>Arretium</strong></span> <span class='ocrx_word' id='word_1_110' title='bbox 3113 948 3127 969; x_wconf 90' lang='lat'><strong>,</strong></span> <span class='ocrx_word' id='word_1_111' title='bbox 3168 906 3386 962; x_wconf 73' lang='lat' dir='ltr'><strong>Attilius</strong></span> <span class='ocrx_word' id='word_1_112' title='bbox 3438 907 3628 963; x_wconf 85' lang='lat' dir='ltr'><strong>consul</strong></span> 
     </span>
    </p>
   </div>
   <div class='ocr_carea' id='block_1_15' title="bbox 345 996 3629 1071">
    <p class='ocr_par' dir='ltr' id='par_1_15' title="bbox 345 996 3629 1071">
     <span class='ocr_line' id='line_1_15' title="bbox 345 996 3629 1071; baseline -0.002 -14"><span class='ocrx_word' id='word_1_113' title='bbox 345 1004 593 1058; x_wconf 58' lang='lat' dir='ltr'><strong>avaritia:</strong></span> <span class='ocrx_word' id='word_1_114' title='bbox 635 1003 907 1068; x_wconf 85' lang='lat' dir='ltr'><strong>deditum,</strong></span> <span class='ocrx_word' id='word_1_115' title='bbox 942 1002 1170 1059; x_wconf 87' lang='lat' dir='ltr'><strong>minime</strong></span> <span class='ocrx_word' id='word_1_116' title='bbox 1203 1001 1461 1058; x_wconf 81' lang='lat' dir='ltr'><strong>ﬂecteret.</strong></span> <span class='ocrx_word' id='word_1_117' title='bbox 1510 1000 1618 1057; x_wconf 88' lang='lat' dir='ltr'><strong>Sed</strong></span> <span class='ocrx_word' id='word_1_118' title='bbox 1662 1001 1789 1056; x_wconf 91' lang='lat' dir='ltr'><strong>dum</strong></span> <span class='ocrx_word' id='word_1_119' title='bbox 1816 1000 1941 1055; x_wconf 76' lang='lat' dir='ltr'><strong>haec</strong></span> <span class='ocrx_word' id='word_1_120' title='bbox 2032 1001 2257 1057; x_wconf 84' lang='lat' dir='ltr'><strong>occisus</strong></span> <span class='ocrx_word' id='word_1_121' title='bbox 2283 1009 2386 1063; x_wconf 85' lang='lat' dir='ltr'><strong>est,</strong></span> <span class='ocrx_word' id='word_1_122' title='bbox 2416 999 2654 1062; x_wconf 89' lang='lat'><strong>800,000</strong></span> <span class='ocrx_word' id='word_1_123' title='bbox 2686 998 2781 1071; x_wconf 87' lang='lat' dir='ltr'><strong>(al.</strong></span> <span class='ocrx_word' id='word_1_124' title='bbox 2814 996 3071 1069; x_wconf 71' lang='lat'><strong>780,000)</strong></span> <span class='ocrx_word' id='word_1_125' title='bbox 3106 997 3496 1061; x_wconf 72' lang='lat' dir='ltr'><strong>Romanorum.</strong></span> <span class='ocrx_word' id='word_1_126' title='bbox 3521 997 3629 1052; x_wconf 69' lang='lat' dir='ltr'><strong>Nec</strong></span> 
     </span>
    </p>
   </div>
   <div class='ocr_carea' id='block_1_16' title="bbox 346 1088 3632 1163">
    <p class='ocr_par' dir='ltr' id='par_1_16' title="bbox 346 1088 3632 1163">
     <span class='ocr_line' id='line_1_16' title="bbox 346 1088 3632 1163; baseline -0.003 -15"><span class='ocrx_word' id='word_1_127' title='bbox 346 1093 464 1163; x_wconf 82' lang='lat' dir='ltr'><strong>ejus</strong></span> <span class='ocrx_word' id='word_1_128' title='bbox 492 1092 699 1148; x_wconf 87' lang='lat' dir='ltr'><strong>sororis</strong></span> <span class='ocrx_word' id='word_1_129' title='bbox 723 1092 864 1148; x_wconf 79' lang='lat' dir='ltr'><strong>illius</strong></span> <span class='ocrx_word' id='word_1_130' title='bbox 889 1090 1157 1162; x_wconf 86' lang='lat' dir='ltr'><strong>Josephus</strong></span> <span class='ocrx_word' id='word_1_131' title='bbox 1183 1092 1552 1163; x_wconf 73' lang='lat' dir='ltr'><strong>cognovisset,</strong></span> <span class='ocrx_word' id='word_1_132' title='bbox 1591 1091 1735 1145; x_wconf 89' lang='lat' dir='ltr'><strong>ultro</strong></span> <span class='ocrx_word' id='word_1_133' title='bbox 1773 1105 1832 1145; x_wconf 89' lang='lat' dir='ltr'><strong>se</strong></span> <span class='ocrx_word' id='word_1_134' title='bbox 1869 1088 1941 1143; x_wconf 86' lang='lat' dir='ltr'><strong>lc-</strong></span> <span class='ocrx_word' id='word_1_135' title='bbox 2044 1090 2236 1145; x_wconf 90' lang='lat' dir='ltr'><strong>saltem</strong></span> <span class='ocrx_word' id='word_1_136' title='bbox 2287 1099 2473 1153; x_wconf 88' lang='lat' dir='ltr'><strong>tanta,</strong></span> <span class='ocrx_word' id='word_1_137' title='bbox 2518 1097 2721 1159; x_wconf 87' lang='lat' dir='ltr'><strong>quanta</strong></span> <span class='ocrx_word' id='word_1_138' title='bbox 2751 1104 2847 1143; x_wconf 89' lang='lat' dir='ltr'><strong>eos</strong></span> <span class='ocrx_word' id='word_1_139' title='bbox 2878 1097 3085 1143; x_wconf 84' lang='lat' dir='ltr'><strong>terrere</strong></span> <span class='ocrx_word' id='word_1_140' title='bbox 3131 1088 3317 1142; x_wconf 82' lang='lat' dir='ltr'><strong>debuit</strong></span> <span class='ocrx_word' id='word_1_141' title='bbox 3360 1103 3507 1143; x_wconf 58' lang='lat' dir='ltr'><strong>causa</strong></span> <span class='ocrx_word' id='word_1_142' title='bbox 3546 1088 3632 1143; x_wconf 84' lang='lat' dir='ltr'><strong>sui</strong></span> 
     </span>
    </p>
   </div>
   <div class='ocr_carea' id='block_1_17' title="bbox 347 1176 3634 1254">
    <p class='ocr_par' dir='ltr' id='par_1_17' title="bbox 347 1176 3634 1254">
     <span class='ocr_line' id='line_1_17' title="bbox 347 1176 3634 1254; baseline -0.003 -15"><span class='ocrx_word' id='word_1_143' title='bbox 347 1193 533 1254; x_wconf 84' lang='lat' dir='ltr'><strong>gatum</strong></span> <span class='ocrx_word' id='word_1_144' title='bbox 575 1183 643 1239; x_wconf 90' lang='lat' dir='ltr'><strong>ad</strong></span> <span class='ocrx_word' id='word_1_145' title='bbox 686 1182 1074 1239; x_wconf 80' lang='lat' dir='ltr'><strong>Ptholomaeum</strong></span> <span class='ocrx_word' id='word_1_146' title='bbox 1118 1183 1301 1254; x_wconf 88' lang='lat' dir='ltr'><strong>populi</strong></span> <span class='ocrx_word' id='word_1_147' title='bbox 1358 1184 1685 1239; x_wconf 87' lang='lat' dir='ltr'><strong>necessitate</strong></span> <span class='ocrx_word' id='word_1_148' title='bbox 1723 1182 1940 1248; x_wconf 84' lang='lat' dir='ltr'><strong>obtulit,</strong></span> <span class='ocrx_word' id='word_1_149' title='bbox 2042 1188 2199 1251; x_wconf 87' lang='lat' dir='ltr'><strong>parte</strong></span> <span class='ocrx_word' id='word_1_150' title='bbox 2237 1180 2508 1250; x_wconf 71' lang='lat' dir='ltr'><strong>fugerunt.</strong></span> <span class='ocrx_word' id='word_1_151' title='bbox 2563 1178 2697 1233; x_wconf 81' lang='lat' dir='ltr'><strong>Nam</strong></span> <span class='ocrx_word' id='word_1_152' title='bbox 2745 1178 2888 1234; x_wconf 81' lang='grc'>5000</span> <span class='ocrx_word' id='word_1_153' title='bbox 2928 1194 3116 1239; x_wconf 88' lang='lat' dir='ltr'><strong>eorum</strong></span> <span class='ocrx_word' id='word_1_154' title='bbox 3160 1187 3290 1237; x_wconf 88' lang='lat' dir='ltr'><strong>tunc</strong></span> <span class='ocrx_word' id='word_1_155' title='bbox 3349 1176 3634 1233; x_wconf 67' lang='lat' dir='ltr'><strong>interfecta</strong></span> 
     </span>
    </p>
   </div>
   <div class='ocr_carea' id='block_1_18' title="bbox 350 1270 3635 1345">
    <p class='ocr_par' dir='ltr' id='par_1_18' title="bbox 350 1270 3635 1345">
     <span class='ocr_line' id='line_1_18' title="bbox 350 1270 3635 1345; baseline -0.001 -18"><span class='ocrx_word' id='word_1_156' title='bbox 350 1273 434 1327; x_wconf 81' lang='lat' dir='ltr'><strong>v&#39;ir</strong></span> <span class='ocrx_word' id='word_1_157' title='bbox 456 1272 844 1345; x_wconf 79' lang='lat' dir='ltr'><strong>sagacissimus</strong></span> <span class='ocrx_word' id='word_1_158' title='bbox 863 1281 919 1328; x_wconf 93' lang='lat' dir='ltr'><strong>et</strong></span> <span class='ocrx_word' id='word_1_159' title='bbox 938 1276 1078 1329; x_wconf 87' lang='lat' dir='ltr'><strong>inter</strong></span> <span class='ocrx_word' id='word_1_160' title='bbox 1103 1289 1229 1329; x_wconf 89' lang='lat' dir='ltr'><strong>suos</strong></span> <span class='ocrx_word' id='word_1_161' title='bbox 1249 1275 1475 1330; x_wconf 83' lang='lat' dir='ltr'><strong>nobiles.</strong></span> <span class='ocrx_word' id='word_1_162' title='bbox 1494 1274 1594 1341; x_wconf 86' lang='lat' dir='ltr'><strong>Qui</strong></span> <span class='ocrx_word' id='word_1_163' title='bbox 1617 1275 1944 1344; x_wconf 79' lang='lat' dir='ltr'><strong>apudPtho—</strong></span> <span class='ocrx_word' id='word_1_164' title='bbox 2047 1274 2296 1330; x_wconf 89' lang='lat' dir='ltr'><strong>historici</strong></span> <span class='ocrx_word' id='word_1_165' title='bbox 2327 1272 2569 1328; x_wconf 85' lang='lat' dir='ltr'><strong>tradunt.</strong></span> <span class='ocrx_word' id='word_1_166' title='bbox 2621 1271 2775 1339; x_wconf 86' lang='lat' dir='ltr'><strong>Quod</strong></span> <span class='ocrx_word' id='word_1_167' title='bbox 2805 1272 2926 1326; x_wconf 87' lang='lat' dir='ltr'><strong>ideo</strong></span> <span class='ocrx_word' id='word_1_168' title='bbox 2954 1271 3367 1342; x_wconf 84' lang='lat' dir='ltr'><strong>ignominiosius</strong></span> <span class='ocrx_word' id='word_1_169' title='bbox 3393 1270 3635 1338; x_wconf 83' lang='lat' dir='ltr'><strong>tuupius-</strong></span> 
     </span>
    </p>
   </div>
   <div class='ocr_carea' id='block_1_19' title="bbox 350 1359 3641 1437">
    <p class='ocr_par' dir='ltr' id='par_1_19' title="bbox 350 1359 3641 1437">
     <span class='ocr_line' id='line_1_19' title="bbox 350 1359 3641 1437; baseline -0.001 -20"><span class='ocrx_word' id='word_1_170' title='bbox 350 1363 601 1418; x_wconf 69' lang='lat' dir='ltr'><strong>lomaeum</strong></span> <span class='ocrx_word' id='word_1_171' title='bbox 629 1372 832 1418; x_wconf 86' lang='lat' dir='ltr'><strong>tantam</strong></span> <span class='ocrx_word' id='word_1_172' title='bbox 852 1364 1156 1434; x_wconf 85' lang='lat' dir='ltr'><strong>promeruit</strong></span> <span class='ocrx_word' id='word_1_173' title='bbox 1174 1365 1495 1435; x_wconf 80' lang='lat' dir='ltr'><strong>obplurima</strong></span> <span class='ocrx_word' id='word_1_174' title='bbox 1514 1364 1942 1420; x_wconf 79' lang='lat' dir='ltr'><strong>familiaritatem</strong></span> <span class='ocrx_word' id='word_1_175' title='bbox 2046 1381 2153 1437; x_wconf 87' lang='lat' dir='ltr'><strong>que</strong></span> <span class='ocrx_word' id='word_1_176' title='bbox 2185 1374 2292 1430; x_wconf 84' lang='lat' dir='ltr'><strong>est,</strong></span> <span class='ocrx_word' id='word_1_177' title='bbox 2323 1373 2432 1419; x_wconf 87' lang='lat' dir='ltr'><strong>tam</strong></span> <span class='ocrx_word' id='word_1_178' title='bbox 2473 1363 2661 1433; x_wconf 89' lang='lat' dir='ltr'><strong>paucis</strong></span> <span class='ocrx_word' id='word_1_179' title='bbox 2686 1362 2927 1428; x_wconf 86' lang='lat' dir='ltr'><strong>amissis,</strong></span> <span class='ocrx_word' id='word_1_180' title='bbox 2958 1371 3111 1416; x_wconf 89' lang='lat' dir='ltr'><strong>tanta</strong></span> <span class='ocrx_word' id='word_1_181' title='bbox 3146 1361 3365 1429; x_wconf 79' lang='lat' dir='ltr'><strong>agmina</strong></span> <span class='ocrx_word' id='word_1_182' title='bbox 3392 1359 3641 1428; x_wconf 60' lang='lat' dir='ltr'><strong>dimisis-</strong></span> 
     </span>
    </p>
   </div>
   <div class='ocr_carea' id='block_1_20' title="bbox 348 1453 3634 1528">
    <p class='ocr_par' dir='ltr' id='par_1_20' title="bbox 348 1453 3634 1528">
     <span class='ocr_line' id='line_1_20' title="bbox 348 1453 3634 1528; baseline -0 -18"><span class='ocrx_word' id='word_1_183' title='bbox 348 1456 634 1527; x_wconf 88' lang='lat' dir='ltr'><strong>obsequia,</strong></span> <span class='ocrx_word' id='word_1_184' title='bbox 660 1465 722 1511; x_wconf 88' lang='lat' dir='ltr'><strong>ut</strong></span> <span class='ocrx_word' id='word_1_185' title='bbox 755 1472 863 1511; x_wconf 92' lang='lat' dir='ltr'><strong>non</strong></span> <span class='ocrx_word' id='word_1_186' title='bbox 889 1455 1062 1512; x_wconf 90' lang='lat' dir='ltr'><strong>solum</strong></span> <span class='ocrx_word' id='word_1_187' title='bbox 1085 1456 1341 1527; x_wconf 78' lang='lat' dir='ltr'><strong>populum</strong></span> <span class='ocrx_word' id='word_1_188' title='bbox 1364 1474 1523 1513; x_wconf 88' lang='lat' dir='ltr'><strong>suum</strong></span> <span class='ocrx_word' id='word_1_189' title='bbox 1542 1459 1611 1514; x_wconf 86' lang='lat' dir='ltr'><strong>ab</strong></span> <span class='ocrx_word' id='word_1_190' title='bbox 1638 1458 1945 1513; x_wconf 75' lang='lat' dir='ltr'><strong>imminenti</strong></span> <span class='ocrx_word' id='word_1_191' title='bbox 2044 1475 2130 1526; x_wconf 86' lang='lat' dir='ltr'><strong>se,</strong></span> <span class='ocrx_word' id='word_1_192' title='bbox 2154 1459 2281 1528; x_wconf 90' lang='lat' dir='ltr'><strong>quia</strong></span> <span class='ocrx_word' id='word_1_193' title='bbox 2310 1473 2369 1513; x_wconf 89' lang='lat' dir='ltr'><strong>se</strong></span> <span class='ocrx_word' id='word_1_194' title='bbox 2390 1458 2452 1512; x_wconf 89' lang='lat' dir='ltr'><strong>in</strong></span> <span class='ocrx_word' id='word_1_195' title='bbox 2480 1457 2602 1512; x_wconf 85' lang='lat' dir='ltr'><strong>aliis</strong></span> <span class='ocrx_word' id='word_1_196' title='bbox 2624 1456 2872 1515; x_wconf 84' lang='lat' dir='ltr'><strong>victoriis</strong></span> <span class='ocrx_word' id='word_1_197' title='bbox 2898 1497 2913 1522; x_wconf 93' lang='lat'><strong>,</strong></span> <span class='ocrx_word' id='word_1_198' title='bbox 2938 1471 3053 1510; x_wconf 89' lang='lat' dir='ltr'><strong>non</strong></span> <span class='ocrx_word' id='word_1_199' title='bbox 3090 1455 3301 1510; x_wconf 89' lang='lat' dir='ltr'><strong>viribus</strong></span> <span class='ocrx_word' id='word_1_200' title='bbox 3328 1453 3634 1511; x_wconf 74' lang='lat' dir='ltr'><strong>animorum</strong></span> 
     </span>
    </p>
   </div>
   <div class='ocr_carea' id='block_1_21' title="bbox 353 1544 3636 1623">
    <p class='ocr_par' dir='ltr' id='par_1_21' title="bbox 353 1544 3636 1623">
     <span class='ocr_line' id='line_1_21' title="bbox 353 1544 3636 1623; baseline -0.001 -22"><span class='ocrx_word' id='word_1_201' title='bbox 353 1548 613 1603; x_wconf 87' lang='lat' dir='ltr'><strong>liberaret</strong></span> <span class='ocrx_word' id='word_1_202' title='bbox 636 1548 899 1618; x_wconf 90' lang='lat' dir='ltr'><strong>periculo,</strong></span> <span class='ocrx_word' id='word_1_203' title='bbox 939 1549 1034 1604; x_wconf 88' lang='lat' dir='ltr'><strong>sed</strong></span> <span class='ocrx_word' id='word_1_204' title='bbox 1062 1550 1228 1605; x_wconf 91' lang='lat' dir='ltr'><strong>etiam</strong></span> <span class='ocrx_word' id='word_1_205' title='bbox 1256 1550 1363 1607; x_wconf 78' lang='lat' dir='ltr'><strong>dux</strong></span> <span class='ocrx_word' id='word_1_206' title='bbox 1401 1549 1600 1608; x_wconf 68' lang='lat' dir='ltr'><strong>Judaete</strong></span> <span class='ocrx_word' id='word_1_207' title='bbox 1639 1560 1804 1622; x_wconf 88' lang='lat' dir='ltr'><strong>atque</strong></span> <span class='ocrx_word' id='word_1_208' title='bbox 1842 1552 1945 1611; x_wconf 77' lang='lat' dir='ltr'><strong>hu-</strong></span> <span class='ocrx_word' id='word_1_209' title='bbox 2042 1550 2425 1623; x_wconf 82' lang='lat' dir='ltr'><strong>praevaluisse,</strong></span> <span class='ocrx_word' id='word_1_210' title='bbox 2455 1549 2550 1604; x_wconf 91' lang='lat' dir='ltr'><strong>sed</strong></span> <span class='ocrx_word' id='word_1_211' title='bbox 2588 1548 2858 1609; x_wconf 70' lang='lat' dir='ltr'><strong>bellorum</strong></span> <span class='ocrx_word' id='word_1_212' title='bbox 2901 1546 3237 1617; x_wconf 83' lang='lat' dir='ltr'><strong>experientia</strong></span> <span class='ocrx_word' id='word_1_213' title='bbox 3285 1544 3636 1615; x_wconf 70' lang='lat' dir='ltr'><strong>proventibus</strong></span> 
     </span>
    </p>
   </div>
   <div class='ocr_carea' id='block_1_22' title="bbox 350 1634 3631 1714">
    <p class='ocr_par' dir='ltr' id='par_1_22' title="bbox 350 1634 3631 1714">
     <span class='ocr_line' id='line_1_22' title="bbox 350 1634 3631 1714; baseline -0.002 -22"><span class='ocrx_word' id='word_1_214' title='bbox 350 1637 497 1692; x_wconf 88' lang='lat' dir='ltr'><strong>milis</strong></span> <span class='ocrx_word' id='word_1_215' title='bbox 532 1635 702 1707; x_wconf 67' lang='lat' dir='ltr'><strong>Syria:</strong></span> <span class='ocrx_word' id='word_1_216' title='bbox 742 1652 836 1693; x_wconf 90' lang='lat' dir='ltr'><strong>seu</strong></span> <span class='ocrx_word' id='word_1_217' title='bbox 880 1638 1234 1693; x_wconf 82' lang='lat' dir='ltr'><strong>ﬁnitimarum</strong></span> <span class='ocrx_word' id='word_1_218' title='bbox 1280 1639 1559 1709; x_wconf 82' lang='lat' dir='ltr'><strong>regionum</strong></span> <span class='ocrx_word' id='word_1_219' title='bbox 1592 1642 1948 1705; x_wconf 82' lang='lat' dir='ltr'><strong>constituere-</strong></span> <span class='ocrx_word' id='word_1_220' title='bbox 2044 1644 2424 1714; x_wconf 80' lang='lat' dir='ltr'><strong>prodiderunt.</strong></span> <span class='ocrx_word' id='word_1_221' title='bbox 2467 1641 2608 1707; x_wconf 77' lang='lat' dir='ltr'><strong>Quis</strong></span> <span class='ocrx_word' id='word_1_222' title='bbox 2647 1641 2792 1696; x_wconf 86' lang='lat' dir='ltr'><strong>enim</strong></span> <span class='ocrx_word' id='word_1_223' title='bbox 2834 1639 3126 1695; x_wconf 80' lang='lat' dir='ltr'><strong>crediderit</strong></span> <span class='ocrx_word' id='word_1_224' title='bbox 3166 1638 3220 1695; x_wconf 81' lang='lat' dir='ltr'><strong>in</strong></span> <span class='ocrx_word' id='word_1_225' title='bbox 3248 1636 3492 1693; x_wconf 70' lang='lat' dir='ltr'><strong>exercitu</strong></span> <span class='ocrx_word' id='word_1_226' title='bbox 3522 1634 3631 1689; x_wconf 67' lang='lat' dir='ltr'><strong>diu.</strong></span> 
     </span>
    </p>
   </div>
   <div class='ocr_carea' id='block_1_23' title="bbox 353 1720 3638 1804">
    <p class='ocr_par' dir='ltr' id='par_1_23' title="bbox 353 1720 3638 1804">
     <span class='ocr_line' id='line_1_23' title="bbox 353 1720 3638 1804; baseline -0.003 -18"><span class='ocrx_word' id='word_1_227' title='bbox 353 1740 475 1786; x_wconf 89' lang='lat' dir='ltr'><strong>tur:</strong></span> <span class='ocrx_word' id='word_1_228' title='bbox 518 1730 565 1785; x_wconf 90' lang='lat' dir='ltr'><strong>is</strong></span> <span class='ocrx_word' id='word_1_229' title='bbox 590 1745 824 1800; x_wconf 88' lang='lat' dir='ltr'><strong>namque</strong></span> <span class='ocrx_word' id='word_1_230' title='bbox 848 1730 1040 1801; x_wconf 75' lang='lat' dir='ltr'><strong>viginti</strong></span> <span class='ocrx_word' id='word_1_231' title='bbox 1061 1738 1118 1785; x_wconf 88' lang='lat' dir='ltr'><strong>et</strong></span> <span class='ocrx_word' id='word_1_232' title='bbox 1143 1731 1350 1787; x_wconf 86' lang='lat' dir='ltr'><strong>duobus</strong></span> <span class='ocrx_word' id='word_1_233' title='bbox 1372 1733 1530 1788; x_wconf 90' lang='lat' dir='ltr'><strong>annis</strong></span> <span class='ocrx_word' id='word_1_234' title='bbox 1552 1731 1724 1804; x_wconf 69' lang='lat' dir='ltr'><strong>Syrire</strong></span> <span class='ocrx_word' id='word_1_235' title='bbox 1745 1734 1946 1789; x_wconf 89' lang='lat' dir='ltr'><strong>tributa</strong></span> <span class='ocrx_word' id='word_1_236' title='bbox 1972 1720 2024 1787; x_wconf 85' lang='grc' dir='ltr'><strong>,Β</strong></span> <span class='ocrx_word' id='word_1_237' title='bbox 2054 1750 2337 1789; x_wconf 83' lang='lat' dir='ltr'><strong>manorum</strong></span> <span class='ocrx_word' id='word_1_238' title='bbox 2370 1748 2653 1789; x_wconf 84' lang='lat' dir='ltr'><strong>numerum</strong></span> <span class='ocrx_word' id='word_1_239' title='bbox 2685 1733 2849 1786; x_wconf 89' lang='lat' dir='ltr'><strong>istum</strong></span> <span class='ocrx_word' id='word_1_240' title='bbox 2878 1729 3043 1784; x_wconf 88' lang='lat' dir='ltr'><strong>fuisse</strong></span> <span class='ocrx_word' id='word_1_241' title='bbox 3083 1727 3272 1783; x_wconf 81' lang='lat' dir='ltr'><strong>saltem</strong></span> <span class='ocrx_word' id='word_1_242' title='bbox 3305 1766 3322 1789; x_wconf 93' lang='lat'><strong>,</strong></span> <span class='ocrx_word' id='word_1_243' title='bbox 3366 1742 3476 1780; x_wconf 87' lang='lat' dir='ltr'><strong>non</strong></span> <span class='ocrx_word' id='word_1_244' title='bbox 3516 1724 3638 1777; x_wconf 79' lang='lat' dir='ltr'><strong>dice</strong></span> 
     </span>
    </p>
   </div>
   <div class='ocr_carea' id='block_1_24' title="bbox 350 1820 1947 1895">
    <p class='ocr_par' dir='ltr' id='par_1_24' title="bbox 350 1820 1947 1895">
     <span class='ocr_line' id='line_1_24' title="bbox 350 1820 1947 1895; baseline 0.003 -20"><span class='ocrx_word' id='word_1_245' title='bbox 350 1829 409 1875; x_wconf 89' lang='lat' dir='ltr'><strong>et</strong></span> <span class='ocrx_word' id='word_1_246' title='bbox 443 1820 720 1875; x_wconf 80' lang='lat' dir='ltr'><strong>Phomicis</strong></span> <span class='ocrx_word' id='word_1_247' title='bbox 753 1829 916 1890; x_wconf 89' lang='lat' dir='ltr'><strong>atque</strong></span> <span class='ocrx_word' id='word_1_248' title='bbox 945 1820 1204 1876; x_wconf 71' lang='lat' dir='ltr'><strong>Samaria:</strong></span> <span class='ocrx_word' id='word_1_249' title='bbox 1232 1822 1583 1893; x_wconf 87' lang='lat' dir='ltr'><strong>dispensavit.</strong></span> <span class='ocrx_word' id='word_1_250' title='bbox 1620 1820 1726 1891; x_wconf 78' lang='lat' dir='ltr'><strong>Qui</strong></span> <span class='ocrx_word' id='word_1_251' title='bbox 1774 1840 1947 1895; x_wconf 90' lang='lat' dir='ltr'><strong>popu—</strong></span> 
     </span>
    </p>
   </div>
   <div class='ocr_carea' id='block_1_25' title="bbox 352 1910 1949 1984">
    <p class='ocr_par' dir='ltr' id='par_1_25' title="bbox 352 1910 1949 1984">
     <span class='ocr_line' id='line_1_25' title="bbox 352 1910 1949 1984; baseline 0.004 -19"><span class='ocrx_word' id='word_1_252' title='bbox 352 1912 464 1966; x_wconf 87' lang='lat' dir='ltr'><strong>lum</strong></span> <span class='ocrx_word' id='word_1_253' title='bbox 488 1910 796 1967; x_wconf 70' lang='lat' dir='ltr'><strong>Judmorum</strong></span> <span class='ocrx_word' id='word_1_254' title='bbox 823 1928 855 1969; x_wconf 83' lang='lat' dir='ltr'><strong>a</strong></span> <span class='ocrx_word' id='word_1_255' title='bbox 877 1922 1205 1984; x_wconf 79' lang='lat' dir='ltr'><strong>paupertate</strong></span> <span class='ocrx_word' id='word_1_256' title='bbox 1231 1923 1287 1969; x_wconf 91' lang='lat' dir='ltr'><strong>et</strong></span> <span class='ocrx_word' id='word_1_257' title='bbox 1310 1916 1590 1971; x_wconf 82' lang='lat' dir='ltr'><strong>debilitate</strong></span> <span class='ocrx_word' id='word_1_258' title='bbox 1615 1916 1682 1971; x_wconf 86' lang='lat' dir='ltr'><strong>ad</strong></span> <span class='ocrx_word' id='word_1_259' title='bbox 1709 1917 1949 1973; x_wconf 56' lang='lat' dir='ltr'><strong>clarissi-</strong></span> 
     </span>
    </p>
   </div>
   <div class='ocr_carea' id='block_1_26' title="bbox 354 2004 1949 2081">
    <p class='ocr_par' dir='ltr' id='par_1_26' title="bbox 354 2004 1949 2081">
     <span class='ocr_line' id='line_1_26' title="bbox 354 2004 1949 2081; baseline 0.003 -24"><span class='ocrx_word' id='word_1_260' title='bbox 354 2017 473 2057; x_wconf 86' lang='lat' dir='ltr'><strong>mas</strong></span> <span class='ocrx_word' id='word_1_261' title='bbox 513 2016 694 2056; x_wconf 88' lang='lat' dir='ltr'><strong>rerum</strong></span> <span class='ocrx_word' id='word_1_262' title='bbox 723 2017 917 2057; x_wconf 86' lang='lat' dir='ltr'><strong>causas</strong></span> <span class='ocrx_word' id='word_1_263' title='bbox 944 2018 1117 2073; x_wconf 88' lang='lat' dir='ltr'><strong>usque</strong></span> <span class='ocrx_word' id='word_1_264' title='bbox 1154 2005 1428 2075; x_wconf 83' lang='lat' dir='ltr'><strong>perduxit.</strong></span> <span class='ocrx_word' id='word_1_265' title='bbox 1464 2004 1728 2062; x_wconf 87' lang='lat' dir='ltr'><strong>Defuncto</strong></span> <span class='ocrx_word' id='word_1_266' title='bbox 1769 2016 1949 2081; x_wconf 84' lang='lat' dir='ltr'><strong>autem</strong></span> 
     </span>
    </p>
   </div>
   <div class='ocr_carea' id='block_1_27' title="bbox 350 2090 1951 2167">
    <p class='ocr_par' dir='ltr' id='par_1_27' title="bbox 350 2090 1951 2167">
     <span class='ocr_line' id='line_1_27' title="bbox 350 2090 1951 2167; baseline 0.004 -21"><span class='ocrx_word' id='word_1_267' title='bbox 350 2090 609 2161; x_wconf 76' lang='lat' dir='ltr'><strong>Josepho,</strong></span> <span class='ocrx_word' id='word_1_268' title='bbox 631 2092 884 2162; x_wconf 85' lang='lat' dir='ltr'><strong>populum</strong></span> <span class='ocrx_word' id='word_1_269' title='bbox 906 2094 1141 2163; x_wconf 85' lang='lat' dir='ltr'><strong>contigit</strong></span> <span class='ocrx_word' id='word_1_270' title='bbox 1165 2092 1474 2149; x_wconf 60' lang='lat' dir='ltr'><strong>Judatorum</strong></span> <span class='ocrx_word' id='word_1_271' title='bbox 1498 2095 1820 2152; x_wconf 87' lang='lat' dir='ltr'><strong>seditionem</strong></span> <span class='ocrx_word' id='word_1_272' title='bbox 1841 2098 1951 2167; x_wconf 87' lang='lat' dir='ltr'><strong>pati</strong></span> 
     </span>
    </p>
   </div>
   <div class='ocr_carea' id='block_1_28' title="bbox 350 2181 1955 2253">
    <p class='ocr_par' dir='ltr' id='par_1_28' title="bbox 350 2181 1955 2253">
     <span class='ocr_line' id='line_1_28' title="bbox 350 2181 1955 2253; baseline 0.004 -17"><span class='ocrx_word' id='word_1_273' title='bbox 350 2191 585 2253; x_wconf 87' lang='lat' dir='ltr'><strong>propter</strong></span> <span class='ocrx_word' id='word_1_274' title='bbox 608 2181 754 2237; x_wconf 81' lang='lat' dir='ltr'><strong>lllios</strong></span> <span class='ocrx_word' id='word_1_275' title='bbox 782 2181 918 2250; x_wconf 85' lang='lat' dir='ltr'><strong>ejus.</strong></span> <span class='ocrx_word' id='word_1_276' title='bbox 968 2181 1104 2237; x_wconf 83' lang='lat' dir='ltr'><strong>Nam</strong></span> <span class='ocrx_word' id='word_1_277' title='bbox 1154 2181 1387 2251; x_wconf 82' lang='lat' dir='ltr'><strong>majores</strong></span> <span class='ocrx_word' id='word_1_278' title='bbox 1416 2192 1566 2250; x_wconf 80' lang='lat' dir='ltr'><strong>natu,</strong></span> <span class='ocrx_word' id='word_1_279' title='bbox 1605 2183 1775 2241; x_wconf 90' lang='lat' dir='ltr'><strong>livore</strong></span> <span class='ocrx_word' id='word_1_280' title='bbox 1807 2188 1955 2242; x_wconf 81' lang='lat' dir='ltr'><strong>exci-</strong></span> 
     </span>
    </p>
   </div>
   <div class='ocr_carea' id='block_1_29' title="bbox 359 2271 1953 2346">
    <p class='ocr_par' dir='ltr' id='par_1_29' title="bbox 359 2271 1953 2346">
     <span class='ocr_line' id='line_1_29' title="bbox 359 2271 1953 2346; baseline 0.004 -21"><span class='ocrx_word' id='word_1_281' title='bbox 359 2271 462 2325; x_wconf 83' lang='lat' dir='ltr'><strong>tati</strong></span> <span class='ocrx_word' id='word_1_282' title='bbox 510 2271 727 2326; x_wconf 72' lang='lat' dir='ltr'><strong>invidia:</strong></span> <span class='ocrx_word' id='word_1_283' title='bbox 771 2272 1032 2327; x_wconf 88' lang='lat' dir='ltr'><strong>adversus</strong></span> <span class='ocrx_word' id='word_1_284' title='bbox 1066 2271 1369 2329; x_wconf 32' lang='lat' dir='ltr'><strong>,Hircanum</strong></span> <span class='ocrx_word' id='word_1_285' title='bbox 1391 2314 1406 2338; x_wconf 94' lang='lat'><strong>,</strong></span> <span class='ocrx_word' id='word_1_286' title='bbox 1443 2273 1692 2329; x_wconf 85' lang='lat' dir='ltr'><strong>ultimum</strong></span> <span class='ocrx_word' id='word_1_287' title='bbox 1726 2273 1953 2346; x_wconf 77' lang='lat' dir='ltr'><strong>Josephi</strong></span> 
     </span>
    </p>
   </div>
   <div class='ocr_carea' id='block_1_30' title="bbox 356 2360 1950 2436">
    <p class='ocr_par' dir='ltr' id='par_1_30' title="bbox 356 2360 1950 2436">
     <span class='ocr_line' id='line_1_30' title="bbox 356 2360 1950 2436; baseline 0.004 -22"><span class='ocrx_word' id='word_1_288' title='bbox 356 2360 595 2416; x_wconf 89' lang='lat' dir='ltr'><strong>liliorum</strong></span> <span class='ocrx_word' id='word_1_289' title='bbox 621 2370 842 2433; x_wconf 85' lang='lat' dir='ltr'><strong>propter</strong></span> <span class='ocrx_word' id='word_1_290' title='bbox 871 2364 1226 2434; x_wconf 80' lang='lat' dir='ltr'><strong>sagacitatem</strong></span> <span class='ocrx_word' id='word_1_291' title='bbox 1251 2372 1414 2434; x_wconf 86' lang='lat' dir='ltr'><strong>atque</strong></span> <span class='ocrx_word' id='word_1_292' title='bbox 1439 2365 1607 2419; x_wconf 88' lang='lat' dir='ltr'><strong>animi</strong></span> <span class='ocrx_word' id='word_1_293' title='bbox 1635 2365 1950 2436; x_wconf 81' lang='lat' dir='ltr'><strong>agilitatem,</strong></span> 
     </span>
    </p>
   </div>
   <div class='ocr_carea' id='block_1_31' title="bbox 358 2452 1955 2527">
    <p class='ocr_par' dir='ltr' id='par_1_31' title="bbox 358 2452 1955 2527">
     <span class='ocr_line' id='line_1_31' title="bbox 358 2452 1955 2527; baseline 0.003 -20"><span class='ocrx_word' id='word_1_294' title='bbox 358 2467 457 2507; x_wconf 90' lang='lat' dir='ltr'><strong>seu</strong></span> <span class='ocrx_word' id='word_1_295' title='bbox 485 2452 715 2523; x_wconf 85' lang='lat' dir='ltr'><strong>gratiam</strong></span> <span class='ocrx_word' id='word_1_296' title='bbox 744 2468 909 2521; x_wconf 88' lang='lat' dir='ltr'><strong>quam</strong></span> <span class='ocrx_word' id='word_1_297' title='bbox 932 2454 1073 2523; x_wconf 88' lang='lat' dir='ltr'><strong>apud</strong></span> <span class='ocrx_word' id='word_1_298' title='bbox 1102 2453 1493 2509; x_wconf 73' lang='lat' dir='ltr'><strong>Ptholommum</strong></span> <span class='ocrx_word' id='word_1_299' title='bbox 1508 2470 1699 2527; x_wconf 79' lang='lat' dir='ltr'><strong>regem</strong></span> <span class='ocrx_word' id='word_1_300' title='bbox 1728 2458 1955 2526; x_wconf 79' lang='lat' dir='ltr'><strong>adcplus</strong></span> 
     </span>
    </p>
   </div>
   <div class='ocr_carea' id='block_1_32' title="bbox 360 2541 1957 2613">
    <p class='ocr_par' dir='ltr' id='par_1_32' title="bbox 360 2541 1957 2613">
     <span class='ocr_line' id='line_1_32' title="bbox 360 2541 1957 2613; baseline 0.005 -19"><span class='ocrx_word' id='word_1_301' title='bbox 360 2541 571 2608; x_wconf 88' lang='lat' dir='ltr'><strong>fuerat,</strong></span> <span class='ocrx_word' id='word_1_302' title='bbox 603 2542 801 2597; x_wconf 89' lang='lat' dir='ltr'><strong>bellum</strong></span> <span class='ocrx_word' id='word_1_303' title='bbox 825 2544 1137 2613; x_wconf 88' lang='lat' dir='ltr'><strong>gerentibus</strong></span> <span class='ocrx_word' id='word_1_304' title='bbox 1168 2546 1422 2603; x_wconf 86' lang='lat' dir='ltr'><strong>dissensit</strong></span> <span class='ocrx_word' id='word_1_305' title='bbox 1459 2546 1527 2602; x_wconf 90' lang='lat' dir='ltr'><strong>ab</strong></span> <span class='ocrx_word' id='word_1_306' title='bbox 1556 2546 1788 2605; x_wconf 84' lang='lat' dir='ltr'><strong>invicem</strong></span> <span class='ocrx_word' id='word_1_307' title='bbox 1808 2548 1957 2602; x_wconf 84' lang='lat' dir='ltr'><strong>mul-</strong></span> 
     </span>
    </p>
   </div>
   <div class='ocr_carea' id='block_1_33' title="bbox 362 2632 1955 2704">
    <p class='ocr_par' dir='ltr' id='par_1_33' title="bbox 362 2632 1955 2704">
     <span class='ocr_line' id='line_1_33' title="bbox 362 2632 1955 2704; baseline 0.003 -17"><span class='ocrx_word' id='word_1_308' title='bbox 362 2634 554 2688; x_wconf 91' lang='lat' dir='ltr'><strong>titudo.</strong></span> <span class='ocrx_word' id='word_1_309' title='bbox 587 2632 780 2690; x_wconf 87' lang='lat' dir='ltr'><strong>Plures</strong></span> <span class='ocrx_word' id='word_1_310' title='bbox 807 2635 1022 2704; x_wconf 89' lang='lat' dir='ltr'><strong>quidem</strong></span> <span class='ocrx_word' id='word_1_311' title='bbox 1070 2634 1368 2704; x_wconf 87' lang='lat' dir='ltr'><strong>majoribus</strong></span> <span class='ocrx_word' id='word_1_312' title='bbox 1411 2637 1675 2692; x_wconf 77' lang='lat' dir='ltr'><strong>auxilium</strong></span> <span class='ocrx_word' id='word_1_313' title='bbox 1706 2636 1955 2694; x_wconf 88' lang='lat' dir='ltr'><strong>ferebant</strong></span> 
     </span>
    </p>
   </div>
   <div class='ocr_carea' id='block_1_34' title="bbox 360 2727 1957 2800">
    <p class='ocr_par' dir='ltr' id='par_1_34' title="bbox 360 2727 1957 2800">
     <span class='ocr_line' id='line_1_34' title="bbox 360 2727 1957 2800; baseline 0.001 -17"><span class='ocrx_word' id='word_1_314' title='bbox 360 2742 487 2783; x_wconf 90' lang='lat' dir='ltr'><strong>cum</strong></span> <span class='ocrx_word' id='word_1_315' title='bbox 514 2727 760 2798; x_wconf 89' lang='lat' dir='ltr'><strong>principe</strong></span> <span class='ocrx_word' id='word_1_316' title='bbox 781 2727 1124 2784; x_wconf 87' lang='lat' dir='ltr'><strong>sacerdotum</strong></span> <span class='ocrx_word' id='word_1_317' title='bbox 1153 2728 1392 2795; x_wconf 91' lang='lat' dir='ltr'><strong>Simone,</strong></span> <span class='ocrx_word' id='word_1_318' title='bbox 1439 2731 1533 2800; x_wconf 89' lang='lat' dir='ltr'><strong>qui</strong></span> <span class='ocrx_word' id='word_1_319' title='bbox 1569 2738 1831 2800; x_wconf 89' lang='lat' dir='ltr'><strong>cognatus</strong></span> <span class='ocrx_word' id='word_1_320' title='bbox 1859 2747 1957 2785; x_wconf 87' lang='lat' dir='ltr'><strong>eo-</strong></span> 
     </span>
    </p>
   </div>
   <div class='ocr_carea' id='block_1_35' title="bbox 364 2818 1957 2890">
    <p class='ocr_par' dir='ltr' id='par_1_35' title="bbox 364 2818 1957 2890">
     <span class='ocr_line' id='line_1_35' title="bbox 364 2818 1957 2890; baseline 0.001 -16"><span class='ocrx_word' id='word_1_321' title='bbox 364 2834 487 2874; x_wconf 88' lang='lat' dir='ltr'><strong>rum</strong></span> <span class='ocrx_word' id='word_1_322' title='bbox 516 2828 573 2874; x_wconf 91' lang='lat' dir='ltr'><strong>et</strong></span> <span class='ocrx_word' id='word_1_323' title='bbox 602 2818 778 2874; x_wconf 75' lang='lat' dir='ltr'><strong>afﬁnis</strong></span> <span class='ocrx_word' id='word_1_324' title='bbox 802 2827 941 2875; x_wconf 86' lang='lat' dir='ltr'><strong>erat.</strong></span> <span class='ocrx_word' id='word_1_325' title='bbox 969 2818 1071 2873; x_wconf 86' lang='lat' dir='ltr'><strong>Hic</strong></span> <span class='ocrx_word' id='word_1_326' title='bbox 1098 2819 1242 2874; x_wconf 91' lang='lat' dir='ltr'><strong>enim</strong></span> <span class='ocrx_word' id='word_1_327' title='bbox 1266 2818 1454 2875; x_wconf 89' lang='lat' dir='ltr'><strong>Simon</strong></span> <span class='ocrx_word' id='word_1_328' title='bbox 1484 2820 1846 2890; x_wconf 87' lang='lat' dir='ltr'><strong>principatum</strong></span> <span class='ocrx_word' id='word_1_329' title='bbox 1868 2837 1957 2876; x_wconf 89' lang='lat' dir='ltr'><strong>sa-</strong></span> 
     </span>
    </p>
   </div>
   <div class='ocr_carea' id='block_1_36' title="bbox 356 2909 1959 2983">
    <p class='ocr_par' dir='ltr' id='par_1_36' title="bbox 356 2909 1959 2983">
     <span class='ocr_line' id='line_1_36' title="bbox 356 2909 1959 2983; baseline 0 -17"><span class='ocrx_word' id='word_1_330' title='bbox 356 2911 611 2977; x_wconf 83' lang='lat' dir='ltr'><strong>cerdotii,</strong></span> <span class='ocrx_word' id='word_1_331' title='bbox 641 2909 896 2966; x_wconf 83' lang='lat' dir='ltr'><strong>defuncto</strong></span> <span class='ocrx_word' id='word_1_332' title='bbox 922 2911 1040 2982; x_wconf 81' lang='lat' dir='ltr'><strong>ejus</strong></span> <span class='ocrx_word' id='word_1_333' title='bbox 1072 2918 1228 2981; x_wconf 86' lang='lat' dir='ltr'><strong>patre</strong></span> <span class='ocrx_word' id='word_1_334' title='bbox 1249 2909 1406 2976; x_wconf 84' lang='lat' dir='ltr'><strong>Onia,</strong></span> <span class='ocrx_word' id='word_1_335' title='bbox 1433 2919 1765 2981; x_wconf 86' lang='lat' dir='ltr'><strong>susceperat.</strong></span> <span class='ocrx_word' id='word_1_336' title='bbox 1789 2911 1959 2983; x_wconf 85' lang='lat' dir='ltr'><strong>Igitur</strong></span> 
     </span>
    </p>
   </div>
   <div class='ocr_carea' id='block_1_37' title="bbox 364 3002 1958 3074">
    <p class='ocr_par' dir='ltr' id='par_1_37' title="bbox 364 3002 1958 3074">
     <span class='ocr_line' id='line_1_37' title="bbox 364 3002 1958 3074; baseline -0.001 -15"><span class='ocrx_word' id='word_1_337' title='bbox 364 3004 637 3060; x_wconf 87' lang='lat' dir='ltr'><strong>llircanus</strong></span> <span class='ocrx_word' id='word_1_338' title='bbox 678 3004 1014 3060; x_wconf 87' lang='lat' dir='ltr'><strong>descendens</strong></span> <span class='ocrx_word' id='word_1_339' title='bbox 1040 3004 1108 3059; x_wconf 89' lang='lat' dir='ltr'><strong>ab</strong></span> <span class='ocrx_word' id='word_1_340' title='bbox 1148 3002 1523 3074; x_wconf 84' lang='lat' dir='ltr'><strong>Hierosolyma</strong></span> <span class='ocrx_word' id='word_1_341' title='bbox 1567 3012 1721 3059; x_wconf 88' lang='lat' dir='ltr'><strong>trans</strong></span> <span class='ocrx_word' id='word_1_342' title='bbox 1762 3003 1958 3061; x_wconf 89' lang='lat' dir='ltr'><strong>Jorda-</strong></span> 
     </span>
    </p>
   </div>
   <div class='ocr_carea' id='block_1_38' title="bbox 2053 1812 3638 1894">
    <p class='ocr_par' dir='ltr' id='par_1_38' title="bbox 2053 1812 3638 1894">
     <span class='ocr_line' id='line_1_38' title="bbox 2053 1812 3638 1894; baseline -0.009 -15"><span class='ocrx_word' id='word_1_343' title='bbox 2053 1824 2301 1894; x_wconf 80' lang='lat' dir='ltr'><strong>fugisse?</strong></span> <span class='ocrx_word' id='word_1_344' title='bbox 2350 1823 2483 1879; x_wconf 78' lang='lat' dir='ltr'><strong>Post</strong></span> <span class='ocrx_word' id='word_1_345' title='bbox 2537 1823 2653 1879; x_wconf 55' lang='lat' dir='ltr'><strong>hate</strong></span> <span class='ocrx_word' id='word_1_346' title='bbox 2690 1821 2993 1881; x_wconf 84' lang='lat' dir='ltr'><strong>secundum</strong></span> <span class='ocrx_word' id='word_1_347' title='bbox 3032 1834 3154 1873; x_wconf 83' lang='lat' dir='ltr'><strong>cum</strong></span> <span class='ocrx_word' id='word_1_348' title='bbox 3196 1815 3369 1871; x_wconf 85' lang='lat' dir='ltr'><strong>Gallis</strong></span> <span class='ocrx_word' id='word_1_349' title='bbox 3392 1812 3638 1884; x_wconf 62' lang='lat' dir='ltr'><strong>praelium</strong></span> 
     </span>
    </p>
   </div>
   <div class='ocr_carea' id='block_1_39' title="bbox 2048 1907 3639 1987">
    <p class='ocr_par' dir='ltr' id='par_1_39' title="bbox 2048 1907 3639 1987">
     <span class='ocr_line' id='line_1_39' title="bbox 2048 1907 3639 1987; baseline -0.009 -14"><span class='ocrx_word' id='word_1_350' title='bbox 2048 1927 2261 1987; x_wconf 87' lang='lat' dir='ltr'><strong>gestum</strong></span> <span class='ocrx_word' id='word_1_351' title='bbox 2286 1916 2474 1980; x_wconf 24' lang='lat' dir='ltr'><strong>est,lin</strong></span> <span class='ocrx_word' id='word_1_352' title='bbox 2506 1930 2614 1985; x_wconf 86' lang='lat' dir='ltr'><strong>quo</strong></span> <span class='ocrx_word' id='word_1_353' title='bbox 2644 1914 2803 1983; x_wconf 88' lang='lat' dir='ltr'><strong>plane</strong></span> <span class='ocrx_word' id='word_1_354' title='bbox 2831 1912 3032 1977; x_wconf 63' lang='lat'><strong>40,000</strong></span> <span class='ocrx_word' id='word_1_355' title='bbox 3060 1910 3342 1967; x_wconf 86' lang='lat' dir='ltr'><strong>Gallorum</strong></span> <span class='ocrx_word' id='word_1_356' title='bbox 3371 1907 3639 1962; x_wconf 87' lang='lat' dir='ltr'><strong>trucidata</strong></span> 
     </span>
    </p>
   </div>
   <div class='ocr_carea' id='block_1_40' title="bbox 2052 1998 3641 2077">
    <p class='ocr_par' dir='ltr' id='par_1_40' title="bbox 2052 1998 3641 2077">
     <span class='ocr_line' id='line_1_40' title="bbox 2052 1998 3641 2077; baseline -0.008 -14"><span class='ocrx_word' id='word_1_357' title='bbox 2052 2016 2198 2063; x_wconf 91' lang='lat' dir='ltr'><strong>sunt.</strong></span> <span class='ocrx_word' id='word_1_358' title='bbox 2235 2007 2497 2077; x_wconf 77' lang='lat' dir='ltr'><strong>Sequenti</strong></span> <span class='ocrx_word' id='word_1_359' title='bbox 2537 2021 2681 2060; x_wconf 89' lang='lat' dir='ltr'><strong>anno</strong></span> <span class='ocrx_word' id='word_1_360' title='bbox 2723 2004 2953 2059; x_wconf 86' lang='lat' dir='ltr'><strong>Manlius</strong></span> <span class='ocrx_word' id='word_1_361' title='bbox 3001 2002 3309 2073; x_wconf 80' lang='lat' dir='ltr'><strong>Torquatus</strong></span> <span class='ocrx_word' id='word_1_362' title='bbox 3328 2009 3392 2055; x_wconf 84' lang='lat' dir='ltr'><strong>et</strong></span> <span class='ocrx_word' id='word_1_363' title='bbox 3411 1998 3641 2055; x_wconf 81' lang='lat' dir='ltr'><strong>Fulvius</strong></span> 
     </span>
    </p>
   </div>
   <div class='ocr_carea' id='block_1_41' title="bbox 2056 2091 3640 2168">
    <p class='ocr_par' dir='ltr' id='par_1_41' title="bbox 2056 2091 3640 2168">
     <span class='ocr_line' id='line_1_41' title="bbox 2056 2091 3640 2168; baseline -0.005 -15"><span class='ocrx_word' id='word_1_364' title='bbox 2056 2098 2281 2154; x_wconf 83' lang='lat' dir='ltr'><strong>Flaccus</strong></span> <span class='ocrx_word' id='word_1_365' title='bbox 2345 2097 2597 2153; x_wconf 86' lang='lat' dir='ltr'><strong>consules</strong></span> <span class='ocrx_word' id='word_1_366' title='bbox 2665 2097 2823 2168; x_wconf 87' lang='lat' dir='ltr'><strong>primi</strong></span> <span class='ocrx_word' id='word_1_367' title='bbox 2893 2106 3043 2150; x_wconf 75' lang='lat' dir='ltr'><strong>trans</strong></span> <span class='ocrx_word' id='word_1_368' title='bbox 3104 2095 3314 2149; x_wconf 87' lang='lat' dir='ltr'><strong>Padum</strong></span> <span class='ocrx_word' id='word_1_369' title='bbox 3365 2091 3640 2147; x_wconf 76' lang='lat' dir='ltr'><strong>Romanas</strong></span> 
     </span>
    </p>
   </div>
   <div class='ocr_carea' id='block_1_42' title="bbox 2054 2184 3642 2260">
    <p class='ocr_par' dir='ltr' id='par_1_42' title="bbox 2054 2184 3642 2260">
     <span class='ocr_line' id='line_1_42' title="bbox 2054 2184 3642 2260; baseline -0.004 -15"><span class='ocrx_word' id='word_1_370' title='bbox 2054 2191 2257 2246; x_wconf 77' lang='lat' dir='ltr'><strong>duxere</strong></span> <span class='ocrx_word' id='word_1_371' title='bbox 2290 2189 2551 2260; x_wconf 79' lang='lat' dir='ltr'><strong>legiones.</strong></span> <span class='ocrx_word' id='word_1_372' title='bbox 2599 2188 2904 2259; x_wconf 82' lang='lat' dir='ltr'><strong>Pugnatum</strong></span> <span class='ocrx_word' id='word_1_373' title='bbox 2935 2197 3021 2242; x_wconf 86' lang='lat' dir='ltr'><strong>est</strong></span> <span class='ocrx_word' id='word_1_374' title='bbox 3047 2187 3122 2242; x_wconf 92' lang='lat' dir='ltr'><strong>ibi</strong></span> <span class='ocrx_word' id='word_1_375' title='bbox 3170 2202 3295 2242; x_wconf 90' lang='lat' dir='ltr'><strong>cum</strong></span> <span class='ocrx_word' id='word_1_376' title='bbox 3330 2184 3642 2242; x_wconf 86' lang='lat' dir='ltr'><strong>insubribus</strong></span> 
     </span>
    </p>
   </div>
   <div class='ocr_carea' id='block_1_43' title="bbox 2044 2278 3637 2351">
    <p class='ocr_par' dir='ltr' id='par_1_43' title="bbox 2044 2278 3637 2351">
     <span class='ocr_line' id='line_1_43' title="bbox 2044 2278 3637 2351; baseline -0.004 -14"><span class='ocrx_word' id='word_1_377' title='bbox 2044 2282 2242 2345; x_wconf 83' lang='lat' dir='ltr'><strong>Gallis,</strong></span> <span class='ocrx_word' id='word_1_378' title='bbox 2276 2297 2505 2351; x_wconf 86' lang='lat' dir='ltr'><strong>quorum</strong></span> <span class='ocrx_word' id='word_1_379' title='bbox 2545 2280 2829 2337; x_wconf 83' lang='lat' dir='ltr'><strong>interfecta</strong></span> <span class='ocrx_word' id='word_1_380' title='bbox 2872 2290 2999 2337; x_wconf 90' lang='lat' dir='ltr'><strong>sunt</strong></span> <span class='ocrx_word' id='word_1_381' title='bbox 3024 2279 3248 2345; x_wconf 73' lang='lat'><strong>23,000,</strong></span> <span class='ocrx_word' id='word_1_382' title='bbox 3288 2278 3426 2333; x_wconf 83' lang='lat'><strong>5000</strong></span> <span class='ocrx_word' id='word_1_383' title='bbox 3476 2286 3637 2347; x_wconf 81' lang='lat' dir='ltr'><strong>capta</strong></span> 
     </span>
    </p>
   </div>
   <div class='ocr_carea' id='block_1_44' title="bbox 2055 2369 3638 2442">
    <p class='ocr_par' dir='ltr' id='par_1_44' title="bbox 2055 2369 3638 2442">
     <span class='ocr_line' id='line_1_44' title="bbox 2055 2369 3638 2442; baseline -0.006 -11"><span class='ocrx_word' id='word_1_384' title='bbox 2055 2385 2200 2431; x_wconf 88' lang='lat' dir='ltr'><strong>sunt.</strong></span> <span class='ocrx_word' id='word_1_385' title='bbox 2248 2374 2332 2429; x_wconf 53' lang='lat' dir='ltr'><strong>&#39;Ec</strong></span> <span class='ocrx_word' id='word_1_386' title='bbox 2370 2374 2570 2429; x_wconf 82' lang='lat' dir='ltr'><strong>deinde</strong></span> <span class='ocrx_word' id='word_1_387' title='bbox 2598 2386 2742 2428; x_wconf 10' lang='lat' dir='ltr'><strong>lanno</strong></span> <span class='ocrx_word' id='word_1_388' title='bbox 2768 2374 2858 2442; x_wconf 85' lang='lat' dir='ltr'><strong>qui</strong></span> <span class='ocrx_word' id='word_1_389' title='bbox 2904 2373 3029 2427; x_wconf 86' lang='lat' dir='ltr'><strong>huic</strong></span> <span class='ocrx_word' id='word_1_390' title='bbox 3059 2372 3337 2442; x_wconf 75' lang='lat' dir='ltr'><strong>proximus</strong></span> <span class='ocrx_word' id='word_1_391' title='bbox 3366 2369 3489 2434; x_wconf 81' lang='lat' dir='ltr'><strong>fuit,</strong></span> <span class='ocrx_word' id='word_1_392' title='bbox 3521 2369 3638 2424; x_wconf 77' lang='lat' dir='ltr'><strong>dira</strong></span> 
     </span>
    </p>
   </div>
   <div class='ocr_carea' id='block_1_45' title="bbox 2054 2461 3641 2534">
    <p class='ocr_par' dir='ltr' id='par_1_45' title="bbox 2054 2461 3641 2534">
     <span class='ocr_line' id='line_1_45' title="bbox 2054 2461 3641 2534; baseline -0.003 -16"><span class='ocrx_word' id='word_1_393' title='bbox 2054 2466 2311 2520; x_wconf 89' lang='lat' dir='ltr'><strong>miseram</strong></span> <span class='ocrx_word' id='word_1_394' title='bbox 2348 2465 2537 2519; x_wconf 88' lang='lat' dir='ltr'><strong>urbem</strong></span> <span class='ocrx_word' id='word_1_395' title='bbox 2588 2473 2835 2518; x_wconf 86' lang='lat' dir='ltr'><strong>terruere</strong></span> <span class='ocrx_word' id='word_1_396' title='bbox 2871 2463 3135 2534; x_wconf 81' lang='lat' dir='ltr'><strong>prodigia.</strong></span> <span class='ocrx_word' id='word_1_397' title='bbox 3184 2462 3382 2517; x_wconf 82' lang='lat' dir='ltr'><strong>Misera</strong></span> <span class='ocrx_word' id='word_1_398' title='bbox 3431 2461 3641 2530; x_wconf 84' lang='lat' dir='ltr'><strong>utique,</strong></span> 
     </span>
    </p>
   </div>
   <div class='ocr_carea' id='block_1_46' title="bbox 2055 2554 3639 2628">
    <p class='ocr_par' dir='ltr' id='par_1_46' title="bbox 2055 2554 3639 2628">
     <span class='ocr_line' id='line_1_46' title="bbox 2055 2554 3639 2628; baseline -0.005 -15"><span class='ocrx_word' id='word_1_399' title='bbox 2055 2573 2175 2628; x_wconf 73' lang='lat' dir='ltr'><strong>qua:</strong></span> <span class='ocrx_word' id='word_1_400' title='bbox 2198 2557 2332 2613; x_wconf 79' lang='lat' dir='ltr'><strong>hinc</strong></span> <span class='ocrx_word' id='word_1_401' title='bbox 2360 2557 2576 2613; x_wconf 82' lang='lat' dir='ltr'><strong>fremitu</strong></span> <span class='ocrx_word' id='word_1_402' title='bbox 2605 2558 2844 2612; x_wconf 88' lang='lat' dir='ltr'><strong>hostium</strong></span> <span class='ocrx_word' id='word_1_403' title='bbox 2898 2555 3023 2611; x_wconf 86' lang='lat' dir='ltr'><strong>inde</strong></span> <span class='ocrx_word' id='word_1_404' title='bbox 3069 2555 3310 2625; x_wconf 84' lang='lat' dir='ltr'><strong>nequitia</strong></span> <span class='ocrx_word' id='word_1_405' title='bbox 3338 2554 3639 2609; x_wconf 72' lang='lat' dir='ltr'><strong>daemonum</strong></span> 
     </span>
    </p>
   </div>
   <div class='ocr_carea' id='block_1_47' title="bbox 2044 2644 3646 2718">
    <p class='ocr_par' dir='ltr' id='par_1_47' title="bbox 2044 2644 3646 2718">
     <span class='ocr_line' id='line_1_47' title="bbox 2044 2644 3646 2718; baseline -0.002 -15"><span class='ocrx_word' id='word_1_406' title='bbox 2044 2649 2385 2704; x_wconf 79' lang='lat' dir='ltr'><strong>terrebatur.</strong></span> <span class='ocrx_word' id='word_1_407' title='bbox 2425 2646 2674 2718; x_wconf 76' lang='lat' dir='ltr'><strong>Namque</strong></span> <span class='ocrx_word' id='word_1_408' title='bbox 2703 2649 2757 2702; x_wconf 91' lang='lat' dir='ltr'><strong>in</strong></span> <span class='ocrx_word' id='word_1_409' title='bbox 2780 2647 3018 2711; x_wconf 79' lang='lat' dir='ltr'><strong>Piceno,</strong></span> <span class='ocrx_word' id='word_1_410' title='bbox 3037 2646 3245 2700; x_wconf 70' lang='lat' dir='ltr'><strong>ﬂumen</strong></span> <span class='ocrx_word' id='word_1_411' title='bbox 3274 2645 3540 2717; x_wconf 85' lang='lat' dir='ltr'><strong>sanguine</strong></span> <span class='ocrx_word' id='word_1_412' title='bbox 3565 2644 3625 2699; x_wconf 81' lang='lat' dir='ltr'><strong>ef</strong></span> <span class='ocrx_word' id='word_1_413' title='bbox 3642 2680 3646 2685; x_wconf 59' lang='grc' dir='ltr'><em>ρ</em></span> 
     </span>
    </p>
   </div>
   <div class='ocr_carea' id='block_1_48' title="bbox 2055 2735 3644 2809">
    <p class='ocr_par' dir='ltr' id='par_1_48' title="bbox 2055 2735 3644 2809">
     <span class='ocr_line' id='line_1_48' title="bbox 2055 2735 3644 2809; baseline -0.004 -16"><span class='ocrx_word' id='word_1_414' title='bbox 2055 2739 2233 2805; x_wconf 79' lang='lat' dir='ltr'><strong>ﬂuxit,</strong></span> <span class='ocrx_word' id='word_1_415' title='bbox 2266 2747 2322 2793; x_wconf 92' lang='lat' dir='ltr'><strong>et</strong></span> <span class='ocrx_word' id='word_1_416' title='bbox 2368 2736 2510 2809; x_wconf 88' lang='lat' dir='ltr'><strong>apud</strong></span> <span class='ocrx_word' id='word_1_417' title='bbox 2542 2737 2750 2793; x_wconf 86' lang='lat' dir='ltr'><strong>Tuscos</strong></span> <span class='ocrx_word' id='word_1_418' title='bbox 2787 2737 2984 2793; x_wconf 87' lang='lat' dir='ltr'><strong>coelum</strong></span> <span class='ocrx_word' id='word_1_419' title='bbox 3031 2736 3224 2790; x_wconf 85' lang='lat' dir='ltr'><strong>ardere</strong></span> <span class='ocrx_word' id='word_1_420' title='bbox 3255 2735 3427 2789; x_wconf 86' lang='lat' dir='ltr'><strong>visum</strong></span> <span class='ocrx_word' id='word_1_421' title='bbox 3450 2741 3561 2800; x_wconf 86' lang='lat' dir='ltr'><strong>est,</strong></span> <span class='ocrx_word' id='word_1_422' title='bbox 3587 2741 3644 2787; x_wconf 85' lang='lat' dir='ltr'><strong>et</strong></span> 
     </span>
    </p>
   </div>
   <div class='ocr_carea' id='block_1_49' title="bbox 2055 2828 3645 2893">
    <p class='ocr_par' dir='ltr' id='par_1_49' title="bbox 2055 2828 3645 2893">
     <span class='ocr_line' id='line_1_49' title="bbox 2055 2828 3645 2893; baseline -0.001 -7"><span class='ocrx_word' id='word_1_423' title='bbox 2055 2831 2286 2887; x_wconf 79' lang='lat' dir='ltr'><strong>Arimini</strong></span> <span class='ocrx_word' id='word_1_424' title='bbox 2315 2841 2472 2887; x_wconf 86' lang='lat' dir='ltr'><strong>nocte</strong></span> <span class='ocrx_word' id='word_1_425' title='bbox 2500 2831 2729 2886; x_wconf 84' lang='lat' dir='ltr'><strong>multam</strong></span> <span class='ocrx_word' id='word_1_426' title='bbox 2775 2831 2950 2887; x_wconf 86' lang='lat' dir='ltr'><strong>lucem</strong></span> <span class='ocrx_word' id='word_1_427' title='bbox 2996 2831 3201 2887; x_wconf 85' lang='lat' dir='ltr'><strong>claram</strong></span> <span class='ocrx_word' id='word_1_428' title='bbox 3239 2828 3524 2893; x_wconf 78' lang='lat' dir='ltr'><strong>ell‘ulsisse,</strong></span> <span class='ocrx_word' id='word_1_429' title='bbox 3579 2845 3645 2885; x_wconf 88' lang='lat' dir='ltr'><strong>ac</strong></span> 
     </span>
    </p>
   </div>
   <div class='ocr_carea' id='block_1_50' title="bbox 2057 2922 3619 2993">
    <p class='ocr_par' dir='ltr' id='par_1_50' title="bbox 2057 2922 3619 2993">
     <span class='ocr_line' id='line_1_50' title="bbox 2057 2922 3619 2993; baseline -0.003 -15"><span class='ocrx_word' id='word_1_430' title='bbox 2057 2934 2170 2980; x_wconf 86' lang='lat' dir='ltr'><strong>tres</strong></span> <span class='ocrx_word' id='word_1_431' title='bbox 2198 2925 2355 2979; x_wconf 87' lang='lat' dir='ltr'><strong>lunas</strong></span> <span class='ocrx_word' id='word_1_432' title='bbox 2394 2924 2722 2980; x_wconf 88' lang='lat' dir='ltr'><strong>distantibus</strong></span> <span class='ocrx_word' id='word_1_433' title='bbox 2742 2922 2869 2978; x_wconf 70' lang='lat' dir='ltr'><strong>cmli</strong></span> <span class='ocrx_word' id='word_1_434' title='bbox 2900 2922 3210 2993; x_wconf 86' lang='lat' dir='ltr'><strong>regionibus</strong></span> <span class='ocrx_word' id='word_1_435' title='bbox 3238 2930 3459 2976; x_wconf 78' lang='lat' dir='ltr'><strong>exortes</strong></span> <span class='ocrx_word' id='word_1_436' title='bbox 3480 2936 3619 2991; x_wconf 84' lang='lat' dir='ltr'><strong>appa</strong></span> 
     </span>
    </p>
   </div>
   <div class='ocr_carea' id='block_1_51' title="bbox 2049 3010 3648 3085">
    <p class='ocr_par' dir='ltr' id='par_1_51' title="bbox 2049 3010 3648 3085">
     <span class='ocr_line' id='line_1_51' title="bbox 2049 3010 3648 3085; baseline -0.003 -15"><span class='ocrx_word' id='word_1_437' title='bbox 2049 3016 2253 3071; x_wconf 80' lang='lat' dir='ltr'><strong>ruisse.</strong></span> <span class='ocrx_word' id='word_1_438' title='bbox 2301 3015 2453 3071; x_wconf 85' lang='lat' dir='ltr'><strong>Tunc</strong></span> <span class='ocrx_word' id='word_1_439' title='bbox 2482 3029 2698 3084; x_wconf 88' lang='lat' dir='ltr'><strong>quoque</strong></span> <span class='ocrx_word' id='word_1_440' title='bbox 2732 3028 2929 3085; x_wconf 82' lang='lat' dir='ltr'><strong>magno</strong></span> <span class='ocrx_word' id='word_1_441' title='bbox 2973 3023 3134 3068; x_wconf 73' lang='lat' dir='ltr'><strong>terra:</strong></span> <span class='ocrx_word' id='word_1_442' title='bbox 3185 3020 3334 3067; x_wconf 81' lang='lat' dir='ltr'><strong>motu</strong></span> <span class='ocrx_word' id='word_1_443' title='bbox 3374 3010 3540 3067; x_wconf 77' lang='lat' dir='ltr'><strong>Caria</strong></span> <span class='ocrx_word' id='word_1_444' title='bbox 3591 3019 3648 3067; x_wconf 84' lang='lat' dir='ltr'><strong>et</strong></span> 
     </span>
    </p>
   </div>
   <div class='ocr_carea' id='block_1_52' title="bbox 363 3082 3646 3175">
    <p class='ocr_par' dir='ltr' id='par_1_52' title="bbox 363 3082 3646 3175">
     <span class='ocr_line' id='line_1_52' title="bbox 363 3082 3646 3175; baseline -0.002 -26"><span class='ocrx_word' id='word_1_445' title='bbox 363 3109 512 3159; x_wconf 89' lang='lat' dir='ltr'><strong>nem,</strong></span> <span class='ocrx_word' id='word_1_446' title='bbox 550 3093 641 3148; x_wconf 88' lang='lat' dir='ltr'><strong>ubi</strong></span> <span class='ocrx_word' id='word_1_447' title='bbox 676 3094 869 3171; x_wconf 87' lang='lat' dir='ltr'><strong>turrim</strong></span> <span class='ocrx_word' id='word_1_448' title='bbox 906 3093 1195 3175; x_wconf 70' lang='lat' dir='ltr'><strong>aedificavit</strong></span> <span class='ocrx_word' id='word_1_449' title='bbox 1238 3092 1623 3159; x_wconf 82' lang='lat' dir='ltr'><strong>fortissimam,</strong></span> <span class='ocrx_word' id='word_1_450' title='bbox 1665 3109 1735 3149; x_wconf 82' lang='lat' dir='ltr'><strong>ex</strong></span> <span class='ocrx_word' id='word_1_451' title='bbox 1779 3095 1955 3165; x_wconf 88' lang='lat' dir='ltr'><strong>lapide</strong></span> <span class='ocrx_word' id='word_1_452' title='bbox 1982 3082 2026 3144; x_wconf 91' lang='lat' dir='ltr'><strong>C</strong></span> <span class='ocrx_word' id='word_1_453' title='bbox 2060 3104 2281 3161; x_wconf 66' lang='lat' dir='ltr'><strong>Rhodus</strong></span> <span class='ocrx_word' id='word_1_454' title='bbox 2307 3082 2516 3161; x_wconf 57' lang='grc' dir='ltr'><strong>ίηευιαζ</strong></span> <span class='ocrx_word' id='word_1_455' title='bbox 2545 3082 2991 3163; x_wconf 45' lang='lat' dir='ltr'><strong>adéoconéussa,</strong></span> <span class='ocrx_word' id='word_1_456' title='bbox 3018 3114 3166 3169; x_wconf 59' lang='lat' dir='ltr'><strong>sum,</strong></span> <span class='ocrx_word' id='word_1_457' title='bbox 3196 3112 3288 3169; x_wconf 49' lang='grc' dir='ltr'><strong>,ω’</strong></span> <span class='ocrx_word' id='word_1_458' title='bbox 3337 3102 3646 3159; x_wconf 54' lang='lat' dir='ltr'><strong>hbeam.“</strong></span> 
     </span>
    </p>
   </div>
   <div class='ocr_carea' id='block_1_53' title="bbox 361 3184 1956 3255">
    <p class='ocr_par' dir='ltr' id='par_1_53' title="bbox 361 3184 1956 3255">
     <span class='ocr_line' id='line_1_53' title="bbox 361 3184 1956 3255; baseline 0 -16"><span class='ocrx_word' id='word_1_459' title='bbox 361 3184 489 3239; x_wconf 90' lang='lat' dir='ltr'><strong>albo</strong></span> <span class='ocrx_word' id='word_1_460' title='bbox 510 3193 832 3239; x_wconf 88' lang='lat' dir='ltr'><strong>construens</strong></span> <span class='ocrx_word' id='word_1_461' title='bbox 853 3198 997 3250; x_wconf 87' lang='lat' dir='ltr'><strong>eam,</strong></span> <span class='ocrx_word' id='word_1_462' title='bbox 1024 3191 1082 3239; x_wconf 92' lang='lat' dir='ltr'><strong>et</strong></span> <span class='ocrx_word' id='word_1_463' title='bbox 1111 3192 1277 3238; x_wconf 80' lang='lat' dir='ltr'><strong>totam</strong></span> <span class='ocrx_word' id='word_1_464' title='bbox 1307 3199 1477 3255; x_wconf 89' lang='lat' dir='ltr'><strong>usque</strong></span> <span class='ocrx_word' id='word_1_465' title='bbox 1500 3186 1568 3241; x_wconf 90' lang='lat' dir='ltr'><strong>ad</strong></span> <span class='ocrx_word' id='word_1_466' title='bbox 1590 3194 1790 3241; x_wconf 86' lang='lat' dir='ltr'><strong>terram</strong></span> <span class='ocrx_word' id='word_1_467' title='bbox 1814 3186 1956 3241; x_wconf 89' lang='lat' dir='ltr'><strong>scul-</strong></span> 
     </span>
    </p>
   </div>
   <div class='ocr_carea' id='block_1_54' title="bbox 358 3273 1954 3346">
    <p class='ocr_par' dir='ltr' id='par_1_54' title="bbox 358 3273 1954 3346">
     <span class='ocr_line' id='line_1_54' title="bbox 358 3273 1954 3346; baseline 0.001 -17"><span class='ocrx_word' id='word_1_468' title='bbox 358 3275 496 3346; x_wconf 83' lang='lat' dir='ltr'><strong>psit,</strong></span> <span class='ocrx_word' id='word_1_469' title='bbox 528 3274 850 3330; x_wconf 89' lang='lat' dir='ltr'><strong>animalibus</strong></span> <span class='ocrx_word' id='word_1_470' title='bbox 878 3273 1108 3330; x_wconf 87' lang='lat' dir='ltr'><strong>diversis</strong></span> <span class='ocrx_word' id='word_1_471' title='bbox 1128 3281 1182 3329; x_wconf 90' lang='lat' dir='ltr'><strong>et</strong></span> <span class='ocrx_word' id='word_1_472' title='bbox 1203 3274 1427 3344; x_wconf 90' lang='lat' dir='ltr'><strong>reliquis</strong></span> <span class='ocrx_word' id='word_1_473' title='bbox 1463 3275 1800 3331; x_wconf 87' lang='lat' dir='ltr'><strong>mirabilibus</strong></span> <span class='ocrx_word' id='word_1_474' title='bbox 1829 3277 1954 3332; x_wconf 70' lang='lat' dir='ltr'><strong>tedi-</strong></span> 
     </span>
    </p>
   </div>
   <div class='ocr_carea' id='block_1_55' title="bbox 369 3364 1787 3436">
    <p class='ocr_par' dir='ltr' id='par_1_55' title="bbox 369 3364 1787 3436">
     <span class='ocr_line' id='line_1_55' title="bbox 369 3364 1787 3436; baseline -0.003 -15"><span class='ocrx_word' id='word_1_475' title='bbox 369 3364 508 3421; x_wconf 80' lang='lat' dir='ltr'><strong>liciis</strong></span> <span class='ocrx_word' id='word_1_476' title='bbox 534 3365 712 3421; x_wconf 91' lang='lat' dir='ltr'><strong>locum</strong></span> <span class='ocrx_word' id='word_1_477' title='bbox 739 3364 992 3430; x_wconf 85' lang='lat' dir='ltr'><strong>munivit,</strong></span> <span class='ocrx_word' id='word_1_478' title='bbox 1022 3377 1183 3433; x_wconf 88' lang='lat' dir='ltr'><strong>quem</strong></span> <span class='ocrx_word' id='word_1_479' title='bbox 1207 3364 1410 3436; x_wconf 83' lang='lat' dir='ltr'><strong>Tyrum</strong></span> <span class='ocrx_word' id='word_1_480' title='bbox 1438 3367 1787 3435; x_wconf 89' lang='lat' dir='ltr'><strong>nuncupavit.</strong></span> 
     </span>
    </p>
   </div>
   <div class='ocr_carea' id='block_1_56' title="bbox 994 3478 1307 3535">
    <p class='ocr_par' dir='ltr' id='par_1_56' title="bbox 994 3478 1307 3535">
     <span class='ocr_line' id='line_1_56' title="bbox 994 3478 1307 3535; baseline 0.003 -1"><span class='ocrx_word' id='word_1_481' title='bbox 994 3478 1223 3535; x_wconf 68' lang='lat' dir='ltr'><strong>CAPUT</strong></span> <span class='ocrx_word' id='word_1_482' title='bbox 1269 3480 1307 3535; x_wconf 72' lang='grc' dir='ltr'><strong>Υ</strong></span> 
     </span>
    </p>
   </div>
   <div class='ocr_carea' id='block_1_57' title="bbox 370 3571 1954 3645">
    <p class='ocr_par' dir='ltr' id='par_1_57' title="bbox 370 3571 1954 3645">
     <span class='ocr_line' id='line_1_57' title="bbox 370 3571 1954 3645; baseline -0.001 -15"><span class='ocrx_word' id='word_1_483' title='bbox 370 3576 577 3631; x_wconf 78' lang='lat' dir='ltr'><strong>Eodem</strong></span> <span class='ocrx_word' id='word_1_484' title='bbox 605 3585 834 3645; x_wconf 84' lang='lat' dir='ltr'><strong>tempore</strong></span> <span class='ocrx_word' id='word_1_485' title='bbox 851 3571 1063 3645; x_wconf 68' lang='lat' dir='ltr'><strong>:Partlti</strong></span> <span class='ocrx_word' id='word_1_486' title='bbox 1081 3590 1113 3626; x_wconf 89' lang='lat' dir='ltr'><strong><em>a</em></strong></span> <span class='ocrx_word' id='word_1_487' title='bbox 1132 3573 1271 3644; x_wconf 84' lang='lat' dir='ltr'><strong>jugo</strong></span> <span class='ocrx_word' id='word_1_488' title='bbox 1303 3573 1652 3630; x_wconf 75' lang='lat' dir='ltr'><strong>Macedonum</strong></span> <span class='ocrx_word' id='word_1_489' title='bbox 1680 3575 1954 3639; x_wconf 64' lang='lat' dir='ltr'><strong>recedunt,</strong></span> 
     </span>
    </p>
   </div>
   <div class='ocr_carea' id='block_1_58' title="bbox 438 3643 1956 3715">
    <p class='ocr_par' dir='ltr' id='par_1_58' title="bbox 438 3643 1956 3715">
     <span class='ocr_line' id='line_1_58' title="bbox 438 3643 1956 3715; baseline -0.001 -16"><span class='ocrx_word' id='word_1_490' title='bbox 438 3645 665 3699; x_wconf 77' lang='lat' dir='ltr'><strong>Romani</strong></span> <span class='ocrx_word' id='word_1_491' title='bbox 695 3643 788 3715; x_wconf 70' lang='lat' dir='ltr'><strong>per</strong></span> <span class='ocrx_word' id='word_1_492' title='bbox 815 3645 941 3697; x_wconf 85' lang='lat' dir='ltr'><strong>anni</strong></span> <span class='ocrx_word' id='word_1_493' title='bbox 972 3643 1127 3697; x_wconf 80' lang='lat' dir='ltr'><strong>unius</strong></span> <span class='ocrx_word' id='word_1_494' title='bbox 1171 3643 1401 3715; x_wconf 77' lang='lat' dir='ltr'><strong>spatium</strong></span> <span class='ocrx_word' id='word_1_495' title='bbox 1443 3646 1659 3715; x_wconf 76' lang='lat' dir='ltr'><strong>paciﬁca</strong></span> <span class='ocrx_word' id='word_1_496' title='bbox 1684 3646 1795 3697; x_wconf 79' lang='lat' dir='ltr'><strong>sine</strong></span> <span class='ocrx_word' id='word_1_497' title='bbox 1824 3645 1956 3698; x_wconf 80' lang='lat' dir='ltr'><strong>bello</strong></span> 
     </span>
    </p>
   </div>
   <div class='ocr_carea' id='block_1_59' title="bbox 436 3714 1957 3786">
    <p class='ocr_par' dir='ltr' id='par_1_59' title="bbox 436 3714 1957 3786">
     <span class='ocr_line' id='line_1_59' title="bbox 436 3714 1957 3786; baseline -0.002 -16"><span class='ocrx_word' id='word_1_498' title='bbox 436 3717 693 3786; x_wconf 80' lang='lat' dir='ltr'><strong>degerunt</strong></span> <span class='ocrx_word' id='word_1_499' title='bbox 723 3715 913 3786; x_wconf 54' lang='lat' dir='ltr'><strong>{quod</strong></span> <span class='ocrx_word' id='word_1_500' title='bbox 960 3714 1035 3766; x_wconf 71' lang='lat' dir='ltr'><strong>eis</strong></span> <span class='ocrx_word' id='word_1_501' title='bbox 1081 3728 1186 3768; x_wconf 87' lang='lat' dir='ltr'><strong>non</strong></span> <span class='ocrx_word' id='word_1_502' title='bbox 1234 3714 1520 3786; x_wconf 75' lang='lat' dir='ltr'><strong>contigerat</strong></span> <span class='ocrx_word' id='word_1_503' title='bbox 1569 3731 1662 3784; x_wconf 80' lang='lat' dir='ltr'><strong>per</strong></span> <span class='ocrx_word' id='word_1_504' title='bbox 1698 3732 1957 3786; x_wconf 63' lang='lat' dir='ltr'><strong>annorum</strong></span> 
     </span>
    </p>
   </div>
   <div class='ocr_carea' id='block_1_60' title="bbox 437 3783 1959 3856">
    <p class='ocr_par' dir='ltr' id='par_1_60' title="bbox 437 3783 1959 3856">
     <span class='ocr_line' id='line_1_60' title="bbox 437 3783 1959 3856; baseline 0.001 -18"><span class='ocrx_word' id='word_1_505' title='bbox 437 3783 668 3856; x_wconf 69' lang='lat' dir='ltr'><strong>spdtium</strong></span> <span class='ocrx_word' id='word_1_506' title='bbox 701 3783 826 3848; x_wconf 66' lang='lat'><strong>450,</strong></span> <span class='ocrx_word' id='word_1_507' title='bbox 858 3783 913 3836; x_wconf 81' lang='lat' dir='ltr'><strong>id</strong></span> <span class='ocrx_word' id='word_1_508' title='bbox 937 3793 1034 3856; x_wconf 75' lang='lat' dir='ltr'><strong>est,</strong></span> <span class='ocrx_word' id='word_1_509' title='bbox 1059 3799 1091 3835; x_wconf 89' lang='lat' dir='ltr'><strong>a</strong></span> <span class='ocrx_word' id='word_1_510' title='bbox 1123 3793 1353 3853; x_wconf 80' lang='lat' dir='ltr'><strong>tempore</strong></span> <span class='ocrx_word' id='word_1_511' title='bbox 1377 3783 1576 3856; x_wconf 67' lang='lat' dir='ltr'><strong>Numa?</strong></span> <span class='ocrx_word' id='word_1_512' title='bbox 1614 3786 1772 3854; x_wconf 76' lang='lat' dir='ltr'><strong>regis.</strong></span> <span class='ocrx_word' id='word_1_513' title='bbox 1816 3783 1959 3839; x_wconf 68' lang='lat' dir='ltr'><strong>Hinc</strong></span> 
     </span>
    </p>
   </div>
   <div class='ocr_carea' id='block_1_61' title="bbox 440 3853 1961 3927">
    <p class='ocr_par' dir='ltr' id='par_1_61' title="bbox 440 3853 1961 3927">
     <span class='ocr_line' id='line_1_61' title="bbox 440 3853 1961 3927; baseline -0.001 -17"><span class='ocrx_word' id='word_1_514' title='bbox 440 3853 734 3927; x_wconf 68' lang='lat' dir='ltr'><strong>sequuntur</strong></span> <span class='ocrx_word' id='word_1_515' title='bbox 783 3854 1017 3927; x_wconf 64' lang='lat' dir='ltr'><strong>ingentis</strong></span> <span class='ocrx_word' id='word_1_516' title='bbox 1075 3863 1124 3907; x_wconf 84' lang='lat' dir='ltr'><strong>et</strong></span> <span class='ocrx_word' id='word_1_517' title='bbox 1186 3853 1556 3927; x_wconf 68' lang='lat' dir='ltr'><strong>graviu__bella</strong></span> <span class='ocrx_word' id='word_1_518' title='bbox 1582 3894 1596 3919; x_wconf 95' lang='lat'><strong>,</strong></span> <span class='ocrx_word' id='word_1_519' title='bbox 1655 3871 1797 3927; x_wconf 61' lang='lat' dir='ltr'><strong>grue</strong></span> <span class='ocrx_word' id='word_1_520' title='bbox 1824 3856 1961 3908; x_wconf 79' lang='lat' dir='ltr'><strong>inter</strong></span> 
     </span>
    </p>
   </div>
   <div class='ocr_carea' id='block_1_62' title="bbox 444 3920 1961 3995">
    <p class='ocr_par' dir='ltr' id='par_1_62' title="bbox 444 3920 1961 3995">
     <span class='ocr_line' id='line_1_62' title="bbox 444 3920 1961 3995; baseline -0.002 -14"><span class='ocrx_word' id='word_1_521' title='bbox 444 3920 713 3981; x_wconf 76' lang='lat' dir='ltr'><strong>Rontanos</strong></span> <span class='ocrx_word' id='word_1_522' title='bbox 765 3934 815 3978; x_wconf 86' lang='lat' dir='ltr'><strong>et</strong></span> <span class='ocrx_word' id='word_1_523' title='bbox 843 3920 1053 3976; x_wconf 50' lang='lat' dir='ltr'><strong>&#39;Gallos</strong></span> <span class='ocrx_word' id='word_1_524' title='bbox 1102 3920 1266 3994; x_wconf 64' lang='lat' dir='ltr'><strong>atque</strong></span> <span class='ocrx_word' id='word_1_525' title='bbox 1329 3923 1578 3990; x_wconf 77' lang='lat' dir='ltr'><strong>Histros,</strong></span> <span class='ocrx_word' id='word_1_526' title='bbox 1644 3920 1961 3995; x_wconf 77' lang='lat' dir='ltr'><strong>Illyriosque</strong></span> 
     </span>
    </p>
   </div>
   <div class='ocr_carea' id='block_1_63' title="bbox 438 4004 762 4067">
    <p class='ocr_par' dir='ltr' id='par_1_63' title="bbox 438 4004 762 4067">
     <span class='ocr_line' id='line_1_63' title="bbox 438 4004 762 4067; baseline -0.006 -17"><span class='ocrx_word' id='word_1_527' title='bbox 438 4005 588 4067; x_wconf 80' lang='lat' dir='ltr'><strong>gesta</strong></span> <span class='ocrx_word' id='word_1_528' title='bbox 622 4004 762 4049; x_wconf 76' lang='lat' dir='ltr'><strong>sunt.</strong></span> 
     </span>
    </p>
   </div>
   <div class='ocr_carea' id='block_1_64' title="bbox 444 4106 1961 4177">
    <p class='ocr_par' dir='ltr' id='par_1_64' title="bbox 444 4106 1961 4177">
     <span class='ocr_line' id='line_1_64' title="bbox 444 4106 1961 4177; baseline -0.001 -12"><span class='ocrx_word' id='word_1_529' title='bbox 444 4109 632 4165; x_wconf 85' lang='lat' dir='ltr'><strong>Parthi</strong></span> <span class='ocrx_word' id='word_1_530' title='bbox 672 4123 800 4163; x_wconf 90' lang='lat' dir='ltr'><strong>vero</strong></span> <span class='ocrx_word' id='word_1_531' title='bbox 845 4124 910 4163; x_wconf 89' lang='lat' dir='ltr'><strong>eo</strong></span> <span class='ocrx_word' id='word_1_532' title='bbox 944 4116 1190 4177; x_wconf 83' lang='lat' dir='ltr'><strong>tempore</strong></span> <span class='ocrx_word' id='word_1_533' title='bbox 1234 4107 1306 4162; x_wconf 82' lang='lat' dir='ltr'><strong>ab</strong></span> <span class='ocrx_word' id='word_1_534' title='bbox 1338 4107 1567 4177; x_wconf 86' lang='lat' dir='ltr'><strong>imperio</strong></span> <span class='ocrx_word' id='word_1_535' title='bbox 1607 4106 1961 4163; x_wconf 87' lang='lat' dir='ltr'><strong>Macedonum</strong></span> 
     </span>
    </p>
   </div>
   <div class='ocr_carea' id='block_1_65' title="bbox 373 4197 1961 4270">
    <p class='ocr_par' dir='ltr' id='par_1_65' title="bbox 373 4197 1961 4270">
     <span class='ocr_line' id='line_1_65' title="bbox 373 4197 1961 4270; baseline 0 -15"><span class='ocrx_word' id='word_1_536' title='bbox 373 4209 743 4265; x_wconf 86' lang='lat' dir='ltr'><strong>recesserunt,</strong></span> <span class='ocrx_word' id='word_1_537' title='bbox 774 4200 970 4269; x_wconf 82' lang='lat' dir='ltr'><strong>quibus</strong></span> <span class='ocrx_word' id='word_1_538' title='bbox 995 4199 1243 4270; x_wconf 81' lang='lat' dir='ltr'><strong>regnavit</strong></span> <span class='ocrx_word' id='word_1_539' title='bbox 1275 4198 1496 4268; x_wconf 78' lang='lat' dir='ltr'><strong>primus</strong></span> <span class='ocrx_word' id='word_1_540' title='bbox 1529 4197 1786 4264; x_wconf 76' lang='lat' dir='ltr'><strong>Arsaces,</strong></span> <span class='ocrx_word' id='word_1_541' title='bbox 1814 4200 1961 4255; x_wconf 88' lang='lat' dir='ltr'><strong>unde</strong></span> 
     </span>
    </p>
   </div>
   <div class='ocr_carea' id='block_1_66' title="bbox 374 4288 1964 4361">
    <p class='ocr_par' dir='ltr' id='par_1_66' title="bbox 374 4288 1964 4361">
     <span class='ocr_line' id='line_1_66' title="bbox 374 4288 1964 4361; baseline -0.001 -15"><span class='ocrx_word' id='word_1_542' title='bbox 374 4299 429 4346; x_wconf 86' lang='lat' dir='ltr'><strong>ct</strong></span> <span class='ocrx_word' id='word_1_543' title='bbox 464 4289 755 4346; x_wconf 84' lang='lat' dir='ltr'><strong>Arsacides</strong></span> <span class='ocrx_word' id='word_1_544' title='bbox 791 4290 941 4344; x_wconf 89' lang='lat' dir='ltr'><strong>dicti.</strong></span> <span class='ocrx_word' id='word_1_545' title='bbox 978 4288 1305 4345; x_wconf 69' lang='lat' dir='ltr'><strong>Macedonia:</strong></span> <span class='ocrx_word' id='word_1_546' title='bbox 1332 4303 1460 4343; x_wconf 88' lang='lat' dir='ltr'><strong>vero</strong></span> <span class='ocrx_word' id='word_1_547' title='bbox 1490 4289 1813 4356; x_wconf 87' lang='lat' dir='ltr'><strong>Demetrius,</strong></span> <span class='ocrx_word' id='word_1_548' title='bbox 1841 4298 1964 4361; x_wconf 87' lang='lat' dir='ltr'><strong>post</strong></span> 
     </span>
    </p>
   </div>
   <div class='ocr_carea' id='block_1_67' title="bbox 2058 3196 3639 3269">
    <p class='ocr_par' dir='ltr' id='par_1_67' title="bbox 2058 3196 3639 3269">
     <span class='ocr_line' id='line_1_67' title="bbox 2058 3196 3639 3269; baseline -0.001 -18"><span class='ocrx_word' id='word_1_549' title='bbox 2058 3198 2217 3268; x_wconf 86' lang='lat' dir='ltr'><strong>vulgo</strong></span> <span class='ocrx_word' id='word_1_550' title='bbox 2252 3198 2443 3263; x_wconf 86' lang='lat' dir='ltr'><strong>tectis,</strong></span> <span class='ocrx_word' id='word_1_551' title='bbox 2482 3199 2674 3269; x_wconf 81' lang='lat' dir='ltr'><strong>ingens</strong></span> <span class='ocrx_word' id='word_1_552' title='bbox 2730 3213 2946 3269; x_wconf 87' lang='lat' dir='ltr'><strong>quoque</strong></span> <span class='ocrx_word' id='word_1_553' title='bbox 3001 3197 3090 3253; x_wconf 90' lang='lat' dir='ltr'><strong>ille</strong></span> <span class='ocrx_word' id='word_1_554' title='bbox 3130 3196 3384 3253; x_wconf 82' lang='lat' dir='ltr'><strong>colossus</strong></span> <span class='ocrx_word' id='word_1_555' title='bbox 3428 3205 3639 3252; x_wconf 73' lang='lat' dir='ltr'><strong>rueret.</strong></span> 
     </span>
    </p>
   </div>
   <div class='ocr_carea' id='block_1_68' title="bbox 2059 3287 3646 3357">
    <p class='ocr_par' dir='ltr' id='par_1_68' title="bbox 2059 3287 3646 3357">
     <span class='ocr_line' id='line_1_68' title="bbox 2059 3287 3646 3357; baseline -0.002 -14"><span class='ocrx_word' id='word_1_556' title='bbox 2059 3288 2260 3343; x_wconf 86' lang='lat' dir='ltr'><strong>Eodem</strong></span> <span class='ocrx_word' id='word_1_557' title='bbox 2288 3304 2433 3343; x_wconf 90' lang='lat' dir='ltr'><strong>anno</strong></span> <span class='ocrx_word' id='word_1_558' title='bbox 2448 3288 2755 3343; x_wconf 78' lang='lat' dir='ltr'><strong>Flaminius</strong></span> <span class='ocrx_word' id='word_1_559' title='bbox 2774 3287 2983 3352; x_wconf 87' lang='lat' dir='ltr'><strong>consul,</strong></span> <span class='ocrx_word' id='word_1_560' title='bbox 3002 3287 3338 3357; x_wconf 80' lang='lat' dir='ltr'><strong>contemptis</strong></span> <span class='ocrx_word' id='word_1_561' title='bbox 3362 3287 3646 3355; x_wconf 84' lang='lat' dir='ltr'><strong>auspiciis,</strong></span> 
     </span>
    </p>
   </div>
   <div class='ocr_carea' id='block_1_69' title="bbox 2056 3377 3644 3450">
    <p class='ocr_par' dir='ltr' id='par_1_69' title="bbox 2056 3377 3644 3450">
     <span class='ocr_line' id='line_1_69' title="bbox 2056 3377 3644 3450; baseline -0.002 -15"><span class='ocrx_word' id='word_1_562' title='bbox 2056 3380 2253 3450; x_wconf 86' lang='lat' dir='ltr'><strong>quibus</strong></span> <span class='ocrx_word' id='word_1_563' title='bbox 2308 3396 2547 3450; x_wconf 85' lang='lat' dir='ltr'><strong>pugnare</strong></span> <span class='ocrx_word' id='word_1_564' title='bbox 2609 3380 3001 3450; x_wconf 80' lang='lat' dir='ltr'><strong>prohibebatur</strong></span> <span class='ocrx_word' id='word_1_565' title='bbox 3028 3420 3044 3445; x_wconf 89' lang='lat'><strong>,</strong></span> <span class='ocrx_word' id='word_1_566' title='bbox 3105 3378 3394 3434; x_wconf 78' lang='lat' dir='ltr'><strong>adversum</strong></span> <span class='ocrx_word' id='word_1_567' title='bbox 3458 3377 3644 3433; x_wconf 77' lang='lat' dir='ltr'><strong>Gallos</strong></span> 
     </span>
    </p>
   </div>
   <div class='ocr_carea' id='block_1_70' title="bbox 2057 3468 3641 3539">
    <p class='ocr_par' dir='ltr' id='par_1_70' title="bbox 2057 3468 3641 3539">
     <span class='ocr_line' id='line_1_70' title="bbox 2057 3468 3641 3539; baseline 0 -14"><span class='ocrx_word' id='word_1_568' title='bbox 2057 3470 2299 3527; x_wconf 67' lang='lat' dir='ltr'><strong>conflixit</strong></span> <span class='ocrx_word' id='word_1_569' title='bbox 2323 3478 2378 3524; x_wconf 90' lang='lat' dir='ltr'><strong>et</strong></span> <span class='ocrx_word' id='word_1_570' title='bbox 2408 3470 2557 3525; x_wconf 85' lang='lat' dir='ltr'><strong>vicit.</strong></span> <span class='ocrx_word' id='word_1_571' title='bbox 2587 3470 2644 3525; x_wconf 84' lang='lat' dir='ltr'><strong>In</strong></span> <span class='ocrx_word' id='word_1_572' title='bbox 2675 3485 2783 3539; x_wconf 88' lang='lat' dir='ltr'><strong>quo</strong></span> <span class='ocrx_word' id='word_1_573' title='bbox 2806 3468 2956 3524; x_wconf 88' lang='lat' dir='ltr'><strong>bello</strong></span> <span class='ocrx_word' id='word_1_574' title='bbox 2984 3469 3126 3525; x_wconf 88' lang='lat'><strong>9000</strong></span> <span class='ocrx_word' id='word_1_575' title='bbox 3145 3468 3423 3524; x_wconf 83' lang='lat' dir='ltr'><strong>Gallorum</strong></span> <span class='ocrx_word' id='word_1_576' title='bbox 3454 3484 3592 3525; x_wconf 64' lang='lat' dir='ltr'><strong>cassa</strong></span> <span class='ocrx_word' id='word_1_577' title='bbox 3622 3508 3641 3534; x_wconf 90' lang='lat'><strong>,</strong></span> 
     </span>
    </p>
   </div>
   <div class='ocr_carea' id='block_1_71' title="bbox 2061 3560 3643 3633">
    <p class='ocr_par' dir='ltr' id='par_1_71' title="bbox 2061 3560 3643 3633">
     <span class='ocr_line' id='line_1_71' title="bbox 2061 3560 3643 3633; baseline -0.001 -16"><span class='ocrx_word' id='word_1_578' title='bbox 2061 3562 2257 3628; x_wconf 71' lang='lat'><strong>~47,000</strong></span> <span class='ocrx_word' id='word_1_579' title='bbox 2283 3570 2439 3631; x_wconf 86' lang='lat' dir='ltr'><strong>capta</strong></span> <span class='ocrx_word' id='word_1_580' title='bbox 2467 3571 2613 3617; x_wconf 89' lang='lat' dir='ltr'><strong>sunt.</strong></span> <span class='ocrx_word' id='word_1_581' title='bbox 2636 3561 2769 3618; x_wconf 86' lang='lat' dir='ltr'><strong>Post</strong></span> <span class='ocrx_word' id='word_1_582' title='bbox 2810 3563 2926 3618; x_wconf 70' lang='lat' dir='ltr'><strong>hmo</strong></span> <span class='ocrx_word' id='word_1_583' title='bbox 2954 3561 3211 3617; x_wconf 88' lang='lat' dir='ltr'><strong>Claudius</strong></span> <span class='ocrx_word' id='word_1_584' title='bbox 3235 3560 3427 3616; x_wconf 89' lang='lat' dir='ltr'><strong>consul</strong></span> <span class='ocrx_word' id='word_1_585' title='bbox 3450 3572 3643 3633; x_wconf 80' lang='lat' dir='ltr'><strong>gesta-</strong></span> 
     </span>
    </p>
   </div>
   <div class='ocr_carea' id='block_1_72' title="bbox 2061 3651 3644 3722">
    <p class='ocr_par' dir='ltr' id='par_1_72' title="bbox 2061 3651 3644 3722">
     <span class='ocr_line' id='line_1_72' title="bbox 2061 3651 3644 3722; baseline 0.001 -14"><span class='ocrx_word' id='word_1_586' title='bbox 2061 3663 2238 3708; x_wconf 86' lang='lat' dir='ltr'><strong>torum</strong></span> <span class='ocrx_word' id='word_1_587' title='bbox 2268 3652 2467 3716; x_wconf 78' lang='lat'><strong>50,000</strong></span> <span class='ocrx_word' id='word_1_588' title='bbox 2500 3652 2716 3717; x_wconf 88' lang='lat' dir='ltr'><strong>delevit,</strong></span> <span class='ocrx_word' id='word_1_589' title='bbox 2761 3652 2850 3707; x_wconf 90' lang='lat' dir='ltr'><strong>ubi</strong></span> <span class='ocrx_word' id='word_1_590' title='bbox 2902 3653 3065 3707; x_wconf 86' lang='lat' dir='ltr'><strong>etiam</strong></span> <span class='ocrx_word' id='word_1_591' title='bbox 3114 3652 3236 3722; x_wconf 82' lang='lat' dir='ltr'><strong>ipse</strong></span> <span class='ocrx_word' id='word_1_592' title='bbox 3284 3651 3644 3709; x_wconf 81' lang='lat' dir='ltr'><strong>Judomarum</strong></span> 
     </span>
    </p>
   </div>
   <div class='ocr_carea' id='block_1_73' title="bbox 2060 3744 3640 3815">
    <p class='ocr_par' dir='ltr' id='par_1_73' title="bbox 2060 3744 3640 3815">
     <span class='ocr_line' id='line_1_73' title="bbox 2060 3744 3640 3815; baseline 0.001 -15"><span class='ocrx_word' id='word_1_593' title='bbox 2060 3759 2241 3815; x_wconf 82' lang='lat' dir='ltr'><strong>regem</strong></span> <span class='ocrx_word' id='word_1_594' title='bbox 2270 3744 2323 3803; x_wconf 90' lang='lat' dir='ltr'><strong>in</strong></span> <span class='ocrx_word' id='word_1_595' title='bbox 2338 3744 2580 3814; x_wconf 77' lang='lat' dir='ltr'><strong>primam</strong></span> <span class='ocrx_word' id='word_1_596' title='bbox 2608 3745 2781 3801; x_wconf 82' lang='lat' dir='ltr'><strong>aciem</strong></span> <span class='ocrx_word' id='word_1_597' title='bbox 2807 3758 3130 3814; x_wconf 79' lang='lat' dir='ltr'><strong>progressus</strong></span> <span class='ocrx_word' id='word_1_598' title='bbox 3155 3744 3377 3810; x_wconf 86' lang='lat' dir='ltr'><strong>occidit,</strong></span> <span class='ocrx_word' id='word_1_599' title='bbox 3407 3756 3465 3800; x_wconf 88' lang='lat' dir='ltr'><strong>et</strong></span> <span class='ocrx_word' id='word_1_600' title='bbox 3507 3747 3640 3801; x_wconf 71' lang='lat' dir='ltr'><strong>inter</strong></span> 
     </span>
    </p>
   </div>
   <div class='ocr_carea' id='block_1_74' title="bbox 2058 3835 3649 3910">
    <p class='ocr_par' dir='ltr' id='par_1_74' title="bbox 2058 3835 3649 3910">
     <span class='ocr_line' id='line_1_74' title="bbox 2058 3835 3649 3910; baseline 0.001 -20"><span class='ocrx_word' id='word_1_601' title='bbox 2058 3835 2229 3890; x_wconf 85' lang='lat' dir='ltr'><strong>multa</strong></span> <span class='ocrx_word' id='word_1_602' title='bbox 2270 3836 2573 3892; x_wconf 83' lang='lat' dir='ltr'><strong>Insubrium</strong></span> <span class='ocrx_word' id='word_1_603' title='bbox 2600 3877 2615 3902; x_wconf 94' lang='lat'><strong>,</strong></span> <span class='ocrx_word' id='word_1_604' title='bbox 2648 3850 2770 3906; x_wconf 67' lang='lat' dir='ltr'><strong>quae</strong></span> <span class='ocrx_word' id='word_1_605' title='bbox 2803 3836 2873 3891; x_wconf 91' lang='lat' dir='ltr'><strong>ad</strong></span> <span class='ocrx_word' id='word_1_606' title='bbox 2901 3836 3230 3892; x_wconf 85' lang='lat' dir='ltr'><strong>deditionem</strong></span> <span class='ocrx_word' id='word_1_607' title='bbox 3256 3850 3506 3909; x_wconf 71' lang='lat' dir='ltr'><strong>coegerat</strong></span> <span class='ocrx_word' id='word_1_608' title='bbox 3549 3854 3649 3910; x_wconf 84' lang='lat' dir='ltr'><strong>op—</strong></span> 
     </span>
    </p>
   </div>
   <div class='ocr_carea' id='block_1_75' title="bbox 2060 3925 3645 3996">
    <p class='ocr_par' dir='ltr' id='par_1_75' title="bbox 2060 3925 3645 3996">
     <span class='ocr_line' id='line_1_75' title="bbox 2060 3925 3645 3996; baseline 0.003 -17"><span class='ocrx_word' id='word_1_609' title='bbox 2060 3926 2226 3995; x_wconf 84' lang='lat' dir='ltr'><strong>pida,</strong></span> <span class='ocrx_word' id='word_1_610' title='bbox 2273 3925 2633 3981; x_wconf 77' lang='lat' dir='ltr'><strong>Mediolanum</strong></span> <span class='ocrx_word' id='word_1_611' title='bbox 2688 3941 2904 3996; x_wconf 84' lang='lat' dir='ltr'><strong>quoque</strong></span> <span class='ocrx_word' id='word_1_612' title='bbox 2964 3927 3155 3982; x_wconf 85' lang='lat' dir='ltr'><strong>urbem</strong></span> <span class='ocrx_word' id='word_1_613' title='bbox 3200 3927 3645 3984; x_wconf 70' lang='lat' dir='ltr'><strong>ﬂorentissimam</strong></span> 
     </span>
    </p>
   </div>
   <div class='ocr_carea' id='block_1_76' title="bbox 2062 4019 3707 4094">
    <p class='ocr_par' dir='ltr' id='par_1_76' title="bbox 2062 4019 3707 4094">
     <span class='ocr_line' id='line_1_76' title="bbox 2062 4019 3707 4094; baseline 0.002 -20"><span class='ocrx_word' id='word_1_614' title='bbox 2062 4019 2225 4090; x_wconf 86' lang='lat' dir='ltr'><strong>cepit.</strong></span> <span class='ocrx_word' id='word_1_615' title='bbox 2258 4020 2461 4075; x_wconf 77' lang='lat' dir='ltr'><strong>Deinde</strong></span> <span class='ocrx_word' id='word_1_616' title='bbox 2492 4019 2658 4077; x_wconf 90' lang='lat' dir='ltr'><strong>llistri</strong></span> <span class='ocrx_word' id='word_1_617' title='bbox 2692 4021 2818 4073; x_wconf 85' lang='lat' dir='ltr'><strong>novi</strong></span> <span class='ocrx_word' id='word_1_618' title='bbox 2848 4020 3032 4075; x_wconf 84' lang='lat' dir='ltr'><strong>hostes</strong></span> <span class='ocrx_word' id='word_1_619' title='bbox 3056 4020 3284 4077; x_wconf 79' lang='lat' dir='ltr'><strong>excitati</strong></span> <span class='ocrx_word' id='word_1_620' title='bbox 3309 4032 3461 4089; x_wconf 87' lang='lat' dir='ltr'><strong>sunt,</strong></span> <span class='ocrx_word' id='word_1_621' title='bbox 3508 4038 3648 4094; x_wconf 77' lang='lat' dir='ltr'><strong>quos</strong></span> <span class='ocrx_word' id='word_1_622' title='bbox 3692 4052 3707 4069; x_wconf 70' lang='grc' dir='ltr'><em>ο</em></span> 
     </span>
    </p>
   </div>
   <div class='ocr_carea' id='block_1_77' title="bbox 2064 4108 3648 4182">
    <p class='ocr_par' dir='ltr' id='par_1_77' title="bbox 2064 4108 3648 4182">
     <span class='ocr_line' id='line_1_77' title="bbox 2064 4108 3648 4182; baseline 0.001 -18"><span class='ocrx_word' id='word_1_623' title='bbox 2064 4108 2349 4165; x_wconf 84' lang='lat' dir='ltr'><strong>Cornelius</strong></span> <span class='ocrx_word' id='word_1_624' title='bbox 2374 4108 2742 4180; x_wconf 70' lang='lat' dir='ltr'><strong>Hinutiusque</strong></span> <span class='ocrx_word' id='word_1_625' title='bbox 2767 4109 3019 4166; x_wconf 87' lang='lat' dir='ltr'><strong>consules</strong></span> <span class='ocrx_word' id='word_1_626' title='bbox 3054 4111 3225 4165; x_wconf 85' lang='lat' dir='ltr'><strong>multo</strong></span> <span class='ocrx_word' id='word_1_627' title='bbox 3266 4112 3486 4182; x_wconf 76' lang='lat' dir='ltr'><strong>quidem</strong></span> <span class='ocrx_word' id='word_1_628' title='bbox 3533 4111 3648 4166; x_wconf 71' lang='lat' dir='ltr'><strong>Ro-</strong></span> 
     </span>
    </p>
   </div>
   <div class='ocr_carea' id='block_1_78' title="bbox 2066 4201 3646 4274">
    <p class='ocr_par' dir='ltr' id='par_1_78' title="bbox 2066 4201 3646 4274">
     <span class='ocr_line' id='line_1_78' title="bbox 2066 4201 3646 4274; baseline 0.002 -19"><span class='ocrx_word' id='word_1_629' title='bbox 2066 4217 2348 4256; x_wconf 83' lang='lat' dir='ltr'><strong>manorum</strong></span> <span class='ocrx_word' id='word_1_630' title='bbox 2382 4202 2649 4272; x_wconf 71' lang='lat' dir='ltr'><strong>Sanguine</strong></span> <span class='ocrx_word' id='word_1_631' title='bbox 2684 4201 3041 4274; x_wconf 86' lang='lat' dir='ltr'><strong>subegerunt.</strong></span> <span class='ocrx_word' id='word_1_632' title='bbox 3080 4202 3296 4271; x_wconf 75' lang='lat' dir='ltr'><strong>Quibus</strong></span> <span class='ocrx_word' id='word_1_633' title='bbox 3338 4204 3532 4259; x_wconf 82' lang='lat' dir='ltr'><strong>diebus</strong></span> <span class='ocrx_word' id='word_1_634' title='bbox 3566 4205 3646 4272; x_wconf 67' lang='grc' dir='ltr'><strong>ρ,</strong></span> 
     </span>
    </p>
   </div>
   <div class='ocr_carea' id='block_1_79' title="bbox 2063 4293 3650 4365">
    <p class='ocr_par' dir='ltr' id='par_1_79' title="bbox 2063 4293 3650 4365">
     <span class='ocr_line' id='line_1_79' title="bbox 2063 4293 3650 4365; baseline 0 -16"><span class='ocrx_word' id='word_1_635' title='bbox 2063 4293 2454 4363; x_wconf 68' lang='lat' dir='ltr'><strong>Enniuspoeta</strong></span> <span class='ocrx_word' id='word_1_636' title='bbox 2479 4294 2683 4351; x_wconf 80' lang='lat' dir='ltr'><strong>claruit</strong></span> <span class='ocrx_word' id='word_1_637' title='bbox 2706 4312 2721 4349; x_wconf 89' lang='lat'><strong>:</strong></span> <span class='ocrx_word' id='word_1_638' title='bbox 2747 4296 2839 4365; x_wconf 89' lang='lat' dir='ltr'><strong>qui</strong></span> <span class='ocrx_word' id='word_1_639' title='bbox 2877 4294 3107 4351; x_wconf 76' lang='lat' dir='ltr'><strong>Romam</strong></span> <span class='ocrx_word' id='word_1_640' title='bbox 3152 4296 3451 4351; x_wconf 81' lang='lat' dir='ltr'><strong>translatus</strong></span> <span class='ocrx_word' id='word_1_641' title='bbox 3494 4297 3650 4352; x_wconf 69' lang='grc' dir='ltr'><strong>Ιιεὼί-</strong></span> 
     </span>
    </p>
   </div>
   <div class='ocr_carea' id='block_1_80' title="bbox 375 4378 3651 4483">
    <p class='ocr_par' dir='ltr' id='par_1_80' title="bbox 375 4378 3651 4483">
     <span class='ocr_line' id='line_1_80' title="bbox 375 4378 3651 4483; baseline 0.002 -47"><span class='ocrx_word' id='word_1_642' title='bbox 375 4381 706 4451; x_wconf 84' lang='lat' dir='ltr'><strong>Antigonum</strong></span> <span class='ocrx_word' id='word_1_643' title='bbox 761 4381 1024 4452; x_wconf 88' lang='lat' dir='ltr'><strong>regnavit.</strong></span> <span class='ocrx_word' id='word_1_644' title='bbox 1080 4380 1239 4451; x_wconf 83' lang='lat' dir='ltr'><strong>Apud</strong></span> <span class='ocrx_word' id='word_1_645' title='bbox 1287 4378 1561 4434; x_wconf 79' lang='lat' dir='ltr'><strong>Romanos</strong></span> <span class='ocrx_word' id='word_1_646' title='bbox 1616 4395 1745 4435; x_wconf 89' lang='lat' dir='ltr'><strong>vero</strong></span> <span class='ocrx_word' id='word_1_647' title='bbox 1768 4421 1785 4446; x_wconf 96' lang='lat'><strong>,</strong></span> <span class='ocrx_word' id='word_1_648' title='bbox 1840 4390 1962 4450; x_wconf 90' lang='lat' dir='ltr'><strong>post</strong></span> <span class='ocrx_word' id='word_1_649' title='bbox 1985 4422 2039 4483; x_wconf 69' lang='grc' dir='ltr'><strong><em>Β</em></strong></span> <span class='ocrx_word' id='word_1_650' title='bbox 2067 4385 2201 4440; x_wconf 86' lang='lat' dir='ltr'><strong>tavit</strong></span> <span class='ocrx_word' id='word_1_651' title='bbox 2224 4385 2277 4438; x_wconf 90' lang='lat' dir='ltr'><strong>in</strong></span> <span class='ocrx_word' id='word_1_652' title='bbox 2300 4392 2487 4441; x_wconf 89' lang='lat' dir='ltr'><strong>monte</strong></span> <span class='ocrx_word' id='word_1_653' title='bbox 2510 4384 2802 4452; x_wconf 83' lang='lat' dir='ltr'><strong>Aventino,</strong></span> <span class='ocrx_word' id='word_1_654' title='bbox 2825 4402 2993 4457; x_wconf 84' lang='lat' dir='ltr'><strong>pareo</strong></span> <span class='ocrx_word' id='word_1_655' title='bbox 3016 4388 3306 4443; x_wconf 79' lang='lat' dir='ltr'><strong>admodum</strong></span> <span class='ocrx_word' id='word_1_656' title='bbox 3331 4400 3651 4458; x_wconf 40' lang='lat' dir='ltr'><strong>sumptu,.ct</strong></span> 
     </span>
    </p>
   </div>
   <div class='ocr_carea' id='block_1_81' title="bbox 374 4471 1957 4545">
    <p class='ocr_par' dir='ltr' id='par_1_81' title="bbox 374 4471 1957 4545">
     <span class='ocr_line' id='line_1_81' title="bbox 374 4471 1957 4545; baseline 0.001 -17"><span class='ocrx_word' id='word_1_657' title='bbox 374 4472 609 4545; x_wconf 87' lang='lat' dir='ltr'><strong>primum</strong></span> <span class='ocrx_word' id='word_1_658' title='bbox 636 4471 897 4529; x_wconf 90' lang='lat' dir='ltr'><strong>Punicum</strong></span> <span class='ocrx_word' id='word_1_659' title='bbox 941 4472 1161 4538; x_wconf 89' lang='lat' dir='ltr'><strong>bellum,</strong></span> <span class='ocrx_word' id='word_1_660' title='bbox 1190 4471 1423 4529; x_wconf 78' lang='lat' dir='ltr'><strong>Romani</strong></span> <span class='ocrx_word' id='word_1_661' title='bbox 1448 4487 1547 4543; x_wconf 90' lang='lat' dir='ltr'><strong>per</strong></span> <span class='ocrx_word' id='word_1_662' title='bbox 1568 4474 1695 4527; x_wconf 89' lang='lat' dir='ltr'><strong>anni</strong></span> <span class='ocrx_word' id='word_1_663' title='bbox 1724 4475 1957 4544; x_wconf 86' lang='lat' dir='ltr'><strong>spatium</strong></span> 
     </span>
    </p>
   </div>
   <div class='ocr_carea' id='block_1_82' title="bbox 376 4565 1957 4637">
    <p class='ocr_par' dir='ltr' id='par_1_82' title="bbox 376 4565 1957 4637">
     <span class='ocr_line' id='line_1_82' title="bbox 376 4565 1957 4637; baseline 0 -15"><span class='ocrx_word' id='word_1_664' title='bbox 376 4568 499 4622; x_wconf 79' lang='lat' dir='ltr'><strong>sine</strong></span> <span class='ocrx_word' id='word_1_665' title='bbox 522 4566 732 4622; x_wconf 89' lang='lat' dir='ltr'><strong>bellicis</strong></span> <span class='ocrx_word' id='word_1_666' title='bbox 767 4565 1261 4622; x_wconf 85' lang='lat' dir='ltr'><strong>conﬂictationibus</strong></span> <span class='ocrx_word' id='word_1_667' title='bbox 1303 4566 1647 4636; x_wconf 80' lang='lat' dir='ltr'><strong>quieverunt,</strong></span> <span class='ocrx_word' id='word_1_668' title='bbox 1677 4576 1957 4637; x_wconf 83' lang='lat' dir='ltr'><strong>portaeque</strong></span> 
     </span>
    </p>
   </div>
   <div class='ocr_carea' id='block_1_83' title="bbox 373 4660 1957 4734">
    <p class='ocr_par' dir='ltr' id='par_1_83' title="bbox 373 4660 1957 4734">
     <span class='ocr_line' id='line_1_83' title="bbox 373 4660 1957 4734; baseline 0.001 -18"><span class='ocrx_word' id='word_1_669' title='bbox 373 4660 497 4716; x_wconf 82' lang='lat' dir='ltr'><strong>Jani</strong></span> <span class='ocrx_word' id='word_1_670' title='bbox 536 4661 736 4718; x_wconf 65' lang='lat' dir='ltr'><strong>clausae</strong></span> <span class='ocrx_word' id='word_1_671' title='bbox 769 4672 934 4728; x_wconf 86' lang='lat' dir='ltr'><strong>sunt,</strong></span> <span class='ocrx_word' id='word_1_672' title='bbox 961 4670 1082 4734; x_wconf 86' lang='lat' dir='ltr'><strong>post</strong></span> <span class='ocrx_word' id='word_1_673' title='bbox 1111 4677 1284 4718; x_wconf 89' lang='lat' dir='ltr'><strong>annos</strong></span> <span class='ocrx_word' id='word_1_674' title='bbox 1310 4662 1516 4718; x_wconf 82' lang='lat' dir='ltr'><strong>scilicet</strong></span> <span class='ocrx_word' id='word_1_675' title='bbox 1541 4661 1669 4728; x_wconf 75' lang='grc'><strong>450,</strong></span> <span class='ocrx_word' id='word_1_676' title='bbox 1696 4662 1748 4718; x_wconf 90' lang='lat' dir='ltr'><strong>id</strong></span> <span class='ocrx_word' id='word_1_677' title='bbox 1780 4671 1885 4728; x_wconf 90' lang='lat' dir='ltr'><strong>est,</strong></span> <span class='ocrx_word' id='word_1_678' title='bbox 1922 4677 1957 4717; x_wconf 91' lang='lat' dir='ltr'><strong>a</strong></span> 
     </span>
    </p>
   </div>
   <div class='ocr_carea' id='block_1_84' title="bbox 376 4752 1958 4825">
    <p class='ocr_par' dir='ltr' id='par_1_84' title="bbox 376 4752 1958 4825">
     <span class='ocr_line' id='line_1_84' title="bbox 376 4752 1958 4825; baseline 0 -17"><span class='ocrx_word' id='word_1_679' title='bbox 376 4752 557 4809; x_wconf 79' lang='lat' dir='ltr'><strong>Numa</strong></span> <span class='ocrx_word' id='word_1_680' title='bbox 614 4768 929 4810; x_wconf 88' lang='lat' dir='ltr'><strong>successore</strong></span> <span class='ocrx_word' id='word_1_681' title='bbox 968 4752 1208 4818; x_wconf 79' lang='lat' dir='ltr'><strong>Romuli,</strong></span> <span class='ocrx_word' id='word_1_682' title='bbox 1246 4753 1347 4809; x_wconf 89' lang='lat' dir='ltr'><strong>sub</strong></span> <span class='ocrx_word' id='word_1_683' title='bbox 1378 4769 1486 4822; x_wconf 87' lang='lat' dir='ltr'><strong>quo</strong></span> <span class='ocrx_word' id='word_1_684' title='bbox 1514 4752 1740 4822; x_wconf 79' lang='lat' dir='ltr'><strong>pacifice</strong></span> <span class='ocrx_word' id='word_1_685' title='bbox 1793 4754 1958 4825; x_wconf 86' lang='lat' dir='ltr'><strong>dege-</strong></span> 
     </span>
    </p>
   </div>
   <div class='ocr_carea' id='block_1_85' title="bbox 377 4844 1959 4915">
    <p class='ocr_par' dir='ltr' id='par_1_85' title="bbox 377 4844 1959 4915">
     <span class='ocr_line' id='line_1_85' title="bbox 377 4844 1959 4915; baseline 0.001 -17"><span class='ocrx_word' id='word_1_686' title='bbox 377 4851 507 4898; x_wconf 86' lang='lat' dir='ltr'><strong>rant</strong></span> <span class='ocrx_word' id='word_1_687' title='bbox 536 4884 550 4907; x_wconf 91' lang='lat'><strong>,</strong></span> <span class='ocrx_word' id='word_1_688' title='bbox 599 4859 771 4913; x_wconf 88' lang='lat' dir='ltr'><strong>usque</strong></span> <span class='ocrx_word' id='word_1_689' title='bbox 817 4844 885 4898; x_wconf 85' lang='lat' dir='ltr'><strong>ad</strong></span> <span class='ocrx_word' id='word_1_690' title='bbox 914 4845 1235 4915; x_wconf 60' lang='lat' dir='ltr'><strong>praedictum</strong></span> <span class='ocrx_word' id='word_1_691' title='bbox 1269 4856 1499 4913; x_wconf 84' lang='lat' dir='ltr'><strong>tempus.</strong></span> <span class='ocrx_word' id='word_1_692' title='bbox 1528 4844 1680 4899; x_wconf 73' lang='lat' dir='ltr'><strong>Hinc</strong></span> <span class='ocrx_word' id='word_1_693' title='bbox 1706 4844 1959 4915; x_wconf 82' lang='lat' dir='ltr'><strong>sequenti</strong></span> 
     </span>
    </p>
   </div>
   <div class='ocr_carea' id='block_1_86' title="bbox 377 4933 1960 5005">
    <p class='ocr_par' dir='ltr' id='par_1_86' title="bbox 377 4933 1960 5005">
     <span class='ocr_line' id='line_1_86' title="bbox 377 4933 1960 5005; baseline 0.002 -18"><span class='ocrx_word' id='word_1_694' title='bbox 377 4948 525 4987; x_wconf 87' lang='lat' dir='ltr'><strong>anno</strong></span> <span class='ocrx_word' id='word_1_695' title='bbox 564 4933 930 4990; x_wconf 85' lang='lat' dir='ltr'><strong>Romanorum</strong></span> <span class='ocrx_word' id='word_1_696' title='bbox 958 4934 1120 5005; x_wconf 83' lang='lat' dir='ltr'><strong>legati</strong></span> <span class='ocrx_word' id='word_1_697' title='bbox 1156 4935 1225 4991; x_wconf 88' lang='lat' dir='ltr'><strong>ab</strong></span> <span class='ocrx_word' id='word_1_698' title='bbox 1256 4934 1483 5005; x_wconf 81' lang='lat' dir='ltr'><strong>lllyricis</strong></span> <span class='ocrx_word' id='word_1_699' title='bbox 1512 4934 1784 4991; x_wconf 73' lang='lat' dir='ltr'><strong>interfecti</strong></span> <span class='ocrx_word' id='word_1_700' title='bbox 1810 4945 1960 5001; x_wconf 90' lang='lat' dir='ltr'><strong>sunt,</strong></span> 
     </span>
    </p>
   </div>
   <div class='ocr_carea' id='block_1_87' title="bbox 370 5026 1961 5098">
    <p class='ocr_par' dir='ltr' id='par_1_87' title="bbox 370 5026 1961 5098">
     <span class='ocr_line' id='line_1_87' title="bbox 370 5026 1961 5098; baseline 0.002 -19"><span class='ocrx_word' id='word_1_701' title='bbox 370 5034 505 5097; x_wconf 87' lang='lat' dir='ltr'><strong>post</strong></span> <span class='ocrx_word' id='word_1_702' title='bbox 533 5041 657 5081; x_wconf 88' lang='lat' dir='ltr'><strong>cum</strong></span> <span class='ocrx_word' id='word_1_703' title='bbox 676 5028 813 5097; x_wconf 87' lang='lat' dir='ltr'><strong>ipsis</strong></span> <span class='ocrx_word' id='word_1_704' title='bbox 834 5027 1235 5083; x_wconf 84' lang='lat' dir='ltr'><strong>atrocissimum</strong></span> <span class='ocrx_word' id='word_1_705' title='bbox 1259 5026 1457 5081; x_wconf 85' lang='lat' dir='ltr'><strong>bellum</strong></span> <span class='ocrx_word' id='word_1_706' title='bbox 1487 5036 1697 5098; x_wconf 83' lang='lat' dir='ltr'><strong>gestum</strong></span> <span class='ocrx_word' id='word_1_707' title='bbox 1730 5035 1816 5083; x_wconf 89' lang='lat' dir='ltr'><strong>est</strong></span> <span class='ocrx_word' id='word_1_708' title='bbox 1841 5068 1856 5093; x_wconf 94' lang='lat'><strong>,</strong></span> <span class='ocrx_word' id='word_1_709' title='bbox 1904 5029 1961 5082; x_wconf 87' lang='lat' dir='ltr'><strong>in</strong></span> 
     </span>
    </p>
   </div>
   <div class='ocr_carea' id='block_1_88' title="bbox 379 5116 1963 5188">
    <p class='ocr_par' dir='ltr' id='par_1_88' title="bbox 379 5116 1963 5188">
     <span class='ocr_line' id='line_1_88' title="bbox 379 5116 1963 5188; baseline 0.001 -17"><span class='ocrx_word' id='word_1_710' title='bbox 379 5132 493 5187; x_wconf 88' lang='lat' dir='ltr'><strong>quo</strong></span> <span class='ocrx_word' id='word_1_711' title='bbox 543 5118 727 5173; x_wconf 89' lang='lat' dir='ltr'><strong>multis</strong></span> <span class='ocrx_word' id='word_1_712' title='bbox 764 5118 974 5188; x_wconf 77' lang='lat' dir='ltr'><strong>Oppidis</strong></span> <span class='ocrx_word' id='word_1_713' title='bbox 1020 5116 1341 5188; x_wconf 84' lang='lat' dir='ltr'><strong>populisque</strong></span> <span class='ocrx_word' id='word_1_714' title='bbox 1384 5118 1608 5185; x_wconf 85' lang='lat' dir='ltr'><strong>deletis,</strong></span> <span class='ocrx_word' id='word_1_715' title='bbox 1662 5118 1854 5186; x_wconf 87' lang='lat' dir='ltr'><strong>reliqui</strong></span> <span class='ocrx_word' id='word_1_716' title='bbox 1896 5133 1963 5173; x_wconf 79' lang='lat' dir='ltr'><strong>se</strong></span> 
     </span>
    </p>
   </div>
   <div class='ocr_carea' id='block_1_89' title="bbox 378 5206 1964 5263">
    <p class='ocr_par' dir='ltr' id='par_1_89' title="bbox 378 5206 1964 5263">
     <span class='ocr_line' id='line_1_89' title="bbox 378 5206 1964 5263; baseline 0.001 -3"><span class='ocrx_word' id='word_1_717' title='bbox 378 5206 571 5262; x_wconf 81' lang='lat' dir='ltr'><strong>Fulvio</strong></span> <span class='ocrx_word' id='word_1_718' title='bbox 604 5216 659 5262; x_wconf 90' lang='lat' dir='ltr'><strong>et</strong></span> <span class='ocrx_word' id='word_1_719' title='bbox 704 5207 1020 5263; x_wconf 86' lang='lat' dir='ltr'><strong>Posthumio</strong></span> <span class='ocrx_word' id='word_1_720' title='bbox 1070 5207 1385 5263; x_wconf 87' lang='lat' dir='ltr'><strong>consulibus</strong></span> <span class='ocrx_word' id='word_1_721' title='bbox 1429 5206 1768 5263; x_wconf 87' lang='lat' dir='ltr'><strong>dediderunt.</strong></span> <span class='ocrx_word' id='word_1_722' title='bbox 1827 5206 1964 5262; x_wconf 87' lang='lat' dir='ltr'><strong>llinc</strong></span> 
     </span>
    </p>
   </div>
   <div class='ocr_carea' id='block_1_90' title="bbox 376 5295 1965 5368">
    <p class='ocr_par' dir='ltr' id='par_1_90' title="bbox 376 5295 1965 5368">
     <span class='ocr_line' id='line_1_90' title="bbox 376 5295 1965 5368; baseline -0.001 -16"><span class='ocrx_word' id='word_1_723' title='bbox 376 5305 603 5352; x_wconf 87' lang='lat' dir='ltr'><strong>senatus</strong></span> <span class='ocrx_word' id='word_1_724' title='bbox 643 5312 836 5368; x_wconf 87' lang='lat' dir='ltr'><strong>magna</strong></span> <span class='ocrx_word' id='word_1_725' title='bbox 886 5298 1203 5353; x_wconf 87' lang='lat' dir='ltr'><strong>fortitudine</strong></span> <span class='ocrx_word' id='word_1_726' title='bbox 1231 5305 1633 5362; x_wconf 86' lang='lat' dir='ltr'><strong>consternatus,</strong></span> <span class='ocrx_word' id='word_1_727' title='bbox 1663 5295 1965 5352; x_wconf 85' lang='lat' dir='ltr'><strong>defectione</strong></span> 
     </span>
    </p>
   </div>
   <div class='ocr_carea' id='block_1_91' title="bbox 378 5386 1962 5457">
    <p class='ocr_par' dir='ltr' id='par_1_91' title="bbox 378 5386 1962 5457">
     <span class='ocr_line' id='line_1_91' title="bbox 378 5386 1962 5457; baseline -0.001 -14"><span class='ocrx_word' id='word_1_728' title='bbox 378 5387 670 5457; x_wconf 75' lang='lat' dir='ltr'><strong>Cisalpina:</strong></span> <span class='ocrx_word' id='word_1_729' title='bbox 699 5387 885 5444; x_wconf 68' lang='lat' dir='ltr'><strong>Gallia:</strong></span> <span class='ocrx_word' id='word_1_730' title='bbox 904 5429 924 5454; x_wconf 93' lang='lat'><strong>,</strong></span> <span class='ocrx_word' id='word_1_731' title='bbox 959 5404 1081 5444; x_wconf 88' lang='lat' dir='ltr'><strong>cum</strong></span> <span class='ocrx_word' id='word_1_732' title='bbox 1109 5389 1272 5444; x_wconf 89' lang='lat' dir='ltr'><strong>etiam</strong></span> <span class='ocrx_word' id='word_1_733' title='bbox 1300 5403 1368 5442; x_wconf 78' lang='lat' dir='ltr'><strong>ex</strong></span> <span class='ocrx_word' id='word_1_734' title='bbox 1398 5387 1643 5443; x_wconf 88' lang='lat' dir='ltr'><strong>ulteriori</strong></span> <span class='ocrx_word' id='word_1_735' title='bbox 1673 5386 1846 5443; x_wconf 83' lang='lat' dir='ltr'><strong>Gallia</strong></span> <span class='ocrx_word' id='word_1_736' title='bbox 1876 5387 1962 5441; x_wconf 88' lang='lat' dir='ltr'><strong>in-</strong></span> 
     </span>
    </p>
   </div>
   <div class='ocr_carea' id='block_1_92' title="bbox 378 5479 1968 5549">
    <p class='ocr_par' dir='ltr' id='par_1_92' title="bbox 378 5479 1968 5549">
     <span class='ocr_line' id='line_1_92' title="bbox 378 5479 1968 5549; baseline 0.001 -18"><span class='ocrx_word' id='word_1_737' title='bbox 378 5494 516 5549; x_wconf 85' lang='lat' dir='ltr'><strong>gens</strong></span> <span class='ocrx_word' id='word_1_738' title='bbox 542 5480 836 5535; x_wconf 85' lang='lat' dir='ltr'><strong>adventare</strong></span> <span class='ocrx_word' id='word_1_739' title='bbox 859 5480 1135 5535; x_wconf 77' lang='lat' dir='ltr'><strong>exercitus</strong></span> <span class='ocrx_word' id='word_1_740' title='bbox 1162 5480 1507 5535; x_wconf 84' lang='lat' dir='ltr'><strong>nuntiaretur</strong></span> <span class='ocrx_word' id='word_1_741' title='bbox 1530 5520 1545 5544; x_wconf 91' lang='lat'><strong>,</strong></span> <span class='ocrx_word' id='word_1_742' title='bbox 1575 5479 1811 5534; x_wconf 77' lang='lat' dir='ltr'><strong>maxime</strong></span> <span class='ocrx_word' id='word_1_743' title='bbox 1843 5493 1968 5549; x_wconf 90' lang='lat' dir='ltr'><strong>ges-</strong></span> 
     </span>
    </p>
   </div>
   <div class='ocr_carea' id='block_1_93' title="bbox 380 5570 1965 5642">
    <p class='ocr_par' dir='ltr' id='par_1_93' title="bbox 380 5570 1965 5642">
     <span class='ocr_line' id='line_1_93' title="bbox 380 5570 1965 5642; baseline 0 -20"><span class='ocrx_word' id='word_1_744' title='bbox 380 5577 641 5635; x_wconf 83' lang='lat' dir='ltr'><strong>tator-um,</strong></span> <span class='ocrx_word' id='word_1_745' title='bbox 657 5570 800 5639; x_wconf 83' lang='lat' dir='ltr'><strong>quod</strong></span> <span class='ocrx_word' id='word_1_746' title='bbox 818 5586 1014 5625; x_wconf 91' lang='lat' dir='ltr'><strong>nomen</strong></span> <span class='ocrx_word' id='word_1_747' title='bbox 1033 5586 1141 5625; x_wconf 91' lang='lat' dir='ltr'><strong>non</strong></span> <span class='ocrx_word' id='word_1_748' title='bbox 1167 5572 1369 5642; x_wconf 88' lang='lat' dir='ltr'><strong>gentis,</strong></span> <span class='ocrx_word' id='word_1_749' title='bbox 1390 5571 1484 5626; x_wconf 81' lang='lat' dir='ltr'><strong>sed</strong></span> <span class='ocrx_word' id='word_1_750' title='bbox 1500 5570 1965 5626; x_wconf 88' lang='lat' dir='ltr'><strong>mercenariorum</strong></span> 
     </span>
    </p>
   </div>
   <div class='ocr_carea' id='block_1_94' title="bbox 379 5658 1965 5734">
    <p class='ocr_par' dir='ltr' id='par_1_94' title="bbox 379 5658 1965 5734">
     <span class='ocr_line' id='line_1_94' title="bbox 379 5658 1965 5734; baseline 0.001 -17"><span class='ocrx_word' id='word_1_751' title='bbox 379 5658 654 5718; x_wconf 79' lang='lat' dir='ltr'><strong>Gallorum</strong></span> <span class='ocrx_word' id='word_1_752' title='bbox 684 5673 804 5734; x_wconf 82' lang='lat' dir='ltr'><strong>est,</strong></span> <span class='ocrx_word' id='word_1_753' title='bbox 839 5662 1022 5733; x_wconf 85' lang='lat' dir='ltr'><strong>itaque</strong></span> <span class='ocrx_word' id='word_1_754' title='bbox 1044 5664 1279 5734; x_wconf 86' lang='lat' dir='ltr'><strong>permoti</strong></span> <span class='ocrx_word' id='word_1_755' title='bbox 1305 5663 1555 5721; x_wconf 87' lang='lat' dir='ltr'><strong>consules</strong></span> <span class='ocrx_word' id='word_1_756' title='bbox 1594 5664 1760 5720; x_wconf 88' lang='lat' dir='ltr'><strong>totius</strong></span> <span class='ocrx_word' id='word_1_757' title='bbox 1796 5662 1965 5719; x_wconf 69' lang='lat' dir='ltr'><strong>Itali-.e</strong></span> 
     </span>
    </p>
   </div>
   <div class='ocr_carea' id='block_1_95' title="bbox 2066 4475 3650 4546">
    <p class='ocr_par' dir='ltr' id='par_1_95' title="bbox 2066 4475 3650 4546">
     <span class='ocr_line' id='line_1_95' title="bbox 2066 4475 3650 4546; baseline 0.004 -17"><span class='ocrx_word' id='word_1_758' title='bbox 2066 4476 2225 4530; x_wconf 87' lang='lat' dir='ltr'><strong>unius</strong></span> <span class='ocrx_word' id='word_1_759' title='bbox 2273 4475 2482 4531; x_wconf 61' lang='lat' dir='ltr'><strong>ancillae</strong></span> <span class='ocrx_word' id='word_1_760' title='bbox 2520 4477 2823 4534; x_wconf 82' lang='lat' dir='ltr'><strong>ministerio</strong></span> <span class='ocrx_word' id='word_1_761' title='bbox 2871 4486 3159 4535; x_wconf 69' lang='lat' dir='ltr'><strong>contuitus</strong></span> <span class='ocrx_word' id='word_1_762' title='bbox 3188 4520 3205 4546; x_wconf 94' lang='lat'><strong>,</strong></span> <span class='ocrx_word' id='word_1_763' title='bbox 3255 4480 3400 4537; x_wconf 74' lang='lat' dir='ltr'><strong>Zeno</strong></span> <span class='ocrx_word' id='word_1_764' title='bbox 3448 4483 3650 4537; x_wconf 66' lang='lat' dir='ltr'><strong>nolens</strong></span> 
     </span>
    </p>
   </div>
   <div class='ocr_carea' id='block_1_96' title="bbox 2064 4568 3648 4641">
    <p class='ocr_par' dir='ltr' id='par_1_96' title="bbox 2064 4568 3648 4641">
     <span class='ocr_line' id='line_1_96' title="bbox 2064 4568 3648 4641; baseline 0 -13"><span class='ocrx_word' id='word_1_765' title='bbox 2064 4570 2314 4634; x_wconf 80' lang='lat' dir='ltr'><strong>moritur,</strong></span> <span class='ocrx_word' id='word_1_766' title='bbox 2345 4568 2652 4641; x_wconf 77' lang='lat' dir='ltr'><strong>Antigonus</strong></span> <span class='ocrx_word' id='word_1_767' title='bbox 2692 4585 2823 4626; x_wconf 87' lang='lat' dir='ltr'><strong>vero</strong></span> <span class='ocrx_word' id='word_1_768' title='bbox 2865 4585 3148 4627; x_wconf 85' lang='lat' dir='ltr'><strong>successor</strong></span> <span class='ocrx_word' id='word_1_769' title='bbox 3177 4572 3648 4633; x_wconf 73' lang='lat' dir='ltr'><strong>Demetrii.Mace-</strong></span> 
     </span>
    </p>
   </div>
   <div class='ocr_carea' id='block_1_97' title="bbox 2067 4659 3493 4726">
    <p class='ocr_par' dir='ltr' id='par_1_97' title="bbox 2067 4659 3493 4726">
     <span class='ocr_line' id='line_1_97' title="bbox 2067 4659 3493 4726; baseline 0.001 -11"><span class='ocrx_word' id='word_1_770' title='bbox 2067 4660 2267 4715; x_wconf 86' lang='lat' dir='ltr'><strong>donum</strong></span> <span class='ocrx_word' id='word_1_771' title='bbox 2288 4676 2415 4726; x_wconf 81' lang='lat' dir='ltr'><strong>rex,</strong></span> <span class='ocrx_word' id='word_1_772' title='bbox 2444 4659 2866 4717; x_wconf 81' lang='lat' dir='ltr'><strong>Atheniensibus</strong></span> <span class='ocrx_word' id='word_1_773' title='bbox 2895 4660 3202 4717; x_wconf 82' lang='lat' dir='ltr'><strong>libertatem</strong></span> <span class='ocrx_word' id='word_1_774' title='bbox 3241 4662 3493 4718; x_wconf 74' lang='lat' dir='ltr'><strong>reddidit.</strong></span> 
     </span>
    </p>
   </div>
   <div class='ocr_carea' id='block_1_98' title="bbox 2671 4768 3039 4825">
    <p class='ocr_par' dir='ltr' id='par_1_98' title="bbox 2671 4768 3039 4825">
     <span class='ocr_line' id='line_1_98' title="bbox 2671 4768 3039 4825; baseline -0.005 0"><span class='ocrx_word' id='word_1_775' title='bbox 2671 4768 2901 4825; x_wconf 74' lang='lat' dir='ltr'><strong>CAPUT</strong></span> <span class='ocrx_word' id='word_1_776' title='bbox 2951 4768 3039 4824; x_wconf 69' lang='lat' dir='ltr'><strong>Vl.</strong></span> 
     </span>
    </p>
   </div>
   <div class='ocr_carea' id='block_1_99' title="bbox 2069 4858 3650 4933">
    <p class='ocr_par' dir='ltr' id='par_1_99' title="bbox 2069 4858 3650 4933">
     <span class='ocr_line' id='line_1_99' title="bbox 2069 4858 3650 4933; baseline -0.001 -15"><span class='ocrx_word' id='word_1_777' title='bbox 2069 4862 2396 4918; x_wconf 71' lang='lat' dir='ltr'><strong>Ptholommo</strong></span> <span class='ocrx_word' id='word_1_778' title='bbox 2433 4858 2744 4933; x_wconf 73' lang='lat' dir='ltr'><strong>Philopatre</strong></span> <span class='ocrx_word' id='word_1_779' title='bbox 2783 4872 3050 4933; x_wconf 76' lang='lat' dir='ltr'><strong>regnante,</strong></span> <span class='ocrx_word' id='word_1_780' title='bbox 3093 4862 3405 4917; x_wconf 67' lang='lat' dir='ltr'><strong>lacrimarum</strong></span> <span class='ocrx_word' id='word_1_781' title='bbox 3442 4862 3650 4929; x_wconf 81' lang='lat'><strong>00,000</strong></span> 
     </span>
    </p>
   </div>
   <div class='ocr_carea' id='block_1_100' title="bbox 2138 4931 3647 5002">
    <p class='ocr_par' dir='ltr' id='par_1_100' title="bbox 2138 4931 3647 5002">
     <span class='ocr_line' id='line_1_100' title="bbox 2138 4931 3647 5002; baseline -0.001 -16"><span class='ocrx_word' id='word_1_782' title='bbox 2138 4935 2203 4987; x_wconf 87' lang='lat' dir='ltr'><strong>ab</strong></span> <span class='ocrx_word' id='word_1_783' title='bbox 2233 4933 2490 4988; x_wconf 75' lang='lat' dir='ltr'><strong>Antiocho</strong></span> <span class='ocrx_word' id='word_1_784' title='bbox 2520 4931 2640 4985; x_wconf 72' lang='lat' dir='ltr'><strong>sum</strong></span> <span class='ocrx_word' id='word_1_785' title='bbox 2664 4931 2947 5002; x_wconf 4' lang='lat' dir='ltr'><strong>interfecta,</strong></span> <span class='ocrx_word' id='word_1_786' title='bbox 2964 4972 2982 4997; x_wconf 93' lang='lat'><strong>,</strong></span> <span class='ocrx_word' id='word_1_787' title='bbox 3008 4942 3145 4987; x_wconf 74' lang='lat' dir='ltr'><strong>eteo</strong></span> <span class='ocrx_word' id='word_1_788' title='bbox 3169 4935 3235 4986; x_wconf 71' lang='lat' dir='ltr'><strong>ab</strong></span> <span class='ocrx_word' id='word_1_789' title='bbox 3255 4950 3316 4986; x_wconf 83' lang='lat' dir='ltr'><strong>eo</strong></span> <span class='ocrx_word' id='word_1_790' title='bbox 3332 4934 3484 5002; x_wconf 28' lang='lat' dir='ltr'><strong>(pasti</strong></span> <span class='ocrx_word' id='word_1_791' title='bbox 3503 4942 3647 4998; x_wconf 75' lang='lat' dir='ltr'><strong>sunt,</strong></span> 
     </span>
    </p>
   </div>
   <div class='ocr_carea' id='block_1_101' title="bbox 2138 5001 3503 5075">
    <p class='ocr_par' dir='ltr' id='par_1_101' title="bbox 2138 5001 3503 5075">
     <span class='ocr_line' id='line_1_101' title="bbox 2138 5001 3503 5075; baseline 0 -19"><span class='ocrx_word' id='word_1_792' title='bbox 2138 5021 2254 5075; x_wconf 75' lang='lat' dir='ltr'><strong>qua:</strong></span> <span class='ocrx_word' id='word_1_793' title='bbox 2281 5004 2334 5056; x_wconf 84' lang='lat' dir='ltr'><strong>in</strong></span> <span class='ocrx_word' id='word_1_794' title='bbox 2364 5003 2516 5056; x_wconf 84' lang='lat' dir='ltr'><strong>tertio</strong></span> <span class='ocrx_word' id='word_1_795' title='bbox 2542 5002 2874 5055; x_wconf 78' lang='lat' dir='ltr'><strong>continentur</strong></span> <span class='ocrx_word' id='word_1_796' title='bbox 2894 5001 3322 5059; x_wconf 70' lang='lat' dir='ltr'><strong>Modmbwomm</strong></span> <span class='ocrx_word' id='word_1_797' title='bbox 3342 5001 3503 5058; x_wconf 75' lang='lat' dir='ltr'><strong>libro.</strong></span> 
     </span>
    </p>
   </div>
   <div class='ocr_carea' id='block_1_102' title="bbox 2140 5112 3651 5184">
    <p class='ocr_par' dir='ltr' id='par_1_102' title="bbox 2140 5112 3651 5184">
     <span class='ocr_line' id='line_1_102' title="bbox 2140 5112 3651 5184; baseline -0.001 -13"><span class='ocrx_word' id='word_1_798' title='bbox 2140 5115 2502 5171; x_wconf 66' lang='lat' dir='ltr'><strong>Ptholomaaus</strong></span> <span class='ocrx_word' id='word_1_799' title='bbox 2524 5112 2858 5184; x_wconf 83' lang='lat' dir='ltr'><strong>Philopater,</strong></span> <span class='ocrx_word' id='word_1_800' title='bbox 2884 5115 3042 5169; x_wconf 88' lang='lat' dir='ltr'><strong>annis</strong></span> <span class='ocrx_word' id='word_1_801' title='bbox 3064 5114 3209 5168; x_wconf 82' lang='lat' dir='ltr'><strong>l7.A</strong></span> <span class='ocrx_word' id='word_1_802' title='bbox 3233 5113 3651 5170; x_wconf 75' lang='lat' dir='ltr'><strong>remdilicatione</strong></span> 
     </span>
    </p>
   </div>
   <div class='ocr_carea' id='block_1_103' title="bbox 2070 5203 3652 5277">
    <p class='ocr_par' dir='ltr' id='par_1_103' title="bbox 2070 5203 3652 5277">
     <span class='ocr_line' id='line_1_103' title="bbox 2070 5203 3652 5277; baseline -0.001 -17"><span class='ocrx_word' id='word_1_803' title='bbox 2070 5223 2202 5262; x_wconf 86' lang='lat' dir='ltr'><strong>vero</strong></span> <span class='ocrx_word' id='word_1_804' title='bbox 2226 5206 2432 5277; x_wconf 81' lang='lat' dir='ltr'><strong>templi,</strong></span> <span class='ocrx_word' id='word_1_805' title='bbox 2464 5205 2591 5259; x_wconf 81' lang='lat' dir='ltr'><strong>anni</strong></span> <span class='ocrx_word' id='word_1_806' title='bbox 2633 5203 2740 5260; x_wconf 79' lang='lat'><strong>290</strong></span> <span class='ocrx_word' id='word_1_807' title='bbox 2772 5214 2951 5261; x_wconf 77' lang='lat' dir='ltr'><strong>erant.</strong></span> <span class='ocrx_word' id='word_1_808' title='bbox 2986 5204 3101 5260; x_wconf 87' lang='lat' dir='ltr'><strong>Sub</strong></span> <span class='ocrx_word' id='word_1_809' title='bbox 3125 5206 3228 5260; x_wconf 83' lang='lat' dir='ltr'><strong>hoc</strong></span> <span class='ocrx_word' id='word_1_810' title='bbox 3254 5205 3382 5259; x_wconf 89' lang='lat' dir='ltr'><strong>item</strong></span> <span class='ocrx_word' id='word_1_811' title='bbox 3408 5204 3652 5274; x_wconf 85' lang='lat' dir='ltr'><strong>principe</strong></span> 
     </span>
    </p>
   </div>
   <div class='ocr_carea' id='block_1_104' title="bbox 2068 5295 3653 5366">
    <p class='ocr_par' dir='ltr' id='par_1_104' title="bbox 2068 5295 3653 5366">
     <span class='ocr_line' id='line_1_104' title="bbox 2068 5295 3653 5366; baseline -0.002 -12"><span class='ocrx_word' id='word_1_812' title='bbox 2068 5297 2200 5354; x_wconf 85' lang='lat' dir='ltr'><strong>victi</strong></span> <span class='ocrx_word' id='word_1_813' title='bbox 2225 5295 2415 5361; x_wconf 69' lang='lat' dir='ltr'><strong>Judaei,</strong></span> <span class='ocrx_word' id='word_1_814' title='bbox 2442 5305 2499 5351; x_wconf 90' lang='lat' dir='ltr'><strong>et</strong></span> <span class='ocrx_word' id='word_1_815' title='bbox 2519 5295 2720 5362; x_wconf 76' lang='lat'><strong>60,000</strong></span> <span class='ocrx_word' id='word_1_816' title='bbox 2743 5311 2933 5352; x_wconf 80' lang='lat' dir='ltr'><strong>eorum</strong></span> <span class='ocrx_word' id='word_1_817' title='bbox 2958 5311 3098 5351; x_wconf 54' lang='lat' dir='ltr'><strong>casse</strong></span> <span class='ocrx_word' id='word_1_818' title='bbox 3129 5296 3199 5350; x_wconf 83' lang='lat' dir='ltr'><strong>ab</strong></span> <span class='ocrx_word' id='word_1_819' title='bbox 3225 5296 3496 5351; x_wconf 83' lang='lat' dir='ltr'><strong>Antiocho</strong></span> <span class='ocrx_word' id='word_1_820' title='bbox 3523 5307 3653 5366; x_wconf 65' lang='grc' dir='ltr'><strong>ηεθ</strong></span> 
     </span>
    </p>
   </div>
   <div class='ocr_carea' id='block_1_105' title="bbox 2069 5384 3652 5460">
    <p class='ocr_par' dir='ltr' id='par_1_105' title="bbox 2069 5384 3652 5460">
     <span class='ocr_line' id='line_1_105' title="bbox 2069 5384 3652 5460; baseline -0.002 -16"><span class='ocrx_word' id='word_1_821' title='bbox 2069 5389 2269 5460; x_wconf 80' lang='lat' dir='ltr'><strong>Syriae,</strong></span> <span class='ocrx_word' id='word_1_822' title='bbox 2315 5397 2370 5443; x_wconf 91' lang='lat' dir='ltr'><strong>et</strong></span> <span class='ocrx_word' id='word_1_823' title='bbox 2413 5404 2477 5442; x_wconf 87' lang='lat' dir='ltr'><strong>ea</strong></span> <span class='ocrx_word' id='word_1_824' title='bbox 2525 5402 2647 5458; x_wconf 64' lang='lat' dir='ltr'><strong>quae</strong></span> <span class='ocrx_word' id='word_1_825' title='bbox 2711 5388 2768 5443; x_wconf 88' lang='lat' dir='ltr'><strong>in</strong></span> <span class='ocrx_word' id='word_1_826' title='bbox 2828 5388 2991 5442; x_wconf 84' lang='lat' dir='ltr'><strong>tertio</strong></span> <span class='ocrx_word' id='word_1_827' title='bbox 3032 5385 3468 5443; x_wconf 37' lang='lat' dir='ltr'><strong>Ma&#39;chabteorum</strong></span> <span class='ocrx_word' id='word_1_828' title='bbox 3510 5384 3652 5442; x_wconf 81' lang='lat' dir='ltr'><strong>libro</strong></span> 
     </span>
    </p>
   </div>
   <div class='ocr_carea' id='block_1_106' title="bbox 2069 5476 3652 5549">
    <p class='ocr_par' dir='ltr' id='par_1_106' title="bbox 2069 5476 3652 5549">
     <span class='ocr_line' id='line_1_106' title="bbox 2069 5476 3652 5549; baseline -0.001 -15"><span class='ocrx_word' id='word_1_829' title='bbox 2069 5481 2270 5549; x_wconf 87' lang='lat' dir='ltr'><strong>scripta</strong></span> <span class='ocrx_word' id='word_1_830' title='bbox 2302 5485 2429 5534; x_wconf 87' lang='lat' dir='ltr'><strong>sunt</strong></span> <span class='ocrx_word' id='word_1_831' title='bbox 2458 5478 2705 5533; x_wconf 82' lang='lat' dir='ltr'><strong>evenisse</strong></span> <span class='ocrx_word' id='word_1_832' title='bbox 2731 5476 3068 5533; x_wconf 78' lang='lat' dir='ltr'><strong>referuntur.</strong></span> <span class='ocrx_word' id='word_1_833' title='bbox 3112 5478 3287 5548; x_wconf 72' lang='lat' dir='ltr'><strong>igitur</strong></span> <span class='ocrx_word' id='word_1_834' title='bbox 3327 5476 3543 5534; x_wconf 67' lang='lat' dir='ltr'><strong>Judaaos</strong></span> <span class='ocrx_word' id='word_1_835' title='bbox 3586 5490 3652 5532; x_wconf 89' lang='lat' dir='ltr'><strong>eo</strong></span> 
     </span>
    </p>
   </div>
   <div class='ocr_carea' id='block_1_107' title="bbox 2070 5566 3655 5640">
    <p class='ocr_par' dir='ltr' id='par_1_107' title="bbox 2070 5566 3655 5640">
     <span class='ocr_line' id='line_1_107' title="bbox 2070 5566 3655 5640; baseline -0.003 -15"><span class='ocrx_word' id='word_1_836' title='bbox 2070 5571 2123 5625; x_wconf 92' lang='lat' dir='ltr'><strong>in</strong></span> <span class='ocrx_word' id='word_1_837' title='bbox 2150 5579 2392 5640; x_wconf 89' lang='lat' dir='ltr'><strong>tempore</strong></span> <span class='ocrx_word' id='word_1_838' title='bbox 2419 5570 2488 5625; x_wconf 89' lang='lat' dir='ltr'><strong>ab</strong></span> <span class='ocrx_word' id='word_1_839' title='bbox 2512 5569 2782 5625; x_wconf 80' lang='lat' dir='ltr'><strong>Antiocho</strong></span> <span class='ocrx_word' id='word_1_840' title='bbox 2810 5568 3212 5640; x_wconf 81' lang='lat' dir='ltr'><strong>MagnoAsiam</strong></span> <span class='ocrx_word' id='word_1_841' title='bbox 3237 5576 3456 5640; x_wconf 82' lang='lat' dir='ltr'><strong>regente</strong></span> <span class='ocrx_word' id='word_1_842' title='bbox 3484 5566 3655 5623; x_wconf 86' lang='lat' dir='ltr'><strong>multa</strong></span> 
     </span>
    </p>
   </div>
   <div class='ocr_carea' id='block_1_108' title="bbox 2070 5656 3655 5731">
    <p class='ocr_par' dir='ltr' id='par_1_108' title="bbox 2070 5656 3655 5731">
     <span class='ocr_line' id='line_1_108' title="bbox 2070 5656 3655 5731; baseline -0.003 -13"><span class='ocrx_word' id='word_1_843' title='bbox 2070 5661 2296 5731; x_wconf 81' lang='lat' dir='ltr'><strong>contigit</strong></span> <span class='ocrx_word' id='word_1_844' title='bbox 2324 5661 2588 5719; x_wconf 86' lang='lat' dir='ltr'><strong>tolerasse</strong></span> <span class='ocrx_word' id='word_1_845' title='bbox 2633 5660 2774 5717; x_wconf 84' lang='lat' dir='ltr'><strong>mala</strong></span> <span class='ocrx_word' id='word_1_846' title='bbox 2796 5700 2813 5728; x_wconf 92' lang='lat'><strong>,</strong></span> <span class='ocrx_word' id='word_1_847' title='bbox 2860 5659 2988 5715; x_wconf 83' lang='lat' dir='ltr'><strong>dum</strong></span> <span class='ocrx_word' id='word_1_848' title='bbox 3036 5668 3182 5715; x_wconf 84' lang='lat' dir='ltr'><strong>terra</strong></span> <span class='ocrx_word' id='word_1_849' title='bbox 3206 5672 3397 5715; x_wconf 84' lang='lat' dir='ltr'><strong>eorum</strong></span> <span class='ocrx_word' id='word_1_850' title='bbox 3424 5656 3655 5716; x_wconf 84' lang='lat' dir='ltr'><strong>diversis</strong></span> 
     </span>
    </p>
   </div>
  </div>
