3964 6172
430 375 568 433 10⁸59

1434 366 1821 423 FHECULPHI
1860 364 2319 422 LEXOVIENSIS
2357 363 2663 421 EPISCOPI

3584 366 3711 421 10I0

427 484 828 543 calamitatibus
856 479 1186 549 subiaceret,
1210 493 1336 534 cum
1370 478 1475 533 illis
1502 479 1594 548 qui
1624 478 1881 533 humilem
1914 477 2019 548 Sy—
2048 480 2095 540 Α
2125 476 2291 541 biam,
2322 477 2629 547 iterumque
2673 475 2902 531 Romani
2934 474 3069 546 pari
3101 476 3255 532 clade
3288 476 3531 546 superati
3569 490 3707 533 sunt.

428 576 567 631 riam
593 565 841 628 habitare
869 570 1217 624 videbantur.
1268 567 1404 623 Nam
1433 583 1558 622 cum
1588 568 1893 622 Antiochus
1922 580 2024 636 pu-

428 672 648 737 gnasset
699 671 887 717 contra
938 661 1271 737 Eupatorem
1315 659 1707 714 Ptholommum
1741 700 1755 723 ,
1804 669 1859 714 et
1910 656 2028 726 eius

430 736 601 811 tilium
621 753 1040 819 Ptholomaeum,
1063 736 1384 824 cognomine
1399 751 1756 823 Epiphancm.
1779 752 2028 808 laborare

429 847 659 918 contigit
697 844 945 910 Judzeos,
995 846 1262 901 Antiocho
1306 845 1559 901 vincente
1584 847 1773 900 eadem
1805 847 1937 917 pati,
1968 836 2029 904 ut

430 950 592 1007 pares
621 936 923 991 existerent
951 936 1073 990 navi
1104 934 1334 989 turbata:
1375 945 1431 989 et
1479 935 1895 1004 tempestatibus
1931 936 2028 991 Ilu-

430 1029 636 1084 ctuanti
660 1068 675 1093 ,
708 1028 835 1083 dum
876 1027 1020 1082 inter
1054 1026 1369 1081 felicitatem
1413 1036 1469 1081 et
1519 1025 1882 1080 calamitatem
1911 1027 2027 1081 An-

432 1119 595 1174 tiochi
641 1118 875 1172 fuissent
921 1118 1285 1173 communiter
1325 1116 1630 1171 constituti.
1673 1115 1918 1189 Cumque
1945 1119 2028 1173 vi-

430 1210 597 1264 cisset
620 1208 1014 1263 Ptbolommum
1047 1208 1365 1270 Antiochus,
1393 1204 1633 1261 Judseam
1662 1206 1882 1276 capiens
1907 1204 2029 1261 eru-

429 1301 624 1356 deliter
652 1316 773 1354 eam
802 1300 1010 1355 alllixit.
1046 1297 1294 1353 Pontifex
1345 1314 1475 1352 vero
1525 1296 1832 1351 luchs-orum
1862 1297 2027 1354 Onias

431 1403 572 1459 erat,
602 1394 847 1448 existens
876 1391 1019 1447 Illius
1050 1391 1307 1455 Simonis,
1333 1392 1400 1445 ad
1423 1406 1585 1460 quem
1613 1405 1705 1444 rex
1733 1390 2027 1460 Spartano-

430 1499 551 1539 rum
577 1483 652 1554 (id
680 1492 785 1548 est,
816 1480 1371 1552 Lacedzcmoniorum)
1406 1481 1570 1535 Arius
1614 1481 1831 1535 nomine
1882 1481 2027 1553 lega-

429 1575 636 1630 tionem
674 1576 896 1639 direxit,
924 1584 979 1630 et
1015 1575 1295 1645 epistolas,
1331 1575 1383 1629 in
1416 1575 1613 1644 quibus
1645 1575 2027 1631 continebatur

430 1666 647 1726 Judteos
685 1675 741 1722 et
776 1665 1196 1721 Lacedaemones
1236 1681 1300 1720 ex
1339 1681 1449 1721 uno
1482 1666 1760 1722 exstitisse
1784 1682 1983 1738 genere
2004 1707 2020 1732 ,

427 1766 481 1810 et
509 1754 939 1811 familiaritatem
965 1770 1089 1810 cum
1118 1754 1398 1810 Abraham
1436 1756 1714 1811 socialiter
1745 1757 2020 1822 habuisse;

423 1843 632 1912 iustum
663 1852 793 1919 ergo
818 1863 938 1902 esse
982 1856 1042 1901 ut
1071 1846 1269 1903 fratres
1301 1848 1602 1903 existerent
1627 1889 1642 1914 ,
1674 1858 1728 1904 et
1757 1865 1853 1919 per
1878 1849 2021 1920 Iega-
2052 1831 2098 1890 Β

434 1954 519 1999 tos
557 1955 677 2008 quae
718 1939 1025 1993 necessaria
1066 1937 1441 2005 adjudicarent
1476 1948 1760 2009 peterent,
1802 1956 2018 1995 eorum-

430 2045 537 2099 que
579 2032 796 2099 propria
842 2037 1156 2099 reputarent
1178 2029 1507 2084 communia.
1557 2029 1671 2085 Rex
1694 2044 1824 2086 vero
1851 2030 2020 2087 Mace-

430 2126 630 2176 donum
660 2121 939 2191 Philippus
979 2130 1099 2177 erat

1033 2232 1259 2289 CAPUT
1291 2234 1399 2289 VII.

432 2324 634 2390 Quibus
663 2325 844 2379 diebus
874 2324 1242 2394 infestissimus
1285 2325 1640 2381 Romanorum
1676 2328 1840 2383 hostis
1867 2327 2019 2383 Han-

501 2394 665 2468 nibal,
682 2412 817 2468 cum
845 2395 1054 2468 copioso
1075 2396 1305 2468 exercitu
1335 2397 1401 2450 de
1437 2395 1699 2466 Hispania
1727 2399 2014 2468 profectus,

501 2465 556 2517 in
585 2463 801 2519 Italiam
832 2468 986 2519 venit.
1020 2464 1087 2519 In
1125 2483 1229 2536 qua
1255 2466 1432 2520 decent
1460 2477 1508 2520 et
1530 2463 1633 2521 tres
1657 2463 2018 2522 annos'couti-

499 2549 603 2586 nuo
631 2550 983 2614 perseverans,
1011 2536 1389 2614 quamngravia
1426 2546 1475 2589 et
1514 2547 1714 2614 quanta
1756 2554 1875 2614 cum
1909 2537 2018 2592 Ro-

502 2603 912 2678 manisgesserit
961 2603 1115 2678 bella,
1158 2603 1538 2678 Romanosque
1565 2607 1821 2678 attriverit
1855 2624 2018 2678 usque

497 2670 567 2746 ad
598 2670 846 2746 initiatam
890 2689 1024 2746 pene
1063 2670 1501 2746 desperationem.
1552 2674 1628 2746 (Et
1679 2676 1908 2746 qualiter
1930 2670 2016 2731 'ab

499 2740 663 2811 Italia
698 2740 967 2796 revocatus
1007 2742 1063 2797 in
1092 2740 1374 2811 Aphricam
1402 2784 1417 2809 ,
1448 2755 1496 2798 et
1542 2745 1597 2798 in
1643 2740 1706 2799 ea
1752 2748 1919 2801 victus
1947 2748 2018 2801 sit

498 2830 541 2885 a_
567 2809 992 2885 Scipiqneacum
1036 2809 1157 2885 ante
1193 2814 1356 2885 victor
1400 2813 1816 2885 frequentissime
1859 2819 2017 2871 exsti-

500 2881 664 2955 tisset.
709 2881 777 2935 Et
823 2882 950 2955 dum
982 2900 1015 2936 a
1054 2882 1337 2955 domestico
1394 2881 1617 2938 Noniani
1661 2898 2018 2955 premerentur

498 2953 644 3006 hoste
689 2969 841 3026 quem
972 2953 1145 3023 patria
1175 2954 1313 3026 ferre
1338 2955 1639 3026 nequibant,
1662 2953 1787 3009 eum
1828 2956 2016 3026 quibus

390 3066 397 3073 .
497 3023 726 3076 externis
752 3022 959 3092 populis
973 3022 1267 3094 susceperit
1293 3022 1447 3079 bella.

501 3131 668 3201 Igitur
693 3129 924 3184 Romani
957 3131 1369 3187 infestissimum
1412 3142 1578 3203 atque
1619 3135 2015 3192 intolerabilem

2131 566 2486 639 Sempronius
2535 566 2745 633 consul,
2791 568 3010 639 cognito
3036 567 3254 639 collegm
3281 582 3409 622 casu
3430 608 3446 635 ,
3474 582 3505 623 a
3533 567 3711 624 Sicilia

2128 675 2252 716 cmn
2292 658 2533 714 exercitu
2579 659 2758 714 rediit.
2809 658 2911 726 Qui
2972 658 3225 714 similiter
3269 659 3411 729 apud
3466 668 3711 715 eumdem
3754 694 3759 703 ν

2130 750 2350 805 fluvium
2395 764 2763 820 congressus,
2807 748 3014 804 amisso
3062 749 3338 815 exercitu,
3386 764 3527 821 pene
3575 751 3713 807 solus

2127 843 2320 897 evasit.
2351 840 2407 895 In
2436 856 2503 895 eo
2528 849 2708 896 tamen
2744 840 2885 895 bello
2912 840 3077 895 etiam
3121 839 3391 896 Hannibal
3442 843 3713 897 sauciatus

2127 942 2228 987 est.
2253 931 2353 999 Qui
2378 943 2567 1003 postea
2595 947 2719 987 cum
2759 932 2813 986 in
2841 930 3154 986 Hetruriam
3175 932 3354 1002 primo
3380 947 3508 987 vere
3545 944 3714 989 trans-

2129 1026 2250 1089 iret,
2294 1025 2348 1079 in
2397 1037 2610 1079 summo
2658 1023 2977 1094 Appennino
3014 1032 3339 1093 tempestate
3385 1035 3669 1095 correptus
3697 1067 3712 1089 ,

2126 1116 2290 1171 biduo
2317 1115 2577 1171 continuo
2619 1112 2974 1169 immobiliter
3032 1130 3157 1169 cum
3208 1114 3451 1170 exercitu
3501 1116 3713 1171 nivibus

2126 1210 2413 1264 conclusus
2436 1218 2491 1264 et
2511 1218 2740 1264 onustus
2761 1209 2999 1281 obriguit
3021 1226 3036 1262 :
3064 1210 3153 1263 ubi
3184 1224 3411 1280 magnus
3438 1210 3710 1265 hominum

2127 1316 2385 1355 numerus
2415 1342 2430 1365 ,
2472 1299 2716 1369 iumenta
2768 1300 3166 1370 complurima,
3222 1300 3496 1370 elephanti
3535 1311 3711 1373 autem

2125 1408 2264 1463 pene
2291 1406 2481 1447 omnes
2513 1392 2731 1463 frigoris
2783 1391 3087 1446 acerbitate
3130 1391 3427 1461 perierunt.
3478 1391 3551 1446 At
3586 1408 3710 1447 vero

2125 1483 2262 1539 alter
2288 1491 2414 1536 tunc
2443 1480 2625 1551 Scipio
2652 1522 2667 1547 ,
2700 1480 2866 1536 frater
2900 1480 3143 1536 consulis
3180 1480 3452 1552 Scipionis
3479 1524 3495 1546 ,
3530 1483 3587 1536 in
3628 1482 3712 1537 Ili-

2124 1575 2311 1645 spania
2341 1573 2572 1644 plurima
2596 1573 2735 1629 bella
2765 1573 2951 1645 gessit.
2982 1572 3260 1645 Magonem
3283 1589 3500 1646 quoque
3519 1575 3714 1629 Pmno-

2125 1679 2245 1719 rum
2287 1665 2479 1720 ducem
2522 1663 2666 1719 bello
2718 1663 2850 1718 vicit
2897 1673 2953 1718 et
3005 1664 3168 1733 cepit.
3205 1662 3351 1719 Diris
3387 1675 3517 1721 tunc
3552 1666 3712 1720 etiam

2127 1758 2353 1813 Romam
2384 1756 2647 1829 prodigiis
2696 1756 2874 1813 territi
2921 1764 3069 1811 sunt.
3123 1755 3257 1812 Nam
3310 1766 3366 1813 et
3401 1758 3534 1813 solis
3570 1760 3714 1813 orbis

2127 1847 2293 1903 minui
2318 1848 2463 1901 visus
2488 1858 2593 1911 est,
2626 1855 2682 1900 et
2710 1848 2849 1917 apud
2876 1847 3053 1918 Arpos
3080 1863 3285 1918 parmas
3315 1848 3369 1903 in
3398 1850 3539 1905 coelo
3566 1852 3711 1916 vise,

2127 1938 2206 1994 sol
2233 1952 2449 2007 quoque
2492 1951 2765 2006 pugnasse
2810 1952 2934 1991 cum
2982 1936 3110 1991 luna
3158 1938 3300 2008 apud
3333 1937 3708 2008 Capcmenas,

2127 2031 2359 2086 interdiu
2386 2033 2522 2085 duas
2546 2029 2702 2085 lunas
2730 2037 2905 2095 ortas,
2939 2030 2992 2084 in
3032 2028 3281 2086 Sardinia
3314 2032 3579 2103 sanguine
3611 2035 3711 2089 duo

2125 2131 2280 2178 scuta
2307 2123 2550 2186 sudasse,
2569 2120 2708 2192 apud
2724 2120 2932 2177 Faliccs
2943 2121 3139 2177 coelum
3160 2122 3336 2179 scindi
3350 2123 3499 2179 velut
3522 2140 3710 2196 magno

2127 2215 2276 2270 hiatu
2302 2214 2497 2278 visum,
2523 2214 2663 2284 apud
2690 2214 2911 2270 Antium
2960 2216 3285 2272 metentibus
3327 2229 3587 2274 cruentas
3610 2222 3709 2291 spi-

2125 2327 2218 2366 cas
2275 2311 2329 2365 in
2388 2309 2607 2365 corbem
2658 2308 2945 2365 decidisse.
2994 2309 3162 2381 Igitur
3218 2308 3492 2366 Hannibal
3537 2313 3708 2369 sciens

2127 2400 2448 2456 Flaminium
2483 2399 2758 2456 consulem
2803 2399 2975 2455 solum
3022 2400 3075 2455 in
3109 2401 3306 2456 castris
3338 2416 3461 2457 esse
3491 2419 3602 2473 quo
3626 2419 3706 2457 ee-

2125 2492 2291 2547 lerius
2316 2491 2643 2562 imparatum
2690 2492 2967 2553 obrueret,
3008 2491 3183 2561 pn’nro
3224 2507 3353 2548 vere
3396 2507 3707 2563 progressus

2126 2582 2357 2652 arripuit
2381 2582 2687 2653 propiorem
2712 2623 2725 2646 ,
2767 2582 2864 2637 sed
2915 2581 3213 2651 plaustrem
3257 2584 3444 2650 viam,
3491 2593 3548 2639 et
3587 2593 3706 2638 tunc

2123 2672 2263 2729 forte
2301 2671 2508 2728 Sarnus
2539 2672 2649 2729 late
2694 2673 3005 2729 redundans
3034 2671 3297 2744 pendulos
3331 2682 3388 2729 ct
3427 2674 3708 2731 dissolutos

2122 2782 2344 2837 campos
2370 2765 2686 2837 reliquerat.
2719 2766 2795 2822 De
2815 2767 3014 2837 quibus
3037 2766 3243 2821 dictum
3274 2775 3358 2822 est
3381 2781 3396 2821 :

2557 2902 2570 2915 .
2587 2901 2598 2912 .
2612 2900 2626 2914 .
2642 2899 2657 2914 .
2681 2902 2695 2915 .
2713 2863 2776 2914 Et
2789 2878 2895 2927 qum
2917 2866 3041 2926 rigat
3056 2877 3248 2928 aequora
3268 2865 3470 2916 Sarnus.

2123 2950 2180 3005 In
2211 2964 2348 3020 quos
2372 2964 2496 3004 cum
2529 2948 2773 3004 exercitu
2802 2962 3123 3019 progressus
3164 2948 3452 3014 Hannibal,
3483 2951 3704 3013 nebulis,

2124 3040 2362 3096 maxime
2396 3054 2518 3109 qua:
2547 3039 2613 3094 de
2653 3038 2849 3108 palude
2896 3039 3324 3106 exhalabantur,
3366 3052 3708 3113 prospectum

2124 3129 2509 3196 offerentibus,
2559 3121 2811 3201 magnam
2861 3139 3073 3201 partem
3123 3131 3396 3187 sociorum
3437 3131 3709 3203 iumento—

433 3199 643 3276 hostem
675 3219 1031 3274 Hannibalem
1063 3235 1128 3274 eo
1154 3229 1397 3290 tempore
1425 3199 1668 3292 perpessi
1690 3234 1837 3280 sunt.
1861 3226 2016 3294 Quod
2046 3199 2090 3262 (ἶ
2125 3237 2350 3292 rumque
2374 3221 2625 3291 perdidit.
2650 3199 2770 3292 Ipse
2796 3199 2978 3277 autem
3011 3222 3103 3276 uni
3133 3221 3411 3292 elephanti
3440 3199 3532 3295 qui
3564 3227 3709 3282 solus

426 3326 494 3366 eo
515 3309 674 3365 modo
698 3309 951 3380 contigit;
1034 3308 1490 3380 Carthaginenses
1516 3328 1750 3385 namque
1775 3319 2018 3387 graviter

364 3446 369 3449 _
430 3399 683 3455 ferebant
711 3399 853 3469 quod
882 3399 1084 3455 dudum
1114 3400 1317 3456 domini
1340 3402 1581 3472 gentium
1612 3404 2018 3476 insularumque

434 3491 635 3546 tributa
659 3491 871 3557 darent,
894 3506 1015 3561 qua:
1033 3492 1185 3561 prius
1209 3493 1456 3563 accipere
1478 3494 1742 3551 solebant.
1775 3496 2019 3553 Urebant

429 3583 665 3639 nobilem
692 3583 947 3654 populum
972 3583 1208 3639 ablatum
1240 3600 1415 3647 mare,
1448 3587 1638 3643 insula:
1668 3598 1853 3660 raptae.
1878 3589 2016 3646 Hinc

427 3672 688 3729 ultionem
723 3689 859 3743 puer
906 3673 1176 3730 Hannibal
1218 3676 1286 3731 ad
1334 3692 1487 3732 aram
1526 3678 1810 3749 iuraverat
1844 3683 2017 3751 patris

425 3762 511 3818 sui
553 3763 897 3819 Hamilcaris.
951 3765 1120 3836 Igitur
1179 3768 1233 3820 in
1290 3782 1510 3824 causam
1567 3769 1693 3825 belli
1743 3771 2018 3843 Saguntos

426 3851 697 3923 Hispania:
727 3853 925 3909 nobilis
949 3864 1008 3909 et
1032 3855 1287 3925 opulenta
1327 3858 1521 3915 civitas
1562 3862 1739 3917 amica
1784 3863 2016 3920 Romani

424 3945 607 4015 populi
651 3945 825 4001 electa
856 3955 958 4001 est.
986 3946 1159 4014 Quam
1187 3947 1456 4006 Hannibal
1484 3993 1510 4017 ,,
1532 3968 1728 4010 causas
1750 3970 2015 4013 novorum

425 4044 671 4090 motuum
721 4051 974 4106 quaerens
992 4078 1008 4103 ,
1037 4038 1273 4109 primum
1301 4039 1444 4097 bello
1472 4044 1671 4111 petiit,
1704 4045 1898 4103 deinde
1923 4050 2017 4104 ob-

423 4126 633 4182 sidione
684 4126 877 4193 cinxit,
925 4126 1070 4184 fame
1113 4132 1487 4199 excruciavit,
1541 4143 1736 4192 octavo
1796 4138 2014 4194 demum

425 4233 615 4274 mense
652 4218 873 4274 delevit.
906 4219 1141 4289 Legatos
1164 4223 1329 4278 etiam
1359 4238 1497 4294 quos
1524 4225 1757 4281 Romani
1794 4239 2017 4299 propter

422 4309 630 4365 sociam
661 4310 934 4365 civitatem
980 4312 1330 4380 direxerant,
1384 4329 1415 4369 a
1451 4331 1551 4373 suo
1597 4315 2017 4388 iniuriosissime

424 4411 717 4471 conspectu
741 4403 1052 4459 absterruit.
1097 4404 1225 4461 Inde
1264 4406 1538 4464 Pirineum
1566 4419 1805 4466 montem
1837 4420 2014 4469 trans-

423 4507 644 4562 gressus
664 4532 680 4557 ,
710 4493 853 4549 inter
880 4493 1247 4552 ferocissimas
1275 4497 1552 4554 Gallorum
1587 4512 1774 4571 gentes
1800 4544 1816 4569 ,
1864 4503 2011 4562 ferro

423 4582 567 4637 viam
593 4585 829 4652 aperuit,
852 4592 908 4640 et
930 4600 1076 4639 nono
1097 4586 1313 4642 demum
1346 4590 1434 4646 die
1459 4607 1489 4645 a
1515 4590 1734 4649 Pirineo
1757 4596 1824 4650 ad
1845 4595 2011 4668 Alpes

424 4672 693 4742 pervenit,
732 4675 823 4729 ubi
870 4674 997 4729 dum
1028 4685 1318 4733 montanos
1347 4678 1532 4736 Gallos
1575 4684 1836 4752 repellere
1883 4703 2009 4741 eum

421 4766 493 4821 ab
525 4780 757 4822 ascensu
802 4766 1111 4823 obnitentes
1157 4769 1298 4825 bello
1338 4781 1587 4842 superat,
1641 4782 1803 4844 atque
1834 4777 2009 4835 invias

421 4870 584 4925 rupes
612 4856 721 4927 igni
744 4855 995 4927 ferroque
1017 4845 1297 4929 rescindit,
1325 4862 1398 4918 ibi
1423 4863 1600 4918 triduo
1621 4876 2003 4934 commoratus,

420 4946 612 5017 quinto
637 4945 854 5003 demum
885 4948 991 5013 die,
1024 4965 1149 5006 cum
1191 4953 1432 5008 maximo
1484 4953 1670 5011 labore
1720 4956 1788 5011 ad
1845 4959 2003 5028 plana

419 5036 685 5107 pervenit.
719 5036 908 5093 Fuisse
936 5046 1065 5097 tunc
1089 5043 1390 5098 exercitum
1421 5044 1540 5114 ejus
1575 5045 1630 5100 in
1660 5045 1891 5112 100,000
1919 5067 2009 5121 pe-

413 5125 614 5192 ditum,
647 5138 705 5185 et
730 5129 932 5196 20,000
958 5131 1200 5202 equitum
1231 5174 1246 5199 ,
1295 5133 1577 5191 deﬁniunt.
1612 5136 1794 5209 Scipio
1821 5145 2011 5199 consul

422 5215 708 5274 Hannibali
760 5221 973 5289 primus
1020 5225 1303 5289 occurrit,
1372 5228 1797 5299 commissoque“
1823 5233 2010 5301 pnelio

420 5309 563 5377 apud
600 5309 868 5365 Ticinium
908 5312 1024 5382 ipse
1063 5312 1246 5384 Scipio
1282 5318 1524 5387 graviter
1547 5320 1884 5387 vulneratus,
1913 5339 2009 5394 per

420 5397 728 5470 Scipionem
757 5401 930 5458 filium
960 5406 1250 5460 admodum
1298 5418 1680 5476 prtetextatum
1736 5411 1848 5483 (qui
1885 5423 2009 5484 post

417 5488 759 5559 Aphricanus
782 5494 1192 5563 cognominatus
1226 5496 1331 5569 est)
1360 5498 1431 5554 ab
1461 5500 1577 5571 ipsa
1607 5512 1783 5558 morte
1805 5504 2008 5562 Poeno-

420 5594 540 5632 rum
581 5580 688 5636 dux
724 5582 987 5640 liberatus
1010 5588 1203 5642 evasit.
1231 5587 1417 5645 Caesus
1446 5601 1529 5647 est
1562 5592 1634 5647 ibi
1663 5596 1842 5652 omnis
1868 5613 2006 5667 pene

423 5668 694 5724 Ilotnanus
720 5674 1009 5730 exercitus.

492 5754 791 5830 Pugnatum
813 5763 1005 5822 deinde
1041 5769 1230 5826 eodem
1277 5771 1500 5827 consule
1528 5772 1598 5828 ad
1626 5773 1825 5833 ﬂumen
1869 5777 2002 5833 'I‘re-

2040 4544 2089 4603 D

2120 3312 2463 3385 superfuerat
2500 3313 2896 3382 supersedens,
2936 3313 3027 3367 vix
3074 3312 3445 3371 difﬁcultatem
3501 3317 3708 3374 itineris

2119 3408 2310 3462 evasit.
2342 3405 2448 3461 Sed
2474 3406 2689 3462 oculum
2736 3406 2878 3478 (quo
2899 3407 3217 3479 jamdudum
3244 3425 3388 3482 aeger
3420 3411 3572 3483 erat)
3599 3413 3707 3466 ﬁo-

2122 3503 2287 3558 lentia
2324 3500 2562 3572 frigoris,
2611 3501 2920 3572 vigiliarum
2974 3516 3041 3558 ac
3089 3501 3324 3565 laboris,
3366 3504 3575 3559 amisit.
3610 3505 3705 3560 Ubi

2120 3610 2251 3651 vero
2277 3595 2558 3666 proximus
2589 3594 2787 3649 castris
2826 3593 3078 3649 Flaminii
3121 3594 3361 3652 consulis
3386 3595 3509 3663 fuit,
3533 3607 3707 3653 vasta.

2120 3687 2267 3742 tione
2320 3684 2818 3755 circumiacentium
2860 3685 3106 3740 locorum
3141 3685 3468 3742 Flaminium
3499 3688 3555 3743 in
3598 3687 3702 3743 bel-

2120 3777 2230 3831 lum
2256 3776 2533 3831 excitavit.
2577 3775 2703 3831 Haec
2731 3791 2909 3847 pugna
2938 3776 3004 3830 ad
3038 3775 3494 3833 Transimeunnm
3534 3778 3704 3834 lacum

2121 3868 2261 3924 facta
2289 3877 2394 3934 est,
2431 3868 2524 3923 ubi
2553 3869 2827 3924 exercitus
2871 3867 3149 3925 Romanus
3194 3868 3568 3926 infelicissime
3593 3882 3709 3928 arte

2118 3956 2521 4011 circumventus
2552 3955 2889 4021 Hannibalis,
2918 3955 3163 4012 funditus
3191 3959 3494 4015 trucidatus
3512 3968 3600 4015 est

2189 4048 2306 4117 Ipse
2333 4062 2548 4117 quoque
2575 4048 2765 4103 consul
2798 4048 3013 4104 occisus
3037 4057 3141 4116 est,
3193 4049 3395 4117 25,000
3444 4051 3708 4108 Romam-

2120 4160 2237 4200 rum
2268 4146 2414 4199 ineo
2442 4144 2629 4215 praclio
2656 4160 2797 4200 caesa
2820 4184 2835 4207 ,
2874 4143 3015 4199 6000
3051 4153 3211 4215 capta
3249 4144 3584 4202 referuntur.
3632 4146 3710 4203 De

2118 4237 2359 4293 exercitu
2389 4234 2702 4290 Hannibalis
2728 4234 2870 4291 2000
2894 4237 3211 4293 ceciderunt

2189 4328 2480 4383 Famosum
2508 4328 2611 4382 hoc
2638 4327 2778 4396 apud
2819 4327 3271 4385 Transimennum
3304 4328 3484 4386 lacum
3530 4342 3709 4387 certa.»

2118 4437 2242 4477 men
2273 4419 2409 4484 fuit,
2443 4427 2589 4473 tanta
2616 4418 2769 4474 clade
2795 4412 3036 4475 Romani
3063 4421 3332 4484 maxime,
3362 4437 3487 4477 cum
3512 4422 3592 4477 ita
3623 4424 3708 4478 in-

2120 4520 2301 4566 tentus
2327 4509 2678 4581 pugnantium
2710 4509 2729 4581 (
2740 4509 2845 4574 41.,
2873 4510 3227 4579 pugnantium
3279 4512 3516 4584 animus)
3543 4514 3711 4568 exsu-

2121 4602 2248 4657 terit
2278 4642 2293 4667 ,
2345 4609 2405 4654 ut
2445 4599 2823 4671 gravissimum
2853 4608 3254 4667 tememotum,
3284 4603 3379 4672 qui
3411 4613 3545 4659 tunc
3574 4605 3711 4661 forte

2118 4704 2226 4748 tam
2254 4694 2549 4749 vehemens
2577 4690 2753 4747 factus
2780 4700 2885 4756 est,
2915 4701 2976 4746 ut
3005 4693 3169 4749 urbes
3195 4693 3432 4751 diruisse
3454 4737 3470 4762 ,
3496 4707 3713 4753 montes

2117 4782 2478 4847 transtulisse,
2517 4781 2797 4837 discidisse
2839 4796 3002 4853 rupes
3025 4823 3040 4848 ,
3070 4791 3126 4838 et
3149 4781 3371 4839 ﬂumina
3401 4793 3706 4843 retrorsum

2112 4874 2357 4944 coegisse
2381 4871 2672 4938 referatur,
2707 4882 3012 4943 pugnantes
3037 4873 3258 4929 omnino
3280 4890 3386 4930 non
3411 4878 3709 4932 senserint.

2113 4962 2249 5017 Hinc
2282 4961 2530 5017 consules
2573 4962 2774 5017 Lucius
2812 4958 3075 5018 Emilius
3097 5003 3113 5027 ,
3144 4962 3439 5021 Terentius
3489 4968 3669 5023 Varro
3692 5007 3710 5032 ,

2113 5061 2300 5109 contra
2328 5052 2679 5109 Hannibalem
2709 5053 2861 5110 missi
2886 5062 3031 5109 sunt.

2186 5145 2293 5201 Sed
2344 5146 2678 5216 impatientia
2728 5146 2991 5201 Varronis
3039 5145 3278 5203 consulis
3328 5147 3712 5206 infelicissime

2112 5237 2253 5308 apud
2282 5235 2519 5301 Cannas,
2562 5236 2773 5307 Apulize
2805 5237 3006 5303 vicum,
3037 5252 3226 5294 omnes
3263 5254 3405 5309 pene
3442 5241 3711 5297 Hunnus

2111 5328 2225 5398 spei
2259 5328 2404 5383 vires
2441 5329 2742 5398 perierunt.
2778 5327 2915 5383 Nam
2951 5330 3004 5384 in
3047 5345 3111 5385 ea
3144 5346 3323 5403 pugna
3351 5330 3559 5397 £4,000
3606 5334 3711 5388 Ro-

2113 5434 2394 5475 manorum
2443 5417 2730 5475 interfecta
2775 5428 2921 5475 sunt.
2969 5419 3292 5491 Quanquam
3342 5423 3410 5478 de
3451 5426 3708 5480 exercitu

2110 5507 2425 5564 Hannibalis
2448 5524 2641 5580 magna
2667 5525 2794 5580 pars
2818 5526 2954 5567 caesa
2978 5518 3079 5576 est,
3112 5511 3262 5567 nullo
3291 5520 3472 5568 tamen
3492 5511 3711 5569 Punico

2109 5600 2250 5655 bello
2280 5599 2509 5655 Romani
2540 5602 2677 5655 adeo
2708 5602 2773 5655 ad
2802 5611 3102 5657 extremam
3136 5602 3570 5659 internecionem
3609 5605 3705 5659 ad-

2110 5690 2253 5744 ducti
2300 5699 2447 5743 sunt.
2501 5689 2669 5744 Periit
2696 5690 2845 5745 enim
2872 5692 2924 5746 in
2955 5706 3021 5747 eo
3059 5692 3201 5748 bello
3226 5693 3415 5749 consul
3442 5693 3704 5749 Emilins

2111 5780 2326 5835 Paulus.
2357 5780 2674 5836 consulares
2706 5790 2888 5837 autem
2924 5784 3164 5849 pactorii
3192 5786 3292 5841 viri
3318 5787 3390 5841 20
3420 5783 3698 5841 interfecti
