3964 6172
322 203 451 279 tott

1416 198 1833 258 CHRONICON.
1874 229 1946 242 —-
1982 200 2154 257 TOHI
2190 200 2213 256 ι
2246 200 2378 258 LlB.
2420 203 2486 259 Υ.

3462 207 3604 263 1οοιῖ

316 325 444 373 sunt
475 333 488 369 :
518 321 802 370 senatores
830 312 916 368 vel
936 312 1080 384 capti
1109 311 1208 369 vel.
1224 309 1392 369 Occisi
1423 323 1551 369 sunt
1577 314 1668 378 50,
1694 313 1905 371 nobiles
1929 316 1978 376 A
2006 330 2173 370 unum
2201 315 2258 370 in
2282 314 2592 372 Macedonia
2617 322 2806 372 contra
2829 315 3136 389 Philippum
3155 320 3599 389 potentissimum

314 410 418 466 viri
466 408 572 465 500
603 447 620 472 ,
671 407 1005 477 pedestrium
1067 406 1299 462 militum
1347 406 1549 474 40,000
1589 448 1605 473 ,
1663 408 1908 478 equitum

314 502 682 564 5.500.Varro
701 500 896 556 consul
916 516 1040 556 cum
1052 500 1124 556 50
1143 501 1417 572 equitibus
1428 502 1723 557 Venusium
1746 499 1904 571 fugit.

316 593 427 649 Nec
458 592 680 648 dubium
708 599 792 647 est
825 591 1071 646 ultimum
1109 591 1262 647 illum
1292 592 1435 647 diem
1469 591 1698 647 Romani
1733 600 1908 648 status

316 684 555 737 futurum
587 680 777 750 fuisse,
808 682 852 737 si
881 681 1149 737 Hannibal
1177 698 1300 737 mox
1340 692 1469 752 post
1516 682 1798 739 victoriam
1838 683 1909 738 ad

313 774 720 844 pervadendam
750 772 943 828 urbem
970 772 1357 829 contendisset.
1380 772 1645 829 Hannibal
1674 774 1728 828 in
1762 773 1909 828 testi-

315 865 558 939 monium
606 863 851 919 victoriae
887 878 999 918 sua:
1041 872 1154 919 tres
1206 864 1417 919 modios
1450 862 1774 919 annulorum
1810 880 1909 919 au-

318 972 532 1011 reorum
563 954 951 1037 Carthaginem
990 954 1159 1019 misit,
1196 970 1334 1024 quos
1371 969 1439 1009 ex
1466 953 1719 1009 manibus
1739 953 1910 1008 inter-

316 1048 578 1104 rectorum
626 1048 871 1119 equitum
914 1046 1284 1103 Romanorum
1351 1055 1774 1117 senatorumque
1818 1046 1911 1103 de—

317 1144 578 1192 traxerat.

385 1231 569 1302 Usque
622 1230 757 1285 adeo
801 1238 980 1285 autem
1015 1229 1202 1284 ultima
1239 1219 1550 1300 desperatio
1597 1229 1908 1300 reipublicae

314 1323 455 1392 apud
498 1322 742 1377 residuos
772 1320 1045 1377 Romanos
1075 1321 1178 1377 fuit
1205 1362 1220 1386 ,
1251 1331 1310 1377 ut
1335 1328 1618 1379 senatores
1641 1322 1709 1376 de
1737 1322 1905 1377 relin-

313 1412 527 1481 quenda
558 1410 707 1466 Italia
729 1411 1056 1481 aedibusque
1077 1411 1382 1480 quaerendis
1400 1411 1686 1467 consilium
1717 1411 1909 1467 ineun-

314 1504 441 1557 dum
468 1510 739 1572 putarent.
774 1501 927 1570 Quod
958 1510 1181 1558 auctore
1209 1501 1414 1558 Cecilio
1454 1502 1668 1559 Metello
1708 1503 1910 1559 contir-

312 1602 516 1649 matum
547 1595 777 1661 fuisset,
807 1595 911 1650 nisi
936 1594 1221 1651 Cornelius
1257 1595 1463 1666 Scipio,
1495 1595 1749 1653 tribunus
1777 1603 1908 1652 tunc

2014 407 2342 464 Macedonia:
2369 422 2583 480 regem;
2615 408 2850 464 alterum
2882 409 2936 465 in
2969 409 3225 481 Hispania
3250 420 3440 468 contra
3471 411 3605 470 Has-

2009 500 2291 556 drubalem
2337 499 2658 556 Hannibalis
2687 500 2950 568 fratrem;
2986 505 3205 558 tertium
3245 504 3298 559 in
3347 505 3601 562 Sardinia

1969 612 1983 625 ο
2010 599 2200 647 contra
2240 590 2481 655 Sardos,
2509 602 2565 646 et
2610 593 2837 647 alterum
2882 593 3279 651 Hasdrubalem
3319 596 3603 669 Carthagi-

2011 684 2259 740 nensium
2291 684 2519 748 ducem;
2572 693 2726 739 extra
2778 685 2881 740 hoc
2929 695 3185 754 quartum
3240 686 3596 751 Hannibalis.

2009 793 2119 848 quo
2147 776 2201 831 in
2234 776 2387 831 Italia
2419 777 2825 849 premebantur,
2857 787 2912 833 et
2946 788 3127 835 tamen
3162 780 3315 837 fortis
3346 782 3400 835 in
3434 783 3601 839 alter-

2009 876 2192 921 utrum
2257 866 2636 939 desperatione
2677 867 2734 922 in
2788 868 3012 924 meliora
3060 870 3313 939 profecit.
3361 872 3495 929 Nam
3542 876 3598 930 in

2009 959 2096 1014 bis
2118 960 2371 1015 omnibus
2391 960 2728 1030 desperando
2764 970 3097 1033 pugnarunt,
3121 967 3408 1034 pugnando
3449 967 3594 1023 vice-

2010 1059 2158 1106 runt.
2205 1051 2424 1106 Decimo
2477 1067 2623 1106 anno
2671 1061 2959 1123 postquam
2987 1052 3256 1109 Hannibal
3300 1055 3355 1109 in
3385 1055 3596 1110 Italiam

2010 1151 2237 1198 venerat
2259 1182 2275 1206 ,
2321 1140 2473 1198 Gneo
2502 1141 2692 1196 Fulvio
2715 1140 2903 1197 Publio
2937 1143 3191 1209 consule,
3222 1143 3488 1200 Hannibal
3531 1145 3598 1199 dc

2009 1231 2302 1304 Campania
2332 1232 2502 1287 movit
2544 1233 2876 1298 exercitum,
2924 1241 2982 1287 et
3025 1248 3151 1288 cum
3193 1233 3396 1306 ingenti
3446 1234 3598 1289 clade

2008 1324 2275 1389 omnium,
2305 1338 2405 1393 per
2432 1322 2756 1379 Sedecinum
2787 1322 3229 1394 Suessanamque
3272 1338 3462 1395 agrum
3510 1324 3596 1379 via

2011 1412 2201 1468 Latina
2230 1412 2506 1483 profectus
2541 1413 2609 1467 ad
2649 1412 2920 1467 Attianum
2949 1412 3174 1467 fluvium
3209 1413 3381 1469 tribus
3405 1414 3597 1469 millia-

2011 1501 2161 1556 ribus
2210 1502 2280 1555 ab
2326 1501 2471 1559 Urbe
2507 1503 2784 1567 consedit,
2817 1502 3121 1558 incredibili
3163 1504 3329 1559 totius
3362 1504 3599 1560 civitatis

2011 1600 2180 1657 metu,
2209 1606 2334 1647 cum
2375 1599 2600 1647 senatus
2641 1591 2977 1662 populusque
3003 1593 3150 1648 curis
3176 1593 3440 1663 trepidus,
3482 1609 3596 1647 ma-

313 1686 566 1749 militum,
602 1685 743 1741 idem
769 1686 862 1756 qui
892 1694 1017 1758 post
1041 1685 1418 1756 Aphricanus,
1451 1686 1701 1742 districto
1724 1685 1903 1757 gladio
1930 1671 1978 1730 Β
2006 1691 2180 1738 tronae
2205 1698 2425 1754 quoque
2466 1692 2713 1739 amentes
2762 1698 2987 1754 pavore,
3036 1698 3137 1752 per
3191 1685 3592 1755 propugnacula

313 1791 437 1829 eum
466 1776 820 1831 deterruisset
850 1815 866 1840 ,
917 1791 983 1831 ac
1019 1776 1199 1845 potius
1226 1789 1326 1844 pro
1360 1775 1552 1846 patriae
1585 1773 1906 1831 defensione

313 1866 369 1921 in
416 1881 522 1929 sua
574 1866 741 1921 verba
783 1865 973 1936 jurarc
1020 1866 1309 1935 coegisset.
1366 1863 1598 1920 Romani
1646 1864 1716 1920 ad
1752 1878 1904 1934 spem

310 1960 437 2014 vitae
459 1958 616 2029 quasi
658 1958 728 2013 ab
768 1957 958 2014 inferis
981 1958 1256 2029 respirare
1290 1956 1429 2022 ausi,
1462 1957 1788 2011 dictatorem
1812 1955 1905 2011 de-

310 2050 511 2105 cimum
550 2047 771 2103 Junium
805 2055 1015 2104 creant.
1048 2047 1153 2117 Qui
1195 2046 1404 2102 delecto
1433 2047 1620 2102 habitu
1651 2047 1722 2101 ab
1747 2045 1909 2102 annis

310 2139 501 2195 decem
540 2148 598 2195 et
639 2146 847 2209 septem
874 2178 890 2204 ,
934 2138 1240 2193 immatura:
1292 2137 1718 2206 inordinataaque
1765 2135 1908 2192 mili-

311 2233 400 2287 tia:
444 2238 681 2301 quatuor
722 2230 963 2302 legiones
1007 2230 1370 2298 undecunque
1397 2228 1699 2285 contraxit.

382 2320 535 2377 Tunc
568 2321 734 2378 etiam
782 2336 972 2377 servos
1000 2320 1231 2392 spectati
1278 2321 1492 2377 roboris
1519 2336 1585 2376 ac
1611 2320 1908 2377 voluntatis

311 2410 423 2482 [AL
455 2412 583 2466 add.
614 2410 873 2484 oblatos],
897 2410 1009 2477 vel,
1041 2412 1087 2467 si
1121 2412 1193 2467 ita
1227 2425 1364 2482 opus
1389 2410 1509 2477 fuit,
1535 2409 1753 2481 publico
1776 2426 1903 2481 pre-

313 2501 388 2556 tio
414 2509 627 2571 emptos
658 2502 759 2557 sub
784 2502 942 2557 titulo
972 2501 1263 2567 libertatis,
1312 2512 1655 2557 sacramento
1701 2492 1911 2557 militiae

309 2590 515 2663 adegit,
556 2601 614 2648 et
640 2607 794 2647 arma
842 2608 965 2664 quae
993 2593 1217 2648 deerant
1249 2592 1466 2662 templis
1504 2592 1859 2648 detraxerunt
1886 2632 1904 2659 ,

309 2682 492 2751 egenti
513 2683 707 2737 aerario
735 2682 962 2754 privata:
985 2696 1117 2754 opes
1141 2680 1337 2738 refusa:
1362 2689 1507 2737 sunt.
1545 2681 1622 2737 lta
1653 2690 1908 2753 equester

307 2772 470 2838 ordo,
509 2773 584 2828 ita
621 2775 775 2844 plebs
802 2774 1045 2845 trepida,
1088 2774 1256 2830 oblita
1305 2773 1645 2839 studiorum,
1676 2773 1728 2827 in
1758 2788 1906 2829 com-

310 2878 478 2920 mune
524 2865 816 2920 consuluit.
865 2863 1061 2922 Junius
1117 2866 1303 2935 itaque
1337 2864 1591 2931 dictator,
1620 2865 1905 2935 antiquum

308 2976 533 3031 quoque
556 2960 816 3029 Romanae
842 2960 1077 3024 miseria:
1106 2959 1311 3016 factum
1339 2958 1585 3016 recolens
1602 2999 1618 3025 ,
1649 2974 1746 3029 per
1771 2975 1902 3029 sup-

309 3052 591 3122 plementa
636 3052 913 3109 exercitus
955 3051 1171 3115 edicto,
1205 3050 1355 3107 velut
1395 3050 1547 3123 asylo
1581 3049 1858 3120 patefacto
1882 3091 1897 3114 ,

310 3144 563 3199 homines
610 3143 919 3215 quicunque
962 3143 1258 3200 sceleribus
1302 3158 1367 3199 ac
1431 3143 1628 3199 debitis
1683 3141 1907 3198 obnoxii

309 3242 540 3300 essent,
592 3234 913 3306 impunitate
970 3234 1268 3305 promissa,
1298 3233 1509 3290 militia:
1551 3233 1903 3304 mancipavit.

310 3324 556 3394 Quorum
584 3341 871 3382 numerum
907 3326 977 3382 ad
1017 3324 1158 3381 6000
1185 3325 1429 3381 virorum
1453 3325 1573 3380 fuit.
1607 3324 1905 3396 Campania

311 3433 470 3483 vero,
500 3417 584 3472 vel
608 3418 792 3487 potius
815 3417 995 3473 omnis
1018 3417 1194 3485 Italia,
1227 3417 1295 3472 ad
1323 3414 1697 3478 Hannibalem.
1721 3417 1910 3485 despe-

312 3518 439 3564 rata
485 3509 705 3580 penitus
759 3506 992 3563 Romani
1033 3515 1211 3563 status
1258 3505 1605 3576 reparatione
1632 3545 1649 3570 ,
1687 3505 1907 3561 defecit.

315 3603 449 3657 Post
474 3602 581 3656 hoc
601 3600 804 3656 Lucius
831 3599 1160 3656 Postbumus
1195 3608 1403 3669 praetor-
1425 3597 1689 3653 adversus
1726 3595 1912 3652 Gallos

314 3706 564 3763 pugnare
616 3691 854 3756 missus,
894 3704 1023 3745 cum
1052 3688 1296 3746 exercitu
1340 3702 1514 3744 census
1558 3697 1662 3744 est.
1707 3686 1912 3743 Deinde

319 3782 648 3852 Sempronio
671 3781 948 3848 Graccho,
976 3781 1042 3850 Q.
1091 3780 1259 3836 Fabio
1293 3780 1529 3836 Maximo
1555 3779 1869 3836 consulibus
1895 3819 1912 3845 ,

312 3874 574 3931 Claudius
602 3864 890 3929 Marcellus
919 3887 987 3928 ex
1011 3881 1246 3942 praztore
1267 3870 1555 3941 proconsul
1572 3870 1910 3942 designatus,

317 3964 643 4019 Hannibalis
682 3965 983 4020 exercitum
1017 3962 1206 4034 przelio
1253 3960 1395 4017 fudit
1434 3961 1752 4032 primusque
1794 3970 1916 4030 post

319 4065 505 4112 tantas
563 4055 873 4127 reipublicae
943 4054 1133 4109 ruinas
1182 4067 1331 4124 spem
1379 4052 1509 4109 fecit.
1558 4051 1914 4108 Hannibalem

315 4163 483 4219 posse
506 4146 771 4216 superari.
793 4144 1078 4216 Scipiones
1097 4152 1281 4200 autem
1308 4144 1364 4198 in
1392 4142 1651 4214 Hispania
1681 4143 1917 4199 Hasdru-

315 4243 499 4300 balem
548 4242 836 4298 Pomorum
866 4242 1250 4314 imperatorem
1279 4243 1346 4297 ad
1377 4240 1586 4296 Italiam
1614 4241 1913 4296 exercitum

1928 3012 1975 3074 C

2003 1782 2308 1840 currerent,
2338 1782 2396 1828 et
2432 1774 2741 1830 convehere
2790 1775 2847 1857 iu
2891 1790 3078 1830 muros
3119 1790 3269 1839 saxa,
3295 1777 3595 1846 primasque

2003 1879 2103 1934 pro
2142 1864 2316 1920 muris
2343 1880 2591 1937 pugnare
2616 1866 2901 1936 gestirent.
2933 1866 3050 1936 Ipse
3097 1874 3281 1923 autem
3327 1868 3594 1924 Hannibal

2004 1973 2126 2013 cum
2166 1958 2436 2029 expeditis
2486 1958 2761 2029 equitibus
2801 1974 2971 2035 usque
3013 1958 3082 2013 ad
3132 1967 3346 2030 portam
3375 1959 3595 2015 Collati«

1962 2108 1974 2121 ,
2004 2063 2133 2103 nam
2155 2046 2388 2104 infestus
2410 2048 2661 2104 accessit.
2684 2046 2890 2103 Deinde
2915 2064 3105 2104 omnes
3130 2049 3316 2118 copias
3337 2050 3391 2104 in
3421 2049 3592 2106 aciem

2003 2138 2226 2194 direxit.
2278 2137 2386 2202 Sed
2434 2147 2492 2195 et
2535 2139 2791 2196 consules
2838 2138 3063 2195 Fulvius
3101 2156 3225 2197 cum
3268 2142 3594 2211 proconsule

2004 2243 2112 2283 non
2146 2229 2525 2286 detrectavere
2564 2245 2823 2301 pugnam.
2875 2230 2949 2285 At
2989 2231 3080 2286 ubi
3122 2232 3381 2303 exposita:
3424 2232 3595 2288 utrin-

2004 2334 2110 2390 que
2177 2321 2325 2376 acies
2371 2321 2737 2377 constiterunt
2784 2321 2840 2376 in
2888 2331 3183 2392 conspectu
3229 2322 3416 2379 Rom
3455 2340 3595 2395 pra:-

2007 2411 2175 2466 mium
2217 2411 2444 2467 victoris
2495 2411 2732 2479 futura},
2791 2421 2978 2469 tantus
3016 2414 3198 2469 subito
3251 2430 3311 2470 se
3352 2416 3525 2472 imber
3562 2431 3595 2471 e

2004 2501 2239 2558 nubibus
2271 2502 2537 2574 grandine
2582 2502 2778 2557 mistus
2816 2500 3004 2558 effudit
3026 2544 3042 2568 ,
3091 2511 3151 2559 ut
3181 2502 3400 2559 turbata
3427 2505 3594 2576 agmi-

2004 2608 2109 2660 na,
2142 2594 2234 2649 vix
2270 2593 2440 2649 armis
2467 2594 2713 2657 retentis,
2754 2595 2809 2648 in
2832 2610 2929 2649 sua
2962 2609 3023 2651 se
3044 2603 3223 2653 castra
3258 2594 3593 2664 colligerent.

2005 2688 2211 2745 Deinde
2248 2704 2373 2744 cum
2401 2729 2417 2755 ,
2450 2689 2748 2744 serenitate
2783 2689 3025 2751 reddita,
3062 2689 3115 2743 in
3152 2704 3402 2759 campum
3428 2688 3599 2758 copia)

2004 2785 2167 2847 atque
2192 2777 2364 2832 aciem
2394 2778 2708 2841 redissent,
2750 2794 2968 2832 rursum
3000 2778 3253 2834 violentia
3300 2781 3423 2834 fusa
3462 2787 3596 2835 temo

2004 2876 2217 2937 pestas,
2248 2868 2454 2938 majore
2478 2877 2627 2923 metu
2652 2869 2962 2923 mortalium
3000 2870 3285 2925 audaciam
3316 2870 3558 2926 coercuit
3578 2910 3595 2933 ,

2005 2959 2331 3030 territosque
2350 2962 2624 3016 exercitus
2648 2961 2899 3031 refugere
2921 2964 2973 3015 in
2994 2962 3224 3016 tentoria
3244 2962 3601 3033 coegit.Tunc

2007 3064 2305 3106 conversus
2364 3050 2421 3105 in
2470 3051 2746 3122 regionem
2800 3050 3076 3107 Hannibal
3130 3052 3332 3109 dixisse
3377 3051 3551 3108 fertur
3583 3094 3600 3118 ,

2006 3141 2279 3210 potiunda:
2325 3140 2428 3195 sibi
2466 3140 2655 3199 Romae
2696 3142 2860 3197 modo
2900 3142 3234 3198 voluntatem
3278 3158 3388 3198 non
3433 3143 3552 3198 dari
3585 3182 3600 3207 ,

2007 3230 2171 3287 modo
2196 3239 2553 3301 potestatem.
2595 3232 2668 3287 At
2694 3247 2828 3288 vero
2867 3232 2920 3287 in
2968 3231 3229 3304 HiSpania
3252 3274 3271 3298 ,
3303 3233 3464 3288 ambo
3492 3232 3606 3288 Sci-

2007 3326 2214 3396 piones,
2241 3340 2272 3380 a
2296 3324 2467 3380 fratre
2496 3325 2855 3381 Hasdrubalis
2879 3326 3150 3381 interfecti
3176 3335 3322 3381 sunt.
3352 3326 3411 3381 ln
3442 3325 3601 3383 Cam-

2007 3418 2169 3489 pania
2188 3416 2368 3486 Capua
2397 3425 2557 3486 capta
2578 3426 2664 3472 est
2690 3434 2721 3472 a
2743 3418 2807 3484 Q.
2830 3417 3022 3472 Fulvio
3037 3418 3377 3488 proconsule.
3392 3418 3597 3474 Princi-

2010 3522 2107 3578 pes
2128 3505 2529 3577 Campanorum
2553 3522 2764 3562 veneuo
2791 3515 3023 3562 mortem
3058 3508 3161 3562 sibi
3196 3508 3600 3574 consciverunt,

2010 3607 2260 3656 senatum
2313 3614 2532 3656 omnem
2582 3597 2780 3668 Capuze
2830 3598 2995 3652 etiam
3039 3597 3367 3668 prohibente
3406 3608 3599 3652 senatu

2012 3692 2280 3753 Romano.
2327 3690 2550 3746 Fulvius
2595 3689 2869 3760 Sulpicius
2910 3687 3145 3744 necavit.
3192 3685 3495 3745 lnterfectis
3544 3689 3598 3743 in

2015 3782 2270 3852 Hispania
2311 3780 2678 3851 Scipionibus,
2720 3795 2843 3836 cum
2872 3779 3127 3835 omnibus
3156 3780 3373 3834 incusso
3401 3794 3602 3851 pavore

2014 3874 2396 3931 cunctantibus
2440 3871 2623 3941 Scipio
2663 3886 2724 3926 se
2765 3870 3057 3926 admodum
3099 3869 3415 3926 adolescens
3461 3870 3600 3924 ultra

2014 3966 2318 4030 obtulisset,
2345 3972 2403 4019 et
2436 3963 2680 4034 pecunia).
2706 3962 2934 4033 penuria
2966 3969 3113 4017 esset
3136 3961 3343 4035 aerarii,
3381 3960 3607 4016 Claudio

2015 4055 2270 4111 Marcello
2294 4065 2347 4108 et
2370 4052 2587 4109 Valerio
2613 4051 2816 4107 Levino
2837 4050 3173 4117 auctoribus,
3198 4050 3292 4120 qui
3320 4056 3451 4104 tunc
3476 4064 3609 4105 cou-

2017 4146 2164 4210 sules
2187 4153 2366 4209 erant,
2401 4158 2594 4198 aurum
2626 4149 3025 4213 argentumque
3061 4140 3332 4213 signatum
3361 4140 3431 4196 ad
3460 4155 3612 4210 qua:-

2017 4248 2194 4296 stores
2220 4237 2396 4309 palam
2433 4251 2623 4292 omnes
2651 4243 2933 4291 senatores
2961 4233 3014 4288 in
3056 4233 3328 4304 publicum
3366 4233 3610 4288 contule-

313 4343 730 4406 comparautcm
770 4335 1093 4407 gravissimo
1141 4334 1282 4389 bello
1331 4341 1739 4405 oppresserunt.
1779 4331 1913 4387 Nam
1944 4368 1994 4428 Β
2020 4338 2168 4394 runt,
2198 4329 2273 4383 ita
2301 4337 2358 4382 ut
2386 4327 2523 4382 nihil
2551 4335 2748 4396 prater
2771 4324 3001 4428 ann-ulos
3036 4322 3299 4395 singulos,
3327 4322 3609 4427 bullasque

314 4426 524 4492 35,000
552 4427 782 4482 militum
805 4426 872 4481 de
896 4425 1137 4480 exercitu
1166 4425 1282 4495 ejus
1311 4464 1326 4491 ,
1367 4423 1451 4479 vel
1491 4425 1639 4479 caade
1661 4464 1676 4488 ,
1703 4423 1787 4478 vel
1819 4439 1914 4478 ea-

317 4519 509 4590 ptione
553 4519 882 4574 minuerunt.
940 4515 1239 4571 Celtiberos
1286 4515 1484 4570 milites
1529 4530 1693 4585 quam
1739 4514 1914 4586 prima

314 4618 606 4665 externam
636 4624 855 4664 manum
888 4607 1116 4662 Romani
1166 4606 1220 4662 in
1269 4606 1433 4663 castri
1474 4606 1674 4662 habere
1726 4620 1912 4675 coepe-

319 4709 477 4765 runt,
525 4700 700 4770 pretio
741 4698 1061 4754 sollicitatos
1092 4696 1162 4753 ab
1190 4696 1428 4752 hostium
1453 4693 1716 4752 societate
1737 4695 1790 4750 in
1817 4710 1914 4751 sua

318 4801 513 4849 castra
543 4792 833 4847 duxerunt.
900 4796 907 4803 ’

403 4886 761 4956 Sempronius
806 4885 1087 4943 Gracchus
1124 4882 1416 4952 proconsul
1464 4881 1533 4936 ab
1563 4881 1779 4951 hospite
1821 4896 1920 4936 suo

321 4977 552 5032 Lucano
598 4976 829 5045 quodam
868 4976 921 5031 in
966 4972 1192 5028 insidias
1251 4972 1503 5027 inductus
1564 4973 1776 5027 occisus
1815 4980 1912 5027 est.

320 5071 683 5127 Centenimus
716 5070 930 5126 Paetutla
967 5066 1211 5124 centurio
1238 5066 1453 5121 decerni
1485 5066 1588 5120 sibi
1630 5065 1773 5120 ultro
1804 5064 1919 5119 bel-

321 5164 444 5219 lum
474 5165 758 5217 adversum
798 5159 1154 5216 Hannibaleut
1199 5157 1375 5227 petiit,
1401 5173 1431 5209 a
1472 5172 1580 5226 quo
1619 5172 1740 5217 cum
1781 5156 1921 5210 8000

324 5257 568 5312 militum
610 5271 747 5325 quos
784 5256 837 5309 in
875 5254 1044 5309 aciem
1084 5250 1385 5305 adduxerat
1420 5263 1590 5304 caesus
1637 5258 1740 5303 est.
1792 5245 1922 5303 Post

325 5350 481 5405 hunc
525 5347 710 5403 Gneus
746 5345 970 5401 Fulvius
1007 5352 1207 5414 prietor
1246 5340 1315 5394 ab
1358 5336 1657 5394 Hannibale
1696 5338 1871 5394 victus
1900 5379 1916 5405 ,

324 5439 541 5493 amisso
569 5438 812 5494 exercitu
836 5477 852 5503 ,
878 5436 968 5490 vix
997 5434 1188 5490 evasit.
1214 5431 1292 5485 Eo
1320 5438 1560 5499 tempore
1589 5445 1713 5485 cum
1750 5446 1919 5485 llllllm

327 5532 694 5587 dmuestictun
723 5571 737 5594 ,
770 5530 1094 5587 utdiximns
1124 5566 1139 5590 ,
1191 5523 1389 5580 bellum
1419 5520 1560 5576 ferre
1591 5521 1737 5577 nullo
1761 5523 1921 5578 modo

334 5634 548 5697 tmsset,
565 5624 666 5680 tria
681 5622 902 5692 insuper
914 5617 1277 5676 transmarina
1302 5613 1441 5671 bella
1457 5611 1627 5670 fuisse
1648 5623 1916 5683 suscepta,

2021 4419 2125 4476 sibi
2148 4434 2215 4474 ac
2243 4417 2390 4482 filiis,
2414 4426 2470 4473 et
2496 4416 2689 4473 deinde
2714 4431 2810 4486 per
2837 4415 2977 4471 tilias
3000 4430 3305 4485 uxoresque
3334 4430 3464 4471 suas
3489 4415 3606 4471 sin—

2021 4508 2173 4582 gulas
2210 4516 2420 4563 tantum
2463 4507 2581 4561 auri
2625 4507 2816 4562 uncias
2859 4514 2915 4561 et
2962 4508 3175 4577 argenti
3225 4522 3332 4562 non
3378 4506 3611 4577 amplius

2021 4614 2184 4670 quam
2223 4597 2462 4669 singulas
2498 4596 2667 4653 libras
2702 4597 3086 4666 relinquerent.
3131 4596 3315 4668 Scipio
3340 4595 3610 4667 Aphricae

2019 4706 2124 4746 nus
2152 4690 2308 4746 annis
2332 4698 2491 4744 natus
2514 4688 2586 4743 25
2620 4689 2906 4758 imperium
2943 4688 2997 4741 in
3028 4688 3338 4757 Hispaniam
3375 4703 3607 4759 procon-

2022 4784 2205 4840 sulare
2244 4784 2493 4847 sortitus,
2538 4781 2794 4835 ultionem
2826 4780 3094 4850 praecipue
3129 4781 3301 4850 patris
3337 4790 3394 4835 et
3429 4780 3607 4850 patrui
3706 4804 3711 4807 ι

2023 4877 2206 4932 animo
2248 4874 2549 4931 intendens.
2596 4870 2950 4943 Pyrrhiueum
2999 4878 3390 4941 transgressus,
3432 4870 3609 4938 primo

2024 4969 2225 5038 impetu
2257 4964 2637 5034 Carthaginem
2663 4976 2854 5015 novam
2882 4960 3047 5029 cepit,
3080 4961 3171 5014 ubi
3200 4960 3463 5030 stipendia
3495 4974 3610 5013 ma-

2024 5058 2189 5123 xima,
2244 5054 2604 5127 pratsidiaque
2655 5051 2851 5115 valida.
2900 5052 3070 5123 copia:
3120 5050 3239 5104 auri
3291 5048 3610 5119 argentique

2025 5162 2232 5218 magna?
2269 5146 2556 5201 Poenorum
2603 5141 2959 5198 habebantur.
3004 5139 3081 5196 lbi
3124 5139 3287 5194 etiam
3328 5137 3606 5209 Magonem

2022 5240 2248 5295 fratrem
2272 5231 2590 5290 Hannibalis
2611 5241 2828 5303 captum
2859 5246 2981 5285 cum
3012 5228 3223 5284 caeteris
3252 5227 3483 5284 Romam
3509 5228 3616 5282 mi-

2023 5333 2113 5389 sit.
2144 5330 2380 5386 Levinus
2409 5323 2600 5381 consul
2629 5340 2697 5378 ex
2729 5322 3038 5379 Macedonia
3070 5322 3305 5387 rediens,
3342 5321 3608 5392 Agrigen-

2026 5436 2140 5481 tum
2187 5424 2374 5478 urbem
2418 5418 2622 5473 Siciliae
2664 5416 3023 5488 expuguavit,
3068 5415 3249 5485 ibique
3290 5413 3610 5469 Hannonem

2023 5520 2329 5589 Aphrorum
2364 5515 2555 5569 ducem
2591 5511 2762 5582 cepit,
2803 5511 2870 5566 40
2911 5510 3158 5566 civitates
3194 5508 3247 5563 in
3284 5508 3611 5564 deditionem

2023 5611 2252 5680 accepit,
2273 5607 2342 5662 ‘20
2363 5603 2710 5675 expugnavit.
2728 5600 2990 5659 Hannibal
3012 5600 3064 5654 in
3087 5599 3237 5655 Italia
3258 5600 3465 5656 Guctnn
3489 5596 3529 5652 F
3544 5597 3613 5654 Il-
