3964 6172
404 305 541 362 £013

1398 288 1787 359 Fitchth
1827 294 2284 358 Lexovmnens
2319 300 2629 358 EPISCOPI

3534 304 3669 360 lilii

397 432 542 479 vmm
571 417 974 493 proconsulem,
1010 418 1071 472 ll
1107 428 1369 490 prmterea
1401 416 1667 483 tribunos,
1698 427 1757 473 et’
1780 414 1981 477 H.000
2006 418 2051 477 Α
2082 413 2317 471 Silheem
2338 417 2410 471 ad
2428 387 2997 486 Scipionem‘vinctum
3015 415 3227 471 catenis
3239 413 3483 470 deduxit.
3498 416 3668 486 Quem

395 517 626 571 militum
668 510 958 568 interfecit.
998 506 1283 567 Marcellus
1310 510 1502 567 consul
1525 525 1648 566 cum
1681 507 1987 565 Hannibale

397 608 577 663 triduo
623 605 880 661 continuo
928 603 1221 658 dimicavit.
1274 601 1459 657 Prima
1500 602 1586 657 die
1633 601 1748 672 pari
1800 615 1979 670 pugna

393 696 690 751 discessum
717 699 825 759 est,
852 692 1111 762 sequenti
1145 692 1322 748 victus
1346 692 1555 757 consul,
1594 691 1761 763 tertio
1784 690 1977 753 victor,

391 782 559 854 8,000
599 784 845 841 hostium
884 781 1181 848 interfecit,
1231 784 1404 853 ipsum
1454 780 1815 835 Hannibalem
1854 792 1979 834 cum

392 876 617 948 reliquis
650 874 837 945 fugere
863 875 923 941 in
963 883 1144 930 castra
1168 873 1446 944 compulit.
1479 872 1680 927 Fabius
1712 868 1980 925 Maximus

389 964 578 1022 consul
599 963 916 1030 Tarentum,
940 978 1060 1033 quae
1088 979 1122 1017 a
1146 963 1407 1019 Romanis
1436 961 1760 1025 (lusciverat,
1782 960 1977 1015 iterum

345 1105 348 1108 .
388 1058 719 1131 expugnavit
756 1065 814 1113 et
838 1058 1018 1128 cepit,
1063 1044 1245 1126 ibique
1285 1056 1534 1127 ingentes
1562 1053 1749 1123 copias
1775 1051 1993 1107 Hunni--

388 1152 531 1207 baiis
551 1166 677 1207 cum
705 1152 822 1222 ipso
846 1151 982 1207 duce
1010 1149 1129 1219 ejus
1153 1149 1487 1205 Carthalone
1511 1148 1728 1212 delevit,
1777 1146 1988 1212 30,000i

389 1243 673 1298 hominum
698 1243 1032 1313 captivorum
1070 1242 1331 1306 vendidit,
1373 1248 1428 1295 et
1469 1240 1642 1311 pretia
1686 1240 1745 1293 in
1786 1239 1979 1294 iiscum

387 1333 589 1388 retulit.
637 1332 901 1403 Sequenti
937 1347 1079 1385 anno
1120 1332 1173 1386 in
1218 1330 1368 1385 italia
1410 1328 1667 1385 Claudius
1692 1327 1977 1384 Marcellus

385 1422 575 1479 consul
602 1423 672 1477 ab
696 1422 998 1478 Hannibale
1023 1437 1147 1478 cum
1178 1422 1426 1477 exercitu
1447 1421 1660 1476 occisus
1703 1428 1805 1475 est.
1855 1418 1975 1474 Sci-

383 1516 474 1586 pio
498 1515 557 1570 in
578 1512 834 1583 Hispania
861 1510 1155 1567 Pomorum
1182 1513 1372 1568 ducem
1403 1511 1795 1568 Hasdrubalem
1822 1509 1971 1575 vicit,

382 1614 439 1662 et
467 1605 661 1661 caStris
690 1605 859 1659 exnit.
890 1603 1161 1659 Prmterea
1189 1602 1265 1659 80
1305 1602 1553 1658 civitates
1584 1609 1678 1656 aut
1702 1600 1974 1656 deditione

383 1706 477 1754 aut
502 1697 642 1754 bello
680 1698 737 1753 in
768 1704 1091 1766 potestatem
1121 1694 1363 1765 redegit;
1405 1693 1605 1763 Aphris
1646 1691 1749 1747 sub
1772 1707 1971 1747 corona

2084 508 2266 580 Scipio
2300 525 2425 566 cum
2472 509 2781 580 ingentibus
2827 507 3012 579 spoliis
3051 508 3408 580 plurimisque
3445 512 3676 580 captivis

2080 600 2482 670 perducendum
2532 600 2680 656 Leﬁo
2740 600 2981 655 tradidit.
3048 598 3317 655 Hannibal
3380 602 3561 659 redire
3619 604 3671 658 in

2078 690 2319 746 Africam
2350 692 2568 757 missus,
2602 700 2662 746 ut
2686 690 2844 747 iussis
2870 690 3389 764 Carthaginensibus
3419 694 3671 751 subveni-

2080 788 2183 846 ret,
2228 781 2363 837 ﬂens
2402 782 2621 853 reliquit
2662 782 2895 846 italiam,
2942 783 3196 837 omnibus
3242 782 3417 839 ltalici
3456 786 3673 856 generis

2079 874 2359 940 militibus,
2384 875 2483 946 qui
2500 875 2659 944 sequi
2677 874 2901 939 nollent,
2931 872 3255 947 interfectis,
3278 891 3399 931 cum
3432 878 3501 932 ad
3529 876 3674 932 Afri.

2078 977 2280 1017 canum
2303 963 2451 1018 littus
2479 964 2885 1034 propinquaret,
2912 962 3099 1032 jussus
3127 965 3347 1033 quidam
3378 980 3409 1020 e
3438 967 3673 1021 nauticis

2077 1054 2373 1110 ascendere
2420 1055 2479 1109 in
2528 1056 2785 1111 arborem
2825 1055 2980 1110 navis
3028 1062 3193 1125 atque
3232 1056 3360 1112 inde
3398 1059 3670 1128 speculari

2076 1158 2242 1215 quam
2266 1146 2549 1213 regiunem
2573 1155 2784 1201 teneret
2801 1186 2818 1212 ,
2851 1145 3159 1216 sepulcrum
3190 1146 3435 1202 dirutum
3460 1164 3520 1204 se
3545 1164 3675 1220 pro-

2076 1236 2318 1303 spcxisse
2362 1235 2658 1305 respondit.
2705 1235 3069 1291 Abominatus
3110 1237 3313 1291 dictum
3364 1237 3667 1303 Hannibal,

2075 1325 2285 1383 deﬂexa
2322 1342 2483 1383 cursu
2523 1327 2592 1382 ad
2629 1327 2845 1398 Leptim
2878 1327 3133 1398 oppidum
3175 1328 3361 1397 copias
3398 1329 3665 1397 exposuit.

2074 1413 2174 1481 Qui
2202 1417 2460 1472 continuo
2484 1416 2687 1472 refecta
2717 1416 3059 1472 multitudine
3084 1416 3471 1486 Carthaginem
3496 1419 3666 1472 venit.

2074 1505 2278 1561 Deinde
2305 1506 2631 1577 colloquium
2668 1504 2940 1576 Scipionis
2967 1507 3145 1576 petiit.
3191 1506 3292 1563 Ubi
3323 1522 3448 1563 eum
3479 1521 3541 1562 se
3579 1508 3673 1562 diu

2072 1598 2310 1665 attoniti,
2360 1598 2719 1653 admiratione
2765 1606 2974 1663 mutua,
3024 1598 3133 1653 duo
3174 1597 3463 1653 clarissimi
3503 1598 3669 1653 duces

2072 1693 2464 1761 suspexissent,
2498 1690 2702 1748 infecto
2722 1692 2875 1762 pacis
2903 1692 3144 1762 negotio,
3176 1691 3429 1761 praelium
3449 1706 3667 1747 conser-

381 1782 615 1843 venditis
627 1786 745 1843 sine
759 1786 937 1857 pretio
951 1785 1158 1840 dimisit
1173 1783 1462 1854 Hispanos.
1482 1782 1754 1839 Hannibal
1769 1792 1975 1838 utrum—
2002 1778 2049 1839 Β
2075 1790 2188 1835 tum
2210 1790 2310 1836 est.
2339 1779 2493 1847 Quod
2515 1781 2606 1836 diu
2629 1782 2843 1853 magnis
2862 1782 3058 1837 ducum
3082 1782 3292 1838 artibus
3318 1782 3664 1852 dispositum,

379 1893 491 1949 que
509 1878 786 1933 consulem
825 1874 1132 1932 Marcellum
1172 1884 1228 1931 et
1266 1874 1574 1944 Crispinum
1614 1872 1826 1930 insidiis
1867 1874 1969 1929 cir-

378 1978 697 2025 cumventos
727 1966 1019 2023 interfecit.
1052 1967 1277 2023 Claudio
1299 1965 1510 2022 Nerone
1532 1975 1590 2022 et
1610 1960 1789 2021 Marco
1814 1964 1968 2021 Libio

380 2056 684 2115 Salinatore
731 2059 1076 2125 consulibus,
1128 2074 1251 2114 cum
1301 2057 1611 2114 Hasdrubal
1650 2057 1969 2114 Hannibalis

378 2150 549 2205 frater
575 2150 644 2206 ab
682 2149 956 2220 Hispaniis
998 2156 1097 2221 per
1129 2147 1332 2207 Gallias
1374 2150 1445 2205 ad
1488 2148 1699 2204 italiam
1732 2149 1965 2215 veniret,

371 2240 663 2309 jussusque
692 2254 722 2294 a
761 2238 1289 2310 Carthaginensibus
1322 2248 1385 2294 ut
1424 2238 1582 2296 fratri
1627 2252 1750 2295 cum
1796 2239 1968 2310 copiis

370 2331 712 2402 jungeretur,
749 2340 945 2400 magna
971 2344 1155 2385 secum
1179 2328 1379 2384 auxilia
1410 2327 1772 2399 Hispanorum
1796 2327 1968 2384 Gallo-

376 2434 606 2490 rumque
626 2420 941 2485 deduceret,
962 2428 1016 2475 et
1045 2434 1174 2475 cum
1200 2426 1468 2491 maturato
1493 2421 1727 2475 adventu
1752 2419 1969 2476 descen-

373 2511 545 2567 disset
554 2509 669 2580 jam
697 2527 765 2567 ex
786 2512 1034 2582 Alpibus,
1059 2511 1632 2581 consulibusproditus
1655 2509 1867 2576 fuisset,
1898 2508 1971 2563 ab

372 2602 616 2658 exercitu
661 2600 908 2658 Romano
959 2603 1241 2673 ignorante
1285 2601 1587 2656 Hannibale
1637 2610 1962 2671 praeventus,

372 2708 495 2750 eum
522 2695 671 2749 omni
694 2694 939 2750 exercitu
969 2709 1069 2750 suo
1095 2693 1414 2750 interfectus
1441 2700 1545 2748 est.
1593 2689 1732 2747 Nam
1768 2688 1974 2757 58,000

370 2786 439 2840 de
464 2784 707 2840 exercitu
736 2783 1091 2842 Hasdrubalis
1118 2785 1190 2840 ibi
1232 2785 1411 2839 occisa
1443 2791 1600 2848 sunt,
1643 2791 1803 2853 capta
1838 2786 1965 2838 sunt

369 2875 555 2942 5,400,
600 2876 970 2932 Romanorum
1019 2884 1202 2932 autem
1245 2876 1445 2932 civium
1484 2872 1652 2937 5,000
1689 2874 1831 2929 inter
1869 2884 1965 2929 eos

369 2975 587 3037 reperta
617 2974 780 3037 atque
802 2975 1052 3022 revocata
1074 2973 1218 3021 sunt.
1258 2965 1413 3034 Quod
1439 2964 1737 3019 victoribus
1763 2978 1960 3018 consu-

372 3057 514 3113 libus
551 3057 753 3112 soiatio
776 3057 897 3112 fuit.
931 3057 1065 3111 Nam
1095 3067 1151 3112 et
1174 3058 1242 3113 ab
1269 3058 1516 3112 exercitu
1539 3070 1729 3111 eorum
1758 3053 1958 3121 l3,000

2069 1871 2280 1942 magnis
2317 1873 2603 1942 copiarum
2630 1872 2864 1927 molibus
2899 1880 3149 1942 gestum,
3188 1873 3405 1942 magnis
3434 1872 3661 1927 militum

2068 1964 2277 2019 viribus
2306 1974 2739 2019 consummatum
2758 2005 2775 2029 ,
2806 1963 3068 2020 Romanis
3098 1964 3389 2019 victoriam
3412 1965 3659 2019 contulit.

2067 2051 2138 2106 80
2172 2052 2448 2122 elephanti
2477 2051 2549 2107 ibi
2583 2052 2668 2108 vel
2701 2054 2847 2124 capti
2871 2054 2958 2109 vel
2985 2055 3152 2111 occisi
3184 2063 3345 2121 sum,
3379 2054 3662 2128 Carthagi-

2069 2142 2317 2196 nensium
2342 2142 2631 2199 interfecta
2672 2153 2801 2199 sunt
2827 2143 3045 2211 ηοω.
3094 2144 3363 2201 Haunibal
3388 2156 3517 2201 ante
3542 2162 3662 2201 om-

2069 2232 2157 2285 nia
2186 2230 2427 2301 praalinm
2459 2241 2515 2286 et
2549 2232 2609 2287 in
2633 2234 2822 2303 praelio
2850 2243 3260 2305 expertuscmu
3293 2238 3518 2306 paucis,
3562 2239 3660 2293 hoc

2067 2331 2151 2377 est
2177 2323 2267 2377 vix
2297 2324 2330 2377 4
2356 2324 2629 2395 equitibus
2668 2326 2813 2381 inter
2852 2326 3149 2382 tumultum
3186 2327 3405 2398 elapsus
3438 2330 3509 2384 ad
3546 2329 3656 2384 Ru-

2068 2422 2269 2469 metum
2295 2414 2555 2488 confugit.
2585 2416 2785 2472 Postea
2811 2416 3203 2490 Carthaginem
3236 2427 3361 2488 post
3392 2418 3464 2474 36
3488 2433 3660 2474 annos

2066 2522 2228 2577 quam
2261 2509 2387 2564 inde
2417 2524 2619 2580 parvus
2653 2526 2776 2566 cum
2815 2519 2972 2581 patre
2996 2511 3209 2567 exierat
3231 2512 3407 2577 venit,
3442 2512 3655 2567 consul-

2068 2601 2309 2671 tantique
2351 2602 2564 2657 senatui
2607 2601 2807 2657 nullam
2860 2617 2986 2658 esse
3020 2603 3294 2658 residuam
3323 2616 3511 2673 spem,
3553 2604 3659 2657 nisi

2064 2692 2351 2761 petendum
2377 2706 2589 2761 pacem,
2638 2692 2927 2761 persuasit.
2970 2691 3106 2748 Gaio
3136 2692 3390 2747 Cornelio
3431 2692 3655 2747 Lentulo

2063 2780 2274 2846 Publio,
2322 2780 2571 2852 Eliopeto
2610 2783 2943 2849 consulibus,
2983 2780 3508 2855 Carthaginensibus
3550 2798 3651 2853 pax

2064 2883 2167 2942 per
2193 2871 2508 2943 Scipionem
2528 2873 2807 2929 voluntate
2832 2882 3054 2929 senatus
3078 2873 3372 2944 populique
3398 2888 3651 2929 wncessa

2063 2960 2167 3015 est.
2197 2959 2380 3016 Naves
2398 2969 2580 3016 tamen
2605 2960 2729 3031 plus
2757 2976 2920 3031 quam
2951 2961 3061 3017 500
3084 2962 3141 3016 in
3163 2962 3331 3017 altum
3355 2964 3649 3032 productae,

2064 3052 2122 3106 in
2145 3060 2437 3122 conspectu
2463 3051 2705 3107 civitatis
2722 3052 2960 3108 incensa:
2983 3062 3129 3108 sunt.
3175 3052 3362 3123 Scipio
3380 3052 3499 3122 jam
3523 3063 3651 3108 tunc

369 3148 714 3213 ceciderunt,
754 3147 1039 3202 Hannibali
1076 3156 1240 3217 caput
1268 3146 1453 3202 fratris
1490 3148 1572 3202 sui
1608 3147 1959 3202 Hasdrubalis
1986 3131 2035 3193 (ἶ
2062 3149 2421 3212 cognomento
2445 3138 2755 3208 Africanum
2781 3142 3124 3212 triumphans
3144 3142 3349 3199 Urbem
3379 3145 3655 3215 ingresm

368 3246 495 3293 ante
531 3247 712 3292 castra
743 3235 1042 3307 projectum
1072 3248 1176 3293 est.
1214 3236 1332 3304 Quo
1360 3238 1479 3294 viso
1512 3246 1568 3293 et
1611 3238 1771 3293 simul
1807 3239 1962 3294 clade

366 3325 661 3381 Pinnorum
689 3326 931 3398 cognita,
960 3341 1105 3383 anno
1128 3326 1196 3382 15
1222 3342 1351 3383 cum
1379 3328 1432 3382 in
1469 3326 1678 3383 italiam
1716 3337 1955 3394 venerat,

366 3419 564 3492 refugit
606 3419 661 3474 in
708 3418 947 3475 Brutios.
998 3418 1127 3475 Post
1174 3419 1293 3475 haec
1338 3432 1483 3474 anno
1518 3419 1779 3475 continuo
1820 3420 1962 3475 inter

367 3512 723 3568 Hannibalem
753 3520 808 3568 et
836 3511 1111 3569 Romanos
1138 3513 1295 3583 quies
1339 3526 1373 3567 s
1417 3511 1651 3566 tumultu
1692 3512 1957 3567 bellorum

366 3600 745 3658 intercessiwe
773 3602 888 3659 visa
916 3611 1022 3668 est,
1060 3603 1187 3673 quia
1218 3602 1537 3673 inquietudo
1560 3602 1871 3658 morborum
1903 3603 1957 3658 in

364 3691 561 3746 castris
588 3699 726 3757 erat,
751 3698 808 3746 et
824 3691 1142 3762 gravissima
1163 3691 1468 3762 pestilentia
1501 3698 1728 3762 uterque
1751 3692 1961 3747 exerci-

365 3791 453 3837 tus
496 3782 776 3853 agebatur.
832 3781 1043 3837 Interea
1094 3782 1275 3852 Scipio
1321 3781 1573 3837 universa
1623 3772 1883 3851 Hispania
1927 3798 1960 3836 a

362 3872 679 3945 Pyrrheueo
715 3888 891 3944 usque
925 3874 994 3929 ad
1024 3873 1303 3930 Oceanum
1344 3874 1402 3929 in
1444 3874 1781 3946 provinciam
1833 3877 1957 3932 red-

362 3972 504 4029 acta,
537 3963 766 4019 Romam
799 3965 965 4019 venit.
1005 3964 1202 4020 Consul
1233 3979 1357 4020 cum
1398 3965 1462 4020 L.
1492 3964 1690 4021 Crasso
1718 3974 1956 4032 creatus,

362 4054 417 4109 in
446 4054 737 4125 Aphricam
776 4056 1020 4121 transiit,
1063 4056 1382 4112 Hannonem
1419 4054 1746 4111 Hamilcaris
1785 4054 1957 4110 ﬁlium

361 4145 553 4201 ducem
596 4145 895 4202 Poeninum
936 4148 1236 4216 interfecit,
1269 4148 1566 4205 exercitum
1599 4146 1717 4218 ejus
1757 4148 1957 4218 partim

361 4238 533 4304 exile,
578 4238 776 4309 partim
824 4240 1140 4311 captivitate
1183 4240 1521 4311 disperdidit.
1569 4239 1706 4295 Nam
1757 4238 1959 4305 li,000

361 4329 656 4386 Poenorum
680 4346 746 4387 eo
770 4333 955 4403 praelia
985 4333 1202 4388 occidit.
1233 4332 1588 4404 Sempronius
1612 4332 1802 4388 consul
1830 4342 1956 4389 cum

361 4418 663 4476 Hannibale
706 4436 1039 4491 congressus
1078 4431 1133 4478 et
1177 4423 1351 4479 victus
1399 4422 1616 4494 refugit,
1667 4422 1852 4493 Scipio
1897 4423 1952 4478 in

359 4510 598 4579 Aphr‘ica
623 4526 911 4582 aggressus
939 4514 1178 4583 hyberna
1206 4513 1496 4569 Poenorum
1526 4522 1688 4584 atque
1713 4516 1818 4570 alia
1845 4515 1954 4570 Nu-

362 4599 658 4666 midarum,
689 4617 809 4671 qua:
836 4609 1066 4671 utraque
1091 4602 1235 4658 haud
1259 4603 1447 4674 procul
1478 4605 1545 4659 ab
1582 4604 1739 4661 Utica
1776 4615 1952 4673 erant,

361 4700 520 4749 nocte
554 4694 816 4749 concubia
849 4694 977 4750 fecit
1009 4695 1241 4751 incendi.

432 4782 588 4841 Poeni
620 4786 815 4858 trepidi
849 4802 972 4843 cum
1001 4802 1130 4843 casu
1167 4786 1435 4843 accidisse
1470 4788 1647 4858 ignem
1676 4800 1949 4860 putarent,

360 4877 597 4934 inermos
624 4878 690 4933 ad
730 4879 1179 4950 exstinguendum
1215 4888 1610 4937 concurrerunt
1639 4895 1656 4935 :
1687 4896 1856 4950 quare
1883 4883 1952 4940 ab

361 4969 586 5024 armatis
618 4969 776 5026 facile
802 4972 1045 5042 oppressi
1082 4979 1225 5027 sunt.
1260 4971 1318 5027 in
1350 4972 1595 5043 utrisque
1626 4971 1827 5038 40,000
1853 4974 1951 5030 ho-

360 5059 565 5114 minam
593 5061 704 5131 igni
735 5060 988 5133 ferroque
1017 5074 1332 5133 consumpta
1370 5071 1525 5128 sunt,
1567 5072 1725 5133 capta
1760 5064 1945 5131 5,000,

361 5153 525 5208 duces
568 5153 672 5224 ipsi
718 5153 1101 5211 miserabiliter
1140 5156 1376 5213 ambusti
1425 5171 1568 5227 aegre
1613 5156 1945 5230 effugerunt;

360 5241 661 5300 Hasdrubal
700 5245 998 5316 imperator
1050 5245 1432 5318 Carthaginem
1480 5246 1739 5320 profugus
1776 5250 1942 5305 venit.

355 5334 544 5407 Itaque
563 5337 715 5392 Sliax
741 5345 798 5393 et
818 5338 1121 5393 Hasdrubal
1150 5354 1275 5392 mox
1306 5338 1596 5409 plurimum
1624 5355 1948 5409 reparavere

358 5415 661 5482 exercitum
703 5447 716 5482 :
763 5437 929 5498 atque
967 5430 1166 5485 iterum
1212 5444 1334 5484 eum
1376 5429 1628 5499 Scipione
1669 5432 1945 5502 congressi

358 5522 507 5581 sunt,
538 5522 775 5589 victique
802 5518 1074 5591 fugerunt.
1110 5519 1345 5575 Sifaccm
1370 5519 1663 5591 fugientem
1688 5520 1868 5577 Lelius
1889 5531 1945 5577 et

364 5606 662 5667 Hasimissa
693 5623 973 5684 ceperunt,
1010 5623 1202 5669 caetera
1236 5615 1523 5669 multitudo
1547 5614 1749 5671 Cirtam
1785 5616 1938 5686 fugit.

360 5698 533 5764 Quarti
564 5700 846 5759 Masinissa
888 5713 1244 5775 oppugnatam
1278 5705 1331 5758 in
1360 5704 1689 5763 deditionem
1718 5708 1939 5778 recepit,

2061 3240 2163 3288 est.
2196 3233 2367 3300 Quem
2398 3231 2702 3299 Terentius,
2734 3233 2827 3305 qui
2850 3242 3040 3304 postea
3062 3236 3322 3300 comicus,
3357 3250 3422 3290 ex
3454 3235 3654 3290 nobili-

2061 3326 2162 3382 bus
2187 3326 2699 3398 Carthaginensium
2728 3328 2973 3397 captivus
2995 3327 3227 3398 pileatus
3250 3328 3415 3399 (quod
3441 3327 3656 3398 insigne

2062 3418 2282 3475 indultae
2310 3419 2415 3475 sibi
2454 3418 2729 3475 libertatis
2753 3418 2878 3491 fuit)
2914 3417 3339 3489 triumphantem
3372 3426 3495 3488 post
3518 3432 3654 3473 cur-

2061 3524 2181 3564 rum
2209 3516 2427 3566 secutus
2448 3518 2551 3566 est.
2580 3508 2778 3566 Nevius
2798 3511 3039 3567 comicus
3058 3510 3232 3567 Utine
3256 3511 3504 3574 moritur,
3528 3510 3653 3580 pul-

2060 3616 2155 3656 sus
2198 3600 2369 3656 Roma
2420 3600 2658 3657 factione
2703 3601 2989 3668 nobilium,
3038 3617 3103 3657 ae
3144 3603 3379 3657 maxime
3423 3601 3649 3657 Metelli.

2064 3691 2285 3748 Plautus
2330 3692 2519 3748 Romae
2549 3694 2800 3748 moritur.
2844 3692 2947 3759 Qui
2993 3701 3216 3764 propter
3253 3706 3477 3746 annonae
3508 3691 3651 3746 dial-

2058 3783 2312 3839 cultatem
2349 3784 2416 3838 ad
2460 3784 2630 3838 molas
2673 3782 2987 3840 manuarias
3012 3784 3205 3855 pistori
3244 3798 3305 3839 se
3343 3786 3649 3838 locaverat.

2062 3874 2161 3930 Ubi
2191 3873 2405 3943 quoties
2430 3874 2500 3928 ab
2527 3888 2695 3944 opere
2724 3885 2997 3943 vacasset,
3022 3874 3264 3931 scribere
3288 3874 3505 3930 fabulas
3523 3875 3647 3931 soli-

2060 3971 2147 4019 tus
2180 3970 2299 4017 erat
2331 3977 2396 4017 ac
2424 3963 2677 4019 vendere.

2647 4072 2875 4131 CAPUT
2912 4070 3048 4130 Vill.

2056 4166 2167 4223 Rea:
2194 4167 2550 4223 Ptholoma'us
2568 4160 2876 4237 Epiphanes
2903 4180 2996 4237 per
3017 4164 3201 4220 ducem
3227 4181 3406 4231 suum,
3441 4169 3656 4237 nomine

2128 4238 2372 4318 Scopam,
2410 4235 2659 4291 humilem
2681 4235 2933 4318 Syriam,
2962 4236 3211 4291 Iudicum
3225 4272 3241 4300 ,
3456 4236 3657 4292 Sam-

2129 4306 2263 4363 riaru
2299 4310 2354 4362 in
2381 4324 2537 4362 suam
2560 4308 2748 4378 recepit
2772 4306 3047 4370 ditionem,
3073 4323 3206 4378 quos
3236 4306 3519 4378 Antiochus
3556 4325 3656 4362 na-

2125 4396 2220 4448 per
2241 4379 2306 4433 ab
2336 4379 2449 4449 ejus
2486 4375 2774 4449 abstulerat
2815 4375 3094 4449 potestate.
3125 4375 3422 4449 Iteruntque
3459 4376 3656 4449 .«inn’o-

1977 4482 2033 4542 Β
2125 4445 2278 4542 chus,
2314 4445 2513 4530 devicto
2556 4445 2762 4519 Scopa,
2802 4445 2914 4501 sua:
2948 4446 3158 4501 easdem
3193 4446 3420 4516 regiones
3455 4447 3655 4501 ditioni

2126 4520 2367 4589 subjecit.

2129 4609 2519 4671 Pbtolomaeus,
2552 4608 2643 4679 qui
2703 4617 2759 4663 et
2807 4607 3134 4678 Epiphanes,
3183 4620 3351 4662 annos
3386 4606 3485 4662 21.
3534 4607 3657 4663 Sub

2056 4699 2390 4755 Piitolomzeo
2413 4691 2839 4754 Machabazoruru
2868 4707 3135 4770 martyres
3153 4706 3507 4753 coronantur.
3532 4698 3656 4753 Sub

2054 4793 2215 4864 hujus
2255 4800 2498 4862 tempore
2526 4798 2679 4863 gesta
2716 4799 2843 4847 sunt
2880 4805 3002 4860 qua:
3038 4790 3265 4846 historia
3291 4790 3336 4845 ll
3369 4789 3502 4845 libri
3532 4790 3654 4845 la-

2054 4884 2399 4941 chabaaorum
2441 4884 2704 4939 continet.
2750 4884 2797 4937 A
2832 4882 3249 4938 reuadiﬁcatione
3286 4896 3417 4938 vero
3457 4884 3655 4954 templi

2052 4974 2182 5028 anni
2208 4982 2335 5029 sunt
2358 4973 2481 5029 507.
2510 4972 2760 5029 Pontifex
2778 4970 3088 5027 intimorum
3116 4972 3303 5036 Onias,
3333 4972 3425 5041 qui
3456 4981 3515 5028 et
3549 4989 3653 5027 su-

2049 5081 2165 5136 pra.
2216 5064 2584 5120 Ptholommus
2625 5079 2755 5134 ergo
2798 5064 3137 5134 Epiphanes,
3185 5062 3439 5118 defuncto
3491 5074 3655 5134 patre

2048 5156 2416 5227 Philopatore,
2466 5170 2718 5227 magnam
2748 5155 3004 5210 virtutem
3049 5154 3279 5210 militum
3323 5153 3476 5209 misit
3515 5169 3655 5210 eum

2049 5251 2187 5306 duce
2222 5249 2441 5305 nomine
2478 5246 2652 5319 Scopa
2683 5256 2872 5302 contra
2910 5247 3166 5302 humilem
3210 5245 3455 5318 Syriam,
3497 5248 3654 5301 mul-

2056 5351 2244 5413 tasque
2277 5355 2465 5397 eorum
2494 5340 2745 5396 civitates
2770 5340 2933 5409 cepit.
2962 5338 3106 5394 inter
3133 5354 3271 5408 cpias
3296 5346 3513 5410 gentem
3541 5336 3653 5393 Ju-

2052 5433 2289 5488 daeorum
2314 5430 2457 5487 bello
2481 5430 2679 5486 victam
2705 5429 2928 5498 recepit,
2954 5444 3113 5499 quam
3140 5443 3314 5499 nuper
3335 5426 3654 5485 Antiochus

2050 5525 2153 5579 sibi
2182 5524 2511 5589 sociaverat,
2532 5523 2676 5578 victo
2699 5520 3026 5577 Ptholomato
3046 5519 3405 5592 Philopatore.
3433 5519 3501 5574 Et
3528 5534 3653 5574 non

2048 5626 2171 5688 post
2216 5615 2475 5681 multum,
2512 5613 2815 5670 Antiochus
2862 5613 3094 5685 Scopam
3132 5615 3295 5679 vicit,
3332 5611 3655 5683 icoufiigcns

2048 5716 2236 5765 contra
2279 5722 2402 5763 eum
2445 5704 2602 5775 juxta
2647 5704 2851 5761 fontem
2900 5703 3173 5772 Iordanis,
3216 5704 3526 5774 tinnitusque
3577 5704 3657 5759 iis
