3964 6172
334 320 475 375 ιονιξ,

1416 314 1825 372 (-LHRONCON.
1867 347 1937 357 --
1976 314 2197 369 TUM]
2238 315 2365 369 LIB.
2410 313 2473 367 Υ.

3436 320 3569 373 {Oili

328 428 706 498 (exercituejus
735 426 943 485 stravit.
975 426 1173 485 Postea
1196 426 1616 483 vero'Antiocbo
1656 426 1900 496 capiente
1930 428 1981 487 Α
2003 425 2148 481 mani
2178 425 2395 494 captivi.
2421 426 2512 494 (illi
2541 425 2640 480 sub
2670 425 2966 482 "mmmam
3009 441 3107 496 Pcr
3143 426 3403 483 (ἶῢιθείειηι
3435 446 3567 486 νοτι-

327 522 635 579 Samariam
662 527 721 573 et
743 519 986 575 civitates
1012 517 1202 588 Syriae,
1234 517 1428 574 ibidem
1453 534 1589 589 quas
1613 517 1791 588 Scepa
1815 529 1895 573 te-

329 619 538 676 nuerat,
562 619 909 681 sptium-gens
943 607 1247 663 ludzeorum
1275 609 1351 663 ad.
1369 624 1492 665 eum
1521 610 1811 674 transiens,
1844 610 1907 664 in,

326 702 609 758 civitatem.
641 714 858 755 omnem
904 697 1022 769 ejus
1062 699 1358 757 exercituum
1403 701 1658 769 suscepit.
1687 711 1747 761 et
1785 702 1896 757 elc-

327 793 554 861 phautis.
578 790 915 845 abundanter
960 788 1217 845 alimenta
1244 791 1498 861 praebuit,
1534 799 1589 846 et
1631 791 1901 845 obsidenti

323 898 425 936 cos
437 881 529 949 qui
554 878 623 934 ab
647 880 820 949 Scopa
840 879 894 933 in
921 893 1045 934 arce
1072 877 1562 950 Hierosolymorum
1587 879 1754 935 relicti
1772 890 1899 934 sunt

322 970 579 1025 custodes
604 982 775 1038 prono
798 968 981 1023 animo
1020 967 1276 1022 auxilium
1305 968 1689 1037 prmstiterunt.
1735 968 1900 1039 Igitur

327 1059 644 1121 Antiochus,
670 1058 883 1126 iustum
896 1056 1189 1114 arbitratus
1215 1055 1521 1113 Judzeorum
1547 1074 1673 1129 erga
1700 1074 1757 1114 se
1783 1068 1896 1114 stu-

324 1148 474 1203 dium
502 1146 801 1201 liberaliter
825 1147 1297 1211 remunerandum,
1325 1146 1538 1217 scripsit
1569 1147 1896 1217 magistrati—

325 1241 448 1305 bus,
476 1248 532 1295 et
559 1238 766 1303 amicis,
812 1237 1177 1295 testimonium
1222 1237 1501 1301 exhibens,
1551 1239 1693 1308 quod
1723 1238 1790 1295 ab
1820 1239 1900 1292 eis

326 1331 463 1385 bene
491 1338 751 1386 tractatus
771 1337 874 1387 est.
911 1327 1018 1386 Sed
1043 1335 1098 1384 et
1124 1327 1471 1407 donationes,
1503 1344 1638 1398 quas
1677 1328 1756 1383 eis
1802 1344 1898 1398 pro

324 1422 501 1490 gratia
536 1420 835 1475 retribuere
879 1418 1152 1487 cogitavit,
1183 1419 1464 1474 manifeste
1506 1419 1614 1474 illis
1647 1420 1896 1482 innotuit,

325 1510 378 1566 id
424 1519 526 1573 est,
573 1519 633 1564 ut
671 1510 943 1565 civitatem
973 1510 1300 1565 destructam
1341 1508 1649 1575 reﬁcerent,
1690 1510 1743 1565 in
1779 1526 1897 1564 eam

325 1601 658 1655 habitatores
681 1608 1067 1669 congregarent
1086 1600 1375 1670 dispersos.
1399 1600 1480 1655 Ad
1504 1600 1898 1659 immolationes

324 1706 455 1746 vero
484 1690 821 1745 victimarum
857 1689 967 1743 vini
996 1697 1051 1743 et
1078 1688 1204 1755 olei,
1234 1698 1288 1744 et
1322 1689 1483 1744 libani
1512 1682 1774 1761 pretium,
1806 1706 1897 1744 ar~

1997 516 2093 570 diti
2124 514 2364 575 fuerant,
2396 516 2631 571 universi
2660 517 2891 586 recepti,
2922 517 3186 587 capitibus
3216 519 3352 575 rasis
3379 520 3449 573 ob
3472 521 3568 574 de—

1999 614 2195 660 tersam
2222 606 2559 669 servitutem,
2580 621 2805 660 currum.
2822 607 3201 676 triumphantis
3227 608 3397 663 secuti
3421 619 3565 664 sunt.

1997 694 2075 748 Eo
2117 703 2358 764 tempore
2386 694 2725 762 lnsubrespoi
2772 704 2930 764 atque
2956 695 3320 761 Cmnomanui,
3348 707 3567 753 eontra-

1996 785 2098 838 ctis
2121 783 2173 838 in
2197 800 2358 838 unum
2390 785 2595 838 viribus
2620 800 2741 839 cum
2772 784 3076 841 Hamilcare
3099 786 3386 845 Pteuorum
3411 789 3564 847 duce.

1997 875 2087 945 qui
2116 875 2167 929 in
2194 874 2343 929 italia
2375 885 2728 939 remanserat,
2760 875 3102 941 Cremonam,
3132 876 3567 948 Placentiamque

1998 972 2295 1029 vastantes,
2338 964 2647 1019 diﬂicillimo
2689 964 2846 1030 bello,
2879 981 2908 1020 a
2942 964 3104 1021 Lucio
3132 967 3317 1021 Fulvio
3342 978 3571 1037 praetore

1997 1054 2231 1122 superati
2265 1061 2409 1108 sunt.
2442 1053 2633 1109 Postea
2662 1054 3012 1109 Flamminius
3038 1056 3321 1125 proconsul
3362 1056 3565 1127 Philip-

1998 1160 2124 1214 pum
2158 1159 2356 1213 regem,
2384 1154 2439 1198 ct
2471 1160 2594 1199 cum
2624 1160 2688 1200 eo
2713 1145 2968 1211 Thracas,
3014 1144 3348 1212 Macedones,
3392 1145 3565 1215 illyri-

1998 1249 2109 1298 cos,
2156 1235 2457 1304 multasque
2501 1244 2762 1305 prseterea
2801 1245 3008 1305 gentes,
3044 1250 3164 1305 qua:
3209 1236 3262 1290 in
3310 1236 3565 1291 auxilium

1996 1327 2112 1397 ejus
2138 1336 2417 1389 venerant,
2444 1326 2582 1381 bello
2612 1328 2839 1398 subegit.
2874 1328 3010 1382 V'icti
3042 1327 3355 1383 Macedones
3392 1337 3567 1383 castra

1998 1416 2315 1480 amiserunt,
2347 1416 2507 1481 8,000
2542 1418 2777 1473 hostium
2806 1434 2869 1472 eo
2909 1419 2993 1473 die
3021 1434 3180 1483 caesa,
3210 1418 3372 1484 5,000
3411 1428 3567 1489 capta

1997 1506 2197 1580 Libyus
2217 1510 2421 1564 scribit.
2446 1510 2691 1565 Valerius
2719 1512 2846 1565 dicit
2875 1511 3073 1575 40,000
3096 1513 3381 1577 trucidata,
3406 1513 3566 1568 Clau-

1999 1599 2119 1655 dius
2146 1615 2271 1654 vero
2296 1599 2492 1664 52,000
2518 1600 2801 1656 interfecta
2826 1612 3232 1657 commemorat.
3261 1603 3427 1674 Igitur
3453 1604 3564 1659 An—

1998 1690 2209 1745 tiochus
2239 1707 2331 1745 rex
2363 1690 2531 1763 Syriae.
2560 1691 2761 1747 bellum
2778 1700 2963 1747 contra
2991 1693 3239 1764 pupulum
3266 1694 3565 1748 Romanum

322 1790 638 1852 genteorum
664 1780 883 1847 20,000,
915 1781 982 1837 ad
1019 1781 1252 1836 similam
1281 1792 1462 1836 autem
1494 1782 1660 1837 tritici
1688 1783 1897 1845 modios
1928 1788 1972 1847 Β
1998 1788 2213 1835 struens
2248 1780 2302 1834 in
2344 1781 2607 1850 Europam
2646 1782 2861 1836 transiit
2906 1797 2974 1836 ex
3019 1781 3171 1837 Asia.
3214 1782 3363 1838 Tunc
3403 1784 3565 1838 etiam

323 1871 507 1933 1,475,
540 1880 595 1924 et
617 1869 747 1925 salis
770 1870 976 1925 modios
999 1871 1123 1933 375,
1151 1872 1391 1941 praebere
1411 1871 1592 1942 jussit.
1620 1872 1712 1928 Ad.
1729 1874 1895 1941 porti-

322 1975 421 2013 cus
448 1975 582 2014 vero.
610 1958 831 2029 templi,
849 1974 941 2013 seu
968 1960 1034 2013 ad
1063 1958 1163 2013 alia
1192 1975 1310 2029 quae
1338 1960 1561 2030 delapsa.
1582 1970 1739 2017 erant
1764 1962 1893 2019 mdi—

1998 1874 2283 1941 ilannibal,
2309 1884 2529 1948 propter
2557 1876 2831 1931 excitandi
2852 1875 2977 1931 belli
3010 1891 3274 1941 rumores,
3296 1877 3395 1945 qui.
3416 1878 3480 1930 de
3503 1892 3567 1932 eo

1997 1965 2136 2034 apud
2164 1965 2436 2021 Romanos
2463 1966 2790 2028 ferebantur,
2818 1965 3058 2019 exhiberi
3093 1963 3336 2021 Romano
3377 1975 3564 2021 senatu

324 2049 467 2112 licia,
515 2050 793 2104 materiem
836 2065 905 2104 ex
941 2049 1148 2104 Libano
1187 2051 1473 2107 concessit.
1519 2049 1689 2109 Omne
1732 2068 1900 2123 genus
1990 2056 2196 2127 jussus,
2236 2055 2375 2111 clam
2417 2070 2481 2110 ex
2528 2054 2757 2126 Aphrica
2797 2054 3088 2125 profectus,
3135 2056 3202 2109 ad
3241 2056 3565 2111 Antiochum

319 2142 629 2196 Iudaeorum
664 2142 955 2197 secundum
987 2144 1233 2213 proprias
1254 2143 1399 2214 leges
1424 2147 1734 2201 conversari
1771 2162 1895 2218 per-

322 2233 490 2287 misit.
539 2231 937 2287 Sacerdoteset
964 2234 1170 2288 scribas
1217 2235 1400 2304 templi
1449 2243 1611 2305 atque
1653 2244 1900 2294 cantores

321 2337 509 2376 sacros
536 2337 566 2375 a
595 2321 810 2377 tributis
833 2337 953 2392 qua:
983 2337 1080 2393 pro
1118 2339 1223 2379 suo.
1253 2325 1429 2394 capite
1455 2325 1658 2380 dabant
1688 2326 1897 2382 relaxa-

320 2413 420 2467 vit.
470 2412 577 2468 Eos
614 2428 743 2468 vero
772 2414 863 2481 qui
905 2428 969 2467 ex
1019 2413 1134 2482 ipsa
1181 2414 1399 2470 civitate
1446 2415 1667 2470 servitio
1701 2416 1898 2470 addicti

320 2512 499 2569 erant,
543 2516 838 2572 eorumque
882 2504 1090 2574 genitos
1134 2503 1366 2560 libertati
1410 2505 1648 2571 donavit,
1678 2513 1734 2561 et
1769 2499 1896 2560 sub-

321 2595 555 2651 stantias
597 2594 679 2652 eis
737 2596 888 2650 reddi
940 2598 1214 2666 praecepit.
1276 2597 1521 2653 Edictum
1573 2608 1751 2654 autem
1803 2614 1900 2675 per

321 2700 483 2739 omne
508 2700 661 2740 suum
687 2684 831 2741 misit
860 2684 1140 2755 imperium
1172 2702 1333 2740 causa
1360 2695 1584 2743 ornatus
1614 2687 1815 2760 templi,
1845 2690 1897 2749 in

322 2792 431 2845 quo
454 2776 850 2840 continebatur,
870 2776 1140 2831 neminem
1167 2776 1584 2847 alienigenarum
1615 2778 1754 2833 intra
1776 2794 1895 2833 mu-

328 2880 417 2917 ros
446 2864 626 2935 templi
650 2865 982 2935 ingrediendi
1006 2865 1204 2919 habere
1229 2864 1519 2929 licentiam,
1544 2880 1644 2919 nec
1662 2863 1895 2931 Judzeos,

323 2955 427 3008 nisi
458 2953 769 3023 purificatos
796 2954 1088 3009 secundum
1116 2953 1345 3022 patriam
1373 2953 1574 3024 legem,
1608 2968 1781 3019 neque
1812 2953 1895 3008 in-

325 3044 455 3098 ferri
489 3044 542 3098 in
564 3044 838 3101 civitatem
865 3056 1055 3099 carnes
1079 3043 1409 3108 animalium,
1435 3059 1554 3114 qua:
1581 3042 1782 3098 Iudicis
1809 3043 1892 3097 in-

1996 2144 2265 2216 migravit.
2295 2142 2463 2212 Quem
2491 2160 2611 2199 cum
2643 2145 2780 2215 apud
2804 2144 3070 2214 Ephesum
3096 2144 3404 2209 invenisset,
3436 2160 3568 2199 cun-

1997 2243 2233 2291 ctantem
2264 2249 2388 2291 mox
2418 2235 2485 2289 ad
2530 2234 2726 2289 bellum
2772 2234 2982 2304 impulit
3022 2232 3202 2303 Scipio
3229 2232 3566 2304 Aphricanus

1998 2327 2139 2382 inter
2169 2334 2393 2382 caeteros
2429 2325 2633 2395 legatos
2675 2325 2741 2379 ad
2784 2325 3108 2381 Antiochum
3149 2324 3377 2390 missus,
3403 2325 3564 2379 etiam

1997 2432 2119 2472 cum
2148 2416 2447 2471 Hannibale
2469 2414 2793 2485 colloquium
2823 2413 3088 2469 familiare
3114 2414 3320 2469 habuit.
3350 2412 3455 2469 Sed
3481 2414 3565 2467 in-

1996 2508 2137 2564 fecto
2178 2509 2325 2578 pacis
2353 2508 2585 2580 negotio,
2617 2508 2685 2562 ab
2746 2505 3009 2562 Antiocho
3035 2507 3300 2562 discessit.
3327 2505 3387 2560 lu
3414 2515 3565 2559 utra-

1997 2617 2102 2671 que
2130 2600 2388 2670 lliSpania
2425 2614 2522 2669 per
2549 2598 2896 2663 Flaminium,
2927 2596 3277 2668 Fulviumque
3313 2606 3569 2668 praetores

1996 2690 2133 2745 bella
2175 2688 2399 2744 multum
2451 2689 2666 2744 horrida
2695 2697 3026 2759 cruentaque
3070 2688 3313 2757 utrisque
3355 2688 3566 2758 populis

1997 2788 2147 2850 gesta
2171 2787 2315 2833 sunt.
2346 2777 2405 2831 1*.
2430 2776 2680 2833 Cornelio
2704 2776 2973 2847 Scipione.
2998 2776 3067 2829 Μ.
3089 2776 3259 2832 Acilio
3279 2777 3566 2832 Glabrione

1997 2870 2236 2933 consule,
2275 2869 2595 2936 Antiochus,
2626 2869 2873 2938 quamvis
2904 2866 3275 2937 'i‘hermopilas
3301 2883 3561 2937 occupas—

1996 2967 2098 3023 set,
2134 2973 2361 3028 quarum
2406 2956 2699 3011 munimine
2742 2956 2911 3009 tutior
2951 2964 3168 3025 propter
3206 2955 3397 3010 dubios
3443 2955 3565 3009 belli

1996 3060 2221 3104 eventus
2265 3047 2446 3111 ﬁeret,
2494 3057 2673 3101 tamen
2721 3045 3009 3102 commisso
3050 3045 3223 3110 bello,
3272 3061 3304 3099 a
3349 3046 3567 3100 consule
3604 3100 3609 3123 ί

323 3134 564 3188 ιετόίοιίρ
593 3142 740 3198 sunt,
770 3135 861 3189 sed
892 3134 1068 3189 solitis
1113 3133 1302 3204 patriae
1344 3133 1421 3187 uti
1443 3133 1763 3203 permissum
1791 3140 1895 3197 est,
1923 3124 1967 3185 C
1997 3139 2286 3195 Glabrione
2312 3145 2615 3207 superatus,
2644 3136 2733 3190 vix
2763 3150 2883 3190 cum
2911 3134 3097 3205 paucis
3128 3132 3263 3203 fugit
3297 3149 3329 3188 ο
3359 3133 3565 3203 praelia,

319 3223 517 3293 quibus
558 3222 667 3279 Deo
700 3222 1111 3279 sacrificandum
1137 3223 1222 3279 lcx
1247 3222 1429 3280 divina
1455 3222 1680 3277 censuit.
1710 3223 1785 3277 De
1811 3222 1894 3276 his

320 3315 395 3368 ita
426 3328 491 3368 eo
531 3323 771 3384 tempore
813 3315 955 3385 apud
981 3311 1193 3369 Judzeos
1233 3313 1395 3368 rebus
1435 3311 1602 3384 gestis
1644 3310 1897 3383 Polybius

323 3401 802 3472 Megalopolitanus
830 3403 883 3456 in
912 3402 1150 3457 historiae
1175 3417 1285 3458 sum
1324 3400 1460 3456 libro
1491 3415 1578 3467 x1,
1621 3401 1693 3455 ita
1723 3400 1853 3456 dicit
1879 3418 1892 3454 :

324 3491 641 3547 l’tholomzei
669 3493 775 3547 dux
806 3491 1000 3561 Scopa,
1029 3492 1103 3546 ad‘
1116 3490 1394 3561 superiora
1422 3491 1625 3546 vadens
1649 3490 1785 3553 loca,
1807 3506 1895 3544 su-

322 3587 536 3655 peravit
582 3587 779 3642 hiemis
830 3594 1077 3654 tempore
1116 3593 1329 3656 gentem
1374 3583 1697 3638 Judaaorum.
1758 3581 1899 3636 Dicit

321 3692 557 3746 namque
584 3687 640 3732 et
672 3679 727 3732 in
752 3678 937 3733 eodem
962 3676 1232 3732 volumine
1262 3676 1494 3746 qualiter
1521 3674 1750 3745 Scopam
1780 3674 1892 3727 An-

323 3769 540 3824 tiochus
595 3770 913 3836 devincens,
967 3769 1286 3826 Bathaniam
1340 3778 1396 3825 et
1447 3768 1786 3833 Samariam,
1845 3775 1898 3823 et

322 3858 511 3913 Abella
534 3868 588 3914 et
610 3858 785 3915 Cedat
803 3860 1054 3930 cepisset.
1078 3860 1244 3915 Paulo
1267 3868 1389 3931 post
1412 3875 1541 3915 vero
1561 3859 1898 3914 tradiderunt

322 3966 382 4005 se
416 3950 466 4004 ei
495 3948 681 4013 Judaei,
714 3950 804 4019 qui
846 3950 991 4006 circa
1028 3950 1283 4020 templum
1326 3949 1659 4006 habitabant.
1703 3947 1896 4005 Postea

323 4055 457 4095 vero
476 4048 535 4094 ut
551 4040 843 4095 amicitiam
864 4048 920 4096 et
940 4039 1115 4097 foedus
1136 4039 1490 4096 Ptholomaaus
1503 4055 1623 4095 cum
1636 4038 1898 4094 Antiocho

323 4131 649 4199 composuit,
677 4132 823 4188 dedit
859 4132 908 4187 ei
951 4132 1114 4188 ﬁliam
1144 4146 1298 4187 suam
1321 4131 1658 4201 Cleopatram
1686 4132 1752 4185 ad
1793 4146 1896 4187 nu-

324 4234 497 4290 ptum,
529 4223 830 4278 concedens
855 4224 902 4279 ei
945 4224 1203 4278 humilem
1235 4222 1453 4294 Syriam
1489 4232 1545 4279 et
1573 4221 1895 4289 Samariam,

324 4323 381 4368 et
408 4311 647 4368 Judzeam
681 4323 736 4369 et
761 4314 1054 4369 Phoenicen
1088 4314 1229 4368 dotis
1257 4313 1492 4368 nomine.

941 4424 1166 4482 CAPUT
1202 4425 1294 4481 1X.

1996 3230 2374 3301 Ephesumque
2397 3227 2663 3298 pervenit.
2693 3227 2742 3282 Is
2764 3227 3019 3281 habuisse
3042 3224 3213 3280 fertur
3237 3233 3565 3279 armatorum

1996 3316 2215 3382 60,000,
2266 3332 2299 3373 e
2339 3316 2534 3389 quibus
2575 3314 2781 3381 40,000
2815 3329 2986 3381 caesa,
3042 3322 3197 3384 capta
3244 3314 3363 3383 plus
3408 3329 3566 3384 quam

1995 3407 2163 3472 5,000
2204 3406 2369 3462 fuisse
2411 3405 2740 3461 referuntur.
2787 3403 2940 3459 Alter
2988 3402 3174 3459 consul
3224 3400 3403 3471 Scipio
3445 3418 3567 3457 cum

1994 3499 2245 3555 Boiorum
2274 3506 2432 3568 gente
2473 3495 2736 3561 conﬂixit,
2766 3497 2821 3550 in
2861 3510 2969 3565 quo
3011 3495 3199 3565 pnelio
3232 3495 3435 3558 20,000
3468 3497 3568 3550 ho-

1994 3588 2173 3645 stium
2209 3586 2499 3642 interfecit.
2551 3585 2807 3656 Sequenti
2854 3599 2996 3639 anno
3048 3584 3233 3652 Scipio
3282 3583 3568 3639 Africanus

1996 3677 2201 3732 habens
2244 3675 2299 3730 in
2342 3676 2544 3731 auxilio
2571 3664 2870 3739 Eumenen,
2911 3675 3077 3729 Attali
3117 3674 3283 3728 lilium
3311 3675 3571 3730 adversm

1996 3770 2369 3837 Hannibalem,
2400 3771 2493 3840 qui
2534 3781 2663 3825 tunc
2688 3768 2940 3824 Antiochi
2967 3767 3127 3823 classi
3155 3775 3405 3837 pneerat,
3452 3767 3566 3822 beli-

1994 3862 2105 3917 lum
2130 3862 2321 3917 navale
2348 3862 2535 3932 gessit.
2565 3860 2887 3926 Antiochus,
2919 3861 3059 3915 victo
3086 3859 3385 3915 Hannibale
3409 3868 3571 3930 atque

1996 3953 2059 4007 in
2076 3951 2252 4024 fugam
2290 3961 2430 4016 acto,
2463 3951 2730 4021 simulque
2757 3950 2906 4006 omni
2936 3951 3177 4005 exercitu
3219 3950 3440 4015 amisso,
3468 3961 3568 4020 pa-

1995 4057 2113 4099 cem
2139 4043 2365 4113 rogavit,
2395 4056 2566 4112 eoque
2590 4041 2712 4110 jure
2737 4054 2857 4096 eam
2883 4039 3136 4105 obtinuit,
3180 4048 3239 4094 ut
3269 4040 3426 4094 annis
3454 4039 3566 4094 sin-

1995 4133 2139 4204 gulis
2162 4132 2319 4198 i,000
2346 4132 2546 4187 talenta
2589 4131 2847 4186 Romanis
2880 4130 3157 4202 vectigalis
3184 4130 3400 4184 nomine
3440 4143 3568 4199 per-

1995 4222 2247 4288 solveret,
2293 4220 2568 4291 ﬁliumque
2611 4218 2928 4290 Aphricani,
2960 4234 3118 4288 quem
3158 4226 3339 4272 utrum
3382 4221 3566 4286 explo-

1924 4352 1927 4355 -
1996 4321 2205 4368 rantem
2248 4328 2316 4367 an
2369 4312 2423 4366 in
2469 4311 2655 4382 praelio
2699 4310 2931 4380 cepisset
2977 4310 3241 4366 incertum
3281 4316 3383 4374 est,
3426 4308 3570 4363 ultro

1996 4403 2221 4458 remisit.
2254 4402 2456 4458 Eodem
2480 4409 2722 4471 tempore
2746 4400 3102 4471 Aphricanus,
3131 4398 3199 4453 ah
3226 4397 3438 4468 ingrata
3464 4398 3566 4452 sibi

326 4516 530 4570 "elatio
558 4515 782 4587 qualiter
806 4515 1078 4587 Philippus
1108 4515 1451 4587 Macedonum
1478 4534 1571 4573 rea:
1591 4535 1627 4572 at
1650 4516 1895 4575 Romanis
1922 4494 1974 4553 D
1998 4496 2133 4587 “rb?
2152 4493 2538 4587 δίιξξθξθυίδηεζν
2562 4493 2701 4587 δριξᾷ
2721 4492 3080 4587 Mitem?“
3099 4491 3569 4587 ΫΡΡίδἾω-Πξίξνδθ

398 4585 902 4639 virtus‘Dcmctrium
926 4585 1093 4652 ﬁlium
1117 4603 1268 4641 suum
1298 4586 1526 4642 obsidem
1556 4587 1774 4652 dederit,
1812 4591 1896 4643 δὶ-

395 4653 592 4707 πιῖιίεεν
621 4654 874 4720 Nauides,
905 4653 1289 4709 Atheniensium
1321 4658 1451 4721 dum,
1479 4674 1512 4710 a
1538 4654 1785 4711 Romanis
1817 4661 1893 4712 vi-

397 4734 537 4787 ctus,
564 4723 733 4792 ﬁlium
768 4741 922 4779 suum
958 4726 1233 4780 Armenes;
1263 4726 1490 4781 obsident
1528 4727 1725 4781 tribuit.
1763 4725 1899 4782 Cum

395 4792 847 4868 quihusdiversa:
889 4795 1126 4868 natio_nes_
1163 4804 1283 4849 sunt
1330 4794 1580 4868 Romanis
1626 4798 1892 4868 subjectw.

399 4862 683 4938 Antiochus
707 4862 862 4916 etiam
889 4879 981 4917 rea:
1001 4861 1175 4938 Syria:
1195 4880 1311 4938 cum
1335 4866 1571 4938 omnibus
1597 4861 1893 4938 suis'capiis

396 4932 477 4984 bis
506 4931 687 4997 victus,
714 4940 855 4985 terra
878 4931 1111 5003 marique
1135 4933 1355 5003 vectigal
1373 4934 1566 4990 solvere
1591 4931 1821 4991 coactus.

398 5042 554 5114 Apud
583 5043 852 5099 Romanos
875 5059 1005 5099 vero
1046 5043 1236 5099 iisdem
1270 5044 1458 5100 diebus
1491 5045 1693 5101 bellum
1731 5045 1899 5101 Puni.

323 5152 451 5188 cum
476 5134 768 5190 secundum
796 5134 1004 5189 ﬁnitum
1038 5144 1140 5189 est.
1168 5133 1265 5188 Cui
1292 5135 1692 5191 Macedonicum
1720 5137 1896 5191 conti-

324 5240 437 5279 nuo
463 5225 743 5290 successit,
783 5224 925 5295 quod
952 5223 1018 5290 Q.
1047 5223 1397 5280 Flamminius
1438 5224 1626 5280 consul
1654 5224 1894 5293 sortitus,

322 5321 448 5384 post
489 5312 656 5369 multa
680 5320 736 5368 et
764 5313 1079 5382 gravissima
1109 5311 1315 5382 praelia,
1345 5312 1540 5382 quibus
1583 5311 1899 5368 Macedones

321 5403 454 5458 victi
478 5410 620 5466 sunt,
650 5416 840 5473 pacem
872 5401 1117 5471 Philippo
1151 5401 1261 5470 regi
1287 5415 1472 5455 eorum
1501 5399 1667 5455 dedit.
1696 5398 1899 5457 Deinde

324 5510 452 5548 cum
480 5493 882 5549 Lacedaemonis
912 5493 1187 5563 pugnavit,
1216 5493 1359 5547 victo
1396 5490 1600 5547 Nauide
1638 5491 1775 5546 duce
1803 5507 1896 5546 eo-

327 5598 473 5647 rum,
516 5583 879 5638 nobilissimos
922 5582 1155 5648 obsides,
1201 5582 1529 5637 Demetrium
1573 5581 1803 5652 Philippi
1846 5590 1902 5637 et

326 5674 622 5731 Annonem
664 5673 888 5730 Nauidis
926 5672 1111 5740 filium,
1153 5683 1276 5729 ante
1314 5687 1531 5728 currum
1573 5672 1743 5727 duxit.
1785 5671 1893 5727 Rev

2000 4585 2178 4653 periit.
2221 4584 2412 4640 Iisdem
2443 4584 2615 4638 etiam.
2634 4582 2824 4638 diebus
2851 4581 3123 4637 Hannibal
3159 4580 3298 4652 apud
3341 4580 3568 4636 Brisiam

1998 4674 2267 4749 Bythinite
2301 4690 2504 4747 regem,
2535 4690 2659 4731 cum
2688 4690 2718 4728 a
2748 4674 3008 4731 Romanis
3053 4684 3443 4744 reposceretur,
3473 4688 3567 4727 νου

1999 4784 2140 4824 neno
2168 4783 2228 4824 se
2260 4770 2493 4824 necavit.
2522 4768 2582 4823 In
2610 4767 2794 4824 Sicilia
2825 4776 2950 4823 tunc
2974 4766 3196 4824 Vulcani
3227 4768 3418 4832 insula,
3450 4783 3570 4836 qum

2000 4868 2127 4914 ante
2152 4874 2261 4915 non
2302 4858 2500 4925 fuerat,
2547 4866 2769 4929 repente
2813 4859 2951 4913 mari
2986 4859 3130 4913 edita
3156 4873 3279 4913 cum
3308 4857 3568 4912 miraculo

2000 4950 2241 5006 omnium
2265 4964 2435 5020 usque
2474 4963 2616 5003 nunc
2649 4956 2848 5003 manet.
2878 4947 2941 5001 Τ.
2976 4932 3161 5002 Livius
3187 4946 3565 5018 tragmdiarum

2002 5040 2252 5109 scriptor,
2279 5038 2459 5094 clarus
2502 5053 2569 5093 eo
2616 5047 2854 5107 tempore
2899 5036 3215 5092 habebatur.
3257 5035 3361 5101 Qui
3383 5032 3455 5088 ob
3480 5033 3565 5086 in—
3625 5084 3632 5093 ,

2000 5130 2143 5198 genii
2196 5128 2481 5191 meritum,
2534 5142 2565 5181 a
2610 5127 2762 5182 Livio
2808 5127 3109 5181 Salinatore
3162 5122 3316 5193 cujus
3368 5123 3568 5179 liberos

1999 5217 2297 5283 erudiebat,
2327 5214 2561 5271 libertati
2590 5215 2820 5271 «natus
2846 5223 2947 5271 est.

2619 5346 2844 5404 CAPUT
2881 5347 2950 5403 Χ.

2001 5459 2239 5527 Qualiter
2270 5458 2555 5515 Antiochus
2600 5458 2887 5529 Egyptian
2929 5459 3286 5529 occupaverit,
3319 5454 3569 5529 Romanis

2069 5530 2518 5593 denuntiantibus,
2557 5526 2752 5582 timo—re
2780 5526 3070 5597 perculsus,
3108 5526 3173 5597 ob
3211 5543 3275 5597 eo
3310 5526 3568 5592 discessit,

2072 5597 2487 5677 Hierosolymam
2524 5608 2719 5677 petens,
2756 5595 3011 5677 templum.
3033 5595 3309 5677 spoliauit,
3333 5605 3383 5650 et
3419 5611 3569 5676 erant

2071 5674 2125 5725 in
2152 5686 2213 5723 ea
2250 5666 2505 5731 statuens,
2524 5666 2814 5721 inmundis
2846 5666 3118 5731 sacriﬁciis
3147 5666 3360 5736 polluit,
3389 5666 3569 5720 ciuituo
