3964 6172
390 334 518 390 1047

1382 331 1764 388 FHECULPHI
1802 329 2259 387 LEXOV’IENSIS
2297 329 2600 386 EPISCOI‘I

3514 329 3651 386 1048

455 456 658 514 temque
690 443 938 514 vastando
976 442 1334 514 destruailgct
1365 459 1536 514 arcem
1577 441 1638 495 ob
1677 441 1965 514 custodiant
1994 445 2042 503 Α
2071 441 2564 514 Hierosolymorum
2623 442 2896 497 civitatem
2954 441 3101 496 ducit
3152 441 3476 497 exercitum.
3530 443 3654 511 Quo

457 511 804 568 Macedonum
856 513 911 564 in
957 511 1134 565 cadent
1187 512 1496 580 mdiﬁcauit,
1544 522 1744 580 partem
1790 511 1966 581 populi

455 585 713 651 captivam
734 583 907 645 duxit,
932 591 978 634 et
1004 593 1204 650 partem
1233 586 1286 634 in
1313 597 1401 634 ore
1429 581 1590 646 gladii
1617 582 1964 651 consumpsit;

456 651 679 725 reliquos
710 653 812 704 ritu
834 653 1059 725 gentiam
1093 652 1255 725 virere
1283 651 1966 725 instituit,contradicentes

455 719 672 775 diversis
724 722 884 790 pomis
925 721 1056 790 alfici
1096 721 1278 790 jussit.
1323 720 1388 773 Et
1433 721 1570 774 unde
1619 720 1716 774 hoc
1769 719 1965 774 malum

453 791 726 846 exordium
755 791 1034 861 sumpsisse
1064 791 1386 844 credebatur.

451 903 812 958 Ptholomzeus
855 903 1195 965 Philomitor,
1245 904 1401 958 annis
1443 903 1531 958 55.
1579 903 1622 957 A
1669 903 1965 958 reaediﬁca-

386 996 530 1049 tione
573 1008 701 1047 vero
749 993 930 1062 templi
979 993 1104 1046 anni
1149 1003 1275 1047 sunt
1299 993 1423 1046 551.
1471 993 1821 1048 Macedonum
1870 1009 1963 1048 rex

384 1084 613 1137 Perseus
653 1093 790 1137 erat.
843 1082 1102 1137 Defuncto
1152 1083 1334 1151 itaque
1363 1082 1588 1138 Seleuco
1617 1098 1740 1153 rege
1771 1083 1962 1154 Syriae,

385 1175 680 1228 Antiochus
710 1173 878 1229 frater
906 1172 1023 1243 ejus
1065 1173 1423 1243 gubernacula
1453 1173 1603 1244 regni
1629 1182 1962 1244 susceperat,

383 1264 473 1332 qui
499 1264 804 1334 Epiphanes
843 1265 1274 1333 nuncupabatur.
1304 1262 1532 1317 Moritur
1556 1264 1720 1318 etiam
1741 1263 1962 1317 Ptholo-

385 1367 548 1408 maius
589 1370 681 1408 rex
715 1352 1112 1425 lEgyptiorum,
1144 1354 1234 1423 qui
1268 1354 1517 1409 similiter
1545 1355 1852 1424 Epiphanes
1877 1355 1961 1410 di-

383 1446 627 1510 cebatur,
662 1445 972 1515 relinquens
996 1446 1129 1499 duos
1158 1446 1296 1500 ﬁlios
1340 1447 1575 1502 minores
1603 1454 1780 1500 aetate.
1815 1445 1961 1514 Quo-

385 1555 501 1593 rum
530 1554 691 1602 unus,
719 1537 807 1606 qui
850 1545 906 1591 et
948 1537 1119 1606 major
1150 1546 1288 1604 erat,
1316 1539 1383 1593 de
1408 1553 1514 1609 quo
1544 1555 1687 1593 nunc
1729 1539 1960 1592 mentio-

384 1641 506 1679 nem
556 1625 814 1688 fecimus,
869 1625 1187 1680 Philomitor
1235 1627 1547 1693 dicebatur,
1605 1628 1785 1682 minor
1835 1644 1964 1684 vero

385 1717 598 1771 Fiscon.
649 1715 946 1772 Antiochus
976 1733 1074 1787 pro
1103 1733 1199 1772 suo
1229 1717 1455 1774 feliciter
1490 1720 1714 1788 imperio
1747 1719 1958 1775 exerci-

2065 530 2403 598 perveniens,
2426 531 2569 600 cepit
2597 545 2715 585 eam
2743 529 3139 585 conﬂictatione
3165 529 3490 601 cuiuspiam,
3518 547 3652 602 ape-

2066 620 2330 674 rientibus
2356 621 2406 675 ei
2434 631 2617 690 portas
2639 622 2725 676 bis
2773 623 2865 691 qui
2896 621 3159 677 voluntati
3195 621 3312 692 ejus
3341 623 3655 678 consentie-

2065 712 2213 766 bant.
2247 711 2632 782 Ingressusque
2659 713 2932 768 civitatem
2975 713 3475 784 Hierosolymorum
3513 714 3658 768 mul-

2066 809 2150 855 tos
2187 801 2492 866 interemit,
2542 801 2643 856 sibi
2674 803 2946 857 contraria
3001 802 3300 873 sapientes,
3336 819 3549 858 necnon
3601 813 3660 858 et

2064 909 2159 949 eos
2183 895 2274 964 qui
2307 902 2493 964 portas
2537 894 2587 950 ei
2633 895 2938 965 aperientes
2966 895 3241 949 civitatem
3287 895 3656 959 tradiderunt,

2064 995 2285 1055 propter
2309 985 2497 1056 templi
2535 986 2750 1041 divitias
2799 985 3092 1056 interfecit,
3125 986 3433 1055 multasque
3473 986 3539 1040 ab
3588 1001 3659 1041 eo

2065 1075 2264 1145 templo
2307 1055 2557 1131 auferens
2595 1055 2973 1146 pecunias/ad
3000 1075 3345 1131 Antiochiam
3401 1091 3659 1132 reversus

2065 1173 2165 1220 est.
2184 1165 2478 1236 Postquam
2499 1175 2678 1221 autem
2693 1167 3016 1237 exspoliavit
3042 1168 3320 1238 templum,
3343 1168 3419 1222 ita
3443 1178 3502 1222 ut
3522 1185 3654 1224 vasa

2065 1253 2158 1309 Dei
2191 1264 2514 1325 asportaret,
2551 1266 2605 1311 et
2650 1257 2900 1312 lucernas
2925 1273 3118 1312 aureas
3144 1266 3200 1313 et
3229 1272 3378 1312 aram
3409 1274 3656 1323 auream,

2063 1355 2116 1400 et
2138 1361 2400 1413 mensam,
2428 1356 2482 1402 et
2510 1349 2833 1415 sacrarium,
2862 1363 3039 1418 neque
3080 1349 3148 1404 de
3194 1349 3330 1416 velis
3367 1351 3656 1416 abstinuit,

2064 1453 2182 1506 quae
2197 1454 2263 1492 ex
2279 1437 2462 1510 bysso,
2486 1449 2540 1494 et
2559 1456 2822 1510 purpura,
2845 1450 2901 1496 et
2922 1456 3085 1496 cocco
3108 1450 3283 1495 erant.
3309 1442 3657 1499 Exhauriens

2063 1538 2245 1583 autem
2283 1539 2339 1584 et
2374 1532 2672 1597 thesauros,
2702 1532 2944 1603 nihilque
2982 1532 3199 1602 penitus
3228 1533 3559 1603 relinquens,
3587 1534 3659 1588 ad

2063 1621 2357 1674 maximum
2383 1619 2596 1676 Indaios
2621 1631 2842 1694 propter
2861 1623 3170 1692 hujusmodi
3200 1640 3420 1680 causam
3448 1625 3657 1680 luctum

2062 1727 2235 1782 usque
2254 1712 2526 1782 perduxit.
2574 1712 2708 1768 Nam
2741 1723 2795 1768 et
2838 1716 3184 1785 quotidianas
3227 1717 3658 1784 immolationes,

384 1817 494 1859 tum
527 1806 724 1860 ducere
753 1805 1071 1862 deliberavit
1114 1809 1180 1861 ad
1227 1807 1544 1878 ZEgyptum,
1587 1816 1792 1863 tractus
1817 1809 1960 1863 desi-
1995 1793 2040 1852 Β
2069 1817 2205 1870 quas
2245 1801 2356 1857 Deo
2385 1804 2682 1858 secundum
2710 1805 2857 1876 leges
2878 1804 3198 1871 offerebant,
3221 1807 3490 1862 celebrari
3531 1825 3662 1878 pro-

382 1896 534 1950 derio
563 1895 680 1965 ejus
710 1905 763 1951 et
807 1897 1091 1952 continens
1122 1897 1259 1952 ﬁlios
1302 1898 1637 1964 Ptholomtei,
1669 1907 1728 1953 ut
1759 1899 1963 1956 debiles

382 2002 446 2041 ac
497 2003 836 2056 nequaquam
883 1998 1032 2042 tanta
1087 1989 1297 2058 negotia
1350 2003 1536 2059 regere
1583 1990 1959 2059 praevalentes.

381 2079 706 2134 I’erveniens
747 2081 912 2150 igitur
936 2097 1058 2136 cum
1103 2098 1289 2152 magna
1321 2084 1517 2137 virtute
1554 2084 1622 2138 ad
1665 2083 1958 2149 Pelusium,

380 2180 436 2224 et
478 2170 600 2225 dolo
635 2170 1037 2227 Philomitorem
1084 2174 1472 2230 Ptholomteum
1509 2176 1959 2242 circumveniens,

381 2259 672 2333 ngyptum
703 2266 1003 2334 occupavit.
1051 2265 1260 2320 Etcum
1297 2268 1499 2322 adisset
1536 2267 1654 2323 loca
1697 2267 1959 2337 Memphi-

383 2356 499 2410 tica:
527 2356 781 2422 civitatis,
824 2370 942 2411 eam
989 2359 1206 2428 capiens
1241 2368 1430 2416 contra
1475 2361 1862 2415 Alexandriam
1905 2371 1962 2415 ut

378 2451 674 2506 obsidendo
699 2452 1085 2508 Ptholomaaum
1116 2462 1356 2523 caperet,
1397 2456 1712 2510 ambulavit.
1756 2455 1959 2524 Expul-

378 2560 471 2598 sus
498 2561 626 2599 vero
653 2555 738 2600 est
771 2562 875 2600 non
919 2549 987 2602 ab
1010 2547 1333 2601 Alexandria
1361 2556 1588 2610 tantum,
1617 2549 1710 2602 sed
1737 2549 1897 2602 etiam
1929 2562 1959 2600 a

382 2646 491 2691 tota
517 2636 772 2708 Egypto,
801 2637 1057 2692 Romanis
1092 2639 1193 2692 sibi
1221 2638 1661 2693 denuntiantibus
1694 2647 1753 2692 ut
1783 2639 1958 2694 disce-

377 2729 529 2782 deret
568 2743 598 2782 a
641 2729 937 2799 provincia.
986 2729 1092 2783 Per
1119 2730 1257 2784 idem
1286 2738 1498 2800 tempus
1527 2728 1780 2786 defuncto
1821 2728 1957 2785 Onia

373 2821 617 2890 principe
644 2821 1009 2887 sacerdotum,
1038 2820 1191 2875 fratri
1213 2821 1330 2891 ejus
1350 2821 1649 2875 Antiochus
1669 2821 1958 2876 sacerdotii

375 2911 601 2965 contulit
647 2911 1028 2982 principatum.
1076 2911 1211 2965 Nam
1242 2910 1384 2967 ﬁlius
1413 2926 1574 2980 quem
1620 2911 1783 2967 Onias
1829 2912 1956 2967 reli-

375 3012 585 3072 querat,
612 3005 786 3059 adhuc
823 3005 1001 3060 infans
1025 3015 1161 3059 erat.
1189 3003 1313 3059 Iesu
1343 3019 1492 3070 vero,
1525 3005 1616 3074 qui
1647 3004 1817 3060 frater
1842 3012 1960 3060 erat

373 3092 542 3155 Onim,
571 3093 933 3162 principatum
963 3095 1248 3149 sacerdotii
1297 3109 1390 3150 rex
1421 3094 1642 3149 abstulit
1685 3095 1872 3159 iratus,
1904 3105 1960 3149 et

2062 1891 2255 1946 hibuit.
2282 1892 2606 1962 Deprazdans
2637 1904 2818 1948 autem
2847 1902 3014 1949 totam
3045 1895 3320 1950 civitatem
3339 1937 3355 1962 ,
3388 1899 3657 1967 quosdam

2062 1982 2353 2048 interfecit,
2382 1983 2531 2039 'alios
2576 1985 2819 2055 captivos
2847 2000 2968 2039 cum
2999 1986 3260 2040 uxoribus
3295 1994 3352 2041 et
3400 1986 3525 2041 ﬁliis
3553 1988 3658 2044 de-

2061 2073 2236 2136 duxit,
2254 2074 2329 2128 ita
2350 2081 2411 2127 ut
2447 2089 2706 2129 numerus
2735 2074 3095 2129 multitudinis
3121 2077 3456 2146 captivorum
3482 2094 3661 2148 usque

2063 2165 2261 2230 10,000
2282 2167 2514 2221 existere
2541 2168 2837 2222 videretur.
2856 2165 3101 2223 Incendit
3123 2169 3286 2223 etiam
3308 2169 3515 2239 optima
3535 2171 3659 2239 ejus

2061 2257 2197 2321 loca,
2213 2267 2267 2312 et
2296 2259 2570 2328 deponens
2591 2274 2796 2324 muros,
2812 2274 2994 2314 arcem
3009 2259 3299 2315 aediﬁcavit
3316 2262 3371 2316 in
3403 2263 3656 2320 interiori

2059 2359 2215 2420 parte
2266 2351 2521 2406 civitatis.
2555 2351 2688 2405 Nam
2737 2352 2844 2406 alta
2874 2361 2930 2407 et
2981 2354 3308 2409 eminentior
3356 2365 3473 2410 erat
3501 2358 3656 2427 prius

2063 2439 2283 2508 templo,
2314 2449 2370 2494 et
2408 2450 2628 2510 propter
2651 2441 2754 2496 hoc
2776 2444 3025 2497 muniens
3054 2457 3173 2496 eam
3217 2444 3389 2501 muris
3429 2445 3552 2500 altis
3599 2456 3658 2502 et

2060 2529 2317 2594 turribus,
2344 2529 2642 2585 custodiam
2671 2531 3021 2586 Macedonum
3057 2533 3130 2587 ibi
3154 2534 3436 2604 disposuit.
3467 2536 3652 2592 Mane-

2059 2621 2190 2674 bant
2220 2621 2273 2675 in
2304 2637 2430 2676 arce
2476 2623 2640 2677 etiam
2691 2623 3040 2680 nihilominus
3079 2625 3325 2682 homines
3373 2628 3547 2699 impii,
3595 2639 3654 2686 et

2059 2713 2300 2768 moribus
2348 2712 2606 2784 maligni,
2649 2729 2680 2767 a
2725 2714 2920 2783 quibus
2960 2715 3106 2769 cives
3138 2709 3305 2770 multa
3356 2727 3410 2772 et
3448 2721 3649 2774 acerba

2059 2803 2289 2858 subinde
2316 2804 2684 2874 patiebantur.
2715 2804 3017 2860 Ediﬁcans
3051 2821 3181 2860 vero
3210 2814 3266 2861 et
3296 2808 3348 2862 in
3401 2812 3652 2865 sacrario

2059 2911 2233 2961 aram,
2259 2911 2421 2965 super
2445 2911 2566 2950 eam
2605 2911 2799 2966 porcos
2846 2896 3163 2960 immolavit,
3195 2897 3399 2953 hostias
3424 2915 3537 2954 non
3565 2901 3649 2955 le-

2059 2987 2276 3058 gitimas
2329 3003 2430 3042 nec
2475 2988 2667 3057 patriae
2713 2987 2960 3059 religioni
2997 2986 3302 3044 Iudaeorum
3350 3007 3648 3062 congruas.

2059 3079 2352 3150 Coegitqne
2379 3079 2545 3134 etiam
2571 3095 2664 3135 eos
2695 3080 2999 3150 relinquere
3029 3078 3339 3150 religionem
3383 3083 3648 3150 patriam,

373 3181 520 3236 dedit
559 3197 682 3236 eum
720 3182 923 3252 juniori
969 3182 1125 3237 fratri
1166 3199 1352 3239 eorum
1395 3185 1612 3240 nomine
1650 3185 1818 3241 Onize.
1864 3186 1948 3242 Sic

2060 3169 2261 3224 idolum
2297 3168 2560 3235 venerari,
2590 3169 2859 3225 aediﬁcare
2905 3169 3071 3224 etiam
3117 3170 3172 3224 in
3215 3184 3540 3240 unaquaque
3569 3175 3657 3229 ci-

375 3289 607 3344 namque
632 3275 697 3329 ad
724 3282 835 3330 tres
857 3275 992 3330 filios
1017 3275 1255 3330 Simonis
1280 3277 1615 3346 principatus
1643 3278 1952 3344 sacerdotii,

373 3365 514 3420 sicut
555 3365 918 3435 praediximus,
964 3367 1229 3435 pervenit.
1279 3367 1347 3421 Et
1372 3365 1530 3422 Iesus
1553 3367 1768 3436 quidem
1797 3365 1952 3423 Iaso-

371 3471 492 3511 nem
523 3472 581 3512 se
622 3458 935 3512 nominavit.
985 3457 1149 3513 Onias
1188 3467 1367 3513 autem
1391 3457 1662 3514 Menelaus
1701 3467 1785 3515 est
1811 3475 1950 3514 nun-

369 3557 615 3616 cupatus.
643 3545 973 3603 Seditionem
1002 3549 1180 3618 itaque
1206 3549 1456 3619 princeps
1487 3550 1832 3616 sacerdotum
1857 3548 1949 3605 Ie-

370 3656 462 3696 sus
483 3643 740 3696 adversus
761 3641 1058 3696 Menelaum
1081 3643 1386 3708 concitavit,
1401 3651 1454 3697 et
1475 3642 1642 3698 divisa
1667 3643 1720 3696 in
1743 3651 1950 3698 utrum-

366 3748 472 3802 que
495 3732 674 3803 populi
704 3732 1066 3800 multitudine,
1098 3749 1223 3802 pars
1249 3733 1480 3804 plurima
1507 3731 1760 3789 Iasonem
1792 3734 1947 3804 adju-

366 3823 543 3878 vabat.
580 3823 730 3879 Unde
758 3823 1064 3878 laborantes
1093 3823 1364 3880 Menelaus
1387 3832 1440 3878 et
1468 3824 1558 3893 qui
1585 3825 1633 3878 ei
1656 3839 1945 3880 consense-

367 3921 489 3965 rant
521 3913 589 3966 ad
614 3912 936 3968 Antiochum
968 3913 1351 3970 discesserunt.
1388 3914 1470 3969 Ad
1513 3915 1758 3970 notitiam
1785 3915 1945 3970 etiam

365 4003 482 4069 ejus
535 4005 893 4072 perducentes
942 4006 1084 4075 quod
1139 4006 1334 4060 vellent
1385 4007 1589 4076 patrias
1641 4007 1946 4076 relinquere

365 4095 530 4164 leges,
555 4105 608 4149 et
635 4099 1099 4152 conversationem
1125 4109 1180 4152 et
1211 4115 1392 4154 mores
1415 4098 1705 4154 observare
1725 4099 1941 4155 Graeco-

364 4201 506 4250 rum,
557 4197 879 4256 rogaverunt
907 4204 1028 4244 enm
1072 4199 1130 4243 ut
1174 4191 1510 4259 permitteret
1554 4190 1634 4246 eis
1675 4191 1945 4246 aediﬁcare

363 4278 700 4346 gymnasium
726 4278 1132 4351 Hierosolymis.
1163 4282 1405 4350 Cumque
1435 4282 1810 4349 concessisset,
1839 4284 1945 4338 cir-

362 4366 748 4421 cumcisionem
806 4383 957 4422 suam
1008 4369 1350 4435 velaverunt,
1409 4378 1468 4425 ut
1505 4387 1612 4426 non
1657 4381 1947 4442 appareret.

361 4459 416 4511 in
453 4459 811 4516 denudatione
857 4460 1060 4517 Grmcis
1101 4477 1220 4517 esse
1269 4463 1573 4518 dissimiles.
1625 4466 1939 4535 Caeteraque

360 4549 537 4602 omnia
563 4549 944 4618 relinquentes,
970 4567 1088 4620 qua:
1112 4552 1216 4606 illis
1237 4568 1353 4606 mos
1373 4554 1577 4621 patrius
1604 4555 1930 4625 imponebat,

358 4637 584 4692 aliarum
607 4637 747 4693 facta
777 4641 1015 4710 gentium
1063 4641 1305 4711 ritusque
1353 4645 1735 4712 sequebantur.
1764 4647 1933 4717 Igitur

355 4727 438 4781 hac
462 4727 756 4783 seditiones
799 4744 918 4798 quae
946 4739 1165 4799 propter
1193 4732 1540 4786 ambitionem
1572 4741 1732 4804 atque
1760 4737 1934 4807 digni-

357 4821 520 4869 tatem
543 4817 740 4872 summi
755 4818 1042 4873 sacerdotii
1067 4820 1204 4876 inter
1223 4820 1507 4891 praedictos
1532 4826 1761 4894 turpiter
1786 4843 1934 4896 gere-

355 4906 551 4963 bantur
579 4908 794 4975 fratres,
840 4918 1006 4980 atque
1040 4912 1403 4969 dissensiones
1429 4930 1548 4984 quae
1578 4914 1719 4970 inter
1745 4917 1930 4973 IIirea-

267 4987 273 4994 ’
353 5014 480 5052 num
493 4997 713 5070 Iosephi
743 5000 910 5055 ﬁlium
924 5003 1010 5072 (de
1027 5019 1132 5072 quo
1148 5019 1308 5073 supra
1327 5005 1690 5076 meminimus)
1705 5006 1928 5076 ejusque

353 5090 549 5146 fratres
571 5092 866 5147 crudeliter
885 5102 1019 5147 acta:
1047 5101 1201 5159 sunt,
1227 5096 1460 5149 maxima
1489 5096 1816 5164 pullularunt
1837 5114 1928 5152 ca-

351 5178 653 5235 lamitatum
673 5182 878 5236 semina
911 5182 965 5236 in
992 5183 1188 5252 populo
1214 5182 1550 5250 Iudaeorum,
1578 5187 1704 5240 dum
1739 5188 1925 5255 adver-

351 5282 468 5321 sum
516 5285 573 5323 se
619 5269 1043 5340 alienigenarum
1097 5289 1248 5327 arma
1295 5285 1668 5343 provocantes,
1709 5281 1923 5349 propria

350 5359 749 5415 dilaniaverunt
777 5363 1014 5425 viscera;
1045 5364 1171 5417 dum
1199 5365 1364 5432 aliqui
1385 5365 1671 5421 Seleucum
1701 5369 1924 5439 ejusque

349 5449 636 5519 principes,
654 5453 748 5506 alii
767 5468 897 5508 vero
918 5455 1242 5508 Antiochum
1270 5456 1409 5509 illius
1440 5473 1830 5524 successorem,
1854 5461 1921 5514 ad

348 5541 727 5597 desolationem
758 5545 936 5613 templi
966 5547 1473 5616 destitutionemque
1504 5549 1682 5618 pepuli
1729 5565 1920 5605 evoca-

289 5623 300 5635 '
345 5641 560 5695 verunt,
588 5642 646 5685 ut
685 5635 1060 5702 prtemisimus.
1095 5637 1261 5704 Igitur
1313 5653 1560 5694 reversus
1606 5655 1698 5693 rex
1727 5640 1918 5695 Antio-

345 5723 478 5776 chus
505 5723 825 5792 abJEgypto
869 5738 1089 5796 propter
1119 5729 1481 5783 Romanorum
1527 5735 1796 5796 timorem,
1847 5733 1912 5788 ad

2056 3260 2224 3314 vitate
2244 3268 2300 3314 et
2320 3259 2439 3313 vico
2472 3259 2666 3330 templa
2697 3258 3024 3325 Iudzeorum,
3061 3267 3117 3314 et
3141 3275 3263 3314 aras
3289 3259 3650 3326 collocantes.

2055 3349 2337 3405 immolare
2363 3366 2527 3420 super
2549 3366 2643 3405 eas
2663 3365 2859 3421 porcos
2889 3353 3037 3407 omni
3077 3351 3165 3406 die
3189 3353 3462 3422 przeccpit,
3489 3363 3548 3409 et
3577 3370 3653 3410 ne

2053 3440 2175 3509 quis
2195 3440 2673 3497 circumcideretur
2695 3441 2948 3497 inhibuit.
2978 3442 3358 3498 Interminatus
3369 3451 3453 3498 est
3470 3446 3652 3502 etiam

2051 3538 2320 3585 tormenta
2343 3532 2684 3602 gravissima,
2699 3532 2742 3587 si
2763 3533 2885 3602 quis
2910 3544 3130 3604 propter
3150 3534 3263 3589 haec
3283 3533 3466 3589 facere
3491 3537 3651 3593 inve-

2050 3626 2277 3681 niretur.
2318 3626 2607 3682 Constituit
2646 3628 2826 3698 itaque
2870 3631 3216 3700 prmpositos,
3250 3632 3336 3701 qui
3371 3642 3647 3702 cogerent

2048 3730 2143 3772 eos
2188 3717 2486 3786 imperialia
2536 3719 2789 3774 mandata
2830 3720 3111 3789 perﬁcere.
3145 3722 3211 3776 Et
3237 3723 3384 3776 multi
3409 3725 3646 3792 quidem

2047 3803 2354 3860 Iudaaorum
2397 3817 2610 3876 sponte,
2653 3809 2741 3864 alii
2769 3826 2897 3865 vero
2922 3821 3143 3882 propter
3168 3814 3410 3868 timorem
3453 3815 3649 3872 immi-

2047 3895 2226 3949 uentis
2263 3896 2408 3964 regis
2446 3907 2713 3968 prmccpta
2757 3902 3145 3971 sequebantur.
3175 3903 3553 3961 Probatissimi
3586 3918 3648 3964 et

2045 3984 2445 4051 generosissimi
2497 3987 2813 4043 detestabile
2861 3989 3073 4044 facinus
3118 4003 3494 4060 exsecrantes,
3535 4012 3644 4066 pa-

2047 4075 2166 4129 triis
2190 4075 2396 4146 legibus
2439 4079 2806 4146 adhzeserunt,
2842 4091 3130 4152 propterea
3177 4085 3365 4140 diebus
3393 4088 3646 4160 singulis

2042 4165 2219 4234 prunis
2243 4164 2444 4232 alIIicti,
2469 4176 2524 4222 et
2562 4183 2747 4224 amare
2786 4171 2930 4240 passi
2964 4180 3251 4240 tormenta,
3280 4177 3645 4234 trucidaban-

2045 4261 2152 4307 tur.
2194 4253 2329 4310 Nam
2360 4264 2414 4310 et
2442 4258 2738 4324 verberati,
2789 4268 2846 4315 et
2871 4261 3099 4318 diversis
3142 4265 3471 4323 cruciatibus
3509 4269 3641 4326 fati-

2043 4346 2174 4414 gati,
2197 4347 2374 4403 adhuc
2395 4349 2635 4404 viventes
2655 4351 2836 4406 crucis
2864 4353 3103 4422 patibulo
3130 4355 3444 4428 ﬁgebantur.
3483 4361 3642 4418 Uxo-

2047 4449 2132 4489 res
2155 4451 2284 4490 vero
2312 4439 2514 4507 pariter
2549 4448 2605 4493 et
2647 4439 2786 4496 ﬁlios
2812 4457 2948 4510 quos
2991 4445 3469 4512 circumciderunt,
3502 4466 3637 4520 pro-

2040 4535 2161 4596 pter
2188 4527 2520 4582 voluntatem
2556 4529 2699 4600 regis
2726 4530 2932 4600 laqueis
2950 4532 3304 4601 suﬁ‘ocabant,
3332 4549 3634 4606 parentum

2040 4632 2134 4672 eos
2161 4618 2463 4673 cervicibus
2494 4618 2780 4689 illigantes.
2810 4621 3036 4692 Insuper
3057 4632 3112 4678 et
3139 4625 3184 4679 si
3217 4627 3354 4695 apud
3380 4626 3634 4698 aliquem

2038 4709 2285 4766 volumen
2320 4711 2594 4766 inventum
2619 4711 2808 4767 fuisset
2831 4728 3046 4769 sacrum
3076 4724 3171 4770 aut
3193 4715 3298 4781 lex,
3329 4717 3374 4770 is
3406 4722 3633 4778 crudeli

2037 4810 2184 4857 sorte
2213 4800 2560 4855 moriebatur.

2634 4916 2862 4974 CAPUT
2900 4918 2991 4973 XI.

2034 5023 2236 5089 Quibus
2281 5025 2462 5079 diebus
2500 5025 2723 5080 Romani
2755 5028 3058 5084 innumeras
3104 5032 3464 5087 multitudines
3516 5037 3626 5090 Iw-

2100 5095 2298 5171 Lninuin
2349 5097 2403 5148 in
2445 5095 2705 5166 Hispania
2756 5099 3144 5171 trucidaverunt
3171 5142 3184 5164 ,
3225 5103 3411 5171 Oppida
3470 5107 3626 5162 ultra

2100 5163 2204 5218 300
2234 5163 2572 5230 destruentes,
2603 5177 2914 5233 everterunt,
2947 5169 3134 5222 bellant
3171 5163 3324 5224 etiam
3359 5170 3626 5228 Macedo-

2099 5236 2270 5288 nicum
2324 5236 2525 5309 merito_
2567 5237 2702 5309 inter
2751 5240 2983 5291 maxima
3027 5241 3428 5309 computandum
3484 5255 3626 5300 tunc

2096 5315 2292 5373 gestum
2338 5314 2433 5358 est.
2483 5303 2745 5360 Punicum
2806 5309 2963 5361 etiam
3018 5303 3207 5362 bellum
3252 5321 3495 5365 exortum
3533 5327 3622 5370 est

2100 5375 2331 5454 tertium.
2387 5373 2502 5454 Quo
2561 5376 2833 5444 confecto,
2891 5379 2999 5446 igni
3052 5379 3300 5454 ferroque
3338 5379 3624 5454 Carthago

2098 5446 2301 5518 penitus
2324 5453 2398 5497 est
2425 5460 2599 5498 eversa
2617 5485 2632 5510 ,
2667 5464 2806 5500 anno
2832 5446 3104 5518 postquam
3148 5446 3359 5503 condita
3384 5462 3461 5505 est
3489 5446 3614 5508 δεξε-

2098 5516 2393 5568 centesimo.

2095 5641 2211 5706 Quo
2258 5641 2310 5694 in
2344 5650 2582 5710 tempore
2614 5643 2752 5712 apud
2783 5642 3055 5700 Romanos
3104 5645 3324 5701 Fulvius
3352 5647 3614 5714 Flaccus,

2021 5743 2219 5802 prtetor
2233 5731 2283 5784 in
2297 5731 2545 5786 citeriore
2560 5732 2831 5801 Hispania,
2849 5737 3082 5790 maximo
3095 5737 3280 5807 pnnlio
3292 5738 3496 5805 25,000
3510 5743 3619 5796 ho.-
