3958 6172
317 283 341 337 1
352 283 457 340 049

1396 284 1810 342 CHRONICON.
1840 317 1910 326 ——
1936 284 2102 341 TOMI
2142 286 2161 341 l
2203 288 2324 345 LIB.
2369 285 2452 343 Vl.

3456 299 3595 355 ιοδο

313 402 521 457 minum
543 398 884 466 fudit,4,000
909 398 1068 471 cepit.
1085 400 1221 458 Ilinc
1234 399 1512 458 Gracchus
1537 402 1892 473 Sempronius
1920 403 1973 463 Α
1998 401 2093 455 sed
2122 403 2285 457 etiam
2327 405 2577 461 subsellia
2615 407 2756 463 ludis
2785 409 2912 480 poni
2953 412 3310 482 prohibuerit.
3345 415 3587 478 Tertium

314 494 367 550 in
389 493 645 563 Hispania
670 492 924 548 ulteriore
941 493 1042 549 103
1064 493 1255 563 oppida
1282 502 1508 548 vacuata
1535 493 1899 565 quassataque

310 585 466 643 bellis
486 585 555 640 ad
584 585 909 641 deditionem
940 586 1135 654 coegit.
1162 585 1299 641 Hinc
1321 585 1519 641 Lucius
1543 584 1898 641 Posthumius

310 678 366 733 in
389 678 641 734 citeriore
658 678 913 748 Hispania
936 678 1137 742 40,000
1164 679 1402 733 hostium
1433 678 1575 735 bello
1604 678 1896 743 interfecit,

308 768 589 824 Gracchus
612 777 813 838 praetor
836 769 1035 825 ibidem
1066 770 1260 825 iterum
1286 770 1392 826 200
1407 764 1602 841 oppida
1624 756 1915 841 expugna?

306 861 452 917 vitet
474 861 635 931 cepit.
652 860 857 928 Quibus
871 860 1036 915 etiam
1063 861 1251 917 diebus
1272 861 1470 917 bellum
1492 861 1896 916 Macedonicum

307 961 516 1022 gestum
548 960 653 1016 est,
682 951 877 1006 merito
907 951 1050 1006 inter
1074 951 1309 1006 maxima
1339 951 1477 1006 bella
1526 950 1890 1006 referendum.

306 1043 443 1098 Nam
460 1042 713 1107 Perseus,
743 1041 973 1112 Philippi
1004 1043 1164 1105 illius,
1195 1058 1355 1112 quem
1379 1041 1698 1098 Macedones
1720 1042 1894 1097 secuti

306 1142 457 1199 sunt,
483 1133 796 1189 auxiliarios
840 1133 1029 1188 habuit
1072 1133 1334 1198 Thraces,
1364 1149 1487 1188 cum
1528 1148 1655 1205 rege
1704 1146 1893 1189 eorum

304 1225 443 1290 Coti,
476 1234 532 1279 et
562 1225 846 1280 universos
900 1224 1110 1297 Illyrios
1162 1240 1284 1280 cum
1331 1222 1457 1297 rege
1501 1225 1716 1280 Gentio.
1745 1223 1893 1281 Gens

306 1331 541 1387 namque
580 1316 983 1381 Basternarum,
1021 1332 1166 1387 qum,
1214 1317 1518 1392 pnedarum
1569 1332 1666 1388 spe
1699 1316 1894 1372 sollici-

306 1417 439 1476 tata,
466 1411 520 1465 in
549 1410 810 1465 auxilium
832 1408 948 1478 ejus
979 1411 1339 1480 properabat,
1388 1411 1506 1465 sine
1554 1411 1665 1465 ulla
1711 1427 1891 1483 pugna

301 1504 386 1557 vel
417 1504 600 1572 aliquo
629 1504 785 1557 hoste
814 1502 987 1559 deleta
1009 1511 1113 1558 est.
1146 1502 1283 1558 Dum
1301 1503 1604 1559 Danubium
1632 1519 1755 1559 cum
1778 1512 1891 1559 toto

300 1596 518 1666 agmine
560 1611 724 1664 super
751 1595 978 1667 glaciem
1035 1595 1350 1660 transirent,
1389 1595 1514 1666 gelu
1552 1610 1889 1665 concrepans

299 1686 625 1740 enormitate
650 1686 921 1756 ponderis,
952 1685 1192 1756 glacialis
1240 1694 1422 1740 crusta
1463 1685 1734 1749 dissilivit,
1768 1687 1887 1740 uni-

2003 494 2129 549 hinc
2153 495 2413 551 Punicum
2435 497 2633 553 bellum
2663 511 2911 556 exortum
2946 511 3051 558 est.
3082 505 3253 576 Igitur
3280 525 3403 564 cum
3427 527 3589 567 sena-

2003 591 2090 641 tus
2137 585 2420 641 deleudam
2470 585 2854 660 Carthaginem
2904 596 3228 663 censuisset,
3254 600 3485 668 profecti
3535 602 3587 657 in

1999 675 2236 731 Africam
2259 677 2533 743 consules,
2563 687 2619 734 et
2660 679 2841 751 Scipio
2878 690 3008 738 tunc
3047 685 3295 744 tribunus
3330 691 3584 755 militum,

2001 764 2161 829 filius,
2215 774 2274 820 ut
2325 766 2527 833 ferunt,
2579 768 2799 838 majoris
2851 771 3116 840 Africani,
3171 793 3337 849 prope
3374 780 3586 837 Uticam

1998 862 2177 909 eastra
2202 864 2509 911 tenuerunt.
2535 857 2611 913 lbi
2643 858 3166 933 Carthaginensibus
3191 872 3453 937 evocatis,
3476 871 3589 941 jus-

1998 947 2070 1001 sit
2094 956 2151 1001 ut
2177 963 2327 1002 arma
2354 958 2410 1004 et
2454 966 2623 1006 naves
2672 954 2968 1009 traderent.
2994 954 3103 1012 Nec
3121 975 3293 1026 mora,
3325 973 3475 1019 tanta
3503 966 3587 1021 vis

1996 1054 2273 1094 armorum
2320 1051 2540 1110 repente
2581 1045 2778 1101 tradita
2811 1055 2925 1113 est,
2959 1057 3018 1103 ut
3062 1049 3219 1108 facile
3252 1062 3366 1109 tota
3394 1072 3460 1111 ex
3500 1058 3587 1113 his

1993 1128 2176 1185 Africa
2207 1133 2472 1202 potuisset
2521 1136 2740 1190 armari.
2777 1137 2883 1193 Sed
2931 1139 3386 1213 Carthaginenses
3436 1157 3586 1217 post-

1995 1235 2155 1290 quam
2187 1238 2336 1278 arma
2389 1224 2746 1292 tradiderunt,
2793 1238 2849 1282 et
2895 1229 3084 1285 relicta
3138 1233 3273 1289 urbe
3328 1237 3583 1292 secedere

1994 1314 2182 1382 procul
2207 1330 2247 1368 a.
2264 1314 2401 1369 mari
2433 1315 2631 1380 10,000
2649 1334 2899 1387 passuum
2918 1321 3062 1393 jussi
3092 1334 3236 1390 sunt,
3255 1327 3496 1383 dolorem
3513 1332 3580 1386 ad

1993 1402 2427 1473 desperationem
2460 1405 2821 1473 contulerunt,
2850 1418 2943 1464 aut
2981 1410 3255 1469 defensuri
3280 1416 3579 1481 civitatem,

1993 1502 2084 1548 aut
2137 1508 2261 1550 cum
2307 1495 2420 1566 ipsa
2456 1512 2553 1566 per
2606 1497 2774 1568 ipsam
2812 1500 3129 1570 sepeliendi,
3178 1506 3451 1578 ducesque
3479 1511 3583 1565 sibi

1993 1584 2129 1640 duos
2157 1585 2516 1642 Hasdrubales
2546 1597 2885 1644 creaverunt.
2919 1590 3086 1647 Arma
3118 1595 3355 1664 primum
3400 1598 3584 1655 facere

1991 1676 2250 1745 aggressi,
2289 1676 2415 1732 teris
2441 1677 2680 1749 ferrique
2708 1680 2944 1749 inopiam
2988 1685 3106 1738 auri
3134 1694 3187 1740 et
3209 1688 3419 1757 argenti
3472 1706 3585 1746 me-

300 1792 630 1846 versumque
650 1746 849 1847 agmen
878 1746 1020 1845 quod
1050 1777 1139 1830 diu
1170 1775 1502 1832 sustinuerat
1525 1746 1729 1832 mediis
1759 1792 1887 1849 gur-
1914 1746 1961 1805 B
1992 1764 2133 1820 tallis
2182 1746 2606 1836 suppleverunt;
2630 1746 2894 1826 Consules
2943 1788 3255 1844 oppugnare
3274 1746 3582 1851 "Carthagi-

297 1868 691 1939 gitibus,'victa
719 1868 934 1922 tandem
978 1874 1033 1922 et
1071 1866 1402 1923 comminuta
1437 1867 1703 1934 destituit,
1725 1878 1876 1939 atque

1989 1869 2111 1909 nem
2149 1864 2413 1920 statuunt,
2442 1855 2595 1925 cujus
2634 1860 2772 1915 situs
2798 1859 2965 1916 fuisse
3012 1863 3317 1933 hujusmodi
3357 1870 3576 1925 dicitur.

296 1961 488 2015 eadem
521 1974 708 2015 rursus
756 1958 1074 2027 fragmentis
1102 1959 1520 2029 impedientibus
1565 1960 1887 2029 superducta
1989 1945 2141 2001 Μητο
2168 1963 2422 2018 Passum“
2447 1948 2647 2015 22,000
2675 1953 2939 2021 ample-‘3,
2974 1963 3082 2010 ιοῐθ
3113 1973 3251 2026 Pene
3289 1962 3423 2015 mari
3464 1963 3583 2017 Cin-

295 2052 613 2106 submersit.
669 2049 834 2105 Pauci
855 2064 922 2104 ex
946 2050 1095 2104 omni
1134 2049 1330 2119 populo
1366 2065 1466 2120 per
1497 2058 1786 2120 utramque
1815 2050 1890 2105 ri-

295 2160 424 2215 pam
460 2145 550 2198 vix
582 2141 817 2199 concisis
868 2155 1094 2197 evasere
1135 2140 1458 2196 visceribus.
1506 2139 1773 2196 Czeterum
1830 2140 1884 2195 in

294 2234 501 2289 auxilio
521 2232 889 2287 Romanorum
913 2239 1025 2285 tota
1051 2230 1285 2300 primum
1309 2231 1486 2297 Italia,
1508 2232 1702 2287 deinde
1721 2230 1888 2286 Ptho—

294 2327 523 2382 lomzeus
552 2340 649 2380 rex
693 2323 944 2405 Egypti,
972 2330 1029 2377 et
1061 2324 1342 2378 Ariarates
1371 2322 1745 2393 Cappadociae,
1776 2322 1887 2377 Eu-

293 2430 484 2472 menes
504 2414 666 2478 Asiae,
693 2413 974 2468 Masinissa
1013 2412 1277 2468 Numidia:
1303 2412 1540 2468 fuerunt.
1581 2412 1769 2485 Itaque
1792 2415 1887 2469 ad-

291 2506 536 2564 venienti
565 2504 763 2561 Crasso
789 2505 996 2560 consuli
1024 2505 1255 2561 Perseus
1279 2507 1536 2571 occurrit,
1563 2508 1882 2563 commisso-

294 2615 402 2672 que
440 2600 648 2671 praelio,
697 2596 1080 2652 miserabiliter
1108 2596 1236 2652 victi
1280 2596 1434 2653 fuere
1482 2597 1733 2653 Romani.
1783 2597 1882 2654 Se-

292 2691 485 2764 quenti
530 2705 732 2762 pugna,
759 2702 897 2757 pene
925 2688 1042 2758 pari
1088 2687 1243 2742 clade
1283 2688 1453 2758 partis
1500 2688 1781 2759 utriusque
1825 2690 1879 2744 in

290 2784 525 2839 hiberna
574 2782 870 2836 discessum
921 2785 1023 2833 est.
1058 2777 1261 2832 Deinde
1302 2777 1567 2844 Perseus,
1595 2777 1880 2849 profligato

290 2873 479 2929 multis
505 2870 708 2942 praeliis
752 2869 993 2924 exercitu
1024 2867 1291 2933 Romano,
1319 2867 1373 2921 in
1399 2866 1666 2938 Illyricum
1695 2875 1877 2921 trans-

288 2979 536 3037 gressus.
570 2962 881 3017 Sulcanium
913 2960 1166 3030 Oppidum
1215 2958 1492 3013 defensum
1528 2973 1559 3012 a
1608 2958 1877 3029 praesidiis

289 3056 552 3114 Romanis
582 3055 870 3127 pugnando
894 3054 1069 3124 cepit;
1113 3052 1205 3108 ubi
1233 3066 1482 3124 magnam
1507 3053 1875 3108 Romanorum
1902 3087 1948 3150 Ο

287 3152 670 3224 praesidiorum
700 3148 1352 3219 multitudinempartim
1393 3147 1625 3214 occidit,
1676 3147 1874 3217 partim

284 3246 389 3301 sub
426 3258 627 3300 corona
671 3241 929 3308 vendidit,
956 3240 1155 3311 partim
1196 3254 1379 3295 secum
1409 3240 1463 3294 in
1506 3238 1875 3295 Macedoniam

283 3333 477 3396 duxit,
504 3342 693 3402 postea
734 3346 857 3386 cum
899 3347 965 3388 eo
1016 3329 1271 3386 lEmilius
1308 3329 1507 3385 Paulus
1553 3329 1741 3385 consul
1793 3329 1876 3384 di-

283 3423 514 3479 micavit
539 3430 595 3477 et
621 3422 771 3478 vicit.
809 3420 947 3476 Nam
991 3420 1194 3487 20,000
1237 3420 1478 3491 peditum
1510 3420 1567 3474 in
1616 3435 1683 3476 eo
1730 3418 1874 3476 bello

282 3512 580 3569 interfecit.
611 3512 725 3571 Rex
754 3527 877 3567 cum
905 3510 1179 3581 equitibus
1199 3509 1540 3580 subterfugit.
1566 3508 1671 3565 Sed
1705 3510 1877 3565 contiv

281 3618 395 3657 nuo
439 3610 652 3671 captus,
684 3609 847 3670 atque
895 3600 949 3655 in
977 3599 1251 3668 triumpho
1280 3614 1401 3655 cum
1431 3598 1559 3654 ﬁliis
1596 3608 1721 3653 ante
1748 3613 1873 3653 cur-

281 3708 405 3748 rum
431 3700 588 3747 actus
612 3699 728 3766 est,
747 3699 801 3745 et
822 3698 946 3761 post
977 3688 1120 3760 apud
1147 3687 1339 3744 Albam
1373 3688 1427 3743 in
1453 3688 1698 3744 custodia
1725 3686 1873 3743 defe-

279 3783 581 3840 cit.-Filius
608 3780 729 3851 ejus
747 3783 936 3852 junior
965 3780 1226 3838 fabricam
1251 3781 1499 3836 aerariam
1529 3779 1599 3835 ob
1630 3779 1870 3834 toleran-

278 3876 406 3929 dam
442 3874 682 3945 inopiam
712 3874 896 3929 Roma:
943 3872 1150 3939 didicit,
1183 3872 1366 3942 ibique
1389 3880 1740 3942 consumptus
1765 3878 1867 3925 est.

276 3966 521 4021 Plurima
554 3972 819 4035 prmterea
861 3971 916 4019 et
941 3964 1075 4019 satis
1105 3963 1331 4019 diversis
1357 3963 1708 4034 proventibus
1731 3962 1869 4019 bella

277 4059 579 4115 multarum
602 4058 801 4127 ubique
826 4056 1064 4127 gentium
1089 4064 1239 4126 gesta
1263 4063 1409 4122 sunt,
1441 4071 1562 4125 quae
1588 4055 1870 4111 brevitatis

275 4167 445 4208 causa
481 4149 826 4220 praetermisi.
867 4146 1036 4218 Igitur
1075 4163 1195 4203 cum
1232 4162 1422 4202 omnes
1475 4145 1749 4202 Romanos
1786 4145 1869 4201 in-

275 4259 411 4315 gens
437 4240 837 4299 Celtiberorum
860 4248 1039 4295 metus
1082 4239 1391 4303 invasisset,
1421 4245 1477 4294 et
1516 4252 1585 4293 ex
1615 4238 1868 4295 omnibus

272 4351 381 4391 non
410 4340 561 4388 esset
590 4331 680 4401 qui
705 4331 786 4386 ire
811 4330 1128 4400 Hispaniam
1143 4327 1227 4383 vel
1256 4328 1409 4384 miles
1437 4328 1521 4383 vel
1549 4328 1758 4399 legatus
1778 4344 1870 4383 au-

1987 2038 2232 2108 gebatur,
2254 2038 2459 2110 absque
2487 2039 2733 2098 faucibus
2777 2046 2868 2113 qui
2898 2046 3062 2111 3,000
3085 2064 3342 2118 passuum
3370 2055 3579 2123 aperie-

1985 2130 2203 2185 bantur.
2247 2131 2300 2188 ls
2349 2132 2499 2189 locus
2541 2152 2754 2191 murum
2797 2138 2868 2193 50
2920 2141 3115 2209 pedum
3155 2143 3323 2200 latum
3366 2147 3577 2213 habuit,

1985 2234 2118 2276 saxo
2154 2223 2421 2291 quadrato
2443 2224 2497 2279 in
2524 2225 2808 2283 altitudine
2831 2229 3139 2287 cubitorum
3173 2232 3263 2287 40.
3296 2235 3408 2290 Arx
3429 2278 3443 2302 ,
3487 2239 3574 2293 cui

1984 2309 2151 2366 Birsaa
2178 2327 2375 2369 nomen
2408 2323 2550 2381 erat,
2582 2317 2742 2386 paulo
2793 2320 3028 2391 amplius
3057 2339 3220 2393 quam
3264 2325 3430 2391 2,000
3458 2344 3591 2399 pas-

1984 2419 2142 2458 suum
2170 2406 2406 2463 tenebat.
2447 2407 2528 2461 Ex
2554 2424 2662 2463 una
2692 2420 2850 2480 parte
2879 2429 3069 2469 murus
3096 2415 3387 2474 imminens
3415 2421 3574 2487 mari,

1984 2499 2128 2568 quod
2153 2515 2302 2554 mare
2343 2508 2593 2572 stagnum
2638 2513 2854 2570 vocant,
2893 2509 3152 2577 quoniam
3185 2509 3401 2579 objecta
3441 2529 3575 2584 pro-

1984 2596 2146 2643 tentae
2175 2589 2371 2660 linguae
2415 2593 2803 2664 strangulatur.
2826 2593 3089 2653 Consules
3133 2599 3301 2670 igitur
3329 2605 3577 2671 quamvis

1983 2679 2311 2749 aliquantam
2335 2684 2474 2737 muri
2506 2694 2713 2753 partem
2737 2695 3048 2755 quassatam
3081 2692 3347 2747 machinis
3380 2694 3579 2750 diruis-

1982 2778 2122 2835 sent,
2156 2779 2338 2826 tamen
2364 2788 2395 2827 a
2416 2773 2935 2845 Carthagincnsibus
2963 2779 3088 2833 victi
3114 2788 3168 2835 et
3198 2783 3395 2852 repulsi
3424 2794 3570 2840 sunt.

1980 2860 2127 2927 Quos
2169 2861 2438 2933 fugientes
2477 2865 2679 2936 Scipio,
2728 2868 2946 2938 repulso
2982 2871 3123 2926 intra
3167 2889 3353 2930 muros
3394 2875 3570 2941 hoste,

1979 2949 2237 3007 defendit.
2294 2952 2626 3011 Censorinus
2666 2957 2720 3011 in
2777 2959 2969 3014 urbem
3027 2963 3218 3030 rediit,
3281 2965 3569 3034 Manilius,

1980 3044 2179 3099 omissa
2206 3044 2549 3117 Carthagine,
2579 3049 2646 3104 ad
2676 3048 3068 3108 Hasdrubalem
3099 3070 3251 3110 arma
3283 3061 3568 3115 convertit.

1980 3131 2183 3204 Scipio,
2212 3134 2494 3193 Masinissa
2523 3149 2761 3205 mortuo,
2785 3141 2929 3197 inter
2958 3143 3255 3202 Masinissae
3292 3147 3431 3204 filios
3461 3159 3572 3205 tres

1976 3224 2240 3282 Numidiae
2283 3243 2509 3298 regnum
2544 3231 2743 3287 divisit.
2771 3232 3038 3301 Quocirca
3078 3238 3461 3312 Carthaginem
3485 3260 3574 3300 re-

1975 3331 2165 3372 versus
2212 3317 2465 3376 Manilius
2494 3320 2760 3392 Degazam
2794 3326 2982 3381 urbem
3037 3329 3366 3401 expugnavit
3406 3343 3570 3405 atque

1975 3408 2228 3479 diripuit;
2271 3409 2578 3480 Aphrorum
2631 3414 2705 3468 ibi
2738 3414 2937 3477 12,000
2980 3433 3143 3485 cassa,
3200 3420 3363 3485 6,000
3411 3433 3568 3493 capta

1973 3507 2119 3553 sunt.
2152 3498 2455 3554 Hasdrubal
2485 3500 2777 3558 Pomorum
2814 3505 3129 3575 imperator,
3160 3508 3455 3567 Masinissa:
3476 3530 3571 3569 nc-

1972 3604 2090 3659 pos,
2130 3589 2508 3646 subselliorum
2539 3590 2860 3662 fragmentis
2895 3596 2947 3649 in
2972 3597 3122 3652 curia
3148 3614 3178 3652 a
3206 3600 3320 3655 suis
3347 3612 3568 3673 propter

1971 3684 2336 3754 suspicionem
2363 3686 2685 3756 proditionis
2710 3689 2924 3744 occisus
2949 3700 3052 3745 est.
3083 3690 3403 3750 Juventinus
3429 3712 3565 3765 pra:-

1973 3784 2057 3830 tor
2100 3775 2154 3830 in
2204 3775 2516 3833 Macedonia
2575 3780 2835 3834 adversus
2888 3780 3396 3855 Pseudophilippqu
3438 3803 3565 3842 cou-

1970 3882 2208 3938 gressus,
2236 3881 2358 3922 cum
2381 3867 2621 3923 maxima
2649 3868 2804 3924 clade
2834 3871 2998 3926 totius
3034 3872 3259 3928 Romani
3293 3878 3563 3934 exercitus

1969 3962 2291 4018 interfectus
2320 3971 2426 4027 est,
2448 3978 2592 4017 anno
2628 3964 2696 4019 ab
2731 3964 2872 4020 Urbe
2899 3967 3116 4021 condita
3146 3973 3561 4027 sexcentesimo.

1969 4052 2098 4129 Post
2156 4054 2355 4109 bellum
2416 4054 2682 4110 Punicum
2737 4059 3033 4112 secundum
3104 4058 3256 4115 Gneo
3309 4062 3562 4121 Cornelio

1967 4147 2218 4214 Lentulo,
2248 4147 2417 4203 Lucio
2447 4146 2703 4203 Mummio
2727 4149 3056 4216 consulibus,
3096 4150 3279 4222 Scipio
3318 4157 3562 4224 superio-

1966 4239 2044 4294 ris
2069 4240 2196 4295 annl
2242 4238 2432 4295 consul
2460 4239 2645 4296 delere
2693 4240 3078 4313 Carthaginem
3126 4260 3378 4314 suprema
3410 4260 3559 4311 sorte

1965 4332 2205 4397 molitus,
2248 4331 2553 4387 Gothonem
2578 4332 2897 4405 ingreditur.
2938 4335 3038 4391 Ubi
3082 4351 3205 4392 cum
3245 4354 3338 4393 sex
3382 4341 3559 4395 conti-

271 4424 451 4489 deret,
466 4422 529 4476 P.
544 4422 725 4492 Scipio
753 4420 865 4491 (qui
887 4429 1074 4491 postea
1094 4419 1379 4477 Africanus
1399 4419 1718 4492 erat),ultro
1740 4435 1859 4477 sese
1884 4446 1938 4505 D
1963 4424 2088 4483 nuis
2116 4424 2307 4479 diebus
2349 4423 2710 4493 noctibusque
2759 4434 3047 4495 pugnatur,
3097 4417 3290 4484 ultima.
3329 4429 3561 4487 Cartha-

272 4517 641 4572 militaturum
684 4512 741 4567 in
790 4511 1104 4582 Hispaniam
1151 4510 1365 4575 obtulit,
1411 4526 1534 4566 eum
1580 4519 1761 4568 tamen
1806 4515 1861 4576 in

271 4605 650 4663 Macedoniam
695 4611 843 4659 sorte
864 4601 978 4671 jam
1018 4603 1305 4672 deputatus
1328 4611 1490 4658 esset.
1518 4605 1705 4676 Itaque
1740 4626 1866 4681 pm-

268 4701 451 4755 fectus
483 4696 538 4751 in
576 4694 912 4767 Hispaniam,
943 4709 1169 4766 magnas
1198 4702 1407 4766 strages
1429 4697 1669 4766 gentium
1695 4700 1860 4756 dedit.

268 4789 491 4858 Saepius
520 4784 684 4841 etiam
729 4783 918 4839 militis
954 4799 1116 4853 quam
1150 4784 1302 4840 ducis
1351 4801 1480 4841 usus
1519 4796 1607 4842 est
1658 4787 1859 4846 officio.

268 4878 410 4935 Nam
466 4884 525 4932 et
568 4876 861 4933 barbarum
908 4883 1291 4945 provocantem
1334 4875 1682 4945 singulariter
1729 4895 1862 4935 cou-

266 4988 499 5046 gressus
517 4970 738 5027 occidit.
766 4967 988 5038 Sergius
1016 4978 1196 5024 autem
1218 4966 1384 5023 Galba
1415 4979 1617 5038 praeter
1644 4987 1676 5025 a
1700 4970 1860 5027 Lusi-

266 5067 421 5122 tanis
450 5077 648 5131 magno
683 5061 868 5132 praelio
890 5060 1064 5115 victus
1091 5067 1194 5123 est,
1236 5059 1593 5130 univcrsoque
1616 5062 1857 5117 exercitu

265 5159 504 5220 amisso,
532 5154 646 5225 ipse
671 5167 793 5209 cum
820 5151 1010 5221 paucis
1035 5151 1123 5206 vix
1147 5149 1379 5219 elapsus.
1405 5152 1596 5205 evasit.
1630 5152 1707 5208 Eo
1731 5161 1860 5208 tem-

263 5265 406 5320 pore
456 5259 713 5302 censores
756 5243 1027 5299 theatrum
1056 5239 1325 5310 lapideum
1353 5239 1407 5294 in
1440 5242 1572 5296 urbe
1598 5243 1853 5299 constitui

264 5344 628 5395 censuerunt.
669 5334 823 5402 Quod
864 5348 933 5389 ne
986 5340 1116 5386 tunc
1164 5330 1359 5396 fleret,
1424 5332 1605 5401 Scipio
1663 5333 1854 5392 Nasica

263 5431 599 5504 gravissima
640 5427 884 5484 oratione
930 5424 1164 5490 obstitit,
1196 5425 1383 5480 dicens
1426 5424 1859 5482 inimicissimum

265 5526 376 5579 hoc
405 5523 526 5578 fore
566 5520 811 5576 bellatori
838 5517 1067 5589 populo,
1094 5516 1161 5570 ad
1201 5515 1543 5569 nutriendam
1570 5515 1856 5581 desidiam,

266 5612 619 5680 lascivimque
639 5618 1025 5672 commentum,
1050 5607 1294 5677 adeoque
1317 5607 1485 5661 movit
1510 5616 1778 5671 senatum,
1800 5618 1861 5662 ut

266 5723 382 5762 nun
413 5702 589 5758 solum
616 5702 773 5758 vendi
804 5701 985 5757 omnia
1019 5701 1229 5755 theatro
1267 5708 1574 5769 c‘omparata
1608 5698 1854 5769 jusserit,

1972 4517 2223 4590 ginenses
2249 4515 2555 4585 desperatio
2597 4517 2665 4572 ad
2695 4516 3026 4574 deditionem
3077 4522 3264 4589 traxit,
3311 4532 3559 4593 petentes

1970 4618 2031 4664 ut
2058 4624 2195 4679 quos
2222 4609 2350 4665 belli
2384 4609 2588 4677 clades,
2620 4610 2859 4681 reliquos
2913 4611 3062 4681 fecit,
3111 4615 3305 4672 saltem
3354 4619 3559 4673 servire

1968 4701 2148 4759 liceat.
2199 4701 2439 4757 Primum
2482 4717 2675 4774 agmen
2725 4702 3011 4759 mulierum
3069 4707 3203 4761 satis
3250 4707 3559 4764 miserabile

1968 4802 2093 4865 post
2129 4794 2370 4849 virorum
2396 4794 2570 4864 magis
2594 4793 2839 4848 deforme
2884 4796 3184 4851 descendit.
3227 4796 3361 4851 Nam
3394 4798 3559 4854 fuisse

1969 4883 2259 4939 mulierum
2302 4881 2525 4947 23,000,
2553 4882 2795 4936 virorum
2821 4882 3047 4949 50,000,
3091 4886 3366 4940 memoriae
3397 4889 3564 4943 tradi-

1971 4981 2082 5027 tum
2123 4982 2228 5027 est.
2251 4972 2367 5027 Rex
2395 4970 2695 5025 Hasdrubal
2741 4985 2800 5025 se
2845 4971 2986 5026 ultro
3014 4973 3179 5027 dedit.
3213 4973 3551 5046 Transfuga),

1968 5062 2405 5133 quijEsculapii
2456 5060 2714 5129 templum
2778 5070 3194 5130 occupaverant,
3247 5062 3554 5118 voluntario

1965 5153 2285 5227 praecipitio,
2328 5153 2450 5223 igne
2495 5152 2801 5220 consumpti
2850 5160 2993 5205 sunt.
3025 5152 3174 5208 Uxor
3201 5151 3553 5209 Hasdrul-alis

1964 5262 2024 5302 se
2051 5246 2292 5314 duosque
2321 5243 2463 5297 ﬁlios
2490 5257 2699 5305 secum,
2733 5242 2872 5296 virili
2894 5242 3076 5296 dolore
3110 5251 3167 5297 et
3192 5242 3374 5299 furore
3399 5243 3553 5299 femi—

1964 5352 2090 5402 neo,
2118 5336 2172 5390 in
2198 5333 2432 5388 medium
2456 5331 2584 5387 fecit
2615 5332 2947 5397 incendium,
2967 5333 3213 5387 eumdem
3241 5349 3385 5389 nunc
3408 5350 3552 5390 mor—

1965 5429 2036 5484 tis
2091 5426 2297 5482 exitum
2344 5423 2552 5480 faciens
2596 5424 2890 5479 novissima
2950 5424 3134 5491 regina
3182 5423 3548 5496 Carthaginis,

1962 5535 2124 5590 quem
2154 5518 2423 5589 quondam
2468 5516 2645 5587 prima
2694 5514 2930 5571 fecisset.
2960 5514 3079 5586 Ipsa
3124 5525 3305 5571 autem
3357 5518 3549 5590 civitas

1960 5588 2150 5666 decem
2173 5588 2229 5663 et
2251 5614 2460 5678 septem
2489 5604 2761 5661 continuis
2782 5604 2971 5660 diebus
2993 5605 3147 5672 arsit,
3184 5588 3556 5679 miserumque

1958 5697 2326 5770 spectaculum
2352 5695 2417 5751 de
2445 5695 2701 5749 varietate
2734 5694 3058 5751 conditionis
3106 5694 3353 5752 humanae
3380 5697 3556 5755 victo-
