3964 6172
363 274 383 323 1
397 272 465 324 lii)
476 273 501 322 ι·

1358 254 1747 312 ιτ·ιιΕ‹;υιΡιιι
1781 254 2238 307 ιιιιλυνιωδιδ
2277 249 2587 307 EPISCOPI

3474 249 3498 301 l
3508 246 3637 301 052

362 377 512 431 ribus
540 374 654 431 suis
669 370 919 443 praebuit.
945 369 1132 433 Diruta
1151 374 1235 422 est
1258 374 1437 421 autem
1464 364 1755 434 Carthago,
1782 360 1929 416 omni
1957 361 2010 421 Α
2035 366 2243 424 mento,
2275 362 2330 415 in
2371 362 2456 416 via
2484 362 2654 432 Appia
2673 403 2689 427 ,
2724 362 2861 415 intra
2889 360 3122 431 primum
3150 361 3219 415 ab
3243 360 3383 416 Urbe
3415 360 3645 414 millia-

360 465 555 519 murali
580 462 756 534 lapide
783 461 838 516 in
866 459 1142 531 pulverem
1186 456 1535 519 comminuto,
1570 452 1931 524 septingente-

359 558 497 611 simo
523 572 665 611 armo
688 541 968 626 postquam
1014 549 1226 606 condita
1277 556 1413 601 erat.
1447 544 1728 599 Multitudo
1756 542 1932 599 omnis

358 647 719 716 captivorum,
751 641 994 711 exceptis
1021 638 1208 710 paucis
1237 635 1595 707 principibus,
1625 633 1931 688 venundata

357 744 459 788 est.
493 734 579 788 Ita.
599 741 793 804 quarto
821 746 981 801 quam
1011 737 1244 799 emptum
1268 726 1369 781 fuit
1398 740 1559 791 anno,
1594 724 1789 779 bellum
1830 724 1937 779 Pu-

358 826 537 879 nicum
585 823 804 879 tertium
844 820 1191 875 terminatum
1245 827 1349 872 est.
1411 816 1541 883 Quae
1592 824 1718 869 tunc
1768 815 1932 869 etiam

357 914 495 969 bella
540 913 593 967 in
623 913 876 967 citeriore
916 908 1175 978 Hispania
1216 914 1366 976 gesta
1405 912 1550 969 sunt,
1600 911 1656 958 ct
1702 903 1936 973 qualiter

358 1005 555 1059 llebius
581 1019 612 1057 a
634 1000 921 1073 Liguribus
944 1000 1345 1054 circumventus
1370 1009 1492 1050 cum
1518 992 1664 1048 omni
1692 993 1934 1047 exercitu

360 1094 539 1164 periit,
569 1091 836 1162 quomodo
863 1090 1026 1144 etiam
1070 1085 1293 1141 Fulvius
1343 1082 1563 1145 consul,
1593 1098 1716 1137 cum
1761 1080 1936 1136 Gallo—

358 1184 549 1253 graecis
589 1179 998 1235 acerbissimum
1023 1175 1222 1231 bellum
1275 1173 1441 1245 gessit
1468 1171 1611 1226 circa
1649 1170 1933 1242 Olympum

359 1279 892 1339 montem,etczetera
911 1269 1048 1325 bella
1067 1285 1187 1341 qu:e
1209 1276 1334 1321 tunc
1354 1265 1581 1322 Romani
1604 1280 1701 1334 per
1725 1265 1937 1319 diversa

359 1368 618 1437 gerebant
643 1365 781 1430 loca,
809 1364 901 1434 qui
929 1363 1091 1417 latius
1116 1361 1256 1416 scire
1291 1358 1545 1421 voluerit,
1571 1355 1746 1413 Orosii
1776 1364 1937 1411 caete-

361 1472 654 1525 rorumque
695 1452 1252 1524 historiographorum
1280 1446 1449 1504 libros
1474 1447 1656 1518 legere
1702 1445 1932 1499 curabit.

363 1544 573 1599 Statius
592 1543 841 1606 Cecilius,
864 1540 1249 1596 commdiarum
1269 1538 1522 1607 scriptor,
1537 1535 1716 1590 clarus
1732 1534 1937 1590 hisdem

363 1635 595 1690 habetur
616 1634 823 1688 diebus.
854 1632 958 1699 Qui
989 1630 1205 1685 natione
1230 1628 1416 1684 Gallus
1446 1635 1585 1692 erat,
1608 1625 1697 1679 alii
1741 1625 1938 1681 Medio-

2034 450 2195 505 rium.
2222 450 2372 506 Tunc
2410 452 2570 507 etiam
2594 452 2792 507 Lucius
2815 463 2971 521 poeta
3014 451 3274 505 nascitur.
3308 451 3495 504 Roma:
3519 450 3642 504 de-

2035 541 2329 611 scriptione
2360 541 2522 605 facta.
2565 542 2780 596 inventa
2844 548 2970 594 sunt
3020 540 3299 596 hominum
3348 538 3637 604 534,000-

2035 631 2153 699 Quo
2185 632 2237 686 in
2268 640 2506 701 tempore
2539 631 2878 686 Aristobolus
2902 630 3252 701 philosophus
3279 639 3645 685 commenta-
3734 694 3741 699 ,

2037 726 2147 780 rios
2163 724 2378 793 scripsit
2402 725 2453 778 in
2476 723 2641 779 libros
2667 723 2821 787 Mosi,
2836 731 2889 777 et
2917 722 3030 793 regi
3052 721 3248 777 obtulit
3259 721 3638 776 Ptbolom'eo.

2037 817 2285 880 Romani,
2310 815 2593 870 interfecto
2619 812 3091 884 Pseudophilippo,
3130 812 3447 867 thedones
3478 827 3644 883 gen-

2035 908 2167 961 tium
2183 907 2431 962 dominos
2451 905 2761 960 tributarios
2783 904 3006 970 faeiunt,
3021 920 3352 976 regnumque
3366 904 3645 960 Macedo-

2035 1014 2163 1052 num
2201 997 2400 1053 deﬁcit.
2428 996 2693 1068 Carthago
2719 1010 2968 1066 namque,
2994 1004 3056 1049 ut
3078 995 3434 1067 praemisimus
3452 1038 3469 1061 ,
3502 996 3639 1065 igni

2035 1091 2286 1160 ferroque
2307 1089 2545 1144 funditus
2565 1097 2649 1144 est
2670 1103 2879 1144 eversa.
2916 1087 3237 1151 Antiochus,
3279 1088 3416 1142 sicut
3452 1102 3639 1156 snpe-

2038 1179 2152 1234 rius
2188 1178 2551 1243 meminimus,
2582 1176 2837 1247 templum
2887 1177 3100 1231 Domini
3138 1176 3350 1246 polluit,
3377 1185 3430 1230 et
3460 1177 3517 1229 in
3550 1192 3638 1231 eo

2035 1267 2183 1325 J'ovis
2202 1268 2497 1340 Olympiaci
2528 1267 2875 1323 simulacrum
2921 1268 3119 1337 posuit.
3145 1267 3201 1320 in
3242 1266 3485 1321 Samaria
3520 1283 3641 1320 au-

2040 1367 2146 1414 tem
2171 1374 2333 1428 super
2358 1357 2617 1413 verticem
2644 1358 2841 1411 montis
2865 1355 3079 1421 Gaziri,
3104 1357 3195 1411 ubi
3224 1356 3478 1426 templum
3523 1355 3642 1443 Sg-

2038 1449 2293 1503 nabalath
2319 1447 2589 1518 quondam
2610 1446 2991 1512 mdilicaverat,
3018 1448 3086 1501 ad
3106 1447 3280 1501 instar
3308 1447 3641 1517 Hierosoly—

2038 1558 2270 1606 morum,
2300 1543 2353 1597 in
2396 1543 2614 1597 nomine
2645 1543 2838 1596 summi
2887 1543 2982 1598 Dei
3024 1542 3315 1598 delubrum
3342 1543 3493 1598 Iovis
3522 1544 3640 1598 Pe-

2040 1629 2179 1698 grini
2202 1627 2498 1682 Antiochus
2522 1628 2826 1684 consecrari
2856 1628 2911 1682 in
2954 1643 3021 1683 eo
3040 1626 3222 1696 jussit,
3254 1630 3384 1699 ipsis
3428 1630 3639 1684 Sama—

363 1728 640 1782 lanensem
664 1741 787 1781 eum
814 1723 981 1778 fuisse
1008 1722 1207 1787 ferunt,
1220 1722 1454 1792 primum
1482 1719 1640 1774 Ennii
1657 1717 1941 1773 contuber-
1968 1714 2232 1773 Britanis
2264 1727 2328 1772 ut
2348 1718 2401 1771 id
2421 1718 2624 1773 faceret
2641 1718 3005 1787 precantibus.
3033 1718 3188 1773 Nunc
3217 1735 3345 1774 vero
3364 1720 3455 1775 ubi
3483 1735 3636 1774 con-

364 1816 567 1880 nalem,
594 1824 649 1871 et
677 1831 817 1869 anno
846 1813 1092 1884 sequenti
1120 1822 1241 1884 post
1292 1810 1408 1880 ejus
1464 1819 1697 1865 mortem
1726 1816 1780 1863 et
1828 1808 1940 1878 ipse

364 1912 610 1958 mortuus
654 1911 758 1970 est,
790 1913 845 1958 et
894 1910 1016 1972 post
1072 1899 1376 1956 Ianiculum
1421 1899 1683 1969 sepultus.
1734 1897 1942 1953 Ennius

362 2011 493 2048 vero
518 2003 673 2064 pocla
699 1993 1095 2064 septuagesimo
1136 1993 1311 2046 aetatis
1338 2007 1448 2045 sua:
1477 2005 1636 2052 anno,
1667 1989 1943 2043 articulari

366 2085 552 2139 morbo
597 2084 791 2154 periit,
838 2084 1183 2153 sepultusque
1220 2090 1302 2136 est
1350 2082 1402 2135 in
1453 2079 1717 2151 Scipionis
1754 2096 1945 2133 monu-

376 2258 511 2272 μη...

2043 1806 2451 1862 taminationem
2481 1815 2644 1876 atque
2674 1808 3027 1862 vastationem
3051 1809 3241 1876 templi
3263 1813 3636 1873 ostendimus,

2047 1899 2261 1968 duoque
2309 1912 2475 1967 regna
2523 1899 2925 1969 potentissima,
2970 1898 3370 1955 Macedonicum
3412 1902 3643 1956 scilicet

2050 1998 2211 2058 atque
2255 1987 2697 2059 Ca‘rthaginensc,
2730 1988 3014 2053 defecisse,
3058 1988 3219 2044 linem
3253 1991 3418 2045 etiam
3461 1992 3640 2061 hujus

2049 2079 2336 2135 voluminis
2373 2080 2649 2149 imponere
2690 2079 3043 2135 decrevimus.

515 2261 3625 2289 W

1610 2413 1909 2489 LIBER
1985 2411 2401 2488 SEXTUS.

887 2644 1113 2703 CAPUT
1152 2645 1435 2702 PRIMUM.

371 2765 611 2839 (letaliter
669 2763 986 2839 Macetth
1009 2767 1249 2839 resistens
1300 2765 1542 2839 Antiochi
1589 2768 1779 2824 edicta.-
1817 2768 1956 2839 leges

441 2836 642 2909 patrias
673 2835 1040 2909 vindicqverit,
1067 2835 1272 2909 ludant
1305 2835 1489 2909 ducem
1527 2838 1717 2909 populo
1766 2835 1953 2909 pntife-

446 2904 595 2979 τεῆς,
622 2914 668 2979 et
694 2906 803 2974 ipse
846 2904 1019 2979 J‘udns
1048 2906 1305 2977 quomodo
1347 2905 1415 2959 ad
1452 2904 1804 2979 principatum
1856 2904 1948 2964 sa-

447 2975 662 3029 cerdotii
707 2976 1012 3044 pervenerit.

445 3103 646 3158 Eodem
672 3109 913 3171 tempore
935 3117 1040 3171 quo
1060 3104 1420 3159 Ptbolomaaus
1434 3104 1631 3161 Fiscon
1650 3106 1704 3159 in
1725 3106 1952 3162 Alexan-

374 3192 490 3246 dria
543 3191 825 3260 regnabat,
866 3191 1166 3247 Antiochus
1199 3207 1327 3247 vero
1353 3194 1646 3250 crudeliter
1684 3196 1955 3252 saeviendo

372 3283 588 3337 .ludaeos
624 3281 853 3337 diversis
884 3281 1150 3336 afﬁciebat
1186 3282 1363 3352 poenis
1405 3283 1504 3354 (uti
1529 3284 1589 3338 in
1629 3284 1953 3353 praecedenti

376 3373 513 3427 libro
574 3371 852 3428 succincte
904 3373 1446 3427 commemoravimus
1500 3374 1785 3445 sermone)
1836 3383 1956 3430 erat

378 3463 627 3518 habitans
652 3463 847 3534 aliquis
872 3463 925 3517 in
950 3462 1125 3517 Modin
1141 3463 1260 3519 vico
1280 3460 1477 3519 ludam
1503 3464 1790 3522 Matathias
1815 3466 1955 3523 ﬁlius

376 3552 622 3618 Joannis,
653 3554 907 3608 sacerdos
945 3554 1013 3608 ab
1058 3551 1487 3624 Ilierosolymitis
1512 3595 1527 3619 ,
1580 3556 1785 3612 habens
1817 3556 1955 3612 ﬁlios

378 3647 631 3715 quinque,
669 3660 897 3714 quorum
921 3645 1134 3699 nomina
1158 3653 1286 3699 sunt
1312 3646 1464 3700 haec:
1495 3644 1746 3708 Joannes,
1778 3649 1868 3717 qui
1901 3656 1954 3703 et

379 3737 611 3803 Gaddis;
654 3735 838 3793 Simon
874 3752 1021 3799 vero,
1057 3736 1148 3806 qui
1197 3736 1372 3791 dictus
1418 3744 1502 3791 est
1545 3737 1856 3803 llatathias;
1902 3748 1957 3795 ct

384 3828 573 3893 Jndas,
623 3828 717 3897 qui
776 3829 1071 3884 vocabatur
1118 3826 1487 3893 Machabaeus;
1542 3834 1597 3882 et
1646 3826 1954 3893 Eleazarus,

381 3919 471 3989 qui
521 3919 696 3974 dictus
727 3925 810 3973 est
842 3917 1098 3989 Apphus;
1150 3918 1454 3984 Abraham,
1487 3919 1578 3988 qui
1622 3927 1677 3973 et
1703 3916 1953 3974 Junatha.

378 4009 485 4069 Iste
512 4024 643 4081 ergo
691 4008 977 4065 Matathias
1010 4009 1299 4080 plangebat
1346 4012 1486 4081 apud
1536 4011 1676 4067 ﬁlios
1716 4012 1956 4080 rapinam

382 4100 639 4165 civitatis,
662 4106 719 4154 et
743 4099 925 4170 templi
951 4100 1269 4163 nuditatem,
1294 4115 1389 4156 seu
1410 4102 1742 4157 calamitates
1762 4102 1956 4173 plebis,

382 4191 642 4259 deputans
664 4188 857 4244 melius
890 4203 1010 4244 esse
1041 4204 1142 4259 pro
1164 4184 1356 4260 patriis
1382 4192 1519 4245 mori
1540 4189 1767 4262 legibus,
1798 4207 1956 4262 quam

383 4281 500 4335 sine
538 4280 705 4352 gloria
732 4280 934 4335 vivere.
965 4280 1316 4337 Venientibus
1343 4291 1521 4339 autem
1550 4282 1616 4338 ad
1645 4283 1824 4339 Modin
1852 4284 1957 4338 vil-

1976 3056 2024 3119 C

2052 2649 2381 2706 defensionis
2403 2657 2459 2703 et
2480 2647 2719 2720 pietatis.
2749 2646 2855 2703 Sed
2882 2663 3006 2704 cum
3027 2650 3127 2705 sibi
3150 2666 3459 2721 supremum
3483 2658 3633 2713 diem

2053 2741 2243 2796 adesse
2265 2739 2609 2809 intelligeret,
2626 2739 2830 2794 vocatis
2844 2739 3051 2794 civibus
3073 2750 3234 2811 atque
3252 2744 3636 2804 assistentibus

2052 2831 2257 2895 liberis,
2286 2831 2535 2887 hortatus
2560 2837 2644 2885 est
2664 2837 2724 2884 ut
2755 2838 3035 2885 tuerentur
3056 2833 3312 2901 patriam,
3338 2838 3636 2908 templique

2052 2922 2365 2993 religionem
2420 2922 2720 2992 ducemque
2745 2921 2935 2977 Judam
2978 2924 3341 2982 Machabmum
3378 2944 3527 2983 cura:
3567 2945 3636 2983 ac

2052 3012 2425 3068 sollicitudinis
2475 3026 2585 3067 suae
2632 3027 3001 3068 successorem
3046 3015 3284 3086 reliquit.
3338 3018 3441 3085 Qui
3490 3019 3639 3074 bello

2055 3110 2331 3170 strenuus,
2358 3103 2583 3159 consilio
2610 3105 2803 3169 bonus,
2836 3121 2899 3160 ac
2928 3122 3039 3176 prae
3063 3109 3272 3164 caeteris
3319 3110 3423 3166 ﬁde
3449 3127 3636 3181 prom-

2053 3200 2213 3261 ptus,
2266 3208 2429 3262 quam
2475 3192 2789 3262 frequenter
2818 3195 3128 3252 innumeras
3178 3199 3417 3254 hostium
3447 3203 3639 3270 copias

2052 3296 2222 3352 parva
2246 3299 2403 3337 manu
2436 3282 2669 3347 fuderit,
2699 3286 2950 3356 persequi
2975 3301 3087 3341 non
3115 3296 3200 3342 est
3224 3290 3513 3358 praesentis
3542 3304 3639 3344 ne—

2055 3373 2204 3445 gotii.
2240 3373 2341 3441 Qui
2370 3373 2726 3443 principatum
2752 3376 3038 3430 sacerdotii
3065 3386 3295 3448 prepter‘
3311 3380 3637 3435 excellentia

2055 3464 2250 3518 merita
2276 3465 2470 3535 populo
2514 3464 2613 3519 sibi
2639 3465 3043 3521 centradicente
3066 3467 3319 3535 obtinuit,
3350 3471 3635 3536 tribusque

2056 3555 2213 3610 annis
2240 3556 2613 3627 pontificatum
2644 3556 2817 3621 rexit;
2852 3565 2909 3613 et
2941 3557 3045 3612 hoc
3089 3558 3162 3612 ita
3197 3560 3444 3631 contigit.
3470 3561 3639 3618 Onias

2057 3645 2311 3715 princeps
2358 3645 2716 3708 sacerdotum,
2748 3646 2841 3716 qui
2889 3657 2945 3702 et
2992 3647 3266 3705 Menelaus
3319 3651 3635 3716 vocabatur,

2058 3736 2200 3792 [ilius
2228 3736 2489 3802 Simonis,
2514 3740 2605 3807 qui
2631 3738 2955 3794 Antiochum
2996 3741 3333 3811 Epiphanem
3377 3745 3637 3801 adversus

2055 3824 2268 3883 Judxeos
2303 3830 2655 3896 excitaverat,
2686 3839 2741 3885 et
2785 3847 2895 3887 sua:
2949 3832 3082 3905 legis
3111 3835 3359 3903 proditor
3415 3838 3626 3892 exstite-

2058 3927 2162 3980 rat,
2190 3918 2346 3974 sicuti
2377 3920 2738 3988 praemisimus
2773 3922 2826 3976 in
2869 3924 3193 3992 praecedenti
3220 3925 3382 3991 libro,
3412 3926 3480 3981 ab
3524 3926 3636 3983 An-

2058 4007 2233 4062 tiocho
2270 4007 2486 4078 juniore
2513 4011 2725 4065 occisus
2752 4020 2866 4077 est,
2892 4014 3249 4084 persuadente
3278 4015 3448 4072 Lazsia
3474 4025 3636 4087 atque

2058 4098 2272 4154 dicente
2301 4099 2446 4155 hunc
2478 4096 2649 4155 fuisse
2692 4100 2902 4156 initium
2941 4104 3225 4170 malorum,
3275 4105 3367 4175 qui
3411 4106 3635 4161 ﬂexerat

2058 4198 2265 4259 patrem
2307 4189 2451 4245 illius
2474 4204 2668 4261 cogere
2694 4189 2905 4245 Iudaeos
2942 4192 3255 4264 religionem
3286 4197 3516 4265 patriam
3547 4214 3632 4252 ne-

2058 4277 2324 4348 linquere,
2356 4287 2410 4333 et
2442 4279 2577 4349 ipse,
2609 4294 2733 4334 cum
2774 4280 3135 4351 principatum
3179 4282 3486 4349 obtineret,
3535 4285 3635 4339 im-

384 4370 491 4469 lnam
535 4385 568 4424 a
596 4383 723 4440 rege
761 4369 1026 4423 Antiocho
1078 4370 1312 4437 directis,
1343 4380 1405 4426 ut
1449 4382 1704 4443 cogerent
1745 4375 1957 4430 Judz‘eos
1983 4409 2035 4469 Β
2060 4365 2434 4469 pulitdudzco‘s
2475 4369 2720 4469 proprias
2765 4371 3067 4469 transgredi
3111 4371 3276 4443 leges.
3314 4372 3446 4428 Post
3480 4375 3635 4444 cujus

388 4457 567 4511 facere
596 4472 716 4525 quae
739 4464 1007 4525 prtecepta
1032 4465 1186 4510 erant
1210 4473 1241 4512 a
1267 4474 1416 4529 rege,
1442 4470 1496 4515 et
1512 4459 1825 4529 jubentibus
1850 4462 1959 4519 illic

385 4547 693 4600 constitutis
718 4548 1000 4601 immolare
1029 4546 1185 4603 idolis
1206 4588 1222 4615 ,
1267 4552 1567 4606 secundum
1596 4554 1736 4621 regis
1760 4552 1959 4621 iussio-

387 4651 529 4701 nem,
561 4646 616 4691 et
646 4638 879 4707 primum
909 4636 1244 4703 Matatbiam,
1287 4640 1379 4708 qui
1404 4640 1646 4695 doctrina
1686 4641 1771 4695 vel
1819 4641 1958 4697 fama

380 4722 571 4797 'glorizc
604 4727 840 4798 reliquos
856 4728 1113 4795 anteibat,
1144 4729 1236 4798 qui
1261 4743 1368 4783 non
1397 4728 1567 4784 solum
1597 4744 1657 4784 se
1696 4740 1960 4800 tempera-

390 4818 470 4871 vit
521 4834 550 4871 a
584 4818 885 4889 sacrilegio,
923 4819 1194 4889 regalique
1230 4820 1424 4886 edicto,
1451 4835 1635 4874 verum
1664 4821 1825 4876 etiam
1860 4823 1960 4877 im—

392 4908 685 4962 molantem
734 4908 1040 4963 simulacris
1085 4911 1289 4965 hostias
1344 4911 1411 4965 de
1452 4909 1799 4980 popularibus
1849 4913 1963 4968 suis

390 5005 601 5062 nactus,
630 4996 805 5067 gladio
830 4997 1303 5053 transverberavit.
1334 4998 1401 5053 Et
1442 5006 1760 5068 congregata
1798 5015 1959 5054 manu

391 5095 505 5156 ipse
533 5102 656 5142 cum
696 5086 825 5142 ﬁliis
869 5088 1004 5152 suis,
1038 5096 1363 5144 temerantes
1409 5103 1564 5144 usum
1610 5090 1874 5159 patrium,
1906 5100 1962 5145 et

383 5175 626 5242 justitias
656 5177 825 5247 legis,
856 5177 990 5232 alios
1019 5179 1251 5244 necavit,
1278 5179 1565 5249 plerosque
1606 5180 1828 5249 expulit,
1857 5181 1964 5235 uel-

393 5267 540 5336 lique
592 5268 818 5323 sabbato
845 5267 1122 5323 adoriendi
1171 5279 1362 5324 auctor
1386 5268 1505 5333 fuit,
1537 5285 1603 5325 ne
1649 5272 1811 5326 simili
1840 5280 1958 5327 arte

393 5354 495 5423 ipsi
517 5370 728 5425 quoque
766 5357 1164 5426 deciperentur,
1193 5358 1332 5412 sicut
1350 5358 1592 5428 plerique
1608 5357 1721 5427 jam
1747 5375 1956 5425 eorum,

397 5446 521 5501 dum
548 5448 771 5503 sabbato
836 5448 1033 5503 bellum
1074 5450 1345 5518 suscipere
1393 5450 1724 5516 detrectant,
1758 5452 1963 5506 irruen-

398 5538 539 5592 tibus
561 5538 616 5592 in
647 5551 768 5595 sese
804 5539 1046 5595 hostibus
1070 5539 1224 5593 multi
1257 5538 1579 5594 occubuere.
1612 5540 1680 5595 Et
1711 5526 1961 5611 perseve-l

400 5627 537 5680 ravit
562 5627 613 5683 in
643 5644 772 5683 vero
799 5645 970 5699 usque
1006 5631 1071 5685 ad
1100 5629 1301 5683 exitum
1327 5630 1469 5693 vitzc,
1488 5629 1689 5686 habens
1725 5633 1959 5688 studium

2060 4456 2337 4511 interitum
2391 4456 2660 4521 Acbimus,
2691 4458 2784 4528 qui
2810 4466 2865 4513 et
2887 4457 3157 4527 Joachim,
3183 4476 3247 4516 ex
3279 4460 3484 4518 familia
3512 4465 3629 4519 exi-

2060 4554 2207 4602 stens
2228 4546 2329 4601 alia
2360 4546 2483 4602 dolo
2501 4548 2862 4605 sacerdotium
2898 4550 3152 4616 obtinuit,
3188 4551 3259 4608 ob
3297 4568 3459 4622 quam
3499 4570 3629 4609 cau-

2060 4654 2177 4695 sam
2216 4639 2383 4695 Onias
2413 4638 2554 4694 ﬁlius
2583 4640 2841 4710 principis
2888 4641 3188 4697 sacerdotis
3237 4642 3389 4697 Orﬁte
3422 4644 3492 4699 de
3525 4659 3629 4713 quo

2060 4730 2423 4801 praediximus,
2474 4731 2618 4800 quod
2668 4731 2845 4786 adhuc
2877 4730 3137 4800 puerulus
3181 4730 3438 4786 defuncto
3478 4720 3628 4802 patre

2060 4827 2203 4874 esset
2234 4819 2472 4884 relictus,
2490 4818 2677 4875 videns
2703 4820 2851 4891 quod
2865 4827 3120 4889 patruum
3151 4835 3311 4875 suum
3334 4819 3625 4875 Menelaum

2062 4923 2156 4962 rex
2202 4908 2563 4965 interfecisset
2599 4919 2653 4963 et
2680 4910 3040 4981 principatum
3088 4911 3375 4967 sacerdotii
3408 4911 3629 4965 Acbimo

2061 4998 2316 5060 dedisset,
2348 5013 2453 5053 non
2482 4999 2736 5054 existenti
2764 5001 2830 5055 de
2873 5015 3071 5072 genere
3108 5001 3468 5060 sacerdotum,
3496 4999 3627 5069 fugit

2062 5090 2129 5144 ad
2154 5090 2538 5146 Ptbolomaaum
2562 5089 2802 5162 Egypti,
2828 5101 2883 5149 et
2902 5094 3161 5149 honorem
3185 5093 3384 5150 meruit
3407 5094 3476 5147 ab
3514 5092 3627 5161 ipso

2060 5190 2116 5237 et
2150 5198 2317 5238 uxore
2344 5183 2462 5252 ejus
2484 5182 2769 5253 Cleopatra
2800 5202 2814 5238 :
2847 5185 3133 5256 locumque
3156 5186 3290 5256 petit
3325 5186 3380 5241 in
3407 5186 3627 5255 regione

2062 5271 2453 5342 Heliopolitana
2476 5314 2490 5339 ,
2543 5273 2634 5353 ubi
2668 5273 2844 5330 simile
2876 5274 3372 5353 Hierosolme
3406 5274 3628 5329 aediﬁca-

2056 5362 2134 5416 vit
2161 5362 2435 5432 templum.
2463 5351 2707 5419 Joachim
2741 5379 2869 5420 vero
2895 5372 3015 5434 post
3050 5363 3219 5418 multa
3270 5379 3393 5435 qua
3446 5370 3626 5418 contra

2057 5452 2201 5522 leges
2245 5455 2300 5507 in
2346 5468 2472 5509 suos
2495 5463 2681 5525 egerat
2703 5456 2869 5523 cives,
2906 5456 3092 5511 nolens
3122 5456 3392 5525 deponere
3417 5471 3626 5511 murum

2057 5543 2350 5598 sanctuarii
2378 5552 2638 5609 veterem,
2663 5555 2719 5601 et
2740 5555 3111 5603 constructum
3133 5546 3203 5602 ab
3229 5547 3475 5616 antiquis
3500 5561 3622 5617 pro-

2059 5634 2256 5708 phetis,
2296 5633 2450 5704 plaga
2482 5635 2699 5708 quidem
2743 5637 2839 5693 Dei
2886 5638 3161 5708 repentina
3189 5652 3481 5709 percussus
3518 5641 3619 5695 est.
