3964 6172
319 279 458 336 ωδε

1413 280 1822 338 CHHO'NICON.
1857 312 1926 323 -—
1963 282 2134 338 ’1οω
2167 283 2193 337 1³
2221 283 2347 338 ΗΒ.
2390 284 2475 339 Vl.

3445 290 3578 347 i054

314 408 380 446 ex
405 407 510 461 qua
536 399 715 444 mutus
742 390 798 445 in
821 398 1033 457 terram
1050 390 1262 457 cecidit,
1290 401 1345 448 et
1376 399 1548 449 tortus
1576 408 1675 464 per
1703 360 1900 449 multos
1924 397 1975 457 Α
2001 403 2142 450 rent.
2170 396 2395 464 Cognita
2420 404 2599 452 auum
2623 410 2754 452 nece
2782 411 2909 467 (μεθ
2931 399 3242 468 parabatur,
3264 401 3578 460 adolescens

313 485 432 538 dies
458 482 855 538 detestabiliter
873 484 1186 555 exspiravit,
1216 484 1577 555 principatum
1607 487 1897 542 sacerdotii

312 585 505 630 tenens
547 573 701 628 annis
742 581 993 643 quatuor.
1032 573 1158 640 Quo
1197 574 1483 640 defuncto,
1532 577 1897 632 sacerdotium

261 696 270 705 -
312 667 542 737 populus
565 662 716 719 Judae
739 663 1086 718 contradldit.
1114 664 1163 718 ls
1189 679 1423 734 namque
1447 663 1615 720 ludas
1639 665 1894 735 templum

310 762 381 815 ab
429 758 695 813 Antiocho
750 758 1081 813 destructum
1132 759 1384 813 nobiliter
1432 760 1730 823 renovavit,
1767 769 1822 813 et
1861 774 1894 813 a

309 851 563 906 sordibus
612 848 876 902 idolorum
943 848 1257 913 mandavit,
1307 849 1457 918 quod
1512 850 1670 904 armis
1720 849 1895 905 tribus

308 940 574 1010 pollutum
616 937 792 994 fuerat
819 948 985 1009 atque
1026 939 1341 1005 desolatam,
1392 955 1499 1010 pro
1545 941 1892 995 renovatione

308 1031 500 1102 templi
538 1030 710 1087 Deum
763 1030 1012 1086 laudibus
1041 1040 1097 1086 et
1142 1030 1361 1101 psalmis
1407 1032 1720 1102 glorificans
1767 1047 1889 1087 cum

307 1122 424 1177 suis
452 1121 662 1176 civibus
689 1120 957 1176 sacrificia
984 1136 1083 1191 per
1112 1120 1229 1175 dies
1270 1130 1393 1176 octo
1434 1122 1750 1181 celebravit.
1776 1124 1890 1178 Au-

306 1214 466 1270 diens
510 1213 679 1268 etiam
732 1213 1099 1269 Romanorum
1147 1214 1421 1276 virtutem,
1452 1230 1578 1271 eum
1627 1216 1707 1271 eis
1760 1216 1893 1271 ami~

307 1307 472 1361 citias
520 1304 841 1369 fmderavit,
892 1312 1054 1375 atque
1090 1305 1429 1360 societatem.
1489 1304 1713 1361 Domum
1767 1312 1893 1376 post

308 1398 483 1452 multa
531 1396 715 1466 praelia
760 1395 997 1452 feliciter
1027 1404 1177 1468 gesta
1211 1405 1404 1453 contra
1441 1398 1765 1454 Bacchidem
1811 1398 1892 1453 di-

305 1488 537 1553 micans,
577 1503 609 1541 a
634 1486 798 1542 sociis
839 1485 1135 1542 destitutus
1154 1487 1410 1558 propriis,
1444 1488 1666 1543 minime
1702 1486 1889 1558 fugere

302 1579 491 1635 volens
512 1620 528 1645 ,
581 1580 975 1649 circumseptus
1026 1581 1097 1635 ab
1152 1581 1399 1637 hostibus
1439 1581 1636 1636 multos
1682 1582 1890 1637 interli-

302 1671 453 1726 ciens
481 1671 935 1736 adversariorum,
965 1680 1022 1726 et
1046 1672 1163 1741 ipse
1190 1688 1480 1743 percussus
1512 1674 1749 1729 interiit-

932 1820 1159 1877 CAPUT
1186 1823 1248 1877 ll.

303 1929 572 2004 Regnarue
618 1927 940 2004 Rtltolonueo
981 1930 1243 2002 Evergcte,
1299 1932 1483 2004 Simon
1526 1946 1641 2004 post
1688 1938 1887 1992 obitum

477 1999 722 2055 lauat/ur.
751 2003 1101 2072 principatum
1116 1999 1408 2057 sacerdotii
1435 1999 1671 2075 adeptus.

374 2132 753 2198 Ptbolomzeus,
785 2134 874 2203 qui
901 2142 957 2188 et
982 2134 1295 2205 Evergetes,
1327 2136 1488 2191 annis
1510 2137 1600 2192 29.
1628 2137 1673 2192 A
1702 2139 1889 2193 retudi-

299 2223 554 2278 fteatione
599 2225 782 2293 templi
823 2224 927 2279 366
964 2235 1084 2280 erat
1125 2241 1318 2282 annus.
1357 2227 1609 2284 Pontifex
1637 2245 1769 2286 vero
1794 2229 1887 2285 iu»-

298 2317 540 2370 dznorum
582 2314 834 2381 Ionatha,
862 2317 954 2387 qui
984 2326 1107 2387 post
1157 2318 1342 2375 fratris
1371 2317 1520 2375 Judte
1553 2337 1745 2377 necem
1768 2339 1889 2379 suo-

298 2414 561 2471 cesserat,
584 2420 691 2461 non
727 2407 910 2463 minus
944 2409 1164 2464 virtutis
1204 2409 1556 2466 similitudine
1595 2428 1695 2482 par
1722 2428 1891 2482 quam

297 2505 494 2551 natura
523 2498 916 2568 germanitatis.
943 2498 1047 2565 Qui
1068 2509 1197 2570 post
1218 2500 1385 2555 multa
1408 2501 1465 2555 in
1490 2502 1698 2558 bellicis
1724 2504 1887 2559 rebus

297 2601 487 2657 opera,
514 2593 573 2641 et
597 2588 772 2643 sacris
808 2586 983 2644 oﬂieia
1013 2606 1138 2660 quae
1159 2591 1307 2648 circa
1336 2592 1522 2662 templi
1552 2593 1887 2663 puriﬁcatio-

298 2694 423 2735 nem
454 2689 694 2751 spectata
726 2697 791 2738 ac
834 2684 1059 2754 probata
1094 2693 1243 2750 sunt,
1274 2702 1428 2741 suam
1459 2702 1675 2758 quoque
1698 2697 1886 2758 poten-

296 2772 431 2825 tiam
481 2772 849 2828 Romanorum
902 2776 1138 2831 amicitia
1182 2777 1574 2833 corroboravit.
1626 2778 1884 2836 Antiochi

295 2863 512 2933 quidem
560 2864 668 2920 lilio
726 2867 1109 2922 reconciliatur
1134 2908 1149 2932 ,
1200 2884 1314 2923 non
1361 2877 1544 2924 tamen
1592 2870 1789 2924 horum
1832 2871 1884 2925 ei

294 2953 594 3024 quidquam
622 2954 822 3024 profuit
851 2956 919 3011 ad
940 2956 1241 3026 periculum
1272 2959 1607 3013 evitandum:
1639 2957 1885 3030 Namque

294 3047 553 3118 Tryphon
579 3055 862 3118 tyrannus,
890 3048 1139 3104 Antiochi
1165 3050 1383 3119 quidem
1422 3051 1519 3105 ﬁlii
1546 3059 1726 3118 tutor,
1754 3053 1885 3108 insi-

1997 483 2052 538 in
2097 483 2373 540 civitatem
2415 486 2772 556 properabat,
2800 488 3089 558 multisque
3135 490 3347 560 populis
3384 490 3576 557 fretus,

1995 583 2049 631 et
2074 584 2295 647 propter
2319 576 2637 632 memoriam
2669 577 2922 634 fraterna:
2950 580 3195 643 virtutis,
3217 591 3273 636 et
3299 583 3445 652 quod
3472 584 3578 638 ini-

1993 669 2175 739 quitas
2210 669 2527 725 Ptholommi
2555 670 2768 725 cunctis
2783 679 2934 726 esset
2959 672 3150 727 invisa.
3186 671 3374 729 Voluit
3397 683 3579 731 autem

1992 760 2155 814 etiam
2186 760 2549 816 Ptholomaeus
2580 760 2686 815 alia
2729 769 2885 831 porta
2926 762 3201 817 civitatem
3228 764 3456 833 ingredi,
3481 766 3578 821 sed

1994 868 2024 906 a
2081 852 2277 922 populo
2325 851 2558 921 reiectus
2606 861 2692 907 est
2755 867 2917 922 quam
2969 854 3239 909 maturius
3285 855 3577 911 Hircanum

1993 951 2327 1013 susceperat.
2370 942 2438 997 Et
2473 943 2520 998 is
2555 943 2774 1012 quidem
2813 943 2995 998 statim
3025 944 3251 999 recessit
3277 945 3332 999 in
3360 945 3578 1016 aliquod

1991 1032 2133 1085 ultra
2173 1030 2486 1086 Hierieunta
2541 1031 2823 1087 castellum
2848 1072 2863 1099 ,
2908 1034 3051 1102 quod
3098 1033 3287 1104 Dagon
3327 1044 3574 1091 vocatur.

1992 1119 2258 1177 llircanus
2285 1129 2465 1175 autem
2486 1130 2771 1191 paternum
2798 1122 3065 1179 honorem.
3081 1123 3427 1195 pontiﬁcatus
3451 1141 3576 1181 mox

1992 1217 2279 1265 assecutus
2304 1219 2407 1266 εει.

2585 1301 2815 1358 CAPUT
2865 1302 2950 1357 lli.

1990 1407 2369 1488 Decrersione
2401 1409 2527 1488 [μή
2543 1412 2967 1488 opulentissima:
2981 1414 3245 1488 civitatis,
3268 1425 3317 1469 et
3352 1418 3579 1488 quatiter

2062 1480 2263 1558 delicia
2282 1497 2374 1550 per
2395 1480 2663 1558 Metellum
2683 1484 2950 1558 consulem
2968 1482 3217 1558 Romanis
3232 1480 3309 1540 sit
3323 1480 3575 1558 subjecta.

2064 1549 2289 1614 Quibus
2340 1550 2655 1620 temporibus
2683 1594 2697 1617 ,
2781 1553 3086 1621 Androgeus
3154 1555 3336 1610 Romae
3389 1549 3526 1612 uisus
3557 1599 3575 1621 ,

2132 1620 2198 1692 od
2248 1630 2544 1692 portentum
2586 1622 2762 1691 ingens
2812 1620 3105 1692 pestilentia
3156 1626 3431 1680 subsecuta
3476 1620 3571 1681 est.

2116 1690 2487 1761 iriatusgtiam
2538 1692 2617 1745 vir
2648 1690 2967 1761 pastoralis,
3010 1692 3316 1757 Lusitanus,
3358 1697 3575 1751 diversis

1914 1748 1963 1809 B
2058 1761 2256 1832 prmiiis
2305 1759 2576 1814 Romanos
2612 1748 2733 1815 vicit
2765 1771 2815 1815 et
2850 1748 3073 1832 fugavit.
3129 1748 3575 1823 Demuiussuis

2059 1831 2362 1900 interfectus
2384 1838 2482 1884 est.

2062 1940 2183 2009 Quo
2207 1942 2373 1997 etiam
2421 1952 2663 2015 tempore
2694 1946 2903 2000 ruinam
2947 1946 3297 2020 Carthaginis
3330 1951 3579 2008 Corinthi

1988 2032 2202 2088 eversio
2245 2035 2534 2090 subsecuta
2565 2046 2670 2101 est,
2698 2038 3034 2108 duarumque
3078 2040 3581 2110 potentissimarum

1987 2125 2205 2180 urbium
2246 2142 2415 2197 parvo
2445 2128 2604 2184 unius
2630 2131 2890 2200 temporis
2936 2132 3240 2201 intervailo,
3267 2149 3366 2204 per
3397 2136 3576 2192 diver-

1988 2232 2079 2272 sas
2124 2219 2310 2273 mundi
2361 2227 2565 2289 partes,
2600 2220 2911 2276 miserabile
2962 2223 3186 2279 colluxit
3242 2225 3572 2281 incendium.

1988 2309 2129 2364 Nam
2147 2326 2269 2365 cum
2313 2310 2561 2366 Meteilus
2584 2322 2787 2380 praetor
2810 2312 3065 2380 Achaeos,
3096 2316 3420 2385 Boetiosque
3447 2333 3577 2372 con-

1979 2402 2197 2472 junctos
2232 2403 2443 2458 duobus
2473 2403 2656 2468 beilis,
2683 2404 2788 2460 hoe
2831 2415 2916 2461 est
2961 2408 3195 2477 primum
3240 2410 3385 2479 apud
3410 2410 3580 2465 Ther-

1984 2492 2235 2562 mopilas,
2269 2494 2464 2548 iterum
2494 2495 2554 2549 in
2581 2494 2716 2550 focis
2762 2497 3072 2564 devicisset,
3120 2514 3352 2569 quorum
3395 2500 3578 2570 priore

1983 2582 2126 2637 bello
2179 2583 2362 2638 occiso
2388 2598 2509 2639 esse
2555 2584 2777 2649 20,000,
2815 2588 3050 2643 secundo
3084 2588 3225 2644 7000
3252 2604 3394 2645 caesa
3438 2590 3555 2647 refe
3593 2634 3610 2645 .

1983 2680 2209 2738 runtur;
2240 2674 2405 2743 igitur
2422 2683 2547 2745 post
2574 2676 2843 2730 exstincta
2872 2677 3039 2732 totius
3064 2677 3282 2735 Achaiae
3302 2681 3572 2750 praesidia,

1984 2765 2365 2823 destitutarum
2416 2770 2754 2824 eversionem
2809 2770 3025 2825 urbium
3079 2771 3294 2828 Metello
3344 2780 3577 2842 praetore

1983 2856 2301 2922 meditante,
2343 2857 2531 2913 consul
2562 2857 2788 2913 Numius
2829 2861 3140 2929 repentinus
3184 2862 3252 2916 ad
3282 2877 3409 2916 eum
3452 2878 3573 2919 cum

1982 2948 2171 3017 paucis
2199 2947 2346 3003 venit
2374 2948 2433 3003 in
2456 2956 2637 3003 castra
2659 2966 2673 3003 :
2697 2949 2809 3018 qui,
2842 2936 3075 3005 demisso
3104 2952 3286 3006 statim
3332 2951 3567 3019 Metello,

1986 3042 2307 3098 Corinthum
2354 3043 2471 3098 sine
2501 3058 2651 3099 mora
2682 3043 3026 3114 expugnavit,
3082 3045 3270 3099 urbem
3302 3052 3416 3099 toto
3448 3053 3576 3099 tunc

295 3105 550 3193 diiseum
572 3105 800 3209 captans
819 3105 916 3205 ,'et
940 3149 1166 3209 propter
1182 3105 1306 3196 Ihoc
1334 3142 1528 3197 amicis
1552 3105 1759 3198 nudare
1790 3158 1886 3198 cu-
1911 3105 1959 3169 C
1988 3137 2119 3191 orbe
2145 3136 2302 3205 longe
2330 3134 2571 3190 omnium
2597 3135 3087 3205 opulentissimam,
3109 3133 3310 3205 quippe
3338 3150 3459 3205 qua:
3487 3152 3575 3191 ve-

296 3228 473 3298 piens,
493 3227 763 3284 Jonathan
791 3245 912 3285 cum
944 3230 1011 3285 ad
1031 3230 1359 3287 Antiochum
1384 3233 1573 3302 paucis
1597 3233 1886 3291 comitatus

294 3317 721 3373 Ptholemaidem
770 3320 1031 3384 venisset,
1058 3320 1180 3376 dolo
1224 3323 1668 3391 comprehendit;
1713 3338 1889 3393 eoque

294 3410 498 3471 vincto,
530 3417 719 3464 contra
752 3408 992 3466 Judmam
1035 3411 1204 3466 movit
1246 3414 1564 3468 exercitum.
1615 3414 1769 3470 Unde
1797 3431 1887 3471 re-

294 3500 486 3570 pulsus
529 3515 559 3555 a
602 3499 826 3557 Simone
870 3499 1118 3556 Jonathaa
1167 3501 1368 3567 fratre,
1401 3502 1654 3575 quodque
1705 3505 1773 3559 ab
1820 3521 1886 3561 eo

295 3599 584 3661 superatus
607 3599 771 3656 esset,
800 3592 973 3647 iratus
999 3600 1126 3648 tunc
1149 3594 1405 3648 eumdem
1426 3591 1695 3649 Jonathan
1722 3595 1888 3651 inter-

296 3681 445 3736 fecit.
484 3680 670 3737 Simon
704 3690 886 3737 autem
914 3682 1128 3739 fortiter
1162 3683 1410 3754 regendis
1433 3685 1595 3740 rebus
1624 3685 1885 3751 intentus,

297 3787 407 3825 non
453 3771 624 3837 rudis,
661 3772 757 3828 sed
795 3773 960 3828 etiam
1005 3774 1269 3843 probatus
1312 3773 1566 3830 fraternae
1610 3776 1888 3832 societatis

299 3864 621 3933 triumphis,
646 3865 856 3920 utinam
884 3876 941 3922 et
965 3867 1079 3937 ipse
1110 3876 1222 3923 tam
1252 3868 1539 3939 perspicax
1568 3871 1635 3925 ad
1668 3869 1888 3927 fraudes

295 3955 569 4010 cavendas
612 3971 776 4026 quam
821 3973 985 4013 manu
1023 3959 1263 4026 validus,
1293 3960 1632 4032 beliandique
1677 3965 1888 4020 actibus

296 4045 434 4101 satis
478 4050 785 4116 spectatus!
829 4050 1083 4119 equidem
1125 4050 1326 4107 Gazam
1351 4061 1407 4108 ct
1432 4052 1659 4126 Joppem
1703 4064 1761 4111 et
1798 4056 1886 4111 Ja-

295 4134 448 4190 niam
500 4137 643 4207 cepit
681 4145 738 4194 et
783 4139 996 4203 evertit,
1025 4140 1286 4196 adversus
1335 4141 1498 4195 etiam
1555 4142 1885 4213 Triphonem

294 4225 568 4283 Antiocho
609 4228 870 4283 auxilium
920 4231 1182 4300 praebuit,
1232 4231 1326 4286 sed
1381 4232 1529 4303 regis
1570 4233 1884 4290 aviditatem

297 4318 503 4373 satiare
548 4334 657 4373 non
695 4321 890 4390 potuit,
939 4320 1188 4391 quamvis
1234 4321 1355 4376 neci
1393 4322 1686 4393 Tripbonis
1731 4341 1884 4381 suam

297 4423 518 4510 quoque
560 4424 783 4510 operam
817 4411 1169 4477 adhibuisset,
1196 4428 1301 4467 non
1348 4414 1519 4469 multo
1561 4415 1727 4470 etiam
1761 4425 1885 4486 post
1911 4450 1962 4510 Β

300 4500 602 4557 Antiochus
624 4502 966 4560 Cendebeum
990 4520 1060 4560 ex
1085 4506 1309 4561 ducibus
1337 4507 1451 4561 suis
1475 4507 1547 4562 ad
1564 4510 1880 4563 vastanchm

298 4592 542 4649 Judaeum
598 4594 1117 4665 opprimendamque
1157 4597 1385 4652 servitio
1437 4597 1713 4653 Simonem
1760 4612 1885 4653 cum

298 4686 543 4742 exercitu
584 4686 751 4742 misit.
780 4686 877 4742 Ille
914 4695 1116 4754 autem,
1140 4704 1447 4759 quanquam
1493 4690 1677 4745 senior
1718 4699 1882 4754 esset,

300 4774 505 4829 bellum
547 4783 726 4832 tamen
758 4776 1072 4846 iuveniliter
1114 4779 1479 4844 administrat,
1500 4789 1555 4836 et
1602 4780 1743 4837 filios
1769 4782 1890 4853 qui-

302 4864 429 4919 dem
474 4880 640 4932 suos,
664 4881 787 4922 eum
830 4868 1173 4925 validissimis
1212 4861 1488 4939 prtemittit
1533 4870 1694 4938 viris,
1730 4880 1886 4940 parte

304 4972 438 5013 vero
459 4957 818 5015 multitudinis
847 4961 1157 5025 comitatus,
1189 4961 1296 5015 alio
1337 4960 1507 5016 latere
1549 4961 1881 5033 aggreditur,

306 5047 598 5117 multisque
620 5063 720 5120 per
746 5049 915 5103 multa
944 5048 1061 5103 loca
1104 5049 1313 5104 insidiis
1349 5049 1515 5104 etiam
1542 5051 1598 5105 in
1628 5058 1887 5105 montana

303 5137 602 5207 dispositis,
624 5138 679 5193 in
699 5137 953 5194 omnibus
976 5146 1212 5207 superat,
1247 5138 1656 5209 clarissimaque
1681 5138 1886 5208 potitus

304 5227 555 5293 victoria,
582 5228 825 5299 pontifex
871 5228 1198 5293 declaratur,
1227 5237 1283 5284 et
1308 5238 1430 5299 post
1455 5230 1558 5285 170
1585 5243 1758 5285 annos
1792 5228 1884 5285 Ju-

304 5317 455 5373 dteos
483 5317 677 5373 liberat
701 5318 731 5373 a'
759 5319 1125 5374 dominatione
1156 5318 1526 5374 Macedonum.
1558 5319 1625 5374 Et
1662 5320 1752 5374 hic
1793 5336 1889 5374 au-

308 5417 419 5463 tem
447 5411 678 5464 moritur
704 5409 760 5464 in
789 5409 1051 5472 convivio,
1095 5418 1285 5478 captus
1321 5408 1533 5463 insidiis
1573 5407 1886 5464 Ptbolomaai

307 5502 493 5572 generi
545 5502 650 5558 sui.
705 5501 805 5570 Qui
855 5504 970 5574 ejus
1021 5500 1250 5572 conjuge
1295 5500 1609 5570 duobusque
1658 5500 1782 5556 filiis
1833 5502 1886 5556 in

308 5592 612 5648 custodiam
653 5593 942 5657 conclusis,
972 5602 1152 5649 certos
1178 5591 1326 5647 misit
1366 5591 1602 5657 nuntios,
1638 5600 1697 5646 ut
1721 5590 1886 5647 Joan-

310 5694 434 5739 nem
463 5681 555 5751 ω,
577 5684 667 5740 cui
709 5684 872 5739 etiam
916 5684 1180 5741 Hircanus
1218 5683 1319 5740 fuit
1365 5698 1587 5752 nomen,
1615 5683 1886 5742 interﬁce-

1984 3224 2065 3279 lut
2107 3224 2318 3280 oﬂicina
2364 3226 2605 3281 omnium
2635 3225 2943 3291 artiﬁcum,
2968 3233 3132 3296 atque
3177 3225 3486 3288 artificiosa,
3519 3238 3577 3281 et

1985 3315 2287 3384 emporium
2322 3329 2610 3369 commune
2636 3313 2777 3369 Asis
2801 3322 2964 3385 atque
2992 3314 3220 3385 Euromo
3250 3324 3374 3384 post
3404 3315 3575 3370 multa

1986 3413 2132 3459 retro
2162 3404 2358 3461 saecula
2385 3404 2505 3459 fuit.
2534 3404 2806 3460 Permissa
2836 3404 3130 3459 crudeliter
3157 3405 3318 3459 etiam
3348 3405 3575 3475 captivis

1986 3496 2260 3565 prmdandi
2304 3495 2540 3558 licentia,
2578 3496 2658 3550 sic
2707 3495 2892 3551 omnia
2939 3496 3214 3559 caedibus,
3251 3496 3574 3567 ignibusque

1987 3588 2252 3658 completa
2282 3595 2427 3652 sunt,
2459 3597 2518 3641 ut
2558 3587 2624 3642 de
2654 3601 2934 3641 murorum
2967 3584 3204 3651 ambitu,
3238 3586 3391 3655 quasi
3421 3601 3451 3639 c
3481 3601 3573 3640 ca-

1987 3679 2134 3732 mino
2164 3679 2217 3734 in
2251 3693 2419 3732 unum
2444 3676 2648 3748 apicem
2675 3683 3034 3739 coarctatum,
3062 3675 3363 3730 exundaret
3389 3675 3574 3730 incen-

1987 3772 2155 3826 dium.
2192 3771 2375 3841 Itaque
2399 3770 2631 3841 plurima
2669 3777 2823 3840 parte
2852 3769 3031 3839 populi
3064 3768 3210 3824 ferro
3230 3767 3570 3838 flammisque

1986 3870 2324 3932 consumpta,
2359 3859 2569 3929 reliqua
2613 3860 2714 3915 sub
2764 3874 2963 3914 corona
3008 3858 3224 3913 vendita
3272 3865 3375 3913 est.
3430 3857 3574 3913 Urbe

1987 3955 2228 4016 incensa,
2255 3953 2398 4008 muri
2441 3951 2687 4007 funditus
2715 3951 2878 4006 diruti
2907 3960 3055 4015 sunt,
3084 3949 3309 4005 muralis
3352 3949 3489 4020 lapis
3516 3951 3571 4006 in

1983 4044 2262 4116 pulverem
2301 4044 2582 4106 redactus,
2611 4042 2792 4114 prasda
2839 4041 3030 4112 ingens
3062 4048 3245 4110 erepta
3291 4049 3400 4101 est,
3441 4054 3574 4095 sane

1985 4152 2108 4192 cum
2152 4142 2376 4206 propter
2408 4133 2808 4190 multitudinem
2836 4140 2892 4188 et
2918 4133 3240 4211 varietatem
3265 4140 3570 4187 statuarum

1983 4226 2506 4296 simulacrorumque
2531 4226 2584 4279 in
2619 4224 2712 4279 illo
2738 4223 2976 4279 civitatis
3002 4223 3248 4278 incendio
3287 4222 3566 4294 permista,

1984 4318 2039 4373 in
2069 4334 2231 4372 unum
2279 4318 2422 4383 auri,
2448 4317 2657 4387 argenti
2704 4324 2868 4385 atque
2904 4315 3048 4380 atris,
3086 4315 3375 4384 omniaque
3409 4314 3572 4371 simul

1987 4408 2203 4465 metalla
2232 4406 2532 4473 duxissent,
2578 4421 2778 4461 novum
2807 4420 2976 4475 genus
3005 4404 3207 4461 metalli
3234 4403 3435 4459 factum
3463 4414 3570 4460 est.

1988 4499 2142 4557 Unde
2177 4514 2350 4568 usque
2380 4498 2434 4553 in
2463 4496 2786 4552 hodiernum
2816 4496 2959 4551 diem
2980 4536 2995 4562 ,
3025 4495 3138 4551 sive
3176 4510 3243 4550 ex
3284 4495 3425 4566 ipso,
3456 4495 3571 4550 sive

1986 4606 2053 4646 ex
2093 4590 2398 4645 imitatione
2424 4587 2562 4657 ejus,
2603 4604 2677 4643 :cs
2722 4586 3081 4652 Corinthium,
3113 4587 3254 4643 sicut
3292 4586 3571 4642 memoria:

1988 4680 2244 4735 traditum
2292 4686 2417 4746 est,
2460 4687 2518 4734 et
2558 4676 2839 4733 Corinthia
2883 4692 3011 4732 vasa
3058 4677 3327 4733 dicuntur.
3373 4676 3569 4731 Iisdem

1986 4771 2300 4826 consulibus
2343 4769 2585 4826 Viriatus
2626 4768 2682 4821 in
2714 4766 2974 4837 Hispania
3010 4781 3209 4836 genere
3251 4764 3564 4828 Lusitanus,

1988 4864 2149 4918 homo
2190 4859 2479 4932 pastoralis
2515 4867 2573 4913 et
2622 4857 2763 4911 latro
2805 4856 3039 4925 primum
3081 4854 3382 4910 infestando
3424 4854 3566 4920 vias,

1990 4954 2184 5009 deinde
2201 4951 2461 5007 vastando
2476 4948 2800 5019 provincias,
2833 4954 3107 5016 postremo
3129 4946 3403 5001 exercitus
3424 4959 3566 5013 pra:-

1989 5051 2165 5099 torum
2192 5050 2248 5097 et
2273 5040 2639 5095 Romanorum
2670 5037 2949 5093 consulum
2994 5034 3281 5100 vincendo,
3310 5033 3563 5105 fuganda,

1990 5133 2318 5205 subigendo,
2347 5131 2584 5186 maximo
2618 5128 2815 5184 terrori
2857 5127 3116 5183 Romanis
3156 5126 3405 5181 omnibus
3440 5124 3561 5180 fuit.

1992 5226 2092 5292 Qui
2115 5232 2402 5295 praetorem
2424 5221 2696 5279 Vitellium
2722 5220 2862 5276 bello
2887 5219 3183 5290 superavit,
3198 5218 3390 5274 deinde
3405 5218 3567 5273 Plau-

1994 5316 2123 5369 lium
2148 5322 2452 5384 praetorem,
2468 5312 2611 5368 idem
2637 5311 2877 5366 Viriatus
2900 5309 3085 5365 multis
3104 5308 3305 5379 praeliis
3330 5308 3563 5364 fractum

1992 5402 2217 5473 fugavit.
2239 5403 2372 5458 Post
2388 5401 2552 5457 etiam
2570 5400 2833 5457 Claudius
2847 5416 2970 5455 cum
2990 5415 3188 5472 magno
3201 5411 3414 5458 structu
3435 5401 3567 5458 belli

1990 5491 2458 5549 contraViriatum
2478 5490 2855 5561 missus,qeasi
2878 5506 2981 5561 pro
2994 5490 3262 5549 abolenda
3280 5494 3566 5563 superiore

1989 5588 2223 5653 macula,
2250 5587 2545 5658 turpiorem
2572 5588 2687 5657 ipsc
2735 5588 2884 5643 auxit
2928 5587 3225 5645 infamiam.
3256 5590 3391 5648 Nam
3433 5606 3566 5648 con-

1990 5697 2207 5754 gressus
2234 5696 2357 5737 cum
2386 5679 2619 5750 Vit-iatn,
2637 5682 2922 5739 universas
2948 5697 3082 5755 quas
3111 5700 3295 5741 secum
3333 5686 3557 5745 duxerat
