3964 6172
304 324 325 376 1
337 319 442 376 055

1327 300 1719 359 FRECULPHI
1750 297 2206 355 LEXOVIENSIS
2232 296 2539 353 EPISCOPI

3442 297 3580 353 1036

301 435 486 505 copias
509 429 881 496 maximasque
923 422 1066 478 vires
1099 418 1329 474 Romani
1377 416 1558 471 amisit
1589 413 1885 475 exercitus.
1915 417 1961 476 Α
1989 410 2226 505 piarum,
2257 407 2626 479 magnitudine
2647 406 2846 505 virium
2872 404 3080 505 fuitiut
3100 422 3210 505 non
3241 408 3420 505 dicam
3446 426 3587 505 pra:-

306 525 543 581 Viriatns
572 521 806 580 trabeas,
832 515 1026 577 fasces,
1054 520 1359 580 czeteraque
1399 506 1627 576 insignia
1649 506 1891 559 Romana

304 616 359 670 in
391 612 666 669 montibus
684 608 798 663 suis
823 616 1027 676 tr0paaa
1051 599 1303 673 praefixit.
1330 598 1448 666 Quo
1465 597 1629 652 etiam
1652 604 1893 663 tempore

310 706 617 775 androgeus
697 699 885 753 Roma:
920 694 1094 757 visus,
1118 691 1276 762 jussu
1318 687 1628 756 aruspicum
1658 685 1714 738 in
1741 697 1893 775 mare

308 773 523 850 mersus
543 798 649 846 est.
676 788 849 856 Quam
877 784 1199 852 sacrilegam
1217 777 1583 850 expiationem
1607 782 1757 829 tanta
1778 773 1896 827 lues

304 886 586 943 hominum
635 882 921 937 subsecuta
960 883 1065 939 est,
1108 882 1170 934 ut
1214 885 1422 941 magna:
1468 868 1660 922 domus
1710 878 1897 919 vacua:

308 977 466 1039 vivis,
491 973 664 1044 plenae
697 967 924 1023 mortuis
968 966 1335 1019 remanerent.
1363 953 1739 1025 Deniquejam
1788 967 1895 1044 non

308 1041 507 1121 solumi
530 1063 586 1117 in
636 1061 769 1114 urbe
799 1056 1046 1119 vivendi,
1090 1052 1185 1107 sed
1232 1058 1397 1104 etiam
1430 1041 1894 1117 appropinquandi

308 1155 607 1224 negabatur
633 1147 889 1218 facultas,
922 1149 1145 1215 propter
1188 1153 1360 1196 saevos
1389 1136 1714 1192 cadaverum
1746 1138 1899 1224 puto-

310 1221 417 1299 res.
447 1242 614 1314 Igitur
641 1236 929 1307 Pompeius
956 1231 1146 1289 consul
1171 1230 1307 1285 ﬁnes
1335 1224 1780 1281 Numantinorum
1812 1221 1898 1275 in-

311 1351 552 1409 gressus,
592 1340 813 1401 accepta
863 1326 1100 1382 maxima
1151 1323 1303 1378 clade
1349 1318 1614 1375 discessit.
1659 1314 1900 1370 Viriatus

316 1435 496 1482 autem
537 1440 661 1479 cum
696 1437 794 1493 per
824 1420 890 1474 14
921 1432 1091 1473 annos
1130 1416 1500 1470 Romanorum
1531 1410 1699 1464 duces
1739 1415 1901 1475 atque

313 1518 586 1574 exercitus
632 1513 1009 1585 protrivisset,
1060 1506 1274 1563 insidiis
1321 1517 1542 1559 suorum
1588 1499 1904 1554 interfectus

314 1616 420 1664 est.
469 1604 675 1661 Deinde
725 1602 1005 1656 Mancinus
1051 1597 1263 1660 consul,
1308 1602 1592 1666 postquam
1630 1606 1660 1644 a
1698 1588 1903 1659 Popilio

315 1699 456 1770 apud
479 1695 825 1752 Numantiam
851 1691 1088 1761 suscepit
1109 1688 1435 1751 exercitum,
1461 1684 1594 1739 adeo
1619 1679 1906 1735 infeliciter

311 1790 497 1863 praelia
532 1794 729 1845 cuncta
757 1785 943 1857 gessit,
980 1791 1142 1852 atque
1166 1781 1221 1834 in
1253 1779 1306 1833 id
1352 1790 1607 1847 suprema
1648 1772 1906 1863 despera-
1933 1774 1980 1834 Β

316 1859 463 1934 tione
490 1876 783 1949 perductus
811 1883 914 1938 est,
944 1881 1004 1927 ut
1030 1870 1406 1941 turpissimum
1452 1864 1628 1920 foedus
1653 1876 1775 1917 cum
1798 1859 1908 1915 Nu-

317 1969 576 2026 mantinis
606 1966 786 2023 facere
806 1970 1108 2035 cogeretur,
1136 1958 1384 2030 quamvis
1413 1964 1470 2010 et
1487 1953 1776 2022 Pompeius
1792 1950 1907 2020 jam

320 2059 467 2114 aliud
512 2072 668 2128 reque
712 2056 912 2111 infame
960 2054 1137 2109 fmdus
1162 2066 1284 2107 cum
1336 2048 1525 2114 iisdem
1568 2043 1910 2100 Numantinis

318 2150 481 2221 paulo
502 2157 630 2204 ante
652 2148 976 2218 pepegisset.
1001 2144 1234 2199 Senatus
1255 2138 1475 2196 dissolvi
1498 2137 1674 2192 foedus
1695 2143 1751 2191 et
1764 2134 1912 2189 Man-

319 2241 502 2296 cinum
524 2239 645 2295 dedi
675 2237 1014 2293 Numantinis
1028 2235 1304 2308 prmcepit.
1321 2232 1445 2299 Qui,
1461 2230 1663 2284 nudato
1684 2240 1913 2298 corpore

321 2333 679 2401 manibusque
715 2340 836 2400 post
884 2338 1091 2399 tergum
1121 2325 1382 2381 revinctis
1425 2332 1553 2378 ante
1587 2328 1771 2393 portas
1805 2317 1915 2371 Nn-

323 2424 689 2477 mantinorum
726 2421 1021 2491 expositus,
1045 2418 1226 2487 ibique
1251 2432 1424 2487 usque
1463 2417 1518 2471 in
1553 2422 1766 2470 noctem
1794 2426 1912 2466 ma-

323 2528 480 2577 nens,
496 2529 525 2566 a
541 2514 654 2567 suis
668 2513 1010 2575 desertus,ab
1025 2511 1273 2566 hostibus
1293 2520 1471 2565 autem
1487 2523 1593 2562 non
1608 2513 1913 2575 susceptus,

327 2601 674 2674 lacrymabile
703 2602 945 2670 utrisque
971 2600 1337 2671 spectaculum
1366 2598 1616 2669 praebuit.

929 2690 1157 2745 CAPUT
1211 2690 1302 2745 IV.

329 2771 572 2837 Qualiter
602 2788 694 2825 rea:
726 2770 1046 2824 Parthorum
1074 2767 1424 2839 Babyloniam
1449 2766 1781 2839 ditversasque
1820 2782 1916 2839 na-

399 2842 564 2895 tiones
591 2858 686 2895 suo
713 2836 1213 2910 subjecitimperiq'.
1245 2838 1314 2910 Et
1339 2849 1462 2892 tunc
1488 2836 1769 2910 Brutus‘in
1798 2836 1919 2890 cite-

400 2912 539 2981 riore
569 2906 830 2981 Hispania
855 2906 1434 2981 GallicanisLusitanis
1464 2906 1667 2981 auailia
1695 2906 1916 2981 ferentes

401 2980 533 3062 bello
582 2975 970 3062 oppressit..Et
997 2979 1224 3062 [rapidus
1264 2976 1544 3048 proconsul
1592 2975 1819 3062 V‘acceo's
1860 2976 1917 3057 in

403 3046 664 3119 Hispania
703 3051 969 3111 innoxios,
995 3046 1121 3102 dum
1161 3046 1725 3119 expugnareiconatur,
1748 3046 1813 3099 ab
1842 3047 1918 3119 eis

402 3115 594 3173 amisso
615 3119 844 3175 exercitu
863 3120 1026 3190 victus
1046 3127 1155 3190 est;
1177 3115 1386 3190 quando
1411 3118 1567 3170 etiam
1586 3115 1764 3170 Roma:
1784 3115 1918 3169 servi

402 3190 779 3260 conspirantes,
808 3204 932 3242 mox
956 3186 1217 3256 interfecti
1245 3198 1386 3241 sunt.

403 3279 556 3335 Tunc
586 3280 851 3349 siquidem
877 3278 934 3333 in
961 3276 1280 3333 Orienterex
1303 3278 1630 3332 Parthorum
1661 3284 1852 3332 sextus
1885 3291 1917 3330 a

330 3373 587 3436 Barsace,
608 3370 751 3425 vieto
771 3370 1029 3426 Demetrii
1048 3368 1327 3440 przefecto,
1349 3367 1702 3439 Babyloniam
1727 3368 1917 3422 urbem

336 3465 577 3534 finesque
622 3462 739 3533 ejus
786 3462 1089 3528 universos,
1134 3463 1309 3517 victor
1351 3460 1567 3515 invasit.
1611 3459 1920 3529 Omnesque

335 3566 597 3629 praeterea
621 3567 839 3629 gentes,
873 3574 992 3628 qua:
1022 3559 1165 3612 inter
1192 3556 1464 3626 Hidaspen
1506 3554 1723 3609 ﬂuvium
1754 3562 1810 3610 et
1835 3555 1922 3610 ln-

335 3648 461 3703 dum
498 3646 701 3715 jacent,
733 3649 964 3720 subegit.
1009 3648 1091 3703 Ad
1132 3647 1337 3702 Indiam
1385 3663 1599 3718 quoque
1638 3655 1921 3703 cruentum

337 3738 579 3793 extendit
616 3739 925 3809 imperium.
969 3738 1298 3793 Demetrium
1347 3738 1522 3808 ipsum
1553 3738 1788 3794 secundo
1816 3738 1935 3793 sibi-

337 3827 478 3882 bello
503 3836 879 3883 occurrentem
901 3828 1032 3883 vicit
1055 3837 1110 3882 et
1130 3827 1292 3897 cepit.
1326 3826 1444 3894 Quo
1469 3835 1630 3897 pacto
1656 3828 1921 3883 Diodorus

338 3916 578 3986 quidam,
605 3932 728 3971 cum
762 3916 1070 3972 Alexandro
1101 3916 1211 3973 filio
1244 3931 1464 3986 regnum
1493 3915 1609 3984 ejus
1635 3924 1690 3971 et
1714 3917 1921 3988 regium

338 4020 535 4060 nomen
581 4003 699 4073 ejus
740 4006 1040 4075 usurpavit.
1090 4006 1285 4062 Postea
1339 4007 1514 4076 ipsum
1558 4006 1922 4062 Alexandrum

341 4094 530 4161 lilium,
561 4112 719 4166 quem
750 4099 1068 4168 participem
1113 4097 1339 4167 periculi
1377 4098 1431 4152 in
1464 4099 1810 4168 pervadendo
1839 4113 1923 4152 re-

341 4202 450 4256 gno
492 4187 774 4251 habuerat,
806 4204 874 4243 ne
903 4189 957 4243 in
1006 4188 1299 4244 obtinendo
1327 4173 1635 4244 consortem
1669 4189 1923 4254 haberet,

341 4277 558 4332 occidit.
588 4277 795 4334 interea
832 4278 1030 4334 Brutus
1060 4280 1111 4332 in
1139 4279 1389 4334 citeriore
1428 4278 1683 4350 Hispania
1724 4280 1925 4345 40,000

342 4362 720 4433 Callecorum,
769 4368 860 4437 qui
910 4367 1186 4423 Lusitanis
1234 4369 1287 4422 in
1335 4369 1594 4423 auxilium
1638 4377 1922 4434 venerant,

345 4454 645 4523 asperrimo
690 4466 746 4509 et
790 4455 985 4509 diﬂicili
1038 4454 1214 4520 bello,
1261 4457 1507 4524 quamvis
1536 4457 1783 4512 incautos
1821 4457 1927 4511 ciro
1952 4496 2006 4554 Β

345 4545 729 4610 cumvenisset,
759 4546 1047 4615 oppressit.
1076 4545 1315 4612 Quorum
1346 4547 1398 4600 in
1427 4562 1493 4601 eo
1518 4548 1703 4617 praalio
1727 4549 1926 4614 50,000

345 4633 548 4696 occisa,
574 4632 713 4687 6000
740 4643 895 4702 capta
923 4632 1254 4700 referuntur,
1277 4635 1433 4704 pauci
1462 4634 1587 4704 fuga
1615 4647 1924 4692 evaserunt.

345 4722 404 4777 In
433 4721 684 4776 citeriore
715 4724 966 4793 Hispania
996 4723 1227 4793 Lepidus
1256 4725 1545 4794 proconsul
1574 4724 1814 4781 Vacceos
1844 4727 1928 4780 in-

347 4811 565 4867 noxiam
596 4821 809 4884 gentem
854 4821 912 4869 et
955 4813 1282 4884 supplicem,
1307 4815 1471 4870 etiam
1508 4822 1699 4869 senatu
1747 4818 1930 4887 prohi-

349 4903 545 4969 bente,
588 4903 937 4973 pertinaciter
981 4918 1291 4975 expugnare
1347 4905 1593 4960 tentavit.
1653 4903 1760 4960 Sed
1803 4922 1926 4961 mox

350 5002 570 5064 accepta
598 4992 750 5049 clade
771 4994 1085 5066 gravissima
1110 4994 1366 5065 improbze
1403 4995 1716 5065 pertinacia:
1741 5011 1931 5067 poenas

348 5085 465 5139 luit.
513 5084 621 5141 Sex
649 5084 815 5139 millia
858 5084 1055 5154 quippe
1102 5084 1465 5141 Romanorum
1513 5085 1564 5139 in
1600 5085 1703 5140 hoc
1732 5086 1931 5158 injuste

348 5175 489 5231 bello
512 5174 813 5243 justissime
843 5189 980 5230 caesa
1007 5182 1158 5239 sunt;
1189 5176 1400 5245 reliqui,
1422 5175 1570 5230 exuti
1597 5177 1813 5241 castris,
1842 5193 1931 5231 ar-

350 5264 455 5319 mis
495 5266 659 5319 etiam
704 5264 952 5335 perditis,
973 5275 1279 5320 evaserunt.
1334 5265 1485 5320 Tune
1531 5267 1694 5319 etiam
1740 5266 1929 5323 Romae

350 5371 485 5425 puer
509 5371 577 5411 ex
622 5357 815 5411 ancilla
857 5366 1016 5411 natus
1053 5365 1136 5411 est
1175 5357 1485 5427 quadripes,
1517 5357 1924 5427 quadrimanus,

352 5443 521 5499 oculis
548 5447 1039 5514 quatuor,auribus
1067 5447 1518 5509 totidem,natura
1541 5447 1683 5501 virili
1713 5448 1928 5517 duplex.

353 5534 412 5589 in
443 5532 624 5590 Sicilia
656 5553 810 5593 mons
839 5537 1042 5593 Ethna
1067 5545 1248 5594 vastos
1284 5538 1437 5609 ignes
1462 5539 1728 5594 eructavit
1762 5555 1826 5594 ac
1850 5539 1932 5594 fu-

355 5624 454 5678 dit.
484 5624 653 5694 Igitur
679 5628 730 5681 in
759 5628 940 5684 Sicilia
984 5630 1181 5685 bellum
1210 5629 1407 5685 servile
1435 5638 1613 5684 ortum
1656 5639 1758 5696 est,
1788 5632 1930 5700 quod

359 5728 524 5779 grave
551 5724 606 5768 et
645 5728 800 5773 atrox
846 5721 1183 5777 multitudine
1213 5737 1512 5789 servorum,
1541 5723 1803 5781 instructu
1838 5741 1935 5781 .co-

1995 511 2142 557 tores
2162 498 2456 563 Romanos,
2481 512 2619 569 quos
2642 497 2860 568 penitus
2881 496 3206 569 profligavit,
3220 499 3316 554 sed
3336 499 3589 554 consules

1993 607 2208 662 quoque
2258 591 2537 646 terruerit.
2597 588 2734 644 Nam
2780 589 2976 653 70,000
3025 605 3307 647 servorum
3351 600 3484 649 tunc
3532 595 3589 648 in

1994 700 2147 740 arma
2173 683 2599 754 conSpirantium
2625 680 2793 737 fuisse
2820 680 3072 737 refertur.

2601 793 2830 850 CAPUT
2872 793 2939 848 V.

1998 885 2198 953 Quibus
2222 886 2405 941 diebus
2438 902 2531 956 per
2568 884 2865 956 Scipionem
2908 884 3267 956 Aphrieamnn
3291 885 3596 941 Numantia

2065 956 2234 1010 deleta
2272 969 2369 1021 est,
2415 954 2463 1010 et
2504 954 2713 1009 Attalus
2766 970 2857 1025 τ’εῶ
2900 954 3040 1009 Asire
3077 971 3173 1025 per
3219 965 3595 1010 testamentum

2066 1027 2166 1082 sibi
2198 1027 2476 1080 succedere
2501 1024 2763 1097 populum
2782 1023 3238 1097 Romanumfccjt,
3262 1044 3422 1097 quant
3448 1027 3597 1096 ejus-

2067 1097 2183 1150 dem
2207 1097 2373 1165 frater
2396 1093 2606 1157 invasit,
2626 1094 2695 1149 ad
2716 1094 2920 1148 cladem
2940 1093 3121 1165 pepuli
3148 1093 3404 1160 Romani,
3419 1093 3596 1149 snam-

2068 1183 2167 1238 que
2194 1167 2622 1220 internecionem.

2070 1255 2253 1326 Scipio
2278 1255 2587 1321 Africanus,
2617 1268 2886 1310 consensu
2929 1255 3173 1311 omnium
3219 1256 3409 1311 consul
3445 1272 3601 1311 crea—

2002 1356 2114 1411 tus,
2142 1347 2210 1400 ad
2253 1345 2640 1414 obtergendam
2668 1344 2945 1399 infamiam
2989 1345 3213 1401 fmderis
3244 1348 3391 1417 quod
3435 1347 3590 1402 Man-

2001 1441 2157 1497 ciuus
2185 1455 2307 1495 cum
2334 1438 2676 1493 Numantinis
2699 1437 2994 1509 pepigerat,
3025 1438 3279 1509 dirigitur
3308 1440 3362 1492 in
3402 1440 3599 1510 llispa—

2002 1534 2169 1588 niam.
2217 1530 2317 1599 Qui
2352 1547 2457 1586 non
2490 1528 2779 1586 confestim
2808 1544 3096 1601 aggressus
3127 1539 3211 1585 est
3238 1531 3609 1588 Numantinos

2003 1624 2156 1697 quasi
2186 1625 2431 1679 incautos
2476 1636 2613 1692 quos
2658 1635 2872 1690 semper
2910 1629 3138 1676 noverat
3184 1637 3306 1676 esse
3349 1633 3603 1692 paratos,

2005 1716 2097 1771 sed
2124 1715 2274 1786 prius
2295 1713 2542 1768 exercuit
2580 1710 2806 1766 militem
2841 1725 3000 1765 suum
3021 1710 3075 1764 in
3097 1712 3314 1775 castris,
3345 1712 3493 1767 velut
3536 1712 3594 1766 in

2008 1806 2229 1871 scholis,
2260 1804 2403 1874 quod
2433 1813 2611 1858 tamen
2642 1799 2846 1870 aliquid
2881 1798 3105 1871 profuit.
3152 1800 3422 1856 Conserto
3449 1818 3607 1856 nam-

2009 1912 2115 1966 que
2139 1894 2343 1965 prmlio,
2368 1888 2619 1963 quamvis
2646 1892 2796 1963 prius
2837 1891 3099 1961 impetum
3124 1891 3356 1947 Romani
3388 1910 3494 1948 non
3526 1893 3607 1948 fe-

2011 1997 2192 2041 rentes
2240 1984 2692 2039 Numantinorum
2740 1980 2928 2052 fugere
2972 1981 3289 2051 cepissent,
3334 1983 3605 2040 industria

2009 2075 2165 2131 ducis
2206 2083 2368 2144 atque
2410 2073 2635 2127 audacia
2669 2072 2935 2127 acerrime
2992 2074 3253 2142 repressi,
3286 2090 3429 2144 quos
3457 2075 3609 2147 fuge-

2013 2173 2136 2220 rant
2160 2163 2345 2235 l'ngere
2372 2170 2680 2233 coegerunt.
2734 2162 2851 2229 Qua
2883 2161 3157 2233 inopinata
3182 2165 3417 2219 victoria
3462 2166 3611 2223 lata-

2012 2267 2096 2313 tus
2126 2257 2328 2327 Scipio,
2346 2256 2485 2311 fossa
2516 2256 2703 2312 urbem
2733 2256 2983 2322 munivit,
3003 2256 3196 2312 vallum
3222 2260 3453 2315 sudibus
3477 2275 3616 2330 pras-

2013 2351 2231 2416 struxit,
2256 2359 2311 2406 et
2337 2351 2416 2405 sic
2441 2349 2724 2405 obsidione
2744 2348 3105 2405 Numantinos
3126 2352 3409 2407 contrivit.
3439 2353 3612 2422 Igitur

2013 2442 2253 2498 conclusi
2301 2443 2391 2497 diu
2439 2440 2775 2504 Numantini,
2807 2449 2865 2496 et
2909 2440 3053 2498 fame
3093 2443 3347 2509 cruciati,
3377 2444 3612 2500 deditio-

2013 2546 2137 2587 nem
2169 2534 2252 2587 sui
2281 2531 2614 2596 obtulerunt,
2646 2531 2693 2586 si
2736 2530 3036 2587 tolerabilia
3070 2531 3421 2602 juberentur.
3452 2534 3613 2606 Sarpe

2014 2625 2178 2678 etiam
2219 2632 2440 2679 orantes
2471 2622 2633 2693 justze
2669 2638 2860 2694 pugnae
2889 2622 3224 2690 facultatem,
3249 2634 3314 2680 ut
3340 2637 3602 2697 tanquam

2019 2716 2150 2770 viris
2173 2717 2311 2771 mo'ri
2343 2716 2551 2780 liceret,
2571 2714 2761 2770 ultimo
2784 2729 2975 2771 omnes
2997 2717 3207 2772 duabus
3230 2719 3413 2773 subito
3436 2721 3611 2789 portis

2016 2815 2334 2877 eruperunt,
2364 2807 2513 2878 larga
2559 2806 2712 2876 prius
2751 2808 2971 2877 potione
3013 2808 3120 2873 usi,
3151 2824 3260 2864 non
3303 2809 3414 2864 vini
3451 2811 3613 2881 cujus

2016 2899 2171 2956 ferax
2206 2901 2253 2955 is
2287 2900 2438 2956 locus
2479 2916 2586 2955 non
2622 2907 2731 2965 est,
2762 2900 2857 2954 sed
2902 2915 3066 2957 succo
3100 2902 3267 2958 tritici
3296 2918 3396 2973 per
3436 2913 3613 2959 artem

2017 2992 2294 3057 confecto,
2326 3007 2492 3061 quem
2538 3007 2757 3047 succum
2788 3006 2819 3046 a
2862 2992 3229 3049 calefacienda
3269 2995 3468 3050 celiam
3514 3012 3617 3051 vo-

2020 3097 2165 3144 cant.
2208 3088 2323 3144 liae
2358 3089 2524 3157 igitur
2566 3088 2787 3157 potione
2824 3098 2950 3159 post
2975 3089 3189 3161 longam
3231 3090 3433 3145 famem
3462 3107 3618 3146 reca—

2018 3178 2307 3245 lescentes,
2337 3178 2477 3233 bello
2501 3194 2621 3234 sese
2646 3177 2979 3233 obtulerunt.
3003 3179 3174 3235 Atrox
3194 3181 3283 3235 diu
3307 3189 3618 3243 certamen,

2016 3276 2073 3323 et
2111 3284 2284 3338 usque
2316 3268 2384 3321 ad
2422 3268 2719 3337 periculum
2748 3267 3118 3324 Romanorum
3152 3269 3273 3335 fuit,
3295 3272 3612 3339 iterumque

2016 3359 2248 3415 Romani
2288 3375 2531 3430 pugnare
2581 3376 2640 3414 se
2683 3360 2946 3416 adversus
2974 3361 3331 3417 Numantinos
3357 3361 3622 3433 fugiendo

2016 3449 2415 3520 probavissent,
2447 3449 2551 3504 nisi
2579 3449 2680 3505 sub
2704 3450 2957 3521 Scipione
2987 3461 3335 3522 pugnassent.
3367 3453 3624 3508 Numan-

2018 3543 2142 3608 tini,
2186 3541 2489 3598 interfectis
2540 3558 2763 3598 suorum
2808 3542 3150 3611 fortissimis,
3200 3546 3340 3601 bello
3378 3548 3615 3603 cedunt.

2020 3633 2347 3704 Compositis
2393 3642 2572 3689 tamen
2621 3634 2904 3689 ordinibus
2951 3651 3059 3690 non
3111 3647 3461 3706 superantes,
3514 3655 3620 3695 nec

2021 3724 2162 3779 sicut
2196 3723 2463 3794 fugientes
2494 3725 2549 3778 in
2589 3726 2776 3780 urbem
2818 3736 3183 3782 revertuntur.
3234 3727 3479 3798 Corpora
3529 3730 3619 3784 in-

2020 3814 2367 3870 terfectorum
2409 3815 2475 3870 ad
2524 3816 2856 3884 sepulturam
2901 3818 3081 3872 oblata
3125 3819 3371 3889 accipere
3419 3822 3623 3876 nolue-

2022 3914 2167 3961 runt.
2218 3894 2523 3962 Novissima
2552 3922 2610 3963 se
2654 3908 3036 3979 desperatione
3062 3910 3115 3964 in
3145 3920 3371 3966 mortem
3420 3928 3627 3969 omnes

2022 4002 2272 4058 destinati
2321 4001 2562 4057 clausam
2609 4003 2800 4057 urbem
2836 4003 2938 4073 ipsi
2992 4005 3288 4059 introrsum
3321 4006 3630 4062 succende-

2022 4100 2171 4158 runt,
2218 4092 2508 4163 cunctique
2557 4093 2772 4162 pariter
2823 4092 3002 4159 ferro,
3034 4108 3244 4151 veneno
3290 4105 3457 4165 atque
3510 4098 3628 4169 igni

2023 4182 2325 4250 consumpti
2355 4191 2499 4237 sunt.
2525 4182 2755 4237 Romani
2782 4183 3004 4239 nihilex
3026 4185 3111 4240 his
3137 4185 3349 4254 penitus
3370 4187 3629 4243 habuere

2023 4271 2203 4335 victis,
2224 4280 2424 4340 praeter
2447 4273 2797 4327 securitatem
2830 4289 3003 4338 suam,
3031 4290 3206 4344 neque
3230 4276 3389 4330 etiam
3419 4292 3625 4333 eversa

2027 4360 2335 4425 Numantia,
2367 4363 2562 4418 vicisse
2591 4379 2651 4417 se
2696 4364 2872 4434 magis
2901 4364 3265 4422 Numantinos
3297 4383 3464 4436 quam
3494 4385 3631 4424 eva—

2029 4451 2165 4507 sisse
2195 4452 2468 4507 dixerunt.
2503 4453 2679 4509 Unum
2711 4454 3101 4511 Numantinum
3143 4472 3248 4512 non
3277 4458 3511 4515 victoris
3535 4478 3633 4515 ca-

2029 4549 2153 4596 tena
2181 4542 2355 4597 tenuit
2380 4543 2674 4612 captivum,
2701 4546 2843 4599 unde
2869 4544 3203 4616 triumphum
3240 4546 3477 4613 dederit,
3513 4565 3629 4603 non

2028 4632 2163 4688 vidit
2186 4633 2357 4688 Roma
2382 4650 2573 4688 aurum
2594 4634 2677 4690 vel
2707 4644 2992 4705 argentum
3022 4637 3162 4706 quod
3187 4638 3297 4707 igni
3325 4653 3634 4707 superesse

2028 4724 2310 4794 potuisset,
2357 4726 2484 4795 quia
2541 4727 2678 4797 apud
2731 4743 2999 4798 pauperes
3052 4745 3156 4784 non
3198 4729 3332 4794 fuit,
3362 4744 3527 4785 arma
3574 4741 3637 4786 et

2028 4823 2236 4893 vestem
2258 4815 2401 4887 ignis
2429 4816 2749 4888 absumpsit.
2773 4817 2943 4889 Igitur
2961 4818 3139 4875 deleta
3156 4818 3477 4886 Numantia,
3498 4836 3631 4876 eum

2033 4906 2213 4978 Scipio
2240 4922 2429 4977 pacem
2459 4918 2808 4978 componeret
2837 4911 3052 4965 emteris
3079 4909 3349 4980 Hispaniae
3385 4910 3634 4965 civitati-

2034 5001 2156 5066 bus,
2183 4999 2468 5068 quemdam
2495 4997 2756 5055 Celticum
2777 5001 3077 5070 principem
3103 5000 3365 5072 Tyresum
3394 5003 3635 5059 nomine

2035 5090 2318 5148 consuluit.
2349 5105 2457 5159 quo
2487 5105 2651 5159 opere
2697 5090 2985 5145 Numantia
3032 5091 3179 5161 prius
3205 5090 3417 5146 fortiter
3450 5108 3633 5163 repu-

2035 5195 2205 5251 gnans
2236 5179 2478 5244 duraret,
2507 5181 2631 5235 dum
2677 5180 2819 5236 4000
2862 5181 3316 5237 Numantinorum
3357 5184 3635 5242 adversus

2031 5272 2231 5337 40,000
2265 5271 2632 5327 Romanorum
2659 5273 2752 5327 diu
2800 5275 3121 5331 dimicarent
3159 5291 3224 5331 ac
3260 5277 3457 5347 saepius
3501 5279 3634 5334 vin-

2033 5371 2239 5419 cerent.
2282 5362 2384 5428 Qui
2411 5362 2949 5432 responditzlnvicta
2996 5366 3285 5421 concordia
3333 5365 3439 5420 hoc
3483 5367 3631 5437 egit.

2034 5454 2152 5521 Quo
2179 5454 2344 5508 etiam
2375 5463 2615 5523 tempore
2641 5452 2856 5509 Attalus
2890 5453 3150 5512 Humenis
3178 5456 3323 5512 ﬁlius
3354 5457 3631 5524 moriens,

2036 5559 2131 5614 per
2158 5552 2537 5600 testamentum
2572 5543 2828 5615 populum
2872 5545 3174 5602 Romanum
3220 5548 3448 5618 imperio
3471 5546 3633 5603 Asia

2037 5635 2328 5690 succedere
2354 5634 2627 5691 haeredem
2650 5633 2910 5703 iusserat.
2964 5637 3101 5692 Hinc
3146 5638 3334 5708 itaque
3375 5635 3630 5694 Licinius

2037 5724 2267 5783 Crassus
2316 5727 2505 5785 consul
2541 5734 2597 5783 et
2628 5727 2869 5798 pontifex
2899 5728 3167 5786 maximus
3203 5730 3460 5785 adversus
3488 5727 3629 5786 Ari-
