3964 6172
360 339 379 392 i
391 338 489 393 057

1452 333 1864 393 CHRONICON.
1900 365 1970 376 —
2010 334 2175 391 TOMI
2212 335 2229 390 Ι
2271 336 2397 392 LIB.
2447 345 2531 402 Vl.

3472 347 3495 399 l
3506 346 3611 402 038

351 458 619 517 stonicum
650 455 813 510 Attali
844 454 1090 519 fratrem,
1113 453 1206 523 qui
1239 454 1490 508 traditam
1518 468 1616 523 per
1638 459 1933 505 testamen-
1960 454 2010 511 Λ
2036 448 2192 521 longe
2218 451 2376 506 undis
2401 452 2714 522 urgentibus
2736 452 2927 507 ﬂuctus
2947 463 3277 524 perextenta
3300 455 3404 511 late
3429 458 3612 517 littora

352 558 466 604 tum
495 547 750 603 Romanis
776 546 960 601 Asiam
986 552 1327 617 pervaserat,
1356 559 1479 599 cum
1515 542 1934 598 instructissimo
2033 540 2427 610 propulissent,
2474 542 2666 597 iterum
2705 543 2867 598 nimis
2915 554 3075 614 atque
3122 545 3261 600 ultra
3302 548 3610 616 opinionem

348 639 548 694 missus
579 637 841 701 exercitu,
863 644 1127 706 praeterea
1155 636 1365 706 magnis
1408 635 1644 707 regibus,
1680 634 1782 688 hoc
1824 640 1929 697 est,

349 729 700 794 Nicomedia,
724 728 1012 799 Bythinite,
1035 727 1328 791 Mitridate,
1347 725 1507 780 Ponti
1550 733 1608 779 et
1640 722 1929 788 Armeniae,

347 820 621 885 Ariarate,
648 818 1019 888 Cappadociae,
1047 816 1406 881 Philumenae,
1450 812 1795 882 Paﬂagonim,
1841 825 1934 865 eo-

347 922 579 979 rumque
598 908 851 963 maximis
867 906 1037 977 copiis
1062 906 1298 974 adjutus,
1317 913 1568 960 conserto
1587 914 1766 957 tamen
1790 901 1930 955 bello

344 1000 523 1055 victus
561 1007 664 1064 est,
693 1008 749 1054 et
791 1014 936 1064 cum,
964 998 1204 1054 exercitu
1251 1005 1374 1067 post
1405 996 1693 1066 plurimam
1727 994 1927 1048 caedem

344 1094 400 1147 in
439 1091 623 1162 fugam
662 1100 785 1147 acto
806 1131 822 1157 ,
853 1091 970 1161 ipse
992 1089 1107 1160 jam
1142 1089 1543 1145 circumventus
1587 1087 1656 1141 ab
1683 1085 1929 1141 hostibus

340 1191 398 1236 ct
428 1197 568 1251 pene
592 1192 783 1251 captus
802 1188 966 1246 esset,
981 1181 1186 1251 virgam
1211 1194 1317 1248 qua
1343 1186 1463 1232 erat
1483 1192 1614 1231 usus
1640 1176 1707 1231 ad
1730 1190 1927 1245 equum

343 1276 397 1330 in
419 1275 637 1331 oculum
664 1275 893 1330 Thracis
920 1275 1158 1346 impegit.
1186 1274 1456 1328 Barbarus
1485 1278 1663 1325 autem
1690 1285 1814 1325 cum
1844 1270 1924 1324 ira

338 1372 397 1420 et
425 1364 615 1420 dolore
639 1366 951 1430 exarsisset,
977 1365 1119 1419 latus
1151 1362 1335 1419 Crassi
1364 1361 1541 1432 gladio
1575 1359 1925 1415 transverbe-

341 1456 504 1511 ravit.
533 1456 612 1511 Ita
640 1457 753 1520 ille,
784 1456 1093 1526 excogitato
1125 1468 1325 1525 genere
1360 1454 1570 1513 mortis,
1606 1451 1793 1523 effugit
1831 1452 1925 1507 de-

338 1545 512 1601 decus
554 1555 609 1601 et
656 1546 995 1601 servitutem.
1031 1545 1315 1615 Perpenna
1344 1542 1553 1606 consul,
1599 1543 1691 1611 qui
1725 1541 1923 1598 Crasso

290 1671 295 1675 ~
339 1648 697 1706 successerat,
727 1641 912 1696 audita
937 1650 1115 1695 morte
1147 1639 1348 1704 Crassi,
1374 1649 1430 1694 et
1456 1638 1609 1695 clade
1650 1639 1922 1695 exercitus

334 1730 591 1797 Romani,
620 1732 815 1802 raptim
862 1732 918 1786 in
962 1731 1145 1786 Asiam
1193 1730 1523 1809 pervolavit,
1549 1730 1915 1785 Aristonicum

2033 631 2346 703 pestiferum
2393 633 2612 687 odorem
2663 634 2839 688 tabida
2885 645 2938 689 et
2983 637 3282 705 putrefacta
3325 641 3611 713 congeries

2032 724 2321 778 exhalavit.
2371 725 2523 781 Unde
2566 726 2807 780 omnium
2841 728 3044 797 pariter
3069 730 3422 786 animantium
3462 740 3612 789 tanta

2030 813 2331 884 pestilentia
2362 823 2651 870 consecuta
2692 825 2793 880 est,
2823 826 2879 871 et
2907 818 3103 879 avimn,
3133 821 3395 889 pecudum
3423 837 3487 877 ac
3511 821 3610 877 be-

2031 906 2277 970 stiarum,
2308 906 2654 975 corruptione
2679 907 2821 961 aeris
2846 907 3100 962 dissoluta
3144 917 3253 976 est,
3281 919 3344 965 ut
3369 911 3610 981 putrefa-

2028 1002 2113 1048 cta
2159 994 2363 1064 passim
2405 996 2669 1049 cadavera
2712 997 2903 1050 vitium
2930 1001 3290 1069 corruptionis
3330 1012 3606 1073 augerent.

2027 1089 2096 1137 At
2141 1100 2268 1139 vero
2306 1094 2508 1155 quanta
2538 1085 2702 1141 fuerit
2742 1087 3019 1143 hominum
3049 1089 3184 1155 lues,
3211 1109 3310 1163 ego
3340 1095 3454 1164 ipse
3480 1095 3607 1150 dum

2028 1173 2226 1238 refero,
2246 1184 2359 1230 toto
2389 1191 2616 1247 corpore
2646 1178 3018 1247 perhorresco.
3043 1179 3320 1251 Siquidem
3347 1183 3399 1237 in
3424 1184 3612 1241 Numi-

2027 1266 2136 1331 dia,
2170 1266 2224 1323 in
2252 1283 2355 1338 qua
2382 1277 2510 1324 tunc
2541 1269 2759 1340 Micipsa
2787 1286 2882 1326 rex
2905 1280 3042 1340 erat,
3073 1274 3306 1339 800,000
3329 1277 3604 1334 hominum

2026 1364 2238 1411 mortua
2269 1366 2411 1423 sunt,
2442 1359 2586 1416 circa
2616 1376 2765 1416 oram
2806 1378 2936 1419 vero
2963 1364 3311 1431 maritimam,
3342 1383 3461 1436 quae
3486 1384 3606 1423 ma-

2024 1446 2170 1502 xime
2209 1447 2620 1518 Carthaginensi
2667 1461 2829 1521 atque
2876 1452 3116 1510 Uticensi
3165 1455 3333 1511 littori
3376 1456 3606 1529 adjacet,

2022 1536 2305 1607 plusquam
2332 1539 2566 1605 200,000
2583 1542 2833 1607 militum,
2860 1559 2982 1613 qua:
3007 1546 3074 1598 ad
3102 1547 3409 1615 praesidium
3439 1550 3607 1605 totius

2021 1627 2217 1684 Africa:
2238 1630 2487 1685 ordinata
2511 1630 2743 1698 fuerant,
2761 1635 3028 1689 exstincta
3050 1643 3212 1705 atque
3234 1639 3427 1693 abrasa
3452 1649 3603 1695 sunt.

2023 1717 2154 1786 Quae
2195 1719 2375 1775 clades
2404 1729 2515 1775 tam
2560 1723 2841 1792 repentina
2877 1738 2941 1779 ac
2970 1731 3082 1778 tam
3122 1725 3355 1781 violenta
3387 1728 3604 1795 institit,

334 1821 543 1876 recenti
569 1789 797 1877 victoria
828 1820 1081 1875 feriatqu
1127 1789 1478 1890 improvisum
1506 1789 1647 1874 bello
1674 1817 1918 1885 adortus,
1948 1789 1996 1849 Β
2024 1820 2083 1867 ιιι
2110 1821 2237 1868 tunc
2262 1814 2403 1883 apud
2432 1815 2644 1871 Uticam
2674 1817 2776 1872 sub
2803 1832 2909 1871 una
2950 1817 3036 1872 die
3071 1834 3170 1887 per
3204 1834 3366 1873 unam
3392 1827 3605 1890 portam

334 1913 704 1982 nudatumque
738 1913 991 1967 omnibus
1027 1911 1218 1981 copiis,
1246 1911 1300 1965 in
1334 1910 1516 1982 fugam
1546 1911 1727 1966 vertit.
1755 1910 1920 1966 Cum-

331 2019 440 2073 que
468 2002 801 2059 Statonicem
841 2004 1055 2069 urbem,
1083 2004 1150 2057 ad
1180 2019 1342 2073 quam
1382 2004 1471 2057 ille
1511 2003 1744 2074 fugerat,
1778 2001 1922 2058 obsi-

331 2093 493 2148 dione
507 2093 787 2159 cinxisset,
804 2094 1099 2149 cruciatum
1119 2092 1260 2147 fame
1278 2092 1349 2147 ad
1370 2093 1699 2148 deditionem
1721 2092 1916 2161 coegit.

328 2185 610 2256 Perpenna
654 2185 841 2241 consul
873 2185 1015 2256 apud
1053 2184 1376 2253 Pergamum
1420 2193 1704 2254 correptus
1728 2184 1920 2238 morbo

329 2276 475 2331 diem
502 2278 654 2332 obiit.
687 2278 1026 2333 Aristonicus
1067 2276 1252 2331 Romae
1270 2276 1424 2347 jussu
1465 2285 1687 2332 senatus
1711 2276 1766 2330 in
1796 2290 1919 2331 car-

328 2383 457 2423 cere
484 2370 852 2442 strangulatus
878 2379 981 2425 est.

962 2479 1188 2535 CAPUT
1229 2479 1313 2534 VI.

328 2569 549 2646 ΩιιομὶηΔ
581 2581 808 2646 tempore
853 2570 1171 2646 conspiratio
1192 2587 1476 2646 _servoru_m
1522 2574 1673 2642 longe
1714 2573 1917 2646 lateque

398 2640 745 2708 e/j‘erbuit,'et
792 2657 915 2695 mea:
948 2657 980 2694 a
1004 2640 1229 2693 dominis
1273 2657 1364 2694 seu
1396 2640 1755 2697 Romanorum
1796 2640 1917 2699 con-

399 2712 602 2785 sulilms
648 2712 811 2785 poenis
845 2712 1043 2785 adacti,
1063 2708 1231 2785 deleti
1259 2722 1402 2766 sunt.
1449 2712 1565 2785 Quo
1600 2715 1655 2767 in
1685 2723 1914 2785 tempore

397 2781 606 2837 xEt/ma
644 2778 783 2853 ultra
818 2782 1030 2834 modum
1055 2778 1293 2853 insolitos
1334 2784 1559 2837 evomuit
1588 2784 1753 2853 ignes,
1784 2778 1832 2838 et
1860 2785 1914 2838 in

398 2852 581 2921 Africa
645 2852 968 2906 locustarum
1010 2850 1316 2917 magnitudo
1355 2853 1493 2905 mari
1548 2850 1792 2907 immersa
1843 2854 1913 2907 ad

396 2920 644 2993 littusque
685 2920 939 2993 revoluta,
964 2921 1179 2973 nimiam
1216 2932 1463 2992 corrupto
1503 2939 1622 2976 aere
1660 2923 1910 2993 pestilen-

396 2995 529 3047 tiam
555 2992 862 3047 mortalibus
891 2992 1128 3044 incussit.

394 3106 563 3178 Igitur
588 3104 919 3174 conspiratio
946 3118 1225 3159 servorum
1263 3103 1315 3158 in
1359 3102 1544 3158 Sicilia
1583 3103 1741 3174 longe
1777 3103 1911 3158 latc-

319 3213 430 3267 que
460 3212 564 3251 non
611 3196 875 3251 modicam
922 3196 1180 3250 excitavit
1212 3204 1607 3266 tempestatem.
1638 3195 1695 3249 In
1727 3194 1911 3251 Sicilia

317 3287 564 3356 quidem,
589 3286 715 3339 dum
760 3285 994 3354 quadam
1040 3284 1324 3339 insolentia
1366 3285 1664 3339 dominium
1697 3285 1910 3340 obtine-

318 3383 465 3441 rent,
494 3376 631 3430 male
671 3378 942 3446 adeptum,
977 3376 1150 3441 servi,
1183 3375 1306 3430 Piso
1333 3376 1524 3431 consul
1554 3377 1694 3433 8000
1723 3392 1911 3432 eorum

318 3468 579 3541 patibulis
607 3467 795 3522 aflixit.
829 3467 924 3523 Cui
948 3467 1243 3523 succedens
1265 3467 1519 3534 Rutilius,
1543 3469 1684 3522 ultra
1711 3468 1912 3533 20,000

318 3577 390 3616 ex
421 3560 808 3615 rebellantibus
834 3561 1007 3615 servis
1040 3559 1348 3614 trucidavit.
1395 3558 1495 3625 Qui
1538 3570 1714 3614 tamen
1761 3560 1911 3628 prius

318 3649 603 3703 obsi.lione
634 3649 821 3714 cincti,
856 3657 1006 3703 tanta
1035 3650 1357 3703 necessitate
1383 3650 1644 3717 compulsi
1676 3658 1821 3711 sunt,
1852 3657 1912 3702 ut

318 3737 590 3791 cadavera
615 3753 836 3792 suorum
868 3738 1189 3792 devorarent
1209 3739 1503 3793 sociorum.
1528 3737 1663 3792 Nam
1694 3748 1748 3793 et
1777 3737 1912 3793 Miu-

319 3827 495 3881 ternis
516 3826 622 3881 450
645 3829 786 3883 servi
823 3828 877 3883 in
904 3844 1121 3885 crucem
1144 3830 1275 3895 acti,
1297 3839 1353 3885 et
1386 3828 1645 3887 Sinuessa
1675 3833 1743 3885 ad
1773 3832 1913 3888 4000

318 3939 605 3978 servorum
656 3939 686 3978 a
730 3904 1039 3992 Q..Metcllo
1084 3941 1344 3997 oppressa
1388 3935 1534 3981 sunt.
1578 3927 1635 3981 In
1680 3927 1914 3982 metallis

318 4028 539 4081 quoque
563 4012 971 4068 Atheniensium
1007 4014 1150 4068 idem
1182 4014 1442 4068 tumultus
1462 4014 1673 4069 servilis
1701 4031 1730 4069 a
1760 4014 1913 4070 Peri-

319 4103 456 4158 clito
481 4113 710 4173 prmtore
737 4104 1015 4159 discussus
1044 4114 1145 4159 est.
1177 4106 1333 4175 Apud
1368 4105 1534 4159 Delon
1571 4108 1734 4161 etiam
1770 4108 1911 4163 servi

320 4212 470 4251 novo
515 4206 663 4252 motu
698 4198 1139 4262 intumescentes,
1171 4198 1239 4253 ab
1280 4198 1563 4268 oppidanis
1592 4198 1913 4268 provenieb-

320 4288 473 4342 tibus
516 4288 687 4358 pressi
734 4296 878 4344 sunt.
925 4288 1118 4344 Iisdem
1153 4289 1490 4358 temporibus
1524 4288 1711 4344 Cicero
1737 4291 1913 4346 nasci-

317 4386 435 4441 tur,
470 4387 640 4433 matre
687 4379 858 4444 Elvia,
883 4388 1034 4448 patre
1081 4380 1349 4449 equestris
1384 4379 1619 4445 ordinis,
1647 4395 1714 4435 ex
1762 4381 1911 4451 regio

2021 1917 2089 1956 ex
2136 1901 2242 1957 illis
2278 1896 2585 1972 junioribus
2633 1905 2921 1977 plusquam
2964 1907 3101 1962 l500
3146 1916 3388 1964 mortuos
3432 1909 3606 1967 elatos

2021 1994 2189 2050 fuisse
2216 2006 2493 2052 narretur.
2540 1997 2736 2053 Iisdem
2784 1998 3117 2068 temporibus
3160 2000 3458 2057 Antiochus
3497 2018 3604 2058 non

2021 2093 2306 2140 contentus
2330 2085 2623 2158 Babylonia
2649 2097 2812 2159 atque
2841 2089 3135 2156 Ecbatana,
3168 2098 3390 2162 totoque
3416 2092 3602 2148 Media:

2020 2174 2277 2244 imperio,
2314 2177 2574 2233 adversus
2599 2176 2888 2232 Pharatem
2918 2177 3238 2235 Parthorum
3269 2196 3448 2252 regem
3476 2197 3606 2237 con-

2018 2280 2237 2335 gressus
2257 2274 2315 2320 et
2333 2266 2508 2321 victus
2530 2276 2630 2323 est.
2654 2267 2894 2335 Quicum
2911 2269 2965 2323 in
2985 2270 3227 2325 exercitu
3249 2285 3346 2326 suo
3370 2271 3603 2337 100,000

2019 2366 2353 2413 armatorum
2392 2359 2593 2415 habere
2619 2360 2911 2425 videretur,
2939 2360 3174 2427 200,000
3201 2362 3431 2432 amplius
3459 2363 3605 2418 calo-

2019 2464 2147 2503 num
2177 2459 2340 2520 atque
2382 2451 2614 2506 lixarum
2663 2452 2902 2508 immista
2947 2454 3293 2521 cohortibus,
3318 2455 3516 2512 scortis
3549 2466 3605 2512 et

2017 2542 2372 2600 histrionibus
2400 2545 2666 2601 tradebat.
2696 2545 2882 2616 Itaque
2910 2546 3066 2603 facile
3087 2547 3154 2602 ab
3174 2548 3428 2605 universo
3447 2564 3604 2605 exer-

2016 2634 2127 2689 citu
2180 2649 2279 2689 suo
2332 2635 2657 2691 Parthorum
2718 2636 2923 2692 viribus
2974 2653 3316 2708 compressus
3373 2639 3599 2696 interiit.

2014 2727 2217 2783 Eodem
2268 2739 2512 2799 tempore
2572 2730 2850 2785 Ptolomzei
2908 2731 3395 2787 Alexandrinorum
3456 2734 3602 2805 regis

2014 2821 2212 2875 misera
2242 2822 2352 2875 vita
2382 2823 2722 2877 miseriorem
2762 2822 2886 2877 ﬁta:
2920 2823 3123 2878 exitum
3159 2825 3322 2878 dedit.
3354 2824 3404 2880 Is
3433 2828 3599 2882 etiam

2014 2924 2255 2963 sororem
2284 2925 2436 2965 suam
2480 2919 2671 2981 stupro
2701 2912 2969 2982 cognitam
2996 2927 3060 2967 ac
3102 2911 3297 2967 deinde
3324 2915 3379 2968 in
3408 2917 3599 2972 matri-

2013 3000 2254 3054 monium
2301 3009 2605 3071 receptam,
2648 3003 2939 3057 novissime
2985 3005 3194 3074 turpius
3235 3021 3397 3075 quam
3446 3011 3601 3067 duxit

2013 3088 2229 3159 abjecit.
2263 3090 2571 3161 Privignam
2604 3107 2734 3148 vero
2760 3108 2933 3157 suam,
2962 3094 3065 3149 hoc
3089 3103 3171 3149 est
3205 3095 3367 3152 filiam
3394 3100 3599 3156 sororis

2014 3192 2069 3239 et
2119 3186 2380 3256 conjugis,
2409 3188 2690 3259 conjugem
2736 3188 2962 3254 ascivit,
3002 3189 3171 3244 filium
3214 3208 3406 3257 suum,
3435 3207 3596 3263 quem

2013 3290 2079 3329 ex
2117 3291 2307 3333 sorore
2348 3286 2684 3349 susceperat,
2711 3294 2919 3335 necnon
2946 3289 2999 3334 et
3023 3280 3190 3336 filium
3223 3281 3407 3338 fratris
3452 3283 3596 3339 occi-

2013 3365 2111 3421 dit.
2149 3366 2322 3435 Quam
2351 3369 2421 3423 ob
2450 3384 2565 3424 rem
2596 3369 2761 3424 tantis
2792 3370 3026 3426 insertus
3068 3372 3394 3440 parricidiis,
3422 3373 3595 3431 factus

2013 3458 2362 3514 exsecrabilis
2397 3460 2467 3515 ab
2491 3459 2869 3516 Alexandrinis
2895 3476 3063 3532 regno
3096 3462 3284 3532 pulsus
3311 3472 3413 3520 est.

2626 3589 2853 3646 CAPUT
2892 3589 3001 3646 VII.

2013 3694 2093 3749 De
2136 3696 2344 3782 .loanne
2391 3697 2503 3782 ﬁlio
2544 3697 2818 3782 Simoni».
2846 3701 2943 3782 qui
2974 3699 3246 3782 Hircanus
3292 3712 3367 3757 est
3389 3721 3595 3782 nuncu-

2083 3776 2238 3840 potus
2270 3780 2288 3819 :
2315 3766 2543 3840 qualiter
2568 3768 2743 3838 plures
2772 3766 3004 3825 civitates
3022 3769 3192 3840 Syrite
3220 3782 3374 3840 atque
3403 3772 3597 3830 Sama-

2084 3836 2416 3903 ritanorum,
2469 3836 2927 3911 ldunurorumque
2975 3836 3171 3911 repérit
3209 3836 3388 3908 bellis,
3435 3846 3594 3899 etiam

2081 3922 2343 3980 prospere
2354 3909 2550 3980 gestis,
2575 3924 2780 3980 summa
2808 3909 2926 3980 cum
2946 3909 3073 3979 pace
3103 3910 3450 3980 felicitateque
3474 3930 3598 3969 con-

2082 3976 2273 4049 senuit.
2307 3976 2584 4042 Quomodo
2618 3977 2773 4049 etiam
2794 3976 3082 4049 ﬁlius'eius
3104 3976 3463 4049 'Aristobolus,
3503 3986 3594 4049 qui

2082 4000 2273 4029 sanun.
2307 4000 2584 4042 uuamoao
2618 4000 2773 4031 etlam
2794 4000 2940 4047 [tuus
2966 4000 3082 4044 eius
3114 4000 3463 4049 armaveras,

2081 4047 2283 4122 primus
2344 4057 2458 4116 post
2500 4046 2843 4122 reversionem
2885 4047 3102 4105 Iudaici
3140 4051 3320 4122 populi
3367 4052 3433 4106 de
3479 4000 3594 4108 ιῗῖἶ

2083 4113 2293 4183 bylonia
2336 4113 2523 4194 nomen
2574 4117 2771 4187 regium
2826 4121 3119 4194 usurpavit,
3140 4113 3164 4194 Ἀ
3193 4113 3435 4194 matrem,
3478 4123 3595 4194 [ra-

2083 4194 2316 4261 tremque
2359 4187 2679 4261 Antigonum
2730 4188 2997 4261 occiderit,
3062 4200 3111 4244 et
3148 4191 3277 4261 ipse,
3330 4187 3427 4245 vix!
3458 4187 3598 4248 dnuo

2082 4253 2311 4325 expleto,
2356 4256 2414 4310 in
2444 4253 2600 4326 regno
2628 4256 3002 4313 detestabiliter
3041 4253 3281 4315 mortuus
3310 4270 3406 4317 est.

2084 4384 2443 4440 Plholomaeus
2483 4384 2705 4451 Phison,
2729 4386 2820 4456 qui
2849 4394 2903 4441 et
2932 4385 3112 4453 Soter,
3149 4388 3305 4445 annis
3336 4389 3423 4444 I7.
3446 4389 3490 4445 A
3514 4405 3595 4447 re-

320 4470 645 4525 Volscorum
696 4486 913 4541 genere.
948 4470 1220 4541 Turp‘lius
1256 4471 1499 4526 comicus
1536 4486 1698 4527 senex
1745 4472 1905 4525 mori-
1931 4502 1987 4562 Β
2011 4477 2367 4533 mdificatione
2390 4491 2519 4531 vero
2536 4476 2735 4546 templi,
2755 4478 2911 4533 annis
2925 4477 3047 4533 567.
3064 4478 3300 4536 Joannes
3314 4496 3442 4536 vero
3458 4481 3599 4537 filius

320 4569 435 4626 tur,
467 4562 663 4631 quibus
688 4563 852 4617 etiam
886 4562 1075 4616 diebus
1097 4560 1302 4616 Ethna
1330 4569 1483 4617 vasto
1508 4577 1768 4618 concussa
1800 4570 1909 4617 tre»
1933 4560 1967 4562 ⁷
2014 4568 2255 4624 Simonis
2304 4567 2611 4623 Judmorum
2640 4569 2748 4624 dux
2788 4577 2845 4625 et
2883 4570 3123 4640 pontifex
3158 4581 3294 4628 erat,
3348 4573 3450 4642 Qui
3506 4573 3602 4631 ad.

323 4668 480 4708 more
520 4653 812 4708 exundavit
862 4653 1031 4724 igneis
1075 4653 1266 4724 globis.
1316 4654 1634 4724 Rursusque
1674 4654 1781 4711 alio
1822 4656 1908 4711 die

320 4744 556 4813 Lippara
602 4743 795 4809 insula,
818 4753 874 4799 et
906 4744 1142 4800 vicinum
1186 4746 1330 4800 circa
1358 4761 1479 4801 eam
1522 4762 1673 4802 mare
1706 4747 1758 4802 in
1787 4755 1907 4801 tan-

322 4848 440 4891 tum
489 4834 770 4901 efferbuit,
800 4844 859 4890 ut
896 4846 1082 4892 vastas
1110 4852 1325 4908 quoque
1371 4853 1531 4909 rupes
1578 4839 1906 4908 dissolverit,

322 4928 567 4983 tabulata
601 4929 815 4983 navium
839 4928 1146 4998 liquefactis
1171 4930 1311 4985 ceris
1335 4932 1694 4993 extorruerit,
1725 4932 1911 4987 exani-

322 5026 506 5071 matos
543 5016 719 5086 pisces
767 5025 1287 5089 supernatantesque
1330 5020 1640 5084 excoxerit,
1665 5020 1912 5076 homines

319 5124 543 5181 quoque
565 5111 666 5165 nisi
692 5111 783 5180 qui
810 5110 1025 5181 longius
1049 5119 1340 5179 potuerunt
1364 5110 1644 5183 diffugere,
1673 5113 1912 5181 recipro-

321 5210 452 5256 cato
480 5200 717 5255 anhelitu
741 5201 900 5256 calidi
927 5203 1070 5255 aeris
1096 5200 1304 5256 adustis
1335 5201 1627 5256 introrsum
1659 5201 1910 5259 vitalibus

322 5293 692 5349 suﬁ'ocaverit.
721 5293 1078 5349 Locustarum
1125 5293 1288 5348 etiam
1335 5294 1390 5347 in
1418 5293 1605 5349 Africa
1637 5303 1786 5349 tanta
1829 5297 1910 5351 vis

323 5386 601 5451 ell'erbuit,
627 5394 689 5441 ut
726 5403 832 5443 non
875 5386 1046 5441 solum
1091 5386 1321 5441 virentia
1370 5402 1594 5456 qumque
1631 5402 1913 5443 consume-

325 5485 475 5542 rent,
504 5492 690 5531 verum
717 5478 879 5531 etiam
904 5491 1119 5532 amaros
1140 5476 1373 5532 cortices
1404 5484 1565 5545 atque
1593 5475 1745 5530 arida
1770 5475 1913 5546 ligna

324 5568 704 5638 proroderent.
740 5568 845 5623 Sed
886 5570 1164 5639 repentino
1206 5575 1437 5638 arreptae
1461 5576 1642 5633 vento,
1672 5570 1914 5638 atquein

328 5658 523 5729 globos
548 5668 736 5724 cocta),
764 5667 1093 5730 portatusque
1122 5658 1212 5713 diu
1241 5673 1338 5729 per
1363 5673 1511 5725 aera,
1539 5658 1796 5715 Africano
1820 5676 1914 5730 pe-

326 5750 456 5819 lago
497 5750 764 5807 immersa:
802 5758 945 5809 sunt.
988 5749 1188 5807 Harum
1217 5765 1339 5807 cum
1376 5750 1663 5809 immersos
1690 5766 1914 5809 acervos

2010 4676 2228 4717 versum
2254 4660 2519 4717 Hircanos
2553 4660 2752 4717 bellum
2789 4677 3005 4733 gerens,
3052 4662 3322 4721 Hircanus
3348 4674 3432 4721 est
3463 4682 3602 4721 nun-
3666 4702 3671 4707 -

2011 4763 2256 4823 cupatus.
2307 4752 2356 4806 Is
2376 4768 2609 4822 namque
2663 4759 2724 4806 ut
2754 4762 2982 4823 paterno
3009 4756 3213 4824 potitus
3252 4764 3334 4811 est
3371 4755 3598 4821 honore,

2010 4855 2065 4900 et
2085 4846 2194 4901 Deo
2215 4845 2479 4901 sacriﬁcia
2495 4845 2745 4911 reddidit,
2767 4846 3023 4901 velociter
3040 4847 3428 4902 Ptholomaeum
3440 4847 3594 4916 petit,

2017 4938 2108 5007 qui
2139 4946 2368 4992 matrem
2415 4936 2719 5005 fratresque
2751 4937 2960 4990 vinctos
2986 4951 3170 4992 secum
3195 4937 3482 5003 retinebat,
3538 4944 3594 4990 ct

2016 5036 2225 5099 patrem
2256 5025 2371 5095 ejus
2402 5026 2678 5081 Simonem
2729 5025 2849 5081 neci
2894 5025 3016 5081 dolo
3059 5026 3111 5080 in
3142 5027 3388 5081 convivio
3432 5025 3600 5081 tradi-

2016 5110 2189 5173 derat.
2242 5115 2487 5184 Dumque
2534 5130 2822 5186 aggressus
2848 5123 2993 5171 esset
3017 5115 3319 5182 castellum,
3372 5115 3426 5170 in
3476 5114 3599 5173 aliis

2015 5206 2231 5276 quidem
2262 5205 2424 5259 rebus
2462 5206 2709 5276 superior
2735 5214 2872 5272 erat,
2920 5204 3069 5274 justo
3096 5213 3274 5260 autem
3300 5204 3473 5260 dolori
3507 5219 3598 5261 ce-

2015 5296 2193 5351 debat.
2209 5295 2566 5351 Ptholomaaus
2580 5296 2741 5351 etiam
2760 5297 2969 5366 quoties
2985 5305 3340 5367 premeretur,
3364 5303 3593 5351 matrem

2016 5386 2132 5458 ejus
2153 5384 2456 5457 fratresque
2480 5386 2533 5440 in
2568 5401 2778 5440 murum
2802 5388 3113 5457 productos,
3170 5386 3348 5457 palam
3383 5394 3445 5442 ut
3470 5400 3601 5458 pos-

2016 5485 2136 5534 sent
2164 5476 2423 5547 conspici,
2453 5476 2778 5537 verberavit,
2804 5492 3003 5547 eosque
3026 5491 3084 5532 se
3109 5478 3595 5548 praecipitaturum,

2015 5568 2122 5623 nisi
2174 5582 2333 5637 quam
2358 5567 2593 5637 primum
2623 5569 2958 5634 recederent,
3018 5568 3389 5623 minitabatur.
3439 5566 3597 5623 Unde

2017 5660 2308 5715 Ilircanum
2355 5659 2573 5729 quidem
2603 5660 2721 5730 plus
2744 5659 2906 5714 timor
2930 5674 2994 5714 ac
3022 5658 3391 5714 misericordia
3431 5671 3596 5726 quam

2018 5748 2295 5805 iracundia
2324 5748 2716 5806 commovebat.
2768 5749 2935 5805 Mater
2962 5764 3085 5807 vero
3105 5747 3225 5821 ejus
3265 5747 3399 5806 nihil
3426 5744 3598 5819 plagis
