3964 6172
334 325 456 377 1001

1429 314 1837 371 CHRONICON.
1878 344 1945 353 -
1984 313 2146 368 ΤΟΜΙ
2182 315 2197 366 l
2241 313 2363 366 LIB.
2407 313 2497 365 Vl.

3453 315 3471 365 1
3485 313 3586 368 062

324 441 437 495 citu
468 434 727 498 occurrit,
793 441 852 486 ut
890 433 1121 486 Bituitus
1173 433 1496 500 paucitatem
1535 432 1901 484 Romanorum
1932 431 1984 488 Λ
2008 427 2144 481 emlo
2163 427 2414 480 missum.
2457 425 2680 479 Nimbus
2715 425 2856 478 enim
2884 425 3175 479 vehemens
3205 427 3331 490 ruit,
3371 442 3433 480 ac
3455 438 3591 483 tctu-

325 530 416 583 vix
439 528 505 580 ad
531 541 711 579 eseam
743 523 1139 590 canibus,quos
1162 522 1214 574 in
1242 520 1456 591 agmine
1479 520 1726 582 habebat,
1761 517 1906 572 sulli-

322 636 450 676 cere
478 633 643 690 posse
673 616 925 684 jactaret.
969 614 1070 681 Qui
1102 629 1224 668 cum
1269 612 1369 668 sibi
1407 613 1473 666 ad
1495 610 1907 666 transferendas

322 711 512 782 copias
547 723 709 761 unum
733 715 950 776 pontem
981 703 1227 757 Rhodani
1250 701 1484 755 ﬂuminis
1523 715 1745 770 parvum
1785 714 1906 754 esse

324 802 668 870 intelligeret,
736 797 899 850 alium
950 793 1242 863 compactis
1292 792 1544 846 lintribus
1592 790 1906 858 catenisque

324 907 628 949 eonnexum
663 888 1011 958 superstratis
1039 886 1282 941 confixus
1305 883 1500 937 tabulis
1522 882 1740 936 struxit.
1767 880 1906 934 Con—

325 995 472 1038 serta
500 997 672 1051 pugna
700 989 754 1033 et
778 979 865 1032 diu
892 977 1129 1047 graviter
1149 975 1372 1044 agitata,
1413 973 1541 1025 victi
1572 970 1730 1034 Galli,
1778 985 1906 1022 con-

327 1076 580 1143 versique
609 1073 664 1125 in
696 1071 896 1139 fugam,
930 1069 1055 1120 dum
1077 1066 1306 1134 quisque
1335 1062 1434 1116 sibi
1466 1062 1639 1121 timet,
1680 1074 1902 1113 coacer—

321 1168 466 1220 vatis
530 1161 830 1218 inconsulte
875 1158 1205 1228 agminibus,
1277 1168 1619 1223 prtepropero
1673 1149 1905 1204 transitu

315 1259 507 1328 pontis
534 1253 742 1308 vincula
773 1257 1054 1320 ruperunt,
1102 1261 1163 1299 ac
1189 1259 1314 1298 mox
1339 1257 1460 1297 cum
1490 1241 1623 1309 ipsis
1651 1239 1906 1293 lintribus

322 1346 490 1401 mersi
523 1352 662 1398 sunt.
716 1339 943 1404 l80,000
975 1345 1306 1390 armatorum
1349 1333 1400 1386 in
1431 1332 1671 1386 exercitu
1720 1328 1903 1383 Bituiti

324 1438 497 1490 fuisse
555 1433 842 1488 traduntur
875 1471 888 1496 ,
943 1444 1007 1484 ex
1065 1428 1259 1495 quibus
1318 1423 1551 1488 450,000
1620 1422 1703 1476 vel
1767 1437 1903 1476 (‘tI‘Stl

323 1527 411 1579 vel
487 1539 664 1578 mersa
733 1530 879 1576 sunt.
940 1519 1126 1573 Victus
1171 1516 1408 1570 ‘Martius
1453 1513 1666 1577 consul,
1723 1512 1905 1566 Gallo—

325 1632 446 1668 rum
493 1623 704 1683 gentem
735 1612 834 1665 sub
866 1610 1043 1664 radice
1067 1609 1275 1678 Alpium
1334 1607 1493 1660 sitam
1523 1603 1661 1658 bello
1687 1618 1904 1674 aggres-

322 1721 419 1758 sus
445 1714 546 1757 est.
593 1703 691 1768 Qui
735 1716 856 1756 cum
895 1715 952 1754 se
991 1697 1250 1752 Romanis
1297 1697 1468 1766 copiis
1511 1697 1901 1763 circumseptos

2009 524 2190 586 pestas
2244 514 2418 567 valida
2461 521 2578 567 orta
2602 522 2704 576 est,
2762 528 2882 581 qum
2928 513 3200 568 Romanos
3257 515 3586 584 refrigerans

2007 604 2384 660 convalescere
2441 602 2586 664 fecit,
2660 603 2875 658 Mauros
2918 619 3047 658 vero
3093 601 3271 674 atque
3328 606 3589 662 Nun'iidas

2008 695 2244 749 inermes
2279 708 2421 763 pene
2457 692 2709 757 reddidit,
2774 693 2904 746 dum
2944 694 3160 748 hastilia
3207 710 3414 762 eorum,
3468 714 3588 767 qua:

2007 787 2123 840 sine
2153 795 2370 839 amento
2397 793 2555 839 erant
2574 824 2589 851 ,
2636 783 2865 850 lubrica,
2896 795 3047 847 scuta
3077 801 3224 852 vero,
3257 804 3375 858 qua:
3405 805 3468 844 ex
3492 806 3588 845 co-

2007 877 2102 929 riis
2135 875 2570 942 elephantorum,
2619 873 2765 928 velut
2787 876 3007 944 spongia
3066 892 3260 946 aquam
3318 880 3584 934 ebibentia

2007 967 2260 1021 inhabilia
2315 965 2454 1020 facta
2478 973 2625 1030 sunt,
2677 982 2781 1036 qua
2829 965 3041 1019 fortuna
3093 967 3292 1022 Marius
3345 973 3592 1038 supenior

2006 1059 2179 1114 factus
2233 1059 2380 1112 vicit.
2456 1058 2701 1112 Bocchus
2751 1067 2911 1126 atque
2964 1057 3226 1126 Jugurtha
3287 1060 3574 1130 fugientes,

2005 1151 2201 1215 90,000
2255 1166 2472 1205 suorum
2496 1150 2814 1204 amiserunt.
2861 1150 2999 1220 Ergo
3023 1149 3266 1204 Bocchus
3296 1169 3416 1206 eum
3465 1154 3585 1207 ,Βο-

2005 1243 2180 1296 manis
2234 1257 2474 1311 pugnare
2509 1240 2776 1303 diliidens,
2826 1255 3014 1309 pacem
3053 1241 3223 1308 petiit,
3268 1240 3588 1310 Jugurtham

2005 1333 2126 1387 dolo
2140 1342 2375 1402 captum,
2407 1331 2714 1386 conditione
2731 1331 2878 1400 pacis
2907 1340 3235 1394 catenatum,
3264 1333 3329 1385 ad
3363 1331 3588 1386 Marium

2005 1425 2174 1488 misit,
2212 1437 2371 1492 quem
2404 1430 2526 1476 ante
2555 1437 2771 1474 currum
2803 1436 2958 1474 suum
2991 1423 3357 1490 triumphator
3377 1423 3579 1493 abegit,

2003 1521 2057 1567 et
2101 1513 2152 1566 in
2204 1527 2423 1568 carcere
2461 1512 2696 1582 positum
2728 1511 3054 1581 strangulari
3087 1512 3269 1581 jussit.
3321 1515 3587 1567 Praeterea

2004 1602 2308 1673 Jugurthini
2337 1603 2670 1672 temporibus
2696 1600 2841 1661 belli,
2868 1602 3097 1656 Cassius
3123 1603 3310 1657 consul
3339 1604 3391 1658 in
3415 1603 3586 1658 Gallia

2008 1695 2292 1765 Tigurinos
2347 1709 2517 1766 usque
2569 1695 2844 1750 Oceanum
2889 1705 3227 1764 persecutus,
3294 1713 3587 1766 rursusque

320 1797 589 1857 viderent,
621 1795 868 1862 belloque
891 1793 1129 1861 impares
1157 1789 1268 1844 fore
1297 1789 1679 1859 intelligerent,
1707 1786 1902 1841 occisis
1933 1777 1976 1835 B
2005 1787 2072 1840 ab
2111 1786 2298 1840 iisdem
2329 1786 2537 1841 insidiis
2565 1786 2986 1850 circumventus,
3017 1787 3232 1841 occisus
3259 1796 3360 1842 est.

321 1885 644 1954 conjugibus
685 1901 749 1938 ac
791 1883 997 1944 liberis,
1055 1883 1106 1935 in
1153 1879 1396 1934 flammas
1440 1895 1498 1933 se
1535 1878 1899 1949 projecerunt.

320 1974 425 2040 Qui
468 1990 596 2027 vero
619 1971 1115 2042 prmoccupaiitibtts
1148 1969 1407 2023 Romanis
1436 1968 1753 2037 peragendae
1779 1975 1904 2020 tunc

319 2067 514 2119 mortis
541 2079 650 2117 sum
674 2062 881 2131 copiam
905 2076 1010 2114 non
1040 2061 1358 2123 habuerant,
1388 2059 1641 2128 captique
1667 2057 1899 2122 fuerant,

320 2157 413 2210 alii
458 2156 623 2218 ferro,
666 2154 756 2208 alii
791 2152 1112 2221 suspendio,
1157 2151 1246 2205 alii
1288 2151 1552 2219 abnegato
1601 2149 1742 2214 cibo,
1783 2164 1903 2204 sese

319 2251 796 2312 consumpserunt.
841 2240 1140 2308 Nullusque
1167 2239 1386 2292 omnino
1420 2236 1502 2291 vel
1530 2237 1784 2306 parvulus
1812 2252 1902 2290 Sll-

318 2334 543 2404 pcrfuit,
568 2332 658 2401 qui
685 2330 962 2385 servitutis
1004 2327 1367 2383 conditionem
1393 2327 1516 2380 vitae
1541 2341 1724 2380 amore
1765 2325 1900 2380 tole-

322 2425 481 2478 rarit.
541 2423 636 2476 [iis
672 2422 741 2475 ita
772 2437 830 2476 se
859 2420 1184 2474 habentibus
1228 2428 1447 2472 senatus
1485 2417 1762 2489 Jugurtbze
1790 2419 1900 2489 regi

319 2514 678 2570 Numidarum
703 2511 911 2566 bellum
936 2508 1150 2563 indixit.

936 2618 1162 2674 CAPUT
1202 2617 1289 2672 IX.

319 2721 402 2775 De
427 2720 694 2792 Jugurtha
738 2719 1093 2772 Numidarum
1131 2733 1270 2786 rege,
1304 2725 1351 2768 et
1376 2715 1440 2770 de
1475 2714 1782 2792 consulibus
1810 2715 1906 2782 qui

524 2800 706 2844 contra
731 2805 846 2841 eum
871 2785 1232 2857 pugnaverunt
1274 2796 1429 2856 atque
1454 2785 1702 2839 vicerunt.

389 2879 562 2951 igitur
591 2879 877 2950 Jugurtha,
904 2875 1138 2945 Micipsae
1167 2875 1518 2929 Numidarum
1551 2875 1689 2946 regis
1739 2875 1901 2944 adop-

322 2973 486 3030 tivus,
519 2970 798 3037 harresque
851 2967 990 3020 inter
1018 2963 1294 3018 naturales
1324 2963 1440 3032 ejus
1496 2962 1634 3017 ﬁlios
1682 2961 1876 3025 factus,

318 3063 556 3132 primum
606 3058 848 3112 bteredes
895 3070 1041 3118 suos,
1089 3055 1142 3109 id
1169 3062 1272 3118 est,
1306 3052 1632 3108 Hiemsalcm
1679 3054 1894 3117 occidit,

2627 1895 2854 1951 CAPUT
2893 1895 2960 1949 Χ.

2003 1990 2080 2044 De
2115 1989 2413 2043 consulibus
2468 1987 2844 2059 Romanorum,
2897 1989 2987 2058 qui
3018 1998 3198 2042 contra
3217 1986 3409 2042 'Gallos
3451 1991 3586 2059 infe-

2074 2060 2241 2113 liciter
2269 2059 2576 2128 dimicantes
2604 2058 2726 2128 victi
2762 2067 2916 2125 atque
2942 2059 3232 2128 interempti
3255 2069 3398 2112 sunt.
3454 2058 3589 2114 Cen-

2073 2141 2154 2184 tra
2193 2146 2320 2199 quos
2360 2127 2561 2199 Gallos,
2616 2127 2679 2180 οι)
2712 2128 2991 2199 vindictam
3027 2127 3300 2181 consulum
3348 2139 3395 2182 et
3453 2130 3585 2198 ﬁnes

2071 2196 2312 2262 tuendos,
2372 2198 2576 2268 Marius
2611 2196 2794 2268 consul
2823 2207 3027 2268 quarto
3074 2208 3121 2268 et
3159 2199 3342 2267 quinto
3381 2196 3588 2252 creatus

2072 2270 2337 2338 dirigitur.
2370 2267 2653 2338 Gallorum
2682 2266 2918 2330 440,000
2948 2266 3226 2336 interfecit,
3257 2281 3446 2338 praeter
3474 2287 3591 2323 mu—

2072 2337 2240 2400 lieres,
2287 2349 2335 2392 et
2365 2337 2649 2407 parvulos,
2691 2337 2782 2407 qui
2814 2354 2922 2390 sese
2966 2337 3306 2402 necaverunt,
3349 2339 3405 2392 in
3458 2339 3586 2393 Asia

2073 2426 2188 2463 vero
2221 2418 2269 2461 et
2297 2407 2453 2478 Syria
2474 2409 2562 2477 qui
2591 2409 2746 2460 etiam
2776 2418 2898 2460 tunc
2929 2407 3229 2477 regnabant.

2073 2519 2210 2574 ilinc
2232 2519 2441 2574 Mallius
2463 2519 2650 2574 consul
2701 2529 2755 2573 et
2777 2519 2929 2588 Cipio
2979 2519 3264 2588 proconsul
3302 2522 3586 2576 adversum

2001 2610 2250 2666 Cimbros
2301 2619 2356 2664 et
2383 2609 2670 2673 Teutonas,
2718 2619 2771 2664 et
2801 2610 3087 2681 Tigu‘rinos
3153 2620 3208 2665 et
3255 2610 3579 2675 Ambronas,

2001 2702 2274 2757 Gallorum
2310 2711 2362 2757 et
2377 2701 2768 2758 Germanorum
2793 2713 2981 2774 gentes
3002 2704 3142 2774 (quae
3174 2713 3299 2759 tunc
3325 2713 3384 2759 ut
3408 2706 3580 2775 impc-

1991 2795 2140 2848 -rium
2162 2795 2471 2849 Romanum
2500 2796 3383 2868 exstinguerentconspiraverant)
3409 2799 3586 2861 missi,

1999 2888 2304 2957 provincias
2333 2888 2433 2942 sibi
2457 2887 2718 2941 Rhodano
2741 2887 2901 2942 ﬂuvio
2933 2889 3106 2943 medio
3130 2889 3431 2944 diviserunt
3476 2890 3584 2946 Ubi

2001 2980 2126 3033 dum
2149 2979 2290 3034 inter
2315 2994 2371 3033 se
2417 2979 2734 3048 gravissima
2767 2979 2968 3032 invidia
3020 2988 3074 3034 et
3095 2980 3442 3035 contentione
3493 2983 3582 3034 de-

2001 3076 2232 3134 certant,
2287 3083 2410 3123 cum
2439 3082 2630 3137 magna
2667 3068 2958 3138 ignominia
3001 3077 3050 3122 et
3082 3068 3324 3138 periculo
3353 3068 3582 3123 Romani

316 3124 667 3206 :Atherbalem
718 3146 855 3201 bello
897 3145 1099 3199 victum
1144 3143 1377 3213 Aphriea
1413 3141 1634 3213 expulit.
1672 3142 1896 3212 Calpur-

2008 3157 2236 3212 nominis
2284 3157 2410 3211 victi
2455 3165 2599 3211 sunt.
2660 3155 2934 3225 Siquidem
2979 3158 3030 3211 in
3055 3173 3118 3212 ea
3147 3173 3326 3228 pugna
3377 3156 3588 3214 Marcus

317 3247 472 3298 nium
505 3243 693 3297 deinde
729 3239 1002 3296 consulem
1046 3240 1302 3294 adversus
1331 3255 1387 3296 se
1413 3240 1635 3294 missum
1673 3241 1900 3310 pecunia

317 3335 586 3403 corrupit,
655 3341 817 3402 atque
865 3330 936 3384 ad
977 3331 1316 3401 turpissimas
1364 3331 1703 3387 conditiones
1751 3334 1902 3402 pacis

317 3425 562 3481 adduxit.
596 3423 862 3476 Praeterea
889 3434 1014 3475 cum
1052 3420 1278 3476 Romam
1299 3421 1412 3490 ipse
1431 3422 1694 3486 venisset,
1730 3423 1903 3476 omni-

316 3520 420 3571 bus
450 3515 678 3586 pecunia
707 3512 977 3581 corruptis
1006 3519 1097 3566 aut
1121 3512 1417 3573 attentatis,
1452 3511 1765 3575 seditiones,
1794 3512 1903 3566 dis-

315 3610 705 3676 sensionesque
763 3605 1095 3677 permiscuit.
1159 3602 1275 3669 Qua
1334 3617 1457 3657 cum
1515 3602 1898 3671 egrederetur,

317 3700 508 3754 infami
545 3699 675 3753 satis
696 3697 902 3752 notavit
947 3694 1141 3764 elogio,
1171 3693 1356 3748 dicens
1385 3691 1474 3746 :‘O
1513 3691 1702 3745 urbem
1730 3706 1899 3744 vena-

319 3793 426 3845 lem
480 3800 534 3843 et
561 3797 772 3844 mature
820 3787 1141 3856 perituram,
1192 3784 1237 3837 si
1271 3794 1567 3852 emptorem
1599 3780 1893 3835 invenerit!

318 3881 423 3946 Qui
474 3895 616 3933 anno
658 3877 904 3947 sequenti
946 3873 1138 3927 Aulum
1179 3871 1556 3926 Posdmmium
1587 3867 1897 3924 'Posthumii

318 3967 559 4023 consulis
579 3965 833 4028 fratrem,
867 3978 1027 4033 quem
1059 3963 1104 4015 is
1128 3961 1330 4025 40,000
1352 3968 1684 4013 armatorum
1743 3973 1896 4012 exer-

319 4059 452 4112 citui
482 4056 816 4126 praefecerat,
847 4052 1138 4112 interemit,
1188 4066 1251 4105 ac
1282 4064 1418 4119 pene
1455 4057 1625 4102 totam
1660 4046 1897 4101 Africam

319 4165 348 4200 a
381 4146 994 4200 Romanis-deiicientem
1018 4157 1114 4197 suo
1136 4140 1318 4209 junxit
1349 4153 1534 4209 regno.
1555 4136 1765 4191 Deinde
1790 4137 1898 4192 Me-

321 4237 435 4291 telli
460 4235 739 4305 disciplina
774 4233 1060 4295 coercitus,
1106 4229 1422 4297 duobusque
1451 4225 1652 4296 praeliis
1693 4226 1895 4290 victus,

319 4329 486 4393 5,000
535 4327 881 4398 perfugarum
915 4324 1178 4388 -reddidit,
1247 4329 1642 4388 trecentosque
1685 4318 1898 4373 obsides

320 4421 492 4475 dedit.
545 4419 928 4473 Conditionem
969 4415 1122 4484 pacis
1172 4428 1275 4466 non
1325 4409 1652 4473 custodiens,
1699 4409 1893 4463 iterum

303 4509 549 4564 ‘Mariani
574 4507 810 4564 consulis
838 4507 951 4578 (qui
982 4520 1088 4559 non
1110 4504 1202 4558 illo
1231 4501 1432 4557 minori
1461 4500 1656 4555 astutia
1704 4499 1897 4569 pratdi-

322 4611 415 4655 tus
437 4599 572 4670 erat)
602 4599 864 4661 devictus,
887 4598 1012 4652 dum
1041 4596 1105 4650 de
1126 4593 1362 4664 propriis
1379 4589 1642 4648 diliideret
1671 4590 1895 4654 viribus,

321 4695 557 4747 Boccum
572 4691 880 4745 Maurorum
896 4701 1074 4761 regem
1089 4689 1153 4742 ad
1173 4703 1265 4742 sua
1281 4686 1538 4742 conduxit
1557 4683 1898 4738 auxilia-Cu—

315 4787 412 4856 jus
425 4785 594 4853 copiis
616 4792 823 4847 auctus,
844 4781 1143 4837 Marianum
1159 4781 1352 4850 saepius
1375 4777 1894 4835 aﬂlixitexercitum‘.

320 4879 604 4931 Postremo
625 4869 1258 4944 apud‘Circam[Cirtam]
1273 4870 1460 4924 urbem
1475 4869 1774 4939 antiquam,
1797 4869 1894 4922 ad-

320 4986 513 5025 versus
525 4969 795 5024 Romanos
803 4983 952 5034 ,.cum
966 4967 1069 5021 400
1083 4966 1337 5020 militibus
1351 4963 1440 5037 [F.
1454 5007 1467 5029 ,
1483 4963 1739 5036 millibus]
1753 4966 1898 5033 equi-

321 5070 438 5115 tum
455 5060 746 5114 instructus
764 5058 1018 5113 occurrit.
1035 5055 1178 5122 Quos
1195 5056 1363 5110 tribus
1378 5057 1564 5110 diebus
1577 5053 1898 5124 pariterbel-

320 5152 484 5206 lando
497 5152 569 5204 ita
586 5149 858 5213 contrivit,
877 5159 933 5202 ut
948 5147 1194 5200 omnibus
1215 5145 1513 5214 desperatis
1528 5143 1894 5199 Romanitelis

321 5243 540 5313 pltlrlllll
564 5242 728 5297 occisi
779 5241 1010 5309 undique
1031 5239 1204 5307 pressi
1236 5237 1322 5291 siti
1357 5251 1418 5291 ac
1448 5237 1648 5306 ingenti
1683 5235 1892 5290 fervore

319 5330 472 5396 solis,
528 5330 850 5401 pulvereqne
880 5328 1092 5390 detorti,
1133 5327 1330 5380 nullam
1354 5326 1604 5394 deinceps
1639 5327 1737 5381 sibi
1777 5341 1894 5396 spe—

328 5431 511 5476 rarent
534 5422 780 5483 salutem,
811 5422 934 5475 dimi
962 5419 1138 5474 omnia
1169 5426 1478 5488 paterentur
1520 5418 1890 5472 intolerabilia.

320 5513 547 5583 Equites
597 5528 727 5566 vero
754 5511 1109 5565 Numidarum
1163 5518 1324 5578 atque
1375 5508 1702 5572 Maurorum,
1747 5509 1897 5563 velut

322 5603 442 5658 sine
497 5598 680 5656 labore
733 5617 868 5670 pene
910 5610 1094 5669 captos
1120 5609 1281 5669 atque
1311 5599 1694 5670 circumscptos
1740 5605 1898 5655 truci-

322 5693 527 5748 dabant
582 5690 871 5747 Romanos.
923 5690 1110 5746 Subito
1149 5689 1460 5761 suffragium
1507 5699 1592 5746 est
1636 5689 1898 5747 Romanis

2003 3248 2255 3303 Emilius
2302 3249 2602 3304 consularis
2631 3249 2777 3312 ezesi,
2829 3248 3026 3314 80,000
3076 3248 3442 3303 Romanorum
3499 3265 3585 3305 so-

2002 3339 2311 3407 ciorumque
2352 3355 2414 3392 ea
2443 3346 2760 3408 tempestate
2791 3339 3072 3404 trucidata,
3096 3321 3296 3404 40,000
3337 3339 3584 3393 calonum

2000 3441 2160 3502 atque
2180 3433 2410 3487 lixarum
2441 3431 2741 3496 interfecta,
2782 3431 2971 3486 Atltias
3007 3431 3215 3485 scribit.
3246 3433 3328 3486 lta
3349 3447 3416 3486 ex
3437 3432 3584 3486 omni

1999 3537 2137 3591 pene
2175 3523 2412 3577 exercitu
2451 3522 2635 3575 decem
2667 3521 3041 3573 tantummodo
3069 3521 3316 3573 homines
3345 3521 3434 3588 qui
3477 3521 3582 3575 mi-

2001 3627 2179 3666 serum
2211 3612 2459 3665 nuntium
2516 3611 2582 3664 ad
2619 3612 2893 3680 augendas
2945 3611 3196 3664 miserias
3247 3620 3587 3678 reportarent

2000 3701 2329 3772 superfuisse
2361 3700 2687 3755 referuntur.
2738 3701 2932 3754 Hostes
2956 3701 3150 3755 castris
3179 3699 3251 3753 22
3280 3699 3457 3769 praeda
3495 3717 3588 3770 po-

2001 3794 2102 3858 titi,
2126 3808 2263 3848 nova
2294 3792 2523 3862 quadam
2555 3801 2714 3861 atque
2737 3791 2950 3844 insolita
2979 3791 3356 3846 exsecratione
3382 3800 3578 3844 cuncta

1998 3903 2118 3957 quze
2165 3895 2418 3957 ceperant
2464 3885 2969 3955 pessumdederunt.
3037 3884 3221 3940 Vestis
3261 3884 3487 3939 discissa
3527 3893 3583 3939 et

1989 3975 2232 4044 'projecta
2261 3983 2362 4039 est,
2406 3989 2597 4028 aurum
2628 3981 3023 4045 argentumque
3076 3973 3130 4026 in
3156 3972 3352 4027 ﬂumen
3401 3972 3581 4042 proje-

1995 4074 2162 4130 ‘ctum,
2206 4066 2384 4120 lorica:
2415 4066 2655 4119 virorum
2686 4065 2993 4128 conseissre,
3055 4064 3292 4134 phalerae
3319 4080 3580 4133 equorum

1997 4155 2324 4224 disperditae,
2349 4155 2469 4225 equi
2497 4155 2596 4224 ipsi
2616 4155 2915 4226 gurgitibus
2943 4156 3208 4219 immersi,
3241 4157 3486 4211 homines
3502 4156 3584 4210 la-

1998 4247 2152 4316 queis
2178 4244 2314 4300 collo
2339 4245 2545 4309 inditis,
2573 4260 2638 4299 ex
2669 4244 2954 4298 arboribus
2971 4244 3218 4314 suspensi
3249 4254 3394 4308 sunt,
3419 4246 3491 4299 ita
3521 4257 3581 4300 ut

1988 4335 2131 4389 nihil
2162 4336 2355 4404 praeda:
2377 4335 2549 4390 victor
2571 4335 2809 4404 nihilque
2838 4335 3015 4389 victus
3036 4345 3372 4407 agnosceret.
3410 4336 3581 4392 Maxi-

1999 4434 2271 4479 tuus’tunc
2291 4425 2476 4480 Romae
2500 4438 2604 4479 non
2636 4426 2806 4479 solum
2839 4426 3036 4490 luctus,
3068 4441 3255 4482 verum
3277 4427 3438 4481 etiam
3469 4443 3585 4484 me—

2004 4527 2089 4572 tus
2111 4517 2235 4580 fuit,
2286 4531 2354 4571 ne
2387 4517 2667 4572 confestim
2707 4519 2905 4572 Cimbri
2941 4517 3102 4588 Alpes
3143 4521 3584 4589 transgrederen-

1995 4617 2109 4670 tur,
2133 4607 2445 4677 ltali‘amque
2470 4608 2727 4663 delerent.
2763 4608 2928 4681 igitur
2959 4608 3155 4664 Marius
3175 4619 3368 4679 quarto
3395 4611 3586 4667 consul

2005 4709 2188 4755 contra
2214 4699 2394 4756 Gallm
2418 4701 2686 4772 dirigitur,
2713 4701 2804 4772 qui
2827 4718 2950 4755 cum
2972 4701 3248 4773 Tigurinis
3270 4703 3584 4759 etAllohro-

2005 4794 2160 4865 gibus
2192 4794 2401 4848 duobus
2431 4794 2630 4862 prteliis
2653 4793 2916 4847 dimicans
2940 4809 3045 4846 non
3074 4794 3190 4847 sine
3214 4809 3410 4864 magno
3458 4810 3583 4851 suo-

1993 4899 2124 4937 ‘rum
2145 4884 2454 4939 discrimine
2473 4883 2621 4936 vicit.
2646 4882 2722 4934 Ex
2750 4883 2945 4950 quibus
2975 4881 3211 4946 200,000
3247 4894 3580 4936 armatorum

2001 4974 2140 5029 bello
2167 4973 2446 5028 interfecta
2474 4980 2620 5036 sunt,
2646 4971 2918 5040 octoginta
2949 4971 3114 5023 millia
3140 4981 3291 5038 capta
3317 4989 3330 5024 :
3357 4971 3445 5024 vix
3474 4971 3576 5024 tria

2002 5064 2166 5118 millia
2209 5063 2457 5133 effugisse
2502 5061 2836 5116 referuntur.
2886 5061 3135 5116 Mulieres
3173 5063 3350 5129 itaque
3388 5076 3574 5115 eorum

1998 5154 2234 5226 parvulis
2275 5154 2387 5208 suis
2435 5151 2500 5205 ad
2533 5167 2660 5205 saxa
2691 5151 2909 5216 collisis,
2943 5161 3147 5206 cuneta:
3185 5165 3303 5204 sese
3330 5150 3472 5206 ferro
3508 5167 3576 5205 ac

1999 5242 2283 5312 suspendio
2302 5251 2666 5311 peremerunt.
2698 5241 2968 5296 Teutones
2987 5250 3164 5295 autem
3189 5249 3243 5294 et
3265 5240 3465 5294 Cimbri
3497 5241 3577 5295 in-

1998 5334 2162 5404 tegris
2192 5333 2360 5402 c0piis
2401 5331 2612 5400 Alpium
2654 5333 2804 5387 nives
2845 5333 3090 5397 emensi,
3127 5332 3179 5384 in
3215 5331 3378 5384 Italize
3418 5330 3574 5399 plana

1998 5431 2369 5494 pervaserunt.
2417 5423 2602 5491 ibique
2648 5437 2768 5476 cum
2804 5421 3041 5492 poculis,
3075 5421 3210 5476 cibis
3248 5437 3310 5476 ac
3349 5421 3580 5478 lavacris

2000 5513 2349 5590 emolliretur,
2385 5511 2587 5566 Marius
2610 5514 2797 5580 quinto
2819 5511 3006 5567 consul
3032 5519 3086 5564 et
3112 5511 3353 5565 Catullus
3386 5512 3579 5566 adver-

2001 5619 2120 5657 sum
2149 5617 2242 5657 eos
2275 5604 2423 5657 missi
2442 5613 2594 5658 sunt.
2621 5603 2722 5670 Qui
2746 5603 3062 5658 Hannibalis
3090 5603 3359 5672 ingenium
3383 5604 3576 5667 secuti,

2003 5693 2055 5747 in
2097 5692 2292 5748 nebula
2330 5693 2691 5764 deposuerunt
2725 5709 2956 5765 pugnam
2987 5694 3116 5749 etin
3156 5691 3268 5748 sole
3298 5693 3576 5765 disposue-
