3964 6172
397 295 532 351 1065

1413 278 1805 337 FRECULPIII
1843 276 2300 365 LEXQVIENSIS
2339 275 2643 333 EPlSCOPl

3509 272 3671 327 "36$

375 409 517 455 eunt.
560 397 653 455 Sol
685 411 917 469 namque
949 411 1072 453 cum
1095 404 1257 451 vento
1293 404 1447 450 ortus
1473 411 1537 450 ex
1568 393 1796 449 adverso
1826 391 1956 448 emi-
1991 395 2037 453 A
2067 389 2190 444 dam
2233 388 2320 442 die
2366 386 2504 442 festo
2542 387 2846 441 concitatur
2876 386 2928 439 in
2957 400 3080 440 eum
3111 385 3357 457 populus.
3398 386 3680 457 Namque

375 491 504 556 cuit,
536 493 684 546 visus
726 488 1071 544 inimicorum
1109 487 1289 557 pulvis
1317 485 1582 556 opplevit,
1619 493 1675 539 et
1705 485 1958 554 splendor

374 579 666 635 hebetavit.
707 578 784 633 Ita
814 576 1017 634 factum
1046 585 1211 633 estut
1253 586 1402 632 tanta
1431 593 1495 631 ac
1527 575 1786 631 terribilis
1816 573 1957 628 mul-

376 668 549 723 titudo
570 669 790 723 minima
824 668 1193 723 Romanorum
1222 667 1399 732 clade,
1425 682 1520 722 sua
1550 674 1730 719 autem
1773 664 1957 719 ultima

376 754 742 817 internecione
787 760 1106 817 caederetur.
1146 759 1375 815 Centum
1405 757 1763 828 quadraginta
1794 755 1960 809 millia

375 867 559 907 eorum
590 862 716 909 tunc
739 852 791 907 in
817 852 957 908 bello
981 867 1139 918 caesa,
1170 851 1450 922 sexaginta
1481 848 1647 903 millia
1678 854 1832 916 capta
1870 864 1961 901 re-

376 941 641 997 feruntur.
677 941 928 998 Mulieres
972 950 1152 997 autem
1179 956 1366 996 eorum
1396 955 1495 1009 per
1530 938 1700 993 multa
1736 937 1965 990 misera-

369 1033 502 1089 bilia
526 1033 719 1087 mortis
745 1047 944 1104 genera
981 1047 1255 1099 sesecum
1295 1031 1536 1103 parvulis
1564 1030 1676 1084 suis
1713 1029 1832 1083 neci
1868 1028 1962 1082 de-

376 1126 589 1181 derunt.
633 1126 709 1180 Ita
749 1124 802 1179 in
851 1125 936 1180 bis
970 1123 1180 1179 duobus
1224 1123 1426 1194 praeliis
1456 1129 1700 1177 trecenta
1737 1119 1965 1189 quadra-

377 1215 525 1284 ginta
549 1214 715 1269 millia
738 1224 1013 1285 perempta
1060 1223 1204 1280 sunt,
1232 1213 1437 1284 absque
1468 1213 1751 1267 innumera
1776 1212 1965 1266 mulie-

377 1318 497 1358 rum
524 1304 888 1370 multitudine,
923 1320 1045 1375 quae
1085 1320 1145 1359 se
1190 1319 1424 1374 suosque
1453 1303 1705 1374 parvulos
1732 1303 1964 1357 femineo

376 1393 580 1459 furore,
622 1394 823 1449 virtute
850 1403 1028 1449 autem
1073 1394 1252 1459 virili,
1294 1395 1713 1451 dilaniaverunt.
1759 1394 1967 1461 Quibus

376 1484 542 1540 etiam
576 1484 1074 1540 diebusPublicius
1102 1484 1379 1539 Malleolus
1424 1482 1685 1538 Romanis
1716 1482 1962 1552 incogni-

379 1585 492 1632 tum
540 1587 668 1633 ante
725 1577 937 1634 facinus
977 1579 1331 1650 perpetravit.
1397 1578 1679 1650 Siquidem
1733 1587 1964 1633 matrem

379 1686 533 1725 suam
569 1670 863 1737 interfecit,
894 1672 1065 1727 servis
1102 1672 1486 1727 adnitentibus.
1519 1673 1693 1739 Quam
1735 1673 1803 1727 ob
1838 1686 1969 1726 can-

379 1776 494 1816 sam
515 1761 804 1817 damnatus
828 1762 1131 1832 parricidii,
1155 1762 1473 1832 insutusque
1494 1762 1548 1817 in
1571 1761 1805 1827 culeum,
1827 1771 1881 1816 et
1913 1761 1965 1815 in
1998 1740 2042 1799 Β

380 1867 530 1907 mare
555 1850 826 1922 projectus
856 1860 957 1932 est.
1007 1852 1086 1908 Eo
1110 1854 1326 1923 quidem
1373 1862 1618 1923 tempore
1643 1854 1697 1907 in
1729 1852 1886 1925 Syria
1917 1862 1972 1908 et

380 1943 507 1997 Asia
535 1942 855 2010 Antiochus,
882 1944 974 2013 qui
997 1954 1051 1998 et
1072 1943 1255 2007 Orfus,
1282 1944 1576 2014 regnabat;
1602 1944 1688 1997 cui
1712 1944 1972 1998 successit

382 2036 678 2091 Antiochus
710 2035 942 2107 Crippns
965 2077 980 2102 ,
1035 2037 1126 2106 qui
1159 2038 1228 2091 ab
1284 2035 1547 2090 Antiocho
1575 2034 1768 2106 Cytino
1807 2051 1974 2106 regno

382 2126 588 2197 pulsus,
606 2140 669 2181 ac
683 2140 871 2180 rursus
892 2124 1124 2196 Crippus
1144 2125 1461 2188 Antiochus,
1486 2134 1741 2193 superato
1761 2123 1971 2195 Cytino,

391 2231 615 2286 regnum
653 2217 875 2286 recepit.
907 2216 985 2271 lta
1024 2232 1090 2270 ex
1119 2217 1460 2271 successione
1490 2216 1773 2270 adversum
1803 2230 1861 2269 se
1891 2215 1975 2269 di-

387 2312 683 2378 micantes,
715 2312 1013 2383 regnabant
1041 2311 1213 2382 Syria:
1260 2319 1316 2365 et
1349 2309 1511 2364 Asize.
1555 2308 1763 2375 Quibus
1790 2308 1977 2363 diebus

388 2398 600 2454 Marcus
631 2399 917 2455 Terentius
941 2398 1115 2454 Varro
1149 2399 1520 2470 philosophus,
1553 2407 1609 2452 et
1633 2396 1823 2452 Cicero
1850 2412 1979 2450 nas-

387 2498 604 2543 cuntur.
638 2490 852 2545 Marcus
895 2490 1089 2545 Furius
1119 2500 1296 2560 poeta,
1332 2498 1689 2560 cognomento
1723 2485 1975 2557 Babylus,

392 2580 635 2635 nascitur
660 2580 959 2636 Cremonae.

1004 2693 1231 2751 CAPUT
1268 2693 1359 2748 XI.

395 2814 470 2868 De
495 2814 712 2867 diversis
740 2811 937 2884 praelii:
960 2822 1115 2884 atque
1139 2810 1499 2884 seditionibus,
1531 2825 1623 2863 seu
1649 2807 1714 2861 de
1741 2823 1978 2884 porrigi-

464 2885 587 2947 diis,
618 2877 1073 2954 qute'Alexande'r‘
1100 2882 1358 2954 secundas
1389 2896 1480 2933 rex
1518 2889 1563 2933 et
1610 2877 1853 2954 sacerdos
1880 2878 1983 2931 Ju-

464 2949 699 3008 da'orum
731 2969 848 3007 cum
874 2952 1101 3006 externis
1130 2950 1431 3005 nationibus
1458 2966 1550 3004 seu
1587 2949 1802 3019 propria
1830 2956 1980 3018 gente

465 3027 639 3094 gessit.

464 3136 857 3204 Ptholomacus,
901 3135 992 3205 qui
1034 3143 1089 3190 et
1114 3134 1437 3199 Alexander,
1472 3132 1628 3205 pulso
1666 3149 1831 3204 regno
1858 3133 1980 3189 Fis-

394 3245 531 3285 eone
558 3228 910 3293 Ptbolomtco,
955 3244 1053 3299 per
1079 3237 1307 3281 matrem
1338 3225 1679 3295 Cleopatram
1714 3236 1769 3281 et
1802 3226 1855 3280 in
1882 3226 1986 3297 Cy-

395 3336 552 3392 prum
588 3321 894 3384 secedente,
945 3319 1192 3389 regnavit
1235 3318 1391 3373 annis
1430 3317 1637 3372 decem.
1681 3315 1987 3386 lterumque

395 3415 773 3480 Ptbolomaeus,
804 3415 896 3484 qui
936 3430 967 3468 a
1008 3422 1182 3468 matre
1222 3412 1397 3467 fuerat
1434 3410 1660 3481 ejectus,
1710 3428 1988 3483 regressus

397 3506 464 3561 de
494 3505 641 3578 fuga,
694 3522 919 3578 regnum
965 3506 1226 3571 obtinuit,
1263 3514 1317 3560 et
1358 3505 1602 3576 regnavit
1638 3505 1795 3559 annis
1841 3512 1985 3568 octo,

397 3601 652 3671 quoniam
683 3599 1069 3663 Alexandrum,
1095 3596 1187 3668 qui
1212 3606 1337 3652 ante
1360 3612 1481 3651 eum
1503 3594 1700 3661 fuerat,
1730 3593 1800 3649 ob
1822 3594 1989 3649 inter-

399 3691 684 3747 fectionem
712 3698 870 3745 natos
904 3689 1049 3751 cives
1097 3688 1438 3758 pepulerant.
1485 3687 1529 3739 A
1574 3684 1990 3740 reaadificationc

400 3805 531 3844 vero
581 3787 764 3858 templi
804 3785 930 3840 anni
974 3793 1101 3840 sunt
1134 3782 1513 3854 quadringenti
1559 3780 1861 3836 duodecim.
1898 3778 1993 3834 Ju-

401 3881 639 3935 dteorum
667 3893 796 3933 vero
836 3876 1211 3948 pontificatum
1243 3881 1299 3929 et
1326 3888 1589 3945 regnum,
1629 3880 1690 3926 ut
1727 3869 1992 3941 prmmisi-

404 3985 544 4034 mus,
589 3978 713 4040 post
739 3976 971 4024 mortem
1001 3960 1244 4031 Joannis,
1287 3963 1629 4019 Aristobolus
1660 3968 1988 4032 susceperat.

403 4061 522 4130 Quo
549 4062 714 4117 etiam
759 4069 1008 4124 mortuo,
1042 4066 1102 4113 ut
1128 4072 1290 4128 supra
1320 4056 1700 4118 meminimus,
1727 4052 1987 4117 Janneus,

405 4151 496 4221 qui
528 4159 585 4206 et
604 4150 933 4212 Alexander,
963 4148 1079 4218 ejus
1110 4147 1301 4213 frater,
1330 4162 1557 4218 regnum
1586 4146 1792 4216 pariter
1819 4151 1875 4198 et
1901 4159 1993 4199 sa-

406 4239 705 4295 cerdotium
730 4237 1038 4294 Judazorum
1066 4236 1319 4302 obtinuit,
1351 4242 1406 4290 et
1435 4234 1490 4289 in
1532 4234 1680 4289 cives
1705 4248 1833 4288 suos
1866 4248 1993 4287 cru-

408 4331 679 4387 delissime
704 4330 972 4402 regnavit.
1012 4329 1148 4384 Dum
1178 4327 1322 4383 enim
1350 4325 1580 4381 vinculis
1622 4325 1818 4395 quibus
1838 4322 1995 4393 jussu

2058 479 2377 550 plerumque
2401 478 2572 547 epulae
2605 475 2897 532 seditiones
2924 477 3268 541 accendunt,
3297 492 3393 532 nec
3428 477 3684 533 videba—

2061 578 2152 625 tur
2180 571 2403 626 insidias
2428 585 2586 640 posse
2612 570 2991 638 comprimere,
3020 568 3123 623 nisi
3151 570 3467 639 peregrinos
3488 571 3685 625 habe-

2060 673 2145 719 ret
2186 665 2405 719 auxilio.
2437 665 2604 736 igitur
2627 663 2833 718 crebris
2861 678 2983 718 cum
3013 663 3229 732 propria
3256 671 3413 734 gente
3449 663 3689 733 pmliis

2062 755 2227 825 gestis
2256 754 2501 825 superior
2529 754 2727 819 factus,
2755 769 2863 807 non
2897 752 3077 806 minus
3105 752 3495 823 quinquaginta
3526 752 3683 806 mir-

2062 848 2201 901 libus
2223 844 2533 900 Iudaeorum
2561 858 2658 914 per
2682 858 2775 899 sex
2808 857 2980 897 annos
3009 841 3298 897 interfecit.
3330 841 3440 897 Nec
3470 853 3688 898 tamen

2061 939 2305 994 victoriis
2328 938 2631 1001 laetabatur,
2658 936 2913 1007 quoniam
2935 935 3089 1005 regni
3116 934 3199 991 sui
3228 937 3372 989 vires
3400 950 3692 990 consum-

2063 1040 2265 1099 pserat,
2299 1030 2439 1084 unde
2464 1045 2588 1083 cum
2618 1026 2817 1082 Judmis
2847 1027 3149 1082 conabatur
3177 1027 3542 1082 reconciliari.
3590 1026 3687 1081 Illi

2066 1128 2248 1173 autem
2280 1118 2697 1173 inconstantiam
2741 1117 2859 1186 ejus
2904 1130 3223 1184 morumque
3250 1116 3583 1169 varietatem
3626 1115 3688 1169 in

2063 1220 2272 1267 tantum
2320 1211 2565 1276 oderant,
2622 1216 2682 1263 ut
2725 1207 3100 1278 percunctanti
3157 1221 3374 1261 causam
3417 1222 3686 1275 quonam

2064 1311 2224 1373 pacto
2269 1316 2362 1356 eos
2402 1301 2593 1355 sedare
2621 1306 2834 1369 posset,
2870 1297 3112 1352 dicerent
3161 1314 3174 1349 :
3228 1294 3287 1350 Si
3327 1306 3685 1350 moreretur.

2068 1392 2201 1445 Nam
2232 1391 2323 1444 vix
2352 1390 2520 1445 etiam
2569 1396 2785 1443 mortuo
2826 1387 3049 1442 daturos
3076 1385 3314 1449 veniam,
3360 1400 3460 1439 cur
3490 1384 3687 1439 multa

2068 1485 2333 1539 scelerate
2375 1481 2612 1536 fecisset.
2669 1478 2937 1549 Pugnavit
2982 1477 3147 1531 etiam
3194 1491 3317 1530 cum
3360 1474 3683 1541 Demetrio,

2069 1591 2231 1646 quem
2273 1573 2442 1629 Judaei
2482 1579 2849 1627 evocaverunt
2891 1570 2995 1625 sibi
3039 1569 3093 1623 in
3137 1568 3417 1621 auxilium.
3468 1567 3516 1620 Α
3554 1583 3687 1638 quo

2071 1670 2243 1723 victus
2271 1666 2498 1721 recessit
2522 1665 2576 1718 in
2607 1671 2841 1718 montes.
2884 1661 3170 1716 lmmutata
3197 1659 3393 1728 quippe
3420 1657 3684 1723 fortuna,

2071 1760 2173 1824 sui,
2190 1757 2282 1827 qui
2308 1771 2430 1812 eum
2449 1755 2600 1825 prius
2613 1752 2988 1816 deseruerant,
3007 1748 3376 1804 misericordia
3401 1748 3560 1814 moti,
3588 1763 3689 1803 re-

2070 1850 2374 1920 linquentes
2403 1846 2756 1909 Demetrium,
2786 1842 2854 1898 ad
2881 1841 3245 1897 Alexandrum
3269 1855 3439 1909 usque
3471 1840 3541 1894 ad
3574 1855 3685 1894 sex

2072 1940 2237 1996 millia
2287 1953 2346 1993 se
2392 1935 2757 1992 contulerunt.
2810 1932 3051 2000 Quorum
3097 1931 3302 1985 virtute
3347 1938 3575 1993 auctus,
3619 1946 3685 1986 se

2071 2031 2212 2087 bello
2238 2028 2527 2098 reparavit.
2575 2024 2883 2080 Demetrius
2910 2023 3072 2093 hujus
3097 2020 3469 2089 inclinationis
3494 2020 3683 2075 desti-

2075 2120 2281 2177 tutione
2309 2118 2536 2182 fractus,
2564 2131 2691 2171 mox
2739 2114 2863 2169 inde
2897 2127 3148 2184 egressus
3177 2120 3284 2176 cst,
3324 2127 3431 2166 non
3482 2120 3679 2166 tamen

2076 2212 2284 2282 reliqua
2312 2207 2598 2263 multitudo
2629 2206 2697 2260 ob
2726 2205 3036 2259 abscessum
3071 2202 3394 2256 auxiliorum
3420 2200 3686 2254 simulta-

2078 2314 2161 2359 tes
2182 2301 2429 2372 deposuit
2459 2315 2473 2353 :
2506 2299 2601 2354 sed
2632 2312 2755 2351 cum
2785 2294 3091 2349 Alexandro
3123 2293 3310 2347 tandiu
3348 2291 3492 2347 bello
3531 2294 3683 2346 assi-

2078 2395 2186 2449 duo
2228 2391 2543 2455 decertavit,
2591 2389 2779 2451 donec,
2830 2385 3101 2456 plerisque
3130 2382 3454 2446 interfectis,
3495 2382 3685 2436 victor

2077 2483 2385 2539 Alexander
2438 2488 2666 2536 cancros
2710 2485 2899 2546 captos
2945 2471 3371 2544 Hierosolymam
3416 2470 3680 2525 adduxit.

2082 2576 2283 2633 Verum
2312 2573 2669 2629 immoderata
2691 2568 2822 2624 fecit
2836 2565 3136 2629 iracundia,
3158 2572 3218 2618 ut
3238 2562 3534 2618 crudelitas
3555 2562 3684 2631 ejus

2080 2669 2150 2727 ad
2183 2666 2517 2738 impietatem
2560 2678 2731 2734 usque
2759 2662 3077 2733 procederet
3103 2675 3117 2709 :
3143 2656 3487 2727 octingentos
3525 2655 3683 2711 enim

2084 2773 2270 2818 eorum
2293 2758 2346 2812 in
2372 2757 2546 2813 media
2568 2755 2785 2810 civitate
2804 2750 2953 2806 cruci
2975 2747 3184 2812 aﬂixos,
3206 2746 3462 2801 mulieres
3482 2760 3687 2800 eorum

2082 2861 2244 2923 atque
2266 2850 2406 2905 ﬁlios
2429 2849 2482 2903 in
2505 2852 2797 2915 conspectu
2824 2843 3061 2913 ipsorum
3090 2837 3322 2901 necavit,
3350 2845 3518 2906 atque
3549 2837 3684 2900 hoc,

2080 2954 2278 3018 potans
2304 2950 2359 2997 et
2384 2956 2506 2996 cum
2535 2939 2648 2995 suis
2672 2935 2990 2992 concubinis
3018 2932 3286 2988 recubans
3311 2971 3327 2995 ,
3354 2939 3687 3000 prospecta-

2085 3036 2197 3091 bat.
2224 3034 2430 3088 Tantus
2460 3038 2640 3085 autem
2669 3024 2924 3097 populum
2965 3032 3139 3078 terror
3166 3021 3382 3084 invasit,
3412 3029 3479 3073 ut
3509 3019 3685 3072 etiam

2088 3126 2314 3184 diversa:
2339 3124 2512 3194 partis
2542 3118 2770 3176 studiosi
2795 3116 3042 3188 proxima
3071 3123 3227 3169 n'cte
3262 3121 3470 3182 septem
3508 3111 3688 3166 millia

2085 3229 2243 3276 extra
2287 3226 2457 3274 totam
2505 3214 2746 3271 Judaaam
2784 3211 3142 3283 profugerint.
3192 3207 3429 3276 Quorum
3478 3208 3689 3263 exsilio

2088 3327 2234 3367 mors
2258 3307 2549 3363 Alexandri
2577 3305 2700 3360 ﬁnis
2731 3303 2851 3358 fuit.
2899 3300 3032 3357 Cum
3060 3297 3320 3369 ejusmodi
3360 3296 3528 3352 factis
3558 3307 3689 3352 tan—

2089 3408 2209 3463 dem
2239 3418 2382 3474 aegre
2407 3402 2577 3456 otium
2608 3398 2759 3471 regni
2781 3396 3083 3468 quaesisset,
3101 3393 3169 3448 ab
3189 3392 3356 3446 armis
3384 3392 3689 3461 requievit.

2091 3498 2233 3567 Ergo
2260 3494 2350 3565 qui
2380 3492 2541 3547 latius
2563 3490 2680 3560 ejus
2701 3496 2856 3544 actus
2886 3485 3030 3542 scire
3055 3481 3308 3546 voluerit,
3341 3482 3571 3536 tertium
3591 3482 3690 3537 de-

2093 3592 2293 3647 cimum
2320 3585 2540 3655 Iosephi
2587 3583 2784 3638 librum
2818 3577 3157 3647 antiquitatis
3201 3574 3454 3631 Historia:
3500 3573 3693 3645 legem

2094 3677 2324 3734 curabit.
2367 3673 2498 3729 Belli
2543 3680 2725 3726 autem
2782 3667 3026 3738 requiem
3071 3672 3316 3721 secutum
3364 3671 3450 3718 est
3506 3663 3688 3718 morbi

2093 3767 2438 3840 principium.
2475 3764 2576 3832 Qui
2602 3760 2878 3832 trigesimo
2904 3758 3136 3829 septimo
3166 3755 3317 3827 regni
3346 3770 3492 3810 anno
3520 3754 3692 3809 mori-

2093 3871 2203 3916 tur.
2240 3855 2467 3927 Conjugi
2498 3869 2608 3910 sua:
2634 3850 2956 3908 Alexandra:
2980 3848 3133 3918 regni
3166 3846 3386 3916 reliquit
3412 3846 3693 3917 guberna-

2095 3950 2233 4015 cula,
2262 3946 2477 4003 Iudaeos
2517 3945 2573 4000 ei
2602 3943 2686 3998 vel
2721 3940 2954 3996 maxime
2979 3938 3261 3993 audientes
3290 3936 3406 3991 fore
3434 3950 3548 3991 non
3583 3935 3692 3990 du-

2094 4041 2295 4102 bitans.
2322 4038 2467 4109 quod
2492 4035 2650 4107 longe
2676 4034 2745 4089 ab
2770 4033 2887 4103 ejus
2911 4030 3228 4086 crudelitate
3258 4028 3601 4097 discrepans,
3632 4039 3695 4083 et

2096 4130 2368 4203 iniquitati
2396 4127 2657 4184 resistens
2677 4165 2693 4191 ,
2719 4121 3153 4179 benevolentiam
3183 4119 3288 4175 sibi
3319 4119 3507 4191 populi
3537 4134 3694 4175 eom-

2095 4228 2362 4296 parasset,
2392 4230 2569 4289 neque
2592 4231 2718 4287 spes
2750 4229 2872 4270 eum
2899 4211 3109 4268 fefellit.

2690 4324 2919 4383 CAPUT
2954 4323 3066 4378 XII.

408 4419 593 4475 fratris
622 4419 870 4491 alligatus
917 4418 1114 4482 fuerat,
1159 4424 1242 4473 est
1276 4415 1484 4472 solutus
1502 4457 1517 4482 ,
1551 4416 1809 4486 quoniam
1837 4423 1995 4470 aetate
2019 4437 2072 4498 Ῑ)
2097 4421 2346 4500 patellis
2367 4419 2649 4500 socialibus
2686 4432 2812 4500 quia
2834 4414 3058 4500 liomani
3082 4410 3554 4500 perpessiquando
3575 4420 3696 4491 tota

408 4510 588 4581 major
613 4518 734 4564 erat
772 4507 982 4563 caeteris
1014 4506 1273 4562 fratribus
1309 4507 1446 4573 suis,
1472 4517 1528 4562 et
1566 4506 1811 4561 molestia
1857 4520 1996 4575 pra:-

410 4608 557 4655 stare
577 4598 879 4662 videbatur,
907 4612 1003 4651 rex
1027 4596 1232 4667 pariter
1260 4595 1560 4651 ludaaorum
1580 4603 1636 4649 et
1654 4594 1894 4665 pontifex
1915 4602 1999 4650 est

413 4688 737 4745 declaratus.
755 4687 863 4742 Sed
888 4687 995 4753 ille,
1009 4694 1278 4757 potestate
1297 4686 1512 4755 adepta,
1536 4684 1758 4740 fratrem
1777 4685 1994 4755 quidem

414 4778 641 4835 alterum
672 4793 897 4850 regnum
923 4784 1266 4847 appetentem
1293 4775 1528 4841 occidit;
1560 4773 1790 4828 alterum
1814 4783 1996 4830 autem

412 4869 524 4925 vita
553 4875 886 4933 contentum,
935 4866 1131 4922 ablatis
1156 4867 1340 4932 rebus,
1369 4864 1688 4921 substantiis
1714 4864 1996 4930 nudatum,

414 4973 601 5015 secum
629 4957 836 5013 habuit.
864 4956 1114 5012 Praelium
1149 4957 1312 5012 etiam
1344 4972 1466 5011 cum
1495 4953 1825 5010 Ptbolomaeo
1855 4970 2002 5010 com-

417 5051 607 5117 mittit,
636 5051 834 5106 multos
862 5051 1078 5122 quidem
1108 5050 1345 5106 hostium
1373 5048 1623 5119 peremit,
1649 5048 1745 5103 sed
1775 5049 2001 5105 victoria

417 5143 473 5198 in
500 5141 815 5199 Ptbolomaei
844 5150 1000 5213 parte
1026 5142 1348 5212 propensior
1378 5139 1496 5194 fuit.
1547 5137 1684 5194 Cum
1718 5138 2002 5194 Theodoro

416 5244 597 5291 autem
642 5235 753 5290 filio
805 5235 1037 5289 Zenonis
1083 5235 1280 5304 szepius
1317 5231 1623 5298 dimicavit;
1662 5241 1718 5286 et
1753 5232 2002 5302 superior

415 5326 610 5392 factus,
639 5328 704 5382 dc
731 5326 1161 5397 possessionibus
1207 5324 1352 5381 illius
1380 5323 1598 5380 castella
1638 5332 1694 5378 et
1737 5322 1851 5377 loca
1881 5337 1999 5375 mu-

315 5453 319 5458 ε
418 5418 533 5470 nita
571 5432 668 5473 suo
712 5431 876 5487 regno
906 5414 1166 5483 adjunxit,
1210 5414 1460 5484 quamvis
1499 5429 1530 5467 a
1575 5412 1859 5468 Theodoro
1885 5409 2000 5478 eius

417 5507 690 5562 exercitus
719 5520 890 5576 usque
924 5506 990 5560 ad
1019 5504 1204 5560 decem
1235 5504 1401 5558 millia
1432 5519 1606 5560 caesus
1634 5502 1921 5559 referatur.
1950 5500 2001 5557 Is

420 5611 652 5665 namque
695 5612 817 5652 cum
861 5596 1061 5652 Gazam
1104 5605 1159 5650 et
1203 5593 1413 5650 Batiam
1461 5603 1622 5663 atque
1673 5591 1999 5648 Antidonem

421 5687 843 5756 perdomuisset,
872 5687 1166 5743 seditiones
1191 5683 1495 5743 Judaaorum
1521 5697 1840 5757 perpessus,
1868 5696 2004 5752 quo-

2167 4492 2331 4549 ltalia
2356 4491 2420 4545 ab
2443 4491 2515 4544 eis
2543 4482 2813 4556 defecit,et
2835 4487 2899 4539 de
2925 4482 3175 4555 portentis
3199 4482 3330 4537 diris
3349 4490 3509 4551 atque
3526 4482 3702 4536 mira-

2169 4564 2358 4619 bilibus
2382 4578 2500 4633 qua’
2519 4561 2631 4613 lucc
2653 4557 2793 4611 mala
2817 4563 3211 4627 prwcesserunt.

2171 4675 2379 4745 Quibus
2402 4673 2567 4729 etiam
2597 4669 2784 4726 diebus
2811 4667 3084 4722 Romanos
3122 4657 3447 4731 multiplices
3470 4669 3698 4732 pertur-

2096 4771 2367 4851 baverunt
2384 4766 2740 4826 calamitates,
2760 4759 3008 4838 quamvis
3025 4755 3139 4825 jam
3162 4755 3368 4851 domini
3392 4754 3696 4851 multarum

2101 4859 2473 4921 vocitarentur
2500 4852 2761 4923 gentium,
2782 4864 2916 4920 quas
2940 4847 3230 4903 succincta:
3254 4844 3544 4899 brevitatis
3566 4857 3694 4913 gra-

2104 4951 2179 5006 tia
2211 4959 2585 5005 transcurrere
2611 4942 2798 5000 statui.
2835 4940 2943 4996 Sed
2971 4939 3019 4994 si
3055 4937 3148 5009 qui
3181 4952 3277 4993 eas
3301 4934 3519 5006 plenius
3549 4934 3707 4989 scim

2103 5044 2354 5106 voluerit,
2380 5042 2628 5113 quintum
2649 5037 2847 5090 librum
2869 5030 3045 5087 Orosii
3058 5031 3219 5102 legat.
3240 5028 3413 5100 Igitur
3440 5025 3707 5081 Saturni-

2103 5151 2224 5201 nus,
2248 5133 2498 5189 tribunus
2517 5129 2708 5200 plebis,
2732 5125 2955 5182 excitati
2980 5121 3241 5178 tumultus
3264 5120 3319 5174 in
3336 5118 3483 5175 Urbe
3499 5125 3709 5172 auctor

2101 5224 2329 5289 exstitit,
2385 5221 2476 5290 qui
2522 5233 2646 5274 cum
2691 5215 2860 5271 Mario
2913 5212 3132 5270 consule
3178 5217 3333 5266 sexto
3373 5216 3431 5264 et
3462 5205 3706 5262 Glaucia

2102 5325 2332 5386 praetore
2359 5308 2706 5381 conspiravit.
2748 5306 2990 5361 Primum
3019 5301 3292 5358 Metellum
3318 5297 3702 5361 Numidicum,

2104 5384 2281 5461 virum
2321 5400 2669 5463 acerrimum,
2707 5397 3070 5459 innocentem,
3100 5407 3200 5463 per
3249 5388 3426 5445 scelus
3443 5384 3706 5455 judicnm

2105 5496 2199 5568 qui
2226 5492 2467 5563 eiusdem
2491 5488 2741 5545 factionis
2765 5492 2943 5550 erant,
2973 5484 3027 5538 in
3050 5481 3301 5539 exsilium
3331 5480 3497 5534 totius
3525 5474 3705 5533 Urbis

2108 5586 2294 5644 dolore
2320 5584 2601 5639 miserunt.
2633 5579 2778 5635 Idem
2805 5576 3129 5632 Saturninus
3151 5572 3484 5634 Memmium,
3508 5568 3703 5622 virum

2109 5690 2289 5735 acrem
2308 5683 2363 5731 et
2387 5673 2676 5742 integrum,
2701 5668 2818 5726 ﬁeri
2838 5665 3111 5725 consulem
3139 5666 3352 5729 timens,
3379 5659 3600 5727 occidit,
3624 5673 3705 5714 ac
