3964 6172
244 228 279 283 Ἰ
292 231 394 288 065

1380 222 1792 281 CHRONICON.
1822 250 1888 263 —
1928 219 2092 276 TOMI
2132 219 2151 273 I
2190 219 2315 274 LIB.
2355 217 2438 273 VI.

3367 218 3390 272 I
3402 217 3508 275 066

251 344 449 399 deinde
504 338 902 394 contentionem
957 351 1121 407 agens
1159 334 1212 389 in
1252 336 1409 389 domo
1440 348 1569 397 sua,
1605 333 1673 387 ab
1708 331 1828 385 aliis
1856 334 1904 392 Α
1928 336 1984 382 et
2008 336 2133 382 octo
2158 326 2322 381 millia
2352 326 2465 395 ipse
2491 325 2785 382 Marsorum
2809 325 3096 381 interfecit.
3117 324 3281 396 (Συρία
3301 338 3514 391 autem,

257 435 571 500 imperator,
613 429 680 482 ab
717 426 835 481 aliis
861 441 989 480 vero
1036 441 1128 479 rex
1170 434 1256 480 est
1296 424 1610 494 appellatus.
1656 422 1828 489 Quam

253 521 615 575 temeritatem
640 517 975 587 indignantes
1003 514 1248 577 Romani,
1277 523 1497 568 auctore
1515 511 1683 566 Mario
1705 525 1832 565 con-

252 611 391 673 snie,
410 610 759 664 Saturninum
773 617 827 661 et
849 605 963 675 ejus
989 605 1239 661 factionis
1267 613 1516 659 auctores
1542 602 1831 659 interfece-

254 710 400 755 runt.
419 703 657 767 Quorum
676 700 817 755 bona
843 698 1081 753 omnium
1112 697 1428 768 publicanda
1455 700 1828 751 decreverunt.

251 792 462 861 Itaque,
477 789 777 845 interfectis
797 798 958 844 tanta:
972 788 1358 857 conjurationis
1378 788 1664 852 seditiosis,
1680 786 1834 857 quies

249 878 451 949 populo
476 877 595 931 fuit.
623 875 749 937 Inde
773 876 1027 942 Rutilius,
1053 878 1136 930 vir
1161 876 1560 947 integerrimus,
1592 870 1833 946 pe‘rjurio

242 967 492 1039 iudicum
506 968 893 1022 condemnatus
910 978 1009 1021 est.
1026 967 1125 1034 Qui
1143 968 1429 1039 Smyrnam
1446 968 1829 1037 commigrans,

249 1057 558 1112 litterarum
609 1056 802 1112 studiis
846 1057 1084 1111 intentus
1123 1058 1421 1112 consenuit.
1477 1057 1644 1127 Igitur
1693 1055 1834 1112 Julio

248 1149 466 1205 Caasare
492 1158 546 1202 et
568 1148 748 1203 Marco
774 1147 1019 1219 Philippo
1043 1149 1374 1213 consulibus,
1403 1149 1673 1203 intestinis
1702 1164 1832 1203 cau-

247 1243 348 1306 sis,
391 1241 590 1296 sociale
616 1242 815 1296 bellum
845 1249 1013 1295 totam
1045 1242 1337 1295 commovit
1373 1241 1600 1295 Italiam.
1652 1241 1833 1310 Siqui-

248 1333 374 1386 dem
416 1331 599 1385 Livius
629 1332 852 1396 Drusus,
885 1332 1130 1386 tribunus
1156 1331 1348 1399 plebis,
1375 1331 1599 1385 Latinos
1641 1345 1833 1385 omnes

247 1438 344 1493 Spe
365 1423 630 1478 libertatis
655 1423 881 1485 illectos,
906 1437 1027 1477 cum
1056 1423 1311 1492 placitum
1337 1423 1553 1492 explere
1576 1436 1680 1476 non
1710 1436 1834 1490 pos-

246 1522 353 1577 set,
386 1514 442 1566 in
470 1528 619 1566 arma
657 1513 933 1567 excitavit.
975 1512 1180 1579 Quibus
1209 1511 1364 1565 malis
1397 1511 1636 1565 Anesius
1678 1510 1833 1580 [Dru-

246 1616 343 1655 sus
364 1640 378 1665 ,
408 1600 571 1654 tantis
599 1599 755 1654 malis
779 1598 996 1670 anxius]
1025 1599 1165 1653 domi
1196 1614 1307 1653 sua:
1325 1639 1340 1663 ,
1380 1598 1587 1651 incerto
1616 1595 1832 1666 quidem

1934 434 1964 473 a
1998 418 2230 474 Vestinis
2253 428 2308 473 et
2331 417 2521 472 Marsis
2554 418 2816 473 deductus
2841 418 2894 471 in
2924 417 3167 483 insidias,
3204 433 3325 473 cum
3351 432 3516 473 exer-

1933 511 2043 565 citu
2070 510 2369 564 trucidatus
2392 516 2495 564 est.
2537 508 2733 563 Lucius
2760 525 2890 563 vero
2928 507 3101 563 Julius
3128 509 3331 575 Caesar,
3356 520 3504 579 post-

1933 616 2097 670 quam
2138 600 2277 669 apud
2327 598 2605 653 Eserniam
2660 600 2831 653 victus
2869 598 3168 668 aufugerat,
3217 600 3507 657 contractis

1933 691 2170 761 undique
2193 689 2363 759 copiis
2405 690 2660 749 adversus
2687 687 2957 744 Samnites
2982 698 3034 744 et
3076 690 3323 746 Lucanos
3347 690 3506 746 dimi—

1933 796 2082 844 cans,
2115 780 2284 834 multa
2328 780 2563 834 hostium
2609 778 2774 833 millia
2820 778 3108 834 interfecit.
3157 779 3400 850 Cumque
3440 781 3510 834 ab

1932 872 2169 927 exercitu
2194 872 2485 940 imperator
2507 869 2802 940 appellatus
2825 878 2988 935 esset,
3018 870 3351 940 Romamque
3378 888 3485 927 nun
3512 900 3513 903 η

1936 963 2041 1017 tios
2064 962 2131 1016 de
2158 962 2383 1016 victoria
2411 961 2665 1025 misisset,
2708 970 2927 1016 senatus
2952 977 3156 1031 sagam,
3187 963 3285 1018 hoc
3312 972 3396 1019 est
3419 980 3520 1021 ve-

1935 1060 2072 1107 stem
2100 1051 2372 1115 musroris,
2403 1067 2475 1119 qu
2494 1066 2563 1104 .m
2593 1059 2784 1106 exorto
2810 1052 2994 1106 sociali
3026 1052 3164 1108 bello
3185 1062 3513 1123 sumpserat,

1933 1141 2035 1195 bac
2062 1155 2156 1210 spe
2184 1141 2455 1195 arridente
2482 1141 2745 1209 deposuit,
2779 1150 2939 1211 atque
2966 1143 3246 1212 antiquum
3266 1152 3402 1214 toga:
3422 1145 3518 1197 (ie-

1932 1245 2115 1286 corem
2143 1230 2494 1298 recuperavit.
2530 1229 2731 1285 Marius
2753 1231 2945 1286 deinde
2968 1246 3063 1285 sex
3104 1231 3272 1286 millia
3302 1231 3510 1286 Marsu-

1935 1336 2056 1374 rum
2098 1320 2313 1385 cecidit,
2353 1329 2559 1390 septem
2602 1321 2765 1376 millia
2795 1323 2962 1378 armis
2989 1324 3159 1378 exuit.
3209 1323 3353 1396 Sylla
3392 1339 3513 1379 cum

1933 1413 2121 1482 viginti
2150 1420 2378 1481 quatuor
2404 1415 2721 1469 cohortibus
2746 1415 3024 1470 Eserinam
3054 1417 3269 1480 missus,
3307 1418 3397 1472 ubi
3426 1434 3511 1472 ar-

1934 1507 2175 1561 ctissitua
2205 1505 2483 1569 obsidione
2513 1505 2740 1559 Romani
2784 1507 2931 1561 cives
2974 1517 3030 1561 et
3076 1508 3276 1564 milites
3301 1524 3513 1579 preme-

1934 1598 2169 1662 bantur,
2222 1597 2457 1650 maximo
2500 1595 2641 1651 bello
2693 1604 2750 1650 et
2802 1596 3032 1666 plurima
3082 1600 3229 1653 ccede
3277 1600 3513 1655 hostium

245 1701 475 1747 auctore
499 1730 515 1757 ,
562 1690 879 1747 interfectus
917 1700 1023 1746 est.
1062 1691 1233 1761 Igitur
1279 1690 1548 1753 Picentes,
1600 1688 1826 1751 Vestini,
1860 1685 1905 1743 B
1933 1688 2121 1743 urbem
2144 1688 2426 1756 sociosque
2453 1688 2707 1741 servavit.
2737 1687 2937 1743 Gneius
2960 1689 3248 1758 Pompeius
3271 1690 3513 1746 Picentes

248 1782 492 1849 Marsini,
524 1782 747 1854 Peligni,
790 1782 1104 1847 Marrucini,
1131 1782 1425 1847 Samnites,
1450 1780 1673 1844 Lucani,
1710 1793 1834 1834 cum

246 1872 427 1926 adhuc
475 1871 742 1927 occultam
781 1872 1135 1927 defectionem
1182 1873 1593 1934 meditarentur,
1638 1868 1834 1925 Gaium

245 1961 543 2016 Servilium
588 1969 895 2032 praetorem,
943 1961 1177 2031 legatum
1205 1960 1272 2015 ad
1314 1975 1373 2016 se
1401 1962 1625 2016 missum
1650 2001 1665 2025 ,
1695 1961 1835 2030 apud

241 2053 504 2107 Asculum
530 2053 863 2108 occiderunt.
898 2054 1203 2124 Statimque
1231 2054 1413 2109 clausa
1446 2054 1686 2119 civitate,
1713 2069 1833 2108 om-

244 2157 346 2195 nes
372 2141 521 2195 cives
552 2141 824 2198 Romanos
865 2143 1066 2198 indicta
1119 2143 1265 2200 caede
1293 2142 1623 2215 jugularunt.
1653 2143 1837 2199 Conti-

243 2246 357 2283 nuo
382 2230 777 2286 atrocissimam
803 2234 1098 2302 perniciem
1128 2233 1482 2289 infamissima
1509 2249 1836 2304 pnecessere

242 2320 514 2392 prodigia.
564 2320 809 2392 Namque
841 2325 1080 2379 omnium
1113 2340 1369 2397 generum
1405 2324 1682 2389 animalia,
1715 2340 1836 2395 qua:

241 2425 440 2466 manus
469 2411 745 2466 hominum
777 2412 971 2467 blande
1002 2415 1205 2485 perpeti
1237 2427 1399 2486 atque
1423 2414 1566 2470 inter
1589 2416 1836 2471 homines

242 2499 433 2554 vivere
459 2500 617 2554 solita
649 2510 825 2567 erant,
855 2503 1056 2558 relictis
1084 2503 1308 2560 stabulis
1337 2504 1679 2574 pascuisque,
1709 2520 1832 2560 cum

243 2590 428 2646 balatu
457 2632 473 2655 ,
523 2592 737 2647 hinnitu
780 2594 1094 2663 mugituque
1152 2594 1491 2661 miserabili,
1543 2595 1612 2650 ad
1668 2595 1836 2652 silvas

243 2688 569 2750 montesque
596 2680 872 2752 fugerunt.
907 2682 1081 2738 Canes
1108 2700 1342 2754 quoque,
1368 2699 1597 2753 quorum
1629 2693 1834 2741 natura:

242 2777 328 2825 est
356 2779 510 2823 extra
538 2771 786 2826 homines
815 2786 936 2827 esse
968 2788 1071 2827 non
1100 2788 1282 2842 posse,
1318 2773 1639 2844 lacrymosis
1666 2774 1835 2828 ulula-

246 2860 392 2914 tibus
416 2860 535 2931 vagi
567 2860 814 2931 luporum
844 2861 948 2915 ritu
974 2863 1317 2917 aberrarunt.
1352 2862 1506 2918 Tunc
1543 2863 1706 2918 etiam
1733 2865 1833 2920 sub

243 2959 370 3005 ortu
400 2951 531 3006 solis
560 2952 749 3021 globus
780 2955 968 3022 igneus
990 2969 1020 3007 a
1047 2956 1267 3024 regione
1296 2955 1679 3024 septentrionis
1707 2973 1828 3010 ruat

1932 1780 2083 1848 gravi
2111 1779 2295 1849 pnelio
2320 1779 2474 1842 fudit,
2516 1795 2620 1848 qua
2653 1780 2879 1833 victoria
2908 1790 3132 1836 senatus
3160 1782 3429 1837 laticlavia
3462 1794 3518 1838 et

1934 1878 2129 1925 extera
2170 1870 2448 1940 dignitatis
2495 1871 2727 1940 insignia
2778 1873 3001 1940 recepit,
3030 1888 3150 1927 cum
3196 1883 3348 1944 togas
3395 1882 3517 1929 tan-

1936 1962 2211 2016 tummodo
2254 1961 2320 2013 de
2380 1961 2604 2015 victoria
2659 1960 2888 2016 Ctesaris
2937 1963 3170 2031 primum
3217 1967 3519 2033 respirante

1937 2052 2258 2126 [respirans]
2288 2053 2629 2121 sumpsisset.
2661 2052 2883 2107 Porcius
2917 2053 3049 2107 Cato
3077 2063 3296 2123 praetor,
3319 2064 3376 2108 et
3396 2071 3516 2108 rura

1932 2159 2027 2199 sus
2055 2141 2186 2214 [Al.,
2233 2141 2457 2196 Porcius
2487 2141 2620 2197 Cato
2654 2150 2854 2211 pnetor
2902 2142 3180 2206 Etruscos,
3219 2146 3350 2213 etc.|
3399 2142 3521 2198 Plo-

1932 2233 2045 2287 tius
2069 2231 2299 2301 legatus,
2335 2230 2563 2288 Umbros
2604 2232 2836 2301 plurimo
2864 2232 3125 2302 sanguine
3168 2233 3413 2303 impenso
3461 2241 3532 2315 et.

1935 2321 2246 2378 diﬂicillimo
2275 2322 2457 2377 labore
2487 2322 2748 2377 vicerunt.
2781 2321 2952 2378 Gneio
2982 2324 3258 2392 Pompeio,
3292 2325 3352 2378 L.
3384 2323 3518 2378 Por-

1934 2413 2020 2466 cio
2044 2411 2247 2467 Catone
2275 2411 2604 2475 consulibus,
2636 2411 2924 2482 Pompeius
2965 2414 3054 2469 diu
3094 2414 3307 2469 obsedit
3344 2414 3517 2468 Ascu-

1934 2502 2048 2557 lum
2074 2503 2347 2557 civitatem
2378 2521 2391 2557 :
2433 2518 2533 2558 nec
2576 2511 2756 2559 tamen
2781 2513 3182 2575 expugnasset,
3216 2506 3320 2559 nisi
3349 2520 3519 2574 popu-

1934 2590 2045 2645 lum
2090 2591 2144 2645 in
2185 2606 2433 2662 campum
2463 2602 2898 2661 prorumpentem
2939 2594 3256 2664 gravissima
3291 2610 3517 2664 oppres-

1934 2681 2086 2737 sione
2117 2681 2354 2736 vicisset.
2385 2682 2583 2738 Decem
2608 2691 2665 2737 et
2691 2692 2816 2738 octo
2847 2683 3014 2738 millia
3041 2683 3341 2741 Marsorum
3373 2685 3428 2739 in
3449 2700 3516 2740 ea

1932 2786 2111 2842 pugna
2139 2787 2263 2827 cum
2289 2770 2500 2827 France
2520 2772 2843 2841 imperatore
2862 2789 2961 2829 suo
2983 2788 3123 2828 ctesa
3146 2784 3289 2829 sunt.
3318 2775 3517 2829 Eadem

1934 2862 2023 2918 die
2051 2861 2300 2918 Picentes
2327 2864 2600 2932 congressi
2632 2871 2688 2917 et
2718 2864 2841 2918 victi
2869 2872 3013 2918 sunt.
3045 2865 3163 2931 Quo
3185 2865 3350 2919 etiam
3380 2874 3519 2921 tem-

1933 2968 2066 3023 pore
2107 2952 2255 3024 Sylla
2287 2954 2561 3008 Sdmuites
2600 2954 2739 3009 bello
2787 2956 3062 3025 superavit
3104 2964 3161 3011 et
3198 2957 3326 3011 vicit
3360 2974 3372 3010 :
3412 2973 3520 3026 quo

246 3045 488 3099 maximo
510 3045 631 3099 cmli
663 3045 879 3116 fragore
902 3046 1142 3100 emicuit.
1176 3047 1331 3115 Apud
1361 3048 1673 3113 Arentinos,
1705 3063 1829 3102 cum
1858 3031 1901 3091 C
1933 3044 2117 3113 praelio
2162 3045 2461 3100 octodecim
2493 3045 2660 3100 millia
2701 3044 3003 3102 Sanmitum
3032 3063 3173 3103 causa
3201 3059 3343 3104 sunt.
3376 3049 3520 3120 Ergo

242 3151 416 3206 panes
439 3153 538 3207 per
559 3139 805 3193 convivia
837 3138 1231 3210 frangerentur,
1262 3155 1424 3194 cruor
1458 3141 1650 3194 mediis
1680 3140 1832 3209 paui-

246 3228 352 3282 bus
402 3227 576 3283 ﬂuxit.
639 3229 907 3285 Praeterea
977 3245 1073 3299 per
1126 3238 1332 3299 septem
1384 3230 1669 3284 continuos
1716 3230 1835 3284 dies

246 3321 460 3388 grando
499 3319 757 3390 lapidum,
795 3320 1057 3375 immixtis
1081 3321 1247 3375 etiam
1278 3329 1533 3375 testarum
1564 3320 1835 3391 fragmen-

244 3410 339 3475 tis,
372 3419 574 3464 terram
611 3411 869 3466 latissime
910 3412 1231 3466 verberavit.
1278 3411 1337 3464 In
1380 3410 1716 3465 Samnitibus
1743 3426 1834 3465 va-

244 3502 487 3556 stissimo
537 3502 687 3556 hiatu
734 3510 891 3556 terra:
930 3502 1142 3556 ﬂamma
1183 3503 1446 3572 prorupit,
1476 3511 1532 3556 et
1578 3517 1746 3570 usque
1777 3503 1832 3558 iu

244 3597 448 3651 uelum
475 3584 693 3652 extendi
718 3597 831 3651 visa
871 3604 974 3652 est.
1004 3595 1319 3666 Complures
1346 3603 1606 3663 przeterea
1645 3595 1698 3648 in
1742 3596 1831 3649 iti-

245 3703 378 3742 nere
409 3687 593 3742 videre
624 3688 853 3742 Romani
899 3687 1116 3758 globum
1146 3686 1342 3740 coloris
1368 3686 1536 3747 aurei,
1586 3684 1727 3739 cmlo
1764 3686 1833 3739 ad

248 3791 465 3835 terram
495 3780 725 3845 devolvi,
759 3779 1126 3849 majoremque
1151 3780 1373 3845 factum,
1407 3793 1596 3833 rursus
1621 3793 1651 3831 a
1688 3784 1833 3831 terra
1878 3820 1881 3821 ν

244 3873 303 3926 ἰιι
346 3871 577 3926 sublime
625 3872 693 3927 ad
736 3872 1000 3925 orientem
1041 3870 1193 3935 ferri,
1224 3886 1287 3926 ac
1321 3869 1693 3940 magnitudine
1735 3882 1832 3922 sua

244 3964 422 4035 ipsum
450 3964 616 4017 solem
644 3963 933 4018 obtexisse.
963 3963 1131 4032 Igitur
1154 3961 1358 4017 Gneius
1386 3961 1674 4031 Pompeius
1697 3972 1832 4030 prae-

245 4064 333 4109 tor
361 4069 483 4108 cum
514 4054 826 4109 Picentibus
864 4053 1018 4122 jussu
1045 4061 1268 4107 senatus
1308 4051 1505 4105 bellum
1545 4050 1732 4121 gessit,
1775 4056 1832 4103 et

242 4146 425 4199 vietus
446 4154 559 4209 est;
582 4155 866 4214 postquam
890 4144 992 4199 sibi
1017 4141 1290 4196 Samnites
1312 4140 1535 4209 Papium
1561 4138 1830 4193 Mutilium

242 4241 629 4308 imperatorem
673 4236 1046 4309 prtefecerant,
1076 4234 1236 4291 Marsi
1267 4242 1446 4288 autem
1469 4232 1829 4304 Agamemno-

241 4346 373 4385 nem
436 4329 820 4399 archipiratam
865 4333 1336 4397 praeoptaverant,
1394 4321 1567 4377 Julius
1624 4321 1824 4384 Caesar,

243 4419 558 4474 Samnitum
599 4434 776 4490 pugna
809 4419 1002 4483 victus,
1033 4431 1173 4473 caeso
1199 4414 1337 4485 fugit
1376 4413 1640 4468 exercitu.
1672 4411 1826 4466 Ruti-

239 4510 350 4564 lius
380 4508 565 4564 consul
593 4508 817 4563 Marium
841 4510 1201 4579 propinquum
1238 4521 1395 4562 suum
1440 4505 1677 4576 legatum
1724 4504 1827 4559 sibi

239 4603 394 4672 legit,
430 4617 590 4671 quem
619 4600 832 4655 assidue
867 4601 1274 4656 submoventem
1314 4611 1525 4652 moram
1551 4594 1691 4650 bello
1718 4595 1827 4649 uti-

239 4694 351 4748 lem
384 4691 518 4757 fore,
562 4702 617 4745 et
662 4692 929 4761 paulisper
970 4691 1024 4746 in
1069 4690 1265 4746 castris
1308 4687 1551 4744 exerceri
1602 4686 1826 4741 militem

236 4789 498 4849 oportere
537 4781 787 4843 tironem,
832 4778 955 4833 dolo
991 4779 1045 4833 id
1089 4793 1250 4849 agere
1277 4786 1447 4841 ratus,
1477 4774 1821 4843 contempsit,

238 4882 476 4936 seseque
516 4868 571 4921 iu
620 4867 846 4922 insidias
884 4867 1183 4921 Marsorum
1210 4876 1266 4921 et
1294 4868 1602 4921 universum
1631 4879 1825 4934 agmen

242 4957 519 5012 exercitus
540 4958 621 5011 sui
644 4958 891 5011 incautus
928 4957 1130 5027 injecit,
1160 4958 1248 5011 ubi
1266 4966 1320 5011 et
1344 4958 1457 5027 ipse
1478 4955 1665 5010 consul
1691 4954 1831 5010 occi-

234 5060 338 5101 sus
367 5055 422 5099 et
441 5045 591 5098 multi
626 5045 829 5100 nobiles
856 5045 1124 5100 interfecti
1151 5063 1163 5097 :
1195 5054 1250 5100 et
1275 5056 1398 5100 octo
1430 5044 1595 5099 millia
1624 5043 1825 5099 Roma-

238 5151 439 5191 norum
470 5136 697 5191 militum
899 5143 1044 5192 sunt.
1080 5136 1245 5193 Arma
1273 5145 1325 5189 et
1350 5149 1574 5204 corpora
1606 5133 1828 5209 interfeg

235 5242 459 5287 elerum
507 5231 563 5284 in
608 5239 897 5299 conspectu
949 5227 1102 5283 Marii
1142 5227 1312 5299 .legati
1355 5227 1589 5282 Tolenus
1631 5225 1823 5281 ﬂuvius

234 5320 490 5391 pertulit,
517 5330 678 5391 atque
710 5322 762 5375 in
790 5318 1155 5375 testimonium
1174 5317 1343 5373 cladis
1366 5317 1562 5372 evexit.
1600 5316 1818 5382 Marius,

238 5411 417 5482 raptis
445 5412 702 5466 continuo
730 5412 920 5481 copiis,
946 5410 1175 5467 victores
1201 5409 1505 5479 insperatus
1533 5407 1820 5477 oppressit,

315 5537 341 5564 ιι
388 5525 580 5595 Verba,
608 5526 699 5580 sed
722 5526 956 5595 partibus
985 5521 1215 5595 Syllum":
1253 5524 1341 5595 hic
1374 5524 1601 5593 graviter
1627 5524 1822 5576 contri-

240 5596 331 5661 lis,
382 5594 484 5650 hoc
518 5596 634 5653 loco
683 5594 873 5660 textui,
931 5594 1203 5651 nescimus
1239 5594 1399 5661 unde,
1448 5594 1673 5662 iutrusa,
1715 5610 1820 5651 non

687 5688 962 5750 PnaoL.
1015 5688 1201 5749 CVI.‘

1935 3136 2225 3191 Marrucini
2251 3144 2306 3190 et
2333 3135 2538 3193 Vestini
2564 3154 2594 3192 a
2639 3136 2878 3208 Sulpicio
2908 3139 3085 3210 legato
3122 3139 3362 3209 Pompeii
3395 3156 3522 3210 per-

1935 3227 2105 3283 secuti
2132 3235 2294 3297 atque
2322 3229 2518 3282 vastati
2559 3237 2701 3283 sunt.
2732 3228 2815 3283 Ab
2851 3232 3041 3285 eodem
3068 3231 3247 3287 etiam,
3280 3230 3519 3301 Sulpicio

1934 3318 2290 3387 imperatores
2333 3319 2502 3379 Italici
2546 3322 2793 3376 horribili
2823 3322 3009 3391 prielio
3035 3324 3276 3393 Oppres~i
3313 3332 3440 3378 sunt
3463 3335 3523 3380 et

1933 3408 2121 3462 occisi.
2136 3409 2442 3477 Pompeius,
2464 3409 2719 3463 Asculum
2746 3411 3044 3479 ingressus,
3067 3412 3372 3480 praefectos,
3396 3428 3520 3469 ceu-

1937 3500 2179 3553 turiones
2223 3508 2554 3566 cunctosque
2595 3500 2866 3569 principes
2892 3515 3083 3554 eorum
3126 3503 3292 3572 virgis
3321 3504 3518 3560 cecidit

1934 3590 2218 3657 securique
2243 3589 2538 3657 percussit,
2572 3604 2759 3643 servos
2796 3591 3142 3661 praedamque
3168 3607 3384 3646 omnem
3416 3596 3518 3648 sub

1934 3681 2088 3736 hasta
2119 3678 2379 3745 vendidit,
2428 3679 2665 3748 reliquos
2708 3680 2906 3737 liberos
2938 3684 3177 3752 quidem,
3218 3684 3314 3738 sed
3346 3684 3521 3740 nudos

1933 3779 1989 3827 et
2013 3780 2234 3841 egentes
2258 3770 2407 3825 abire
2431 3771 2704 3841 praecepit.

2520 3882 2748 3938 CAPUT
2782 3883 2913 3938 XIII.

1931 3977 2012 4032 De
2037 3976 2273 4032 civilibus
2299 3975 2445 4031 bellis
2470 3977 2753 4050 iquwginter
2783 3975 2983 4047 Syllum
3006 3988 3055 4032 et
3080 3978 3350 4034 Marianos
3372 3989 3519 4050 gesta

2002 4057 2144 4119 sunt,
2163 4057 2210 4119 et
2224 4064 2387 4118 usque
2408 4049 2477 4100 ad
2501 4047 2758 4119 decimum
2773 4064 2970 4100 artuum
2987 4060 3255 4119 protracta
3280 4066 3299 4103 :
3325 4047 3512 4119 quibus

2002 4117 2400 4179 lectissimorum
2413 4127 2616 4171 centum
2634 4117 3008 4188 quinquaginta
3025 4119 3191 4173 millia
3214 4117 3351 4174 caeso
3367 4131 3512 4175 sum.

2000 4228 2169 4301 Igitur
2191 4228 2426 4283 nondum
2456 4227 2608 4282 linito
2635 4228 2819 4282 sociali
2859 4230 3028 4295 bello,
3060 4230 3245 4287 Romae
3273 4233 3508 4302 primum

1929 4320 2128 4376 bellum
2150 4318 2306 4374 civile
2346 4327 2553 4374 motum
2589 4326 2692 4373 est.
2726 4319 3037 4391 Eodemque
3065 4337 3207 4377 anno
3233 4322 3518 4381 Mitridati-

1932 4426 2055 4466 cum
2089 4408 2320 4472 bellum,
2361 4417 2417 4464 et
2444 4409 2490 4463 si
2521 4410 2699 4463 minus
2728 4409 2957 4475 infame,
2988 4427 3093 4467 non
3126 4423 3305 4468 tamen
3335 4415 3512 4471 minus

1931 4514 2097 4572 grave
2116 4509 2353 4570 emptum
2386 4509 2490 4555 est.
2515 4499 2700 4570 Itaque
2723 4499 2923 4556 Marius
2950 4504 3237 4573 septimum
3265 4505 3515 4562 consula-

1929 4602 2065 4655 tum,
2080 4599 2135 4645 et
2154 4589 2352 4644 bellum
2374 4590 2649 4658 suscipere
2670 4588 3049 4645 Mitridaticum
3066 4592 3356 4649 affectavit.
3375 4595 3509 4650 Dum

1930 4681 2090 4752 Syllae
2112 4679 2320 4736 consuli
2349 4688 2538 4734 contra
2560 4679 2883 4735 Mitridatem
2916 4681 2968 4734 in
2999 4681 3183 4738 Asiam
3208 4700 3331 4739 cum
3360 4700 3514 4740 exer-

1929 4774 2038 4827 citu
2076 4772 2407 4842 profecturo,
2438 4771 2492 4824 in
2531 4770 2825 4840 Campania
2876 4773 2991 4827 haec
3029 4789 3118 4829 res
3166 4776 3510 4842 innotuisset,

1930 4862 2211 4919 confestim
2237 4862 2317 4916 ira
2345 4861 2817 4931 indignationeque
2844 4874 3143 4929 permotus,
3171 4866 3396 4920 Romam
3426 4882 3511 4921 re-

1929 4969 2118 5008 versus
2167 4961 2268 5007 est.
2309 4951 2589 5019 Siquidem
2642 4959 2765 5003 ante
2806 4951 3013 5006 Urbem
3055 4953 3206 5007 Marii
3248 4955 3502 5025 legatum,

1929 5045 2084 5116 quasi
2133 5045 2361 5114 primam
2390 5042 2663 5096 victimam
2702 5041 2873 5098 civilis
2911 5044 3068 5110 belli,
3105 5047 3331 5111 occidit,
3380 5063 3506 5101 mox

1931 5139 2134 5195 Urbem
2173 5136 2385 5206 irrupit.
2426 5134 2626 5190 Marius
2650 5150 2779 5191 vero
2804 5153 2927 5192 cum
2955 5155 3269 5208 permovere
3306 5141 3505 5196 nobili-

1929 5241 2114 5296 tatem,
2146 5229 2480 5285 inﬂammare
2517 5229 2745 5298 plebem,
2774 5232 3019 5287 ordinem
3048 5242 3354 5304 equestrem
3382 5249 3506 5304 per-

1927 5337 2160 5386 armare,
2192 5320 2453 5374 adversus
2483 5319 2685 5390 Syllam
2716 5319 2917 5377 frustra
2948 5331 3244 5390 tentasset,
3283 5327 3503 5385 tandem

1927 5413 1982 5466 in
2011 5409 2332 5480 Capitolium
2360 5408 2645 5463 concessit.
2677 5423 2704 5451 α
2751 5408 2856 5467 Sel
2895 5411 3136 5481 partibus
3171 5401 3504 5485 Syllauisvibi

1929 5520 2169 5646 Egnascit
2216 5529 2396 5576 textus
2441 5518 2615 5576 Orosii
2662 5538 2821 5592 quem
2866 5522 3110 5593 sequitur
3146 5523 3499 5596 Freculplms.

1972 5607 2084 5646 Dl‘l'.

1972 5607 2084 5653 DI'I'.

3031 5686 3105 5747 δα
