3964 6172
436 192 574 253 102i?

1475 181 1863 239 FRECULPIH
1905 180 2360 237 l.l"..\0\'lENSlS
2399 178 2697 236 EPISCOPI

3554 183 3692 241 i068

433 309 667 376 graviter
712 303 959 359 contritis
988 343 1002 366 ,
1057 301 1126 355 ab
1169 315 1233 354 eo
1279 297 1486 369 diffugit
1540 313 1732 368 magna
1782 310 2004 350 suorum
2037 298 2079 355 Α
2110 294 2266 357 tanti,
2299 294 2407 347 imo
2444 292 2554 361 jam
2586 292 2741 362 plane
2768 291 3012 362 perditce,
3057 293 3245 363 patriae
3293 308 3452 363 opem
3497 294 3691 352 ferret.

437 402 598 462 caede,
623 398 802 465 ibique
825 403 951 448 tunc
973 390 1241 461 Sulpicius
1265 388 1414 443 Marii
1448 387 1646 457 collega
1669 388 1881 441 occisus
1902 394 2003 439 est.

439 489 639 544 Marius
662 498 873 556 quoque
904 481 1129 552 fugiens,
1153 495 1275 534 eum
1310 487 1727 549 persequentum
1755 475 2008 530 instantia

440 583 825 647 circumseptus
855 581 1013 636 esset,
1040 573 1093 626 in
1116 571 1559 624 Minturnensium
1590 567 1872 637 paludibus
1892 581 2012 620 sese

440 670 663 735 abdidit,
697 682 727 722 e
758 665 951 735 quibus
987 661 1273 717 infeliciter
1300 660 1412 712 luto
1450 658 1647 712 oblitus
1690 657 2011 727 ignominio-

441 773 605 828 seque
630 763 955 826 protractus,
988 751 1128 820 turpi
1164 758 1341 803 autem
1371 747 1676 817 spectaculo
1714 746 2013 801 Minturnas

441 848 703 901 deductus
721 850 1115 909 contrususque
1139 840 1192 893 in
1222 853 1513 902 carcerem,
1547 852 1920 907 percussorem
1947 837 2015 889 ad

441 951 499 989 se
531 935 752 988 missum
782 930 895 985 solo
914 929 1062 982 vultu
1087 927 1370 981 exterruit.
1400 926 1604 978 Deinde
1628 924 1807 993 lapsus
1838 940 1869 977 e
1896 925 2008 976 vin-

443 1026 579 1079 culis
599 1025 650 1077 in
683 1020 922 1074 Africam
953 1015 1269 1087 transfugit;
1303 1015 1585 1083 soluteque
1612 1030 1678 1067 ex
1706 1013 1857 1068 Utica
1885 1012 2009 1074 tilio,

444 1121 532 1174 ubi
575 1120 622 1173 is
671 1118 724 1171 in
764 1114 1005 1170 custodia
1047 1110 1456 1171 observabatur,
1487 1108 1742 1162 continuo
1791 1106 2017 1159 Romam

445 1222 739 1278 regressus,
770 1205 955 1260 Cinnae
984 1201 1191 1256 consuli
1215 1200 1471 1254 societate
1502 1197 1765 1252 scelerum
1789 1196 2017 1265 conjun-

444 1309 563 1355 ctus
583 1306 684 1352 est.
710 1296 875 1364 Igitur
902 1292 968 1346 ad
991 1289 1372 1362 profligandam
1402 1287 1710 1342 universam
1736 1282 2023 1352 rempubli-

444 1404 565 1442 cam
589 1385 887 1441 exercitum
910 1383 1009 1438 sibi
1040 1382 1091 1436 in
1114 1388 1345 1451 quatuor
1357 1385 1539 1448 partes
1565 1374 2021 1431 diviserunt.Tres

446 1479 713 1549 siquidem
756 1475 994 1546 legiones
1023 1473 1191 1527 Mario
1227 1472 1399 1532 datae,
1445 1469 1586 1538 parti
1636 1467 1914 1537 copiarum
1951 1464 2017 1519 (ἱ.

447 1569 624 1623 Carbo
653 1565 972 1637 pmpositus
996 1571 1098 1626 est,
1129 1571 1335 1633 partem
1362 1559 1636 1614 Sertorius
1655 1559 1865 1628 accepit
1889 1576 1902 1610 :
1934 1556 2022 1612 ille

2115 385 2280 453 Igitur
2306 384 2449 454 Sylla
2483 400 2604 437 mox
2634 392 2693 437 ut
2717 382 3072 453 Campanium
3102 384 3252 438 littus
3272 386 3473 454 attigit,
3492 386 3696 441 Nerva.
3778 368 3801 382 I

2116 489 2242 529 num
2259 473 2531 527 consulem
2546 472 2727 542 przelio
2744 472 3027 542 oppressit,
3052 488 3143 526 sex
3160 473 3325 527 millia
3349 483 3477 529 tunc
3503 476 3698 532 Bonna-

2116 578 2307 617 norum
2331 562 2557 616 Romani
2584 561 2990 627 interfecerunt,
3007 578 3097 616 sex
3116 562 3278 617 millia
3294 566 3612 620 eorumdem
3631 568 3698 621 ab

2116 655 2303 709 iisdem
2352 661 2506 723 capta
2548 661 2674 707 sunt
2719 670 2731 706 :
2777 661 2991 707 centum
3033 661 3088 706 et
3132 653 3321 722 viginti
3353 664 3592 722 quatuor
3634 658 3699 711 c’e

2118 744 2332 831 Syllana
2351 751 2503 813 parte
2524 744 2854 798 ceciderunt.
2875 742 3073 796 Fabius
3099 758 3226 797 vero
3253 742 3584 809 Hadrianus,
3614 748 3698 801 cui

2118 835 2400 904 imperium
2429 850 2526 903 pro
2548 843 2779 903 praetore
2796 842 2933 899 erat,
2951 848 3173 904 regnum
3197 832 3393 887 Africa:
3416 850 3699 889 servorum

2119 940 2277 978 manu
2319 922 2610 987 affectans,
2646 923 2785 992 apud
2815 922 3045 986 Uticam,
3078 922 3348 991 congestis
3377 924 3697 985 sarmentis,

2116 1028 2237 1066 cum
2266 1012 2412 1066 omni
2461 1012 2664 1066 familia
2696 1012 2851 1066 vivus
2889 1013 3140 1065 incensus
3184 1019 3288 1065 est.
3336 1010 3699 1081 Damasippus

2119 1111 2335 1171 praetor,
2362 1103 2636 1156 incentore
2658 1101 2827 1155 Mario
2842 1100 3083 1164 consule,
3101 1100 3165 1166 Q.
3180 1098 3483 1164 Scevolam,
3498 1099 3702 1155 G.Car-

2120 1194 2331 1257 bouem,
2365 1191 2422 1245 L.
2450 1192 2762 1257 Domitium,
2789 1190 2851 1244 P.
2887 1190 3201 1257 Antistium,
3228 1191 3283 1244 in
3307 1190 3518 1245 curiam
3547 1192 3703 1261 quasi

2122 1282 2189 1335 ad
2212 1281 2621 1336 consultandum
2649 1289 2887 1345 vocatos,
2911 1279 3282 1335 crudelissime
3313 1280 3537 1335 occidit.
3572 1281 3704 1335 Cor-

2120 1391 2251 1446 pora
2284 1374 2687 1430 interfectorum
2712 1375 2986 1430 carnilicis
3011 1391 3151 1430 unco
3201 1384 3399 1440 tracta,
3450 1385 3619 1447 atque
3650 1378 3702 1431 in

2125 1466 2377 1537 Tyberim
2405 1467 2568 1520 missa
2599 1475 2743 1520 sunt.
2788 1465 2989 1520 Eodem
3046 1474 3286 1535 tempore
3336 1465 3497 1537 Sylla:
3544 1467 3709 1522 duces

2123 1555 2278 1626 plura
2301 1555 2484 1626 przelia
2513 1556 2774 1611 adversus
2822 1556 3091 1611 Marianas
3124 1564 3306 1627 partes
3331 1555 3710 1612 infelicissima

448 1658 655 1714 scilicet
700 1655 1005 1719 Sertorius,
1031 1651 1142 1722 jam
1190 1653 1283 1707 hic
1309 1650 1482 1706 civilis
1529 1648 1651 1704 belli
1684 1649 1930 1703 incentor
1968 1655 2023 1702 et
2054 1644 2096 1703 Β
2125 1645 2382 1701 felicitate
2419 1656 2720 1716 gesserunt.
2768 1646 2901 1703 Nam
2934 1656 2991 1703 et
3035 1648 3099 1716 ρ.
3147 1648 3394 1704 Metellus
3422 1649 3712 1705 Carinatas

451 1748 739 1819 paraiceps,
769 1746 862 1815 qui
892 1746 1074 1808 etiam,
1105 1743 1207 1797 boc
1238 1742 1411 1807 finito,
1444 1741 1587 1796 aliud
1612 1749 1733 1811 post
1759 1740 2030 1811 Hispaniae

453 1840 654 1894 bellum
682 1837 954 1899 excitavit,
990 1834 1129 1904 quod
1172 1849 1270 1903 per
1312 1833 1511 1887 multos
1555 1847 1726 1887 annos
1778 1830 2031 1885 maximis

453 1932 817 1985 Romanorum
846 1928 1088 1983 cladibus
1120 1926 1304 1980 traxit.
1357 1925 1563 1980 Caetera
1601 1939 1730 1979 vero
1759 1924 2032 1979 exercitus

454 2021 628 2091 portio
656 2019 882 2073 Cinnam
924 2025 1107 2070 secuta
1137 2022 1238 2069 est.
1271 2014 1440 2070 Porro
1477 2014 1681 2070 Gneius
1721 2012 2027 2083 Pompeius,

457 2113 548 2181 qui
576 2127 605 2164 a
636 2117 826 2165 senatu
854 2122 974 2162 cum
1004 2107 1246 2160 exercitu
1273 2105 1567 2161 accersitus
1589 2143 1603 2167 ,
1645 2110 1703 2156 ut
1727 2100 2034 2173 reipublicae

454 2201 827 2271 opitularetur,
874 2205 929 2252 et
970 2197 1059 2252 diu
1107 2210 1226 2251 sese
1262 2210 1521 2251 novarum
1574 2208 1757 2249 rerum
1797 2207 2035 2262 aucupa-

457 2294 601 2346 tione
632 2288 1013 2360 suspenderat,
1054 2295 1395 2363 contemptus
1422 2301 1453 2340 a
1483 2285 1651 2339 Mario
1679 2326 1693 2351 ,
1729 2284 1813 2339 vel
1841 2284 2032 2349 Cinna,

455 2381 522 2433 ad
547 2377 849 2441 Octavium,
873 2377 1099 2432 alterum
1122 2376 1419 2440 consulem,
1434 2390 1553 2430 sese
1573 2374 1818 2439 contulit,
1834 2383 1891 2428 et
1912 2389 2035 2428 mox

456 2486 581 2524 cum
607 2469 852 2524 Sertorio
877 2466 1137 2522 conﬂixit.
1161 2465 1433 2520 Infelicem
1455 2480 1685 2535 pugnam
1707 2463 2039 2518 interventus

458 2560 632 2613 noctis
680 2557 916 2611 diremit.
970 2555 1221 2609 Sexcenti
1268 2569 1335 2608 ex
1375 2563 1602 2622 utraque
1643 2560 1795 2621 parte
1843 2551 2040 2606 milites

463 2647 715 2703 trucidati
741 2653 884 2701 sunt.
921 2645 1086 2714 Igitur
1111 2644 1312 2699 Marius
1338 2643 1603 2699 coloniam
1630 2642 1929 2698 Ostiensem
1953 2642 2038 2697 in-

468 2756 705 2812 gressus,
733 2739 914 2794 omnia
946 2739 1018 2792 ibi
1049 2753 1244 2809 genera
1271 2739 1530 2803 libidinis,
1557 2737 1799 2793 avaritiae
1827 2745 1879 2793 et
1912 2753 2040 2792 cru-

471 2831 707 2886 deltatis
736 2830 1000 2884 exercuit.
1028 2829 1316 2900 Pompeius
1362 2829 1582 2884 fulmine
1612 2828 1821 2884 afflatus
1868 2829 2039 2883 inter-

462 2922 543 2975 iit.
592 2918 873 2973 Exercitus
903 2933 1030 2972 vero
1058 2915 1195 2985 ejus,
1241 2917 1543 2986 pestilentia
1571 2924 1869 2987 correptus,
1905 2932 2041 2987 pene

2129 1736 2315 1804 copias
2344 1737 2562 1801 cecidit,
2599 1746 2655 1792 et
2683 1746 2861 1792 castra
2907 1738 3184 1807 pervasit;
3236 1746 3291 1793 et
3323 1738 3388 1794 G.
3421 1738 3711 1809 Pompeius

2130 1825 2391 1881 Carbonis
2418 1827 2718 1897 equitatum
2748 1828 2983 1898 graviter
3009 1829 3317 1884 trucidavit.
3347 1828 3510 1901 Sylla:
3547 1831 3709 1884 etiam

2129 1928 2186 1975 et
2214 1919 2367 1974 Marii
2394 1920 2751 1976 adolescentis
2776 1921 3069 1975 maximum
3097 1929 3226 1975 tunc
3275 1922 3524 1991 przelium
3571 1921 3709 1991 apud

2133 2013 2501 2084 Sacriportum
2553 2014 2671 2068 fuit.
2724 2015 2779 2069 ln
2811 2030 2918 2085 quo
2949 2016 3017 2071 de
3069 2016 3311 2070 exercitu
3362 2015 3521 2070 Marii
3578 2031 3709 2070 casa

2134 2115 2260 2162 sunt
2292 2106 2747 2178 vigintiquinque
2788 2106 2976 2172 millia,
3028 2106 3167 2161 sicut
3193 2106 3453 2161 Claudius
3501 2107 3708 2161 scribit.

2132 2195 2421 2266 Pompeius
2445 2195 2749 2251 Carbonem
2777 2197 2940 2250 etiam
2971 2197 3166 2251 castris
3189 2196 3358 2257 exuit,
3387 2194 3708 2265 fugientem-

2134 2302 2240 2357 que
2261 2288 2557 2351 insecutus,
2591 2302 2732 2342 nunc
2771 2287 3044 2353 caedendo,
3099 2302 3242 2340 nunc
3269 2285 3339 2341 ad
3383 2287 3708 2341 deditionem

2136 2378 2395 2448 cogendo,
2437 2377 2667 2448 plurima
2694 2377 2963 2432 exercitus
3012 2385 3165 2447 parte
3186 2377 3439 2447 privavit.
3471 2377 3711 2432 Metellus

2114 2469 2374 2525 ~Norbani
2414 2485 2604 2540 agmen
2658 2470 2948 2539 oppressit,
2985 2469 3078 2523 ubi
3132 2484 3325 2523 novem
3377 2469 3550 2524 millia
3601 2468 3708 2523 Ma-

2137 2559 2304 2614 rianae
2355 2558 2526 2629 partis
2576 2560 2754 2614 occisa
2806 2567 2953 2613 sunt.
3007 2558 3260 2613 Lucullus
3288 2575 3412 2614 cum
3442 2575 3474 2613 a
3516 2561 3710 2626 Quinto

2137 2649 2494 2715 obsideretur,
2522 2649 2717 2718 erupit,
2750 2656 2805 2704 et
2828 2648 3109 2718 repentina
3150 2664 3326 2719 pugna
3369 2648 3709 2704 obsessorem

2140 2739 2654 2794 delevitexercitus.
2692 2737 2824 2792 Nam
2874 2738 2995 2808 plus
3021 2753 3185 2809 quam
3222 2738 3406 2798 decem
3435 2738 3603 2792 millia
3643 2738 3710 2793 ibi

2140 2837 2269 2884 tunc
2300 2844 2437 2884 czesa
2472 2830 2797 2883 referuntur.
2833 2829 2981 2901 Sylla
3023 2830 3216 2884 deinde
3271 2845 3392 2884 cum
3421 2829 3710 2900 Campania

2143 2919 2275 2991 [Al.,
2301 2918 2617 2991 Lamponio]
2646 2918 2949 2973 Samnitum
3000 2919 3155 2982 duce,
3207 2927 3262 2974 et
3291 2918 3567 2974 Carinatis
3594 2919 3713 2975 reli-

469 3022 617 3066 totus
655 3012 974 3078 absumptus
1002 3019 1103 3064 est.
1138 2992 1279 3063 NamI
1308 3010 1555 3064 undecim
1602 3008 1765 3062 millia
1796 3009 2032 3063 virorum
2071 3016 2113 3072 C
2142 3011 2264 3081 quis
2300 3012 2486 3080 copiis,
2518 3018 2643 3064 ante
2674 3010 2843 3079 ipsam
2889 3008 3087 3064 Urbem
3135 3015 3457 3078 portamque
3497 3008 3708 3063 Collati-

468 3104 533 3156 de
583 3102 780 3156 castris
829 3099 1067 3169 Pompeii
1118 3108 1348 3164 mortua,
1390 3114 1486 3154 sex
1534 3099 1697 3152 millia
1740 3107 1920 3153 autem
1971 3099 2036 3154 de

459 3198 612 3260 parte
626 3188 829 3244 Octavii
857 3187 1093 3242 consulis
1115 3188 1414 3242 desiderata
1435 3195 1563 3242 sunt
1599 3188 1797 3242 Marius
1818 3187 2037 3242 Antium

465 3288 521 3335 et
545 3277 777 3334 Aritiam
803 3277 1051 3332 civitates
1090 3276 1361 3331 hostiliter
1384 3276 1595 3347 irrupit,
1627 3286 1954 3346 cunctosque
1985 3278 2037 3332 in

464 3372 548 3425 bis
572 3379 769 3440 praeter
786 3368 1090 3438 proditores
1115 3366 1408 3433 interfecit,
1431 3368 1570 3423 bona
1601 3368 1714 3424 suis
1737 3369 2035 3439 diripienda

467 3461 728 3532 permisit.
754 3460 884 3515 Post
922 3458 1095 3515 Cinna
1130 3459 1319 3514 consul
1343 3475 1465 3514 cum
1488 3460 1810 3530 legionibus,
1838 3471 1892 3515 ct
1923 3460 2036 3515 Ma-

464 3553 578 3607 rius
633 3566 755 3606 cum
807 3550 1046 3621 fugitivis
1100 3550 1331 3619 ingressi
1387 3550 1623 3615 Urbem,
1677 3551 2041 3607 nobilzssimos

466 3652 709 3709 quosque
735 3654 766 3693 e
801 3646 995 3693 senatu
1041 3646 1096 3692 et
1126 3638 1387 3709 plurimos
1432 3639 1746 3694 consulares
1775 3640 1921 3694 viros
1961 3640 2044 3695 in-

469 3730 702 3785 terfecit.
741 3728 868 3795 Sed,
901 3737 1065 3800 quota
1108 3730 1226 3786 haec
1273 3730 1448 3799 portio
1493 3738 1775 3785 ostentata:
1812 3730 2042 3785 miseriae

468 3832 570 3886 est,
606 3836 713 3874 uno
733 3821 900 3875 verbo
930 3819 1185 3875 dillinisse
1211 3821 1411 3876 caedem
1446 3820 1732 3884 bonorum,
1763 3820 1914 3888 cujus
1947 3821 2044 3875 fuit

469 3920 615 3965 tanta
645 3911 1028 3975 numerositas,
1058 3919 1205 3964 tanta
1235 3911 1585 3977 diuturnitas,
1627 3920 1777 3966 tanta
1808 3912 2041 3966 crudeli-

468 4013 575 4068 tas,
600 4010 749 4056 tanta
772 4017 985 4070 quoque
1012 4000 1322 4056 diversitas?
1353 4000 1427 4055 De
1449 4001 1645 4070 quibus
1662 4002 1823 4056 etiam
1847 4002 2045 4057 auditis

469 4092 670 4162 posteri
708 4093 1150 4162 perhorrescant.
1198 4091 1366 4160 Igitur
1406 4090 1606 4147 Marius
1653 4107 1775 4147 cum
1827 4093 2043 4146 interfe-

470 4192 680 4237 ciorum
709 4181 907 4235 civium
962 4181 1137 4250 capita
1185 4180 1482 4244 conviviis,
1524 4181 1701 4236 oblata
1740 4181 2043 4251 Capitoliis,

471 4273 666 4327 collata
698 4272 907 4335 rostris,
941 4272 1007 4325 ad
1038 4272 1403 4339 spectaculum
1435 4282 1749 4342 congereret
1785 4290 1848 4329 ac
1882 4275 2036 4343 septi-

472 4378 617 4415 mum
668 4361 1009 4416 consulatum
1058 4376 1181 4415 cum
1213 4361 1383 4415 Cinna
1425 4362 1583 4415 tertio
1608 4363 1829 4418 consule
1855 4380 2048 4434 perva-

474 4451 653 4514 sisset,
696 4450 749 4502 in
801 4449 1027 4503 exordio
1075 4449 1375 4503 consularis
1407 4452 1614 4519 imperii
1667 4469 1785 4507 sera
1831 4456 2045 4509 tandem

475 4544 644 4588 morte
671 4545 967 4605 praereptus
991 4544 1093 4590 est.
1124 4535 1290 4590 Cinna
1320 4538 1580 4593 bonorum
1606 4558 1764 4596 ncces
1787 4546 2045 4599 malorum

474 4624 618 4677 (".cdc
663 4623 948 4696 supplevit.
998 4622 1130 4677 Nam
1166 4640 1287 4677 cum
1339 4626 1638 4681 introducta
1686 4645 1783 4697 per
1822 4632 2045 4686 Marium

477 4714 825 4784 fugitivorum
866 4730 1058 4769 manus
1093 4716 1415 4770 insatiabilis
1451 4732 1547 4786 pra
1563 4717 1723 4771 dandi
1755 4731 1898 4774 esset
1931 4723 2049 4776 nul-

475 4805 692 4874 iamque
721 4812 928 4874 partem
964 4806 1273 4861 auctoribus
1317 4809 1507 4876 praua:
1539 4808 1849 4865 consulibus
1893 4813 2050 4866 mini-

474 4903 696 4959 straret,
743 4894 796 4948 in
840 4893 1015 4949 forum
1042 4896 1194 4965 quasi
1233 4898 1482 4968 stipendii
1531 4913 1693 4952 causa
1741 4900 2046 4966 sollicitata,

476 4984 842 5054 militibusque
861 4984 1214 5050 circumdata,
1242 4986 1465 5042 inermis
1486 4988 1751 5042 exstincta
1771 4997 1873 5049 est.
1898 4989 2049 5044 Cresa

474 5087 600 5131 sunt
641 5077 729 5131 illa
760 5079 847 5132 die
872 5078 924 5131 in
952 5077 1069 5131 foro
1101 5077 1265 5133 Urbis
1298 5088 1421 5134 octo
1444 5081 1609 5134 millia
1649 5080 2045 5156 fugitivorum;

477 5164 726 5233 idetnque
752 5164 921 5219 Cinna
945 5206 959 5228 ,
989 5175 1184 5235 quarto
1215 5168 1438 5233 consul,
1469 5169 1536 5222 ab
1562 5171 1803 5226 exercitu
1839 5187 1938 5226 suo
1968 5173 2049 5227 in-

478 5253 734 5309 'ttJI‘fUClUS
761 5265 861 5309 est.
890 5254 1097 5310 Interea
1130 5256 1325 5311 residui
1365 5266 1696 5324 senatorum,
1725 5262 1815 5327 qui
1860 5270 2051 5330 poten-

481 5345 607 5398 tiam
645 5345 857 5410 Cinnae,
916 5347 1068 5402 Marii
1130 5348 1533 5413 crudelitatem,
1593 5351 1857 5406 insaniant
1899 5352 2033 5406 Fim-

482 5440 606 5488 bria:
632 5436 962 5506 Sertoriique
985 5439 1264 5492 audaciam
1287 5436 1408 5508 fuga
1430 5451 1732 5503 cvascram,
1756 5444 2044 5497 transvecti

480 5524 533 5576 iu
578 5523 860 5590 erciaxn,
901 5542 1124 5596 coegere
1175 5528 1421 5598 precibus
1465 5530 1684 5596 S}llam,
1726 5541 1782 5586 ut
1830 5534 2041 5598 pericli-

2077 4325 2124 4383 D

2142 3117 2266 3156 nam
2290 3102 2355 3155 ad
2384 3101 2573 3155 horam
2606 3100 2711 3154 diei
2742 3100 2940 3153 uenam
2969 3100 3122 3169 signa
3162 3098 3409 3161 contulit,
3461 3100 3711 3169 gravissi-

2141 3205 2334 3259 meque
2359 3190 2542 3259 praelia
2574 3190 2793 3245 tandem
2826 3190 2987 3255 vicit;
3022 3190 3293 3260 octoginta
3322 3187 3490 3242 millia
3540 3189 3712 3242 homi-

2140 3298 2267 3338 num
2296 3283 2368 3336 ibi
2399 3283 2515 3337 fusa
2543 3282 2814 3348 dicuntur,
2842 3283 3121 3336 duodecim
3169 3281 3334 3335 millia
3359 3295 3481 3335 sese
3503 3279 3709 3334 dedide-

2142 3381 2310 3437 runt;
2379 3372 2639 3440 reliquam
2698 3371 3094 3425 multitudinem
3144 3371 3197 3425 in
3264 3369 3447 3442 fugam
3506 3385 3712 3424 versam

2142 3462 2464 3516 insatiabilis
2504 3463 2770 3516 victorum
2824 3461 3022 3516 civium
3085 3461 3163 3514 ira
3214 3461 3508 3515 consumit.
3574 3459 3710 3529 Sylla

2142 3567 2267 3607 mox
2300 3551 2505 3625 [atque]
2533 3550 2730 3607 Urbem
2761 3552 2939 3606 victor
2989 3550 3231 3615 intravit,
3293 3549 3400 3603 tria
3430 3549 3597 3602 millia
3624 3549 3713 3601 bo-

2145 3643 2372 3708 minum,
2404 3643 2493 3712 qui
2522 3657 2578 3697 se
2613 3655 2710 3713 per
2764 3641 2971 3712 legatos
3021 3641 3357 3705 dediderant,
3402 3649 3593 3694 contra
3638 3638 3714 3693 fas

2145 3739 2440 3800 contraque
2474 3730 2633 3785 fidem
2661 3732 2863 3797 datam,
2921 3732 3152 3785 inermes
3186 3745 3518 3799 securosque
3557 3730 3715 3782 inter-

2145 3822 2292 3876 fecit.
2324 3820 2545 3875 Plurimi
2575 3829 2705 3875 tunc
2741 3835 2972 3890 quoque,
3005 3830 3062 3873 ut
3092 3836 3195 3874 non
3225 3820 3405 3874 dicam
3460 3821 3714 3873 innocen-

2148 3921 2246 3977 tes,
2279 3910 2370 3966 sed
2406 3911 2570 3965 etiam
2628 3911 2796 3980 ipsius
2825 3909 3059 3981 Syllanzc
3087 3911 3277 3980 partis,
3334 3909 3506 3964 occisi
3551 3918 3671 3963 sunt
3700 3920 3716 3961 :

2148 4019 2284 4072 quos
2321 4003 2486 4058 fuisse
2517 4004 2636 4073 plus
2665 4018 2826 4072 quam
2885 4018 3076 4056 novem
3126 4002 3288 4056 millia
3318 4003 3521 4056 ferunt.
3551 4001 3629 4055 Ita
3657 4001 3715 4054 li-

2150 4098 2279 4151 bere
2323 4112 2422 4166 per
2470 4096 2668 4151 Urbem
2699 4096 2894 4160 caedes,
2940 4095 3349 4165 percussoribus
3397 4095 3596 4164 partim
3627 4109 3718 4145 va—

2148 4187 2419 4256 gantibus,
2451 4195 2510 4241 ut
2538 4199 2805 4255 quemque
2832 4185 2916 4238 vel
2952 4186 3032 4239 ira
3066 4184 3148 4239 vel
3176 4183 3352 4252 prmda
3378 4182 3718 4246 sollicitabat,

2152 4279 2513 4349 agitabantur.
2546 4277 2712 4347 Igitur
2751 4276 2960 4331 cunctis
3010 4275 3123 4343 jam
3154 4275 3294 4343 quod
3324 4274 3524 4344 sirguli
3567 4275 3723 4327 time-

2154 4369 2302 4432 bant,
2331 4376 2518 4437 aperte
2547 4367 2922 4431 frementibus,
2954 4366 3017 4432 ρ.
3073 4364 3293 4420 Catulus
3339 4366 3519 4435 palam
3566 4365 3722 4434 Sylla!

2153 4458 2290 4512 dixit
2314 4474 2326 4510 :
2354 4458 2486 4510 Cum
2511 4457 2705 4525 quibus
2728 4455 2939 4509 tandem
2968 4455 3159 4508 victuri
3191 4469 3400 4515 sumus,
3434 4454 3481 4507 si
3515 4455 3567 4507 in
3589 4454 3723 4508 bello

2153 4557 2408 4611 armatos,
2464 4548 2515 4601 in
2563 4562 2696 4616 pace
2753 4546 2987 4602 inermes
3031 4544 3371 4599 occidimus?
3427 4538 3718 4612 Postquam

2155 4653 2280 4692 vero
2308 4638 2359 4690 in
2392 4635 2536 4691 Urbe
2582 4635 2681 4688 viri
2710 4635 3041 4698 consulares,
3096 4642 3374 4703 praetores,
3424 4643 3722 4696 senatores,

2155 4729 2353 4797 passim
2381 4727 2497 4781 sine
2535 4726 2961 4781 consideratione
2994 4725 3156 4780 deleti
3210 4735 3356 4788 sunt,
3393 4740 3534 4794 quos
3559 4724 3614 4777 in
3641 4736 3724 4777 ta-

2153 4818 2291 4873 bulis
2329 4817 2704 4872 cruentissime
2757 4817 3177 4885 descripserant,
3224 4816 3347 4870 inde
3394 4816 3541 4887 Sylla
3577 4815 3724 4869 Pna-

2154 4917 2304 4962 neste
2337 4907 2616 4978 profectus
2635 4915 2733 4969 est,
2765 4920 2955 4959 omnes
2993 4906 3244 4960 Mariana:
3291 4906 3500 4961 militia:
3528 4905 3727 4976 princi-

2153 5013 2265 5066 pes,
2310 4998 2412 5050 boc
2447 5007 2551 5059 est,
2583 4997 2805 5068 legatos,
2861 5007 3181 5065 qmestores,
3227 4997 3515 5067 prchectos
3541 5007 3597 5051 et
3628 4998 3726 5051 tri-

2154 5087 2344 5149 bunos,
2375 5085 2536 5155 jussit
2577 5086 2769 5139 occidi.
2819 5086 3104 5155 Pompeius
3150 5085 3474 5148 Carbonem,
3527 5085 3731 5139 Maria-

2157 5191 2280 5229 num
2313 5177 2523 5239 ducem,
2573 5177 2624 5229 in
2657 5176 2944 5247 Aigyptum
3000 5175 3184 5246 fugere
3219 5156 3526 5237 conantem,
3574 5190 3730 5230 com-

2152 5266 2439 5332 prehendit
2491 5274 2546 5320 et
2597 5266 2812 5320 occidit.
2864 5266 3009 5322 Idem
3051 5266 3337 5336 Pompeius
3386 5267 3439 5319 in
3484 5265 3727 5319 Africam

2155 5366 2542 5429 transgressus,
2593 5359 2872 5427 eruptione
2899 5360 3043 5412 circa
3077 5359 3283 5414 Uticam
3313 5359 3472 5425 facta,
3506 5359 3727 5413 octode-

2152 5446 2256 5500 cim
2317 5446 2478 5501 millia
2543 5448 2815 5502 hominum
2864 5448 3413 5503 interfecit.Eobcllo
3439 5448 3723 5506 Domitius,

2152 5537 2255 5589 dux
2304 5537 2591 5604 Marianas,
2630 5536 2754 5592 dum
2804 5539 2944 5593 inter
2985 5540 3194 5607 priores
3245 5550 3464 5609 pugnat,
3517 5538 3727 5594 occisus
