3964 6172
343 137 366 190 ί
379 136 482 191 069

1423 122 1833 181 CHRONICON.
1875 153 1944 164 —-
1979 121 2142 176 ΤΟΜΙ
2183 123 2200 176 l
2237 122 2364 176 LIB.
2410 123 2490 176 Vl.

3451 118 3587 174 1070

339 258 441 300 est.
480 244 754 316 [idemque
811 235 1118 310 Pompeius]
1171 236 1374 290 llirtam
1423 235 1686 288 Numidia:
1735 249 1915 304 regem
1945 239 1996 298 Α
2021 233 2316 288 declaravit
2343 233 2676 304 pontificem,
2705 243 2758 290 et
2806 241 3028 306 propter
3062 233 3378 290 modestiam
3409 253 3589 309 regem

339 344 679 406 persecutus,
718 331 1113 402 fugientemque
1143 326 1393 382 omnibus
1442 324 1610 394 copiis
1658 324 1917 377 nudatum

342 427 636 483 interfecit.
693 423 839 496 Sylla
911 425 1124 479 demum
1187 422 1418 476 dictator
1463 429 1678 474 creatus
1727 427 1831 484 est,
1863 425 1965 472 ut.

341 518 705 576 damnationis
741 525 795 572 et
815 515 1153 572 crudelitatis
1209 512 1372 567 libido
1425 511 1634 566 honesti
1687 509 1919 564 nominis

342 611 647 666 reverentia
712 617 770 665 et
811 616 1117 662 armaretur
1169 615 1224 660 et
1266 605 1561 660 velaretur.
1621 602 1920 658 Novissime

343 699 492 770 Sylla
521 707 787 770 potestate
812 698 1052 767 privatus
1085 704 1186 750 est.
1219 693 1332 748 Hoc
1360 695 1466 748 fine
1503 693 1756 748 conclusa
1793 700 1920 746 sunt

339 792 450 846 duo
501 789 641 846 bella
687 788 1080 853 funestissima,
1136 785 1335 841 sociale
1385 785 1652 849 Italicum,
1681 791 1735 838 et
1762 783 1920 838 civile

341 878 638 952 Syllanum.
673 876 801 932 Haec
829 892 926 946 per
949 891 1118 929 annos
1173 874 1359 928 decem
1395 880 1586 936 tracta,
1637 871 1916 942 plusquam

337 981 558 1026 centum
612 966 999 1040 quinquaginta
1052 963 1217 1018 millia
1249 961 1616 1016 Romanorum
1669 976 1918 1016 consum-

337 1068 584 1132 pserunt,
615 1067 932 1126 tantumque
978 1054 1394 1108 lectissimorum
1441 1051 1685 1105 virorum
1726 1067 1920 1106 verna-

337 1151 690 1219 culorumque
725 1144 954 1200 militum
992 1141 1161 1197 Roma
1192 1142 1295 1196 hoc
1321 1140 1466 1196 civili
1494 1139 1634 1194 bello
1664 1140 1916 1210 perdidit,

337 1246 597 1310 quantum
629 1235 684 1291 in
709 1250 772 1290 ea
803 1231 1082 1304 superiore
1133 1241 1396 1302 tempore,
1443 1246 1566 1310 cum
1603 1247 1664 1286 se
1689 1231 1804 1302 jam
1826 1231 1920 1286 ad-

337 1299 531 1386 versus
571 1326 933 1383 Alexandrum
971 1322 1218 1396 Magnum
1247 1299 1702 1394 circumspiceret,
1755 1322 1920 1377 indis-

340 1421 508 1476 cretis
544 1418 794 1474 aetatibus
827 1431 1020 1470 census
1051 1414 1275 1468 invenit.
1303 1413 1572 1468 Praeterea
1600 1413 1748 1468 viros
1792 1428 1916 1467 con-

339 1510 550 1566 sulares
605 1507 825 1580 triginta
875 1513 932 1560 et
985 1513 1236 1576 quatuor,
1289 1504 1644 1574 pnetorianos
1699 1503 1914 1574 triginta

2021 325 2340 388 constituit;
2373 326 2634 378 minorem
2687 333 2866 379 autem
2903 325 3267 381 Aristobolum
3320 327 3592 396 privatum

2019 416 2200 470 vivere
2230 416 2436 480 maluit,
2463 417 2607 484 quod
2639 415 2980 470 ferventioris
3029 427 3173 472 esset
3219 417 3442 490 ingenii.
3471 417 3590 488 Ipsa

2018 521 2147 561 vero
2187 506 2514 571 Alexandra,
2563 508 2653 575 qui
2689 523 2873 563 sacras
2927 517 3282 564 temerassent
3329 508 3497 579 leges,
3525 513 3592 564 ab

2020 594 2173 649 initio
2204 595 2585 659 detestabatur,
2620 595 2858 666 religioni
2902 605 3080 652 tamen
3114 597 3309 654 divina:
3336 601 3594 669 supersti-

2021 684 2156 739 tiose
2207 686 2534 740 deserviens.
2567 685 2681 752 Qua
2711 687 2778 740 de
2829 701 2885 742 re
2907 685 3139 758 jungunt
3177 704 3236 743 se
3263 689 3439 744 eidem
3471 705 3592 744 mu-

2018 774 2137 830 lieri
2165 775 2444 841 Pharis'ei,
2503 778 2772 846 quoddam
2824 776 3132 833 Judaeorum
3161 779 3467 850 collegium,
3499 781 3592 851 qui

2017 878 2214 934 przeter
2239 865 2374 921 alios
2399 867 2654 936 pietatem
2710 868 2887 923 colere
2919 877 3238 938 putarentur
3285 881 3340 926 et
3368 873 3592 941 peritius

2020 957 2164 1029 leges
2189 960 2547 1030 exponebant.
2581 961 2660 1016 0b
2687 976 2807 1016 eam
2839 978 3058 1018 causam
3091 965 3312 1034 prepius
3340 980 3434 1020 eos
3455 967 3595 1035 aspi—

2019 1051 2214 1106 ciebat.
2267 1051 2346 1106 llli
2403 1063 2604 1118 autem,
2633 1054 2892 1122 paulatim
2929 1053 3142 1110 femina:
3191 1056 3591 1126 simplicitatem

2020 1135 2401 1214 despicientes,
2433 1159 2622 1200 omnes
2643 1160 2741 1214 pro
2771 1161 2863 1200 sua
2889 1146 3111 1202 libidine
3138 1147 3502 1202 submovcndo
3527 1161 3592 1202 ac

2019 1234 2354 1305 deponendo,
2387 1235 2670 1290 vinciendo
2706 1251 2768 1292 ac
2802 1238 3059 1293 solvendo
3085 1252 3220 1307 quos
3256 1239 3470 1300 vellent,
3503 1253 3592 1292 or-

2020 1323 2173 1378 dines
2204 1325 2511 1394 reipubliea:
2531 1326 2934 1402 confundebant
2979 1343 3222 1399 prorsus,
3265 1338 3324 1383 ut
3351 1328 3451 1398 ipsi
3477 1327 3594 1396 qui-

2020 1413 2141 1468 dem
2168 1415 2331 1485 regiis
2377 1417 2673 1472 commodis
2699 1415 3027 1485 fruerentur,
3057 1433 3325 1488 expensas
3363 1434 3427 1474 ac
3457 1417 3592 1474 dilli-

2019 1499 2246 1556 cultates
2274 1502 2580 1557 Alexandra
2608 1502 2892 1574 perferret.
2947 1506 3052 1560 Sed
3095 1506 3283 1561 eadem
3313 1507 3450 1561 mire
3479 1506 3591 1562 eal-

340 1619 457 1667 sex,
487 1599 766 1672 sexaginta
793 1597 908 1654 fere
943 1605 1243 1662 senatores,
1270 1597 1473 1665 absque
1501 1596 1799 1651 innumeris
1834 1603 1913 1650 to-
1941 1585 1988 1644 Β
2015 1591 2158 1646 lebat
2211 1609 2300 1647 res
2360 1593 2742 1648 administrare
2793 1595 3046 1664 majores.
3108 1595 3293 1665 Itaque
3327 1597 3590 1666 augendis

339 1695 450 1748 tius
474 1691 637 1747 Italia:
674 1691 904 1762 populis,
935 1689 1030 1760 qui
1078 1689 1280 1760 passim
1325 1688 1442 1748 sine
1486 1688 1916 1744 consideratione

340 1784 510 1842 deleti
546 1791 691 1839 sunt.
723 1783 911 1854 Igitur,
940 1780 1090 1852 Sylla
1122 1791 1360 1846 mortuo,
1384 1779 1634 1850 Lepidus,
1664 1779 1917 1836 Mariana:

341 1873 514 1944 partis
537 1881 794 1936 assertor,
816 1871 1075 1926 adversus
1100 1869 1365 1932 Catulum,
1397 1869 1674 1940 Syllanum
1700 1871 1914 1936 ducem,

335 1977 587 2032 surgens,
626 1959 893 2014 redivivos
932 1959 1195 2014 bellorum
1241 1959 1478 2013 civilium
1507 1959 1718 2014 cineres
1746 1960 1916 2014 susci-

338 2054 493 2106 tavit.
533 2032 840 2107 Bistucatiae
881 2049 991 2123 [Bis
1018 2059 1145 2105 tunc
1175 2049 1312 2123 acie]
1363 2059 1626 2106 certatum
1652 2059 1755 2106 est.
1792 2051 1916 2106 Plu-

341 2143 461 2196 rimi
492 2141 876 2206 ltomauorum,
899 2140 1012 2210 jam
1051 2140 1164 2210 ipsa
1190 2140 1462 2210 paucitate
1493 2141 1835 2204 miserorum,
1859 2148 1916 2196 et

337 2237 516 2290 adhuc
542 2235 630 2290 illo
661 2233 842 2290 furore
870 2233 1272 2299 insanientium,
1301 2233 1423 2288 caesi
1481 2242 1627 2288 sunt.
1680 2232 1916 2288 Albano-

337 2343 460 2382 rum
491 2327 701 2393 civitas,
731 2325 1008 2382 obsidione
1035 2335 1340 2397 oppugnata
1396 2334 1558 2396 atque
1598 2328 1908 2382 excruciata

338 2417 484 2472 fame
541 2417 752 2480 ultima,
812 2416 1195 2472 miserabilium
1260 2416 1611 2488 reliquiarum
1642 2418 1916 2473 deditione

340 2515 553 2564 servata
579 2517 680 2562 est.
704 2507 779 2562 lbi
811 2515 936 2562 tunc
973 2506 1174 2578 Scipio,
1210 2508 1392 2578 Lepidi
1421 2507 1582 2572 filius,
1616 2518 1805 2578 captus
1833 2520 1916 2562 at-

340 2613 446 2668 que
483 2599 694 2652 occisus
721 2605 822 2652 est.
879 2597 1077 2668 Brutus
1109 2597 1163 2651 in
1220 2597 1544 2668 Cisalpinam
1571 2597 1799 2652 Galliam
1829 2595 1914 2651 fu-‘

341 2690 515 2760 giens,
561 2696 916 2759 persequente
969 2687 1242 2758 Pompeio,
1274 2690 1412 2757 apud
1442 2687 1669 2760 Regium
1699 2688 1918 2742 interfe-

341 2790 462 2836 ctus
487 2790 590 2836 est.
619 2781 694 2835 Ita
719 2782 822 2836 hoc
847 2781 1044 2836 bellum
1077 2781 1256 2845 civile,
1303 2795 1408 2834 non
1435 2784 1608 2850 magis
1645 2779 1914 2834 dementia

344 2871 476 2944 [ΑΛ.
508 2869 816 2944 clementia]
844 2869 1038 2936 Catuli,
1067 2886 1228 2940 quam
1258 2870 1415 2925 ttedio
1451 2868 1680 2940 Syllana:
1729 2869 1915 2926 crude-

342 2931 531 3026 litatis,
559 2971 619 3016 ut
639 2961 776 3032 ignis
801 2962 854 3016 in
886 2961 1103 3032 stipula,
1133 2963 1320 3016 eadem
1357 2961 1653 3027 celeritate,
1683 2976 1786 3032 qua
1812 2975 1911 3014 ex-
1941 2931 1986 2993 (ἶ

339 3052 476 3106 arsit
507 3052 746 3106 evanuit.
777 3051 979 3120 Quibus
1000 3053 1164 3108 etiam
1211 3053 1400 3108 diebus
1423 3051 1710 3108 Terentius
1743 3049 1912 3106 Varro

341 3143 396 3198 in
437 3144 711 3214 provincia
746 3142 1078 3200 Narbonensi
1117 3144 1377 3208 nascitur,
1413 3143 1503 3212 qui
1529 3151 1714 3213 postea
1745 3141 1912 3212 trige-

341 3237 541 3292 simum
567 3235 813 3306 quintum
835 3251 1033 3291 annum
1063 3251 1250 3308 agens,
1293 3235 1513 3291 Graecas
1541 3234 1748 3290 litteras
1769 3249 1916 3289 sum—

341 3341 435 3382 mo
458 3327 636 3382 studio
676 3327 879 3382 didicit.
919 3325 1108 3382 Cicero
1137 3341 1372 3395 namque
1413 3325 1652 3380 Athenas
1675 3326 1914 3380 succedit

342 3417 589 3482 Rustico,
613 3414 832 3472 defenso
857 3427 1045 3472 contra
1065 3416 1495 3488 Chrysogonum.
1519 3415 1720 3469 Deinde
1743 3428 1766 3454 α
1795 3423 1916 3486 post

342 3507 638 3562 triennium
667 3507 891 3562 Romam
943 3508 1285 3579 regreditur:
1313 3507 1405 3576 qui
1453 3506 1718 3574 vigesimo
1763 3514 1916 3560 sexto

341 3597 523 3652 :etatis
550 3613 660 3652 sua:
699 3612 840 3652 anno
872 3597 1036 3652 etiam
1073 3596 1351 3664 Quintium
1406 3594 1663 3650 defendit.
1698 3595 1816 3661 Quo
1863 3595 1916 3650 in

345 3702 590 3762 tempore
615 3691 819 3746 Plotius
847 3690 1030 3748 Gallus
1073 3691 1257 3745 Romae
1297 3689 1546 3744 Latinam
1591 3687 1917 3742 rhetoricam

345 3781 554 3851 primus
585 3780 785 3835 docuit.
834 3781 910 3836 De
965 3797 1071 3850 quo
1107 3780 1295 3835 Cicero
1322 3779 1399 3834 sic
1429 3776 1593 3832 refert
1618 3795 1630 3830 :
1661 3775 1918 3830 Memoria

345 3880 526 3937 teneo,
588 3871 740 3928 nobis
772 3873 974 3943 pueris,
1009 3873 1245 3943 primum
1292 3871 1484 3926 Latine
1541 3870 1768 3924 edocere
1814 3885 1921 3924 cm-

347 3961 495 4030 pisse
540 3961 773 4017 Plotium
823 3963 1131 4032 quemdam.
1187 3963 1336 4017 Tunc
1372 3961 1569 4016 Lucius
1597 3959 1922 4028 Pomponius

348 4052 722 4117 Bononiensis,
762 4051 1146 4108 Catillanorum
1195 4050 1639 4124 [Attellanarum]
1669 4051 1920 4136 scriptpr,

347 4143 532 4198 clarus
560 4145 874 4200 habebatur.
905 4145 1191 4201 Lucretius
1217 4146 1381 4200 etiam
1421 4153 1579 4215 poeta
1634 4144 1877 4198 nascitur
1904 4158 1918 4196 :

347 4233 463 4302 qui,
515 4235 774 4287 amatorio
808 4235 998 4304 poculo
1047 4236 1258 4301 hausto,
1311 4235 1363 4288 in
1403 4224 1658 4289 'furorem
1704 4249 1914 4298 versus,

350 4322 562 4391 aliquos
591 4322 756 4378 libros
785 4340 882 4394 per
912 4325 1192 4378 intervalla
1244 4326 1469 4380 insanim
1517 4325 1756 4395 scripsit,
1785 4341 1918 4394 quos

348 4421 533 4482 postea
563 4411 750 4469 Cicero
788 4414 1107 4468 emendavit.

938 4522 1164 4580 CAPUT
1190 4525 1328 4578 XIV.

351 4609 623 4680 chnaute
675 4601 996 4669 Ptlzoloma’o
1062 4614 1334 4680 Dionysio,
1376 4614 1678 4670 Alexandra
1709 4615 1916 4680 Salina,

423 4681 710 4736 Alexandri
743 4685 1065 4756 gregisuxor,
1095 4681 1419 4756 Jurlreorumi
1457 4685 1588 4739 rexit
1628 4686 1918 4756 populum;

421 4761 471 4804 et
499 4767 560 4804 ea
587 4767 704 4822 qua:
733 4753 804 4806 ibi
828 4753 933 4807 illis
965 4755 1291 4824 contigerunt
1316 4755 1517 4808 diebus.

421 4864 783 4920 Ptholomarus
832 4867 1136 4938 Dionysius,
1165 4869 1320 4922 annis
1350 4869 1568 4940 triginta
1593 4885 1608 4935 ;
1637 4885 1668 4923 a
1695 4869 1922 4924 rcaadili-

349 4955 570 5009 eatione
617 4971 746 5010 vero
797 4956 981 5025 templi
1035 4957 1162 5010 anni
1221 4965 1376 5011 erant
1409 4959 1784 5029 quadringenti
1821 4959 1920 5012 tri-

353 5044 525 5113 ginta.
566 5043 811 5116 Reguum
856 5061 984 5100 vero
1005 5043 1310 5100 Judazorum
1356 5047 1662 5101 Alexandra
1714 5047 1922 5112 Salina,

353 5132 644 5186 Alexandri
673 5134 816 5205 regis
843 5150 1000 5234 llon
1026 5144 1084 5188 ut
1106 5135 1487 5204 prremisimus,
1515 5136 1766 5192 habebat.
1795 5136 1925 5202 Qua:

355 5239 482 5278 cum
537 5225 668 5278 duos
709 5225 844 5280 filios
897 5225 1316 5281 ab'Alexandro
1362 5235 1647 5297 generatos
1676 5227 1923 5290 haberet,

357 5321 486 5366 natu
510 5313 726 5382 quidem
763 5314 1057 5369 maximum
1103 5313 1394 5368 l-lircanum
1449 5324 1670 5386 pmpter
1711 5323 1924 5369 :etatem

432 5439 457 5466 ε
513 5427 686 5483 Locus
711 5441 1017 5499 corruptus,
1053 5445 1120 5484 ex
1152 5429 1416 5484 Chronico
1450 5430 1662 5484 Eusebii
1690 5431 1828 5498 apud
1860 5429 1918 5482 S.

361 5497 581 5552 Hieron.
635 5501 712 5554 sic
757 5497 1120 5556 restituendus
1150 5519 1162 5553 :
1194 5499 1377 5554 Roscio
1408 5511 1588 5554 contra
1632 5497 1923 5570 Chrysogo-

2015 1681 2185 1750 copiis
2217 1697 2434 1752 semper
2462 1681 2690 1749 intenta,
2753 1684 3019 1753 duplicem
3078 1683 3330 1740 conﬂavit
3382 1687 3592 1741 exerci-

2015 1779 2148 1826 tum.
2203 1771 2388 1842 Neque
2441 1788 2612 1843 pauca
2675 1776 3081 1845 peregrinorum
3126 1779 3335 1846 paravit
3365 1778 3588 1844 auxilia,

2013 1861 2208 1928 quibus
2237 1877 2341 1916 ron
2374 1864 2534 1917 modo
2579 1872 2779 1918 statqu
2806 1866 2982 1934 gentis
3031 1881 3144 1921 suae
3173 1869 3468 1935 roboravit,
3493 1869 3588 1924 sed

2013 1951 2173 2005 etiam
2203 1953 2544 2007 metuendam
2582 1969 2640 2008 se
2670 1955 2900 2010 reddidit
2924 1965 3160 2011 externa:
3185 1959 3458 2026 potentiae.
3489 1958 3590 2012 ltu-

2013 2042 2240 2111 perabat
2268 2051 2446 2098 autem
2479 2044 2624 2110 aliis,
2651 2061 2840 2100 verum
2867 2046 3155 2102 Pharisaais
3179 2049 3292 2118 ipsa
3324 2049 3464 2104 ultro
3495 2065 3590 2120 pa-

2015 2137 2183 2192 rebat.
2232 2139 2475 2208 Denique
2529 2141 2820 2211 Diogenem
2871 2142 3159 2211 quemdam
3211 2144 3474 2213 insignem
3504 2144 3589 2197 vi.

2015 2243 2154 2292 rum,
2215 2229 2305 2298 qui
2352 2229 2658 2286 Alexandro
2714 2231 2903 2286 fuisset
2957 2233 3338 2298 amicissimus,
3377 2233 3590 2288 interli-

2014 2317 2182 2384 ciunt,
2211 2321 2327 2390 ejus
2349 2320 2571 2375 consilia
2595 2321 2960 2384 criminantes.
3018 2334 3080 2378 ut
3101 2325 3418 2396 octingenti,
3451 2342 3588 2396 quos

2014 2423 2177 2478 supra
2201 2410 2518 2477 memoravi,
2549 2412 2692 2482 regis
2725 2411 2879 2482 jussu
2924 2414 3236 2470 tollerentur
3264 2417 3316 2469 in
3345 2431 3586 2470 crucem.
3619 2406 3623 2414 ’

2015 2503 2376 2561 Nihilominus
2403 2515 2583 2561 autem
2599 2507 2918 2563 Alexandra:
2945 2509 3244 2564 suadebant
3267 2519 3326 2564 ut
3350 2519 3404 2566 et
3430 2511 3585 2574 alios,

2016 2599 2210 2667 quibus
2245 2600 2558 2656 auctoribus
2590 2599 2645 2654 in
2700 2600 2818 2656 illos
2865 2601 3053 2656 fuisset
3083 2601 3393 2656 Alexander
3437 2603 3590 2656 exei-

2018 2697 2185 2754 tatus,
2243 2691 2536 2746 occideret.
2589 2691 2831 2762 Cumque
2879 2692 2964 2748 his
3014 2694 3178 2747 nimia
3211 2693 3591 2763 superstitione

2017 2780 2152 2834 nihil
2178 2781 2518 2836 abnuendum
2545 2789 2780 2850 putaret,
2808 2797 2943 2851 quos
2967 2781 3067 2838 sibi
3091 2783 3354 2850 libuisset,
3380 2799 3443 2839 ea
3471 2800 3593 2856 spe-

2018 2873 2100 2927 cie
2133 2873 2510 2928 trucidabant:
2542 2874 2714 2930 donec.
2740 2875 3060 2946 optimatum
3118 2877 3346 2946 quisque
3375 2877 3440 2930 ad
3465 2876 3588 2931 Ari-

2016 2961 2284 3016 stobolum
2312 2961 2688 3035 confugerent,
2717 2980 2946 3034 quorum
2974 2965 3272 3036 periculum
3303 2966 3587 3038 agebatur,

2016 3060 2179 3122 atque
2207 3051 2295 3107 ille
2322 3053 2483 3108 matri
2513 3054 2781 3123 persuasit
2825 3063 2888 3110 ut
2913 3055 3000 3110 his
3029 3063 3248 3124 propter
3273 3056 3587 3126 dignitatem

2014 3150 2286 3213 parceret,
2341 3143 2561 3199 civitate
2608 3151 2804 3199 'autem
2854 3143 3098 3214 pelleret,
3153 3159 3289 3214 quos
3335 3160 3595 3200 nocentes

2015 3227 2369 3291 existimaret.
2425 3235 2502 3290 Illi
2529 3237 2772 3306 quidem,
2802 3237 2926 3292 data
2961 3237 3063 3291 sibi
3095 3236 3270 3306 copia,
3311 3252 3410 3307 per
3433 3252 3596 3305 agros

2017 3326 2245 3397 dispersi
2307 3335 2451 3382 sunt.
2481 3327 2632 3382 luter
2692 3327 2826 3391 hmc,
2853 3327 3157 3383 Alexandra
3197 3329 3384 3384 morbo
3435 3328 3594 3382 Ialm-

2018 3425 2196 3482 rante,
2223 3417 2403 3470 minor
2429 3417 2546 3484 ejus
2569 3417 2712 3471 filius
2736 3417 3078 3472 Aristobolus
3109 3433 3231 3472 cum
3262 3421 3434 3472 servis
3457 3421 3592 3480 suis.

2017 3520 2153 3572 quos
2184 3505 2378 3560 multos
2405 3507 2660 3571 habebat,
2693 3523 2989 3578 omnesque
3029 3524 3127 3576 pro
3154 3510 3332 3563 (etatis
3379 3512 3592 3564 fervore

2020 3593 2329 3660 fidissimos,
2389 3596 2638 3650 universa
2696 3597 2921 3652 castella
2973 3599 3227 3665 obtinuit,
3263 3611 3316 3655 et
3365 3603 3592 3670 pecunia

2019 3700 2181 3755 quam
2209 3685 2282 3740 ibi
2330 3687 2533 3756 reperit
2579 3687 2862 3744 conductis
2914 3691 3154 3755 auxiliis,
3187 3707 3365 3760 regem
3409 3707 3468 3747 se
3493 3696 3590 3746 de-

2021 3779 2264 3834 claravit.
2297 3780 2376 3835 O'o
2400 3781 2513 3835 luec
2553 3781 2806 3834 miserata
2837 3782 3074 3847 querelis
3121 3783 3342 3838 llircani
3395 3795 3591 3843 mater.

2019 3867 2302 3940 coniugem
2356 3869 2646 3924 Aristoboli
2704 3886 2824 3924 cum
2883 3870 3011 3926 filiis
3051 3872 3274 3926 includit
3329 3872 3468 3942 apud
3495 3889 3632 3942 ca-J.

2021 3959 2234 4012 stellmn
2295 3961 2880 4028 (piodaseptentrione
2925 3961 3051 4016 fano
3111 3963 3382 4032 adjacens,
3436 3964 3596 4026 Daris

2021 4061 2179 4106 antea
2205 4055 2522 4117 vocabatur,
2581 4061 2641 4106 ut
2663 4052 2916 4118 diximus,
2948 4061 3133 4122 postea
3157 4069 3283 4108 vero
3303 4055 3593 4108 Antonium

2021 4142 2458 4212 cognominatum
2485 4149 2589 4205 est,
2615 4141 2914 4210 imperante
2950 4141 3205 4205 Antonio,
3237 4146 3590 4211 quemadmo-

2022 4231 2148 4284 dum
2205 4231 2270 4285 de
2311 4229 2532 4301 Augusti
2585 4237 2640 4284 et
2692 4230 2942 4300 Agrippa:
2992 4231 3209 4284 nomine
3265 4229 3492 4284 Sebaste
3539 4239 3597 4285 et

2023 4320 2290 4392 Agrippas
2313 4330 2368 4376 et
2413 4321 2534 4376 alia:
2587 4321 2832 4375 civitates
2855 4310 3134 4392 appellata:
3161 4330 3304 4374 sunt.
3336 4322 3472 4374 Ante
3509 4329 3594 4372 ta-

2024 4430 2146 4468 men
2175 4413 2477 4468 Alexandra
2503 4412 2732 4467 moritur
2758 4426 2918 4481 quam
2977 4411 3030 4466 in
3053 4409 3418 4465 Aristobolum
3467 4409 3595 4464 Hir-

2025 4507 2146 4561 cani
2192 4504 2416 4559 fratrem
2476 4504 2618 4560 illius
2672 4503 3024 4558 contumelias
3073 4502 3396 4567 vindicaret,
3429 4516 3592 4570 quem

2025 4594 2180 4664 dejiei
2209 4611 2371 4665 regno
2401 4603 2708 4660 curaverat,
2749 4595 2892 4664 quod
2922 4594 3036 4664 ipsa
3068 4609 3258 4648 novem
3291 4608 3388 4663 per
3427 4608 3602 4646 annos

2026 4686 2443 4749 administravit,
2469 4693 2523 4738 et
2553 4685 2725 4740 haeres
2782 4685 2998 4754 quidem
3029 4684 3272 4738 omnium
3319 4683 3379 4736 fit
3411 4681 3601 4737 llirca-

2027 4793 2150 4842 nus,
2177 4777 2260 4830 cui
2293 4791 2515 4846 regnum
2535 4777 2698 4828 etiam
2726 4775 2844 4828 viva
2869 4775 3235 4828 commiserat.

2625 4905 2852 4962 CAPUT
2881 4905 2997 4960 KV.

2025 5000 2102 5054 De
2129 5001 2342 5054 diversis
2377 4998 2670 5068 fragoribus
2706 4998 2956 5068 bellorum
3000 4997 3184 5068 quibus
3217 4997 3382 5050 Roma
3400 5006 3597 5068 perlerf

2098 5073 2198 5123 ritu
2253 5080 2349 5132 est,
2377 5066 2614 5138 quorum
2667 5083 2827 5120 nmmt
2874 5067 2974 5136 fuit
3013 5066 3080 5120 in
3117 5066 3406 5138 Hispania,
3445 5067 3594 5120 aliud

2095 5141 2150 5261 ili):
2183 5135 2513 5258 flare-«lonia,
2563 5139 2768 5190 tertium
2801 5139 2853 5190 in
2876 5135 3224 5208 Pamphylia,
3258 5148 3505 5208 quartum
3539 5137 3594 5189 in

2149 5228 2179 5260 α
2205 5218 2388 5260 malta.

2098 5318 2301 5372 Interea
2333 5317 2471 5386 apud
2509 5315 2778 5372 Romanos
2807 5318 2923 5372 hmc
2965 5318 3306 5388 gerebantur.
3345 5315 3596 5371 Sonanti-

2029 5445 2150 5550 pum
2210 5427 2440 5496 defruso,
2490 5427 2668 5481 Cicero
2711 5427 2936 5482 Athenas
2993 5429 3202 5494 secedit,
3245 5439 3292 5484 et
3317 5427 3460 5492 inde,
3485 5437 3593 5482 etc.

2047 5515 2180 5550 amr.

2047 5515 2180 5552 '.DIT.
