3958 6172
412 245 532 298 lilii

1423 230 1807 302 FREIIJILI‘IIt
1849 231 2296 286 LEXUVIENSIS
2333 231 2628 286 EPISCOPI

3525 234 3660 288 μιτέ

409 364 503 416 Ius
527 357 763 426 undique
795 354 1052 409 bellorum
1101 349 1420 418 fragoribus,
1441 344 1699 415 'qnornm
1731 360 1895 398 unum
1924 344 1976 396 in
2010 349 2055 404 Α
2084 360 2205 396 cum
2241 346 2430 414 poculo
2464 361 2599 416 opus
2627 354 2792 410 esset,
2832 347 3192 400 humanorum
3247 349 3486 416 capitum
3515 353 3661 403 ossi-

411 437 668 519 Hispania
718 453 852 507 erat,
906 443 1049 500 aliud
1081 443 1134 496 in
1186 438 1523 509 Pamphylia,
1577 437 1629 490 in
1668 435 1979 490 Macedonia

412 545 656 605 tertium,
687 547 938 610 quartum
971 537 1022 590 in
1055 533 1342 598 Dalmatia,
1372 529 1660 602 exsanguis
1689 529 1864 582 adhuc
1901 533 1981 579 at-

410 648 514 703 que
543 632 804 685 exhausta
857 625 1108 680 intestina
1167 621 1427 692 pernicie,
1456 629 1712 689 tanquam
1740 615 1979 670 febribus

409 726 652 779 llomana
695 717 1022 788 respublica,
1081 712 1400 784 prapnlsare
1452 709 1620 764 armis
1669 705 1978 762 Occidentis

404 811 906 884 Septentrionisque
935 806 1256 860 fortissimas
1296 808 1484 872 gentes
1511 799 1820 869 cogebatur.
1851 795 1977 850 Ser-

403 909 575 960 torius
597 903 886 974 siquidem,
910 900 996 954 vir
1017 897 1138 953 dolo
1167 905 1328 966 atque
1361 893 1584 948 audacia
1611 899 1822 960 potens,
1851 905 1973 944 cum

403 997 639 1068 partium
695 993 1055 1048 Marianarum
1110 987 1323 1052 fuisset,
1375 983 1578 1056 Syllam
1637 981 1872 1052 fugiens,
1909 996 1973 1034 ex

401 1087 583 1142 Africa
636 1084 876 1154 dilapsus
915 1082 966 1136 in
998 1077 1304 1148 llispanias,
1359 1071 1802 1130 bellicosissimas
1829 1068 1976 1125 fero-

401 1179 753 1246 cissimasque
811 1181 1000 1244 gentes
1057 1170 1110 1224 in
1165 1183 1315 1222 arma
1378 1165 1655 1221 excitavit.
1702 1162 1976 1216 Adversus

399 1271 564 1333 hunc,
597 1277 656 1321 ut
685 1265 922 1320 breviter
947 1261 1231 1323 difiiniam,
1258 1258 1362 1311 duo
1388 1256 1554 1310 duces
1581 1253 1752 1315 missi,
1781 1252 1970 1306 Metel-

403 1363 488 1414 lus
521 1367 574 1413 et
607 1357 870 1412 Domitius
901 1373 912 1407 :
955 1366 1186 1422 quorum
1235 1347 1501 1405 Domitius
1550 1345 1619 1398 ab
1647 1343 1970 1409 Hirtulegio,

303 1499 320 1507 -
400 1451 626 1506 Sertorii
653 1450 810 1518 duce,
838 1461 960 1502 cum
988 1443 1230 1498 exercitu
1251 1452 1542 1509 oppressus
1569 1445 1672 1491 est.
1701 1434 1970 1499 Manilius,

399 1541 681 1613 proconsul
713 1539 921 1603 Galliae,
953 1537 1005 1590 in
1045 1533 1358 1605 Hispaniam
1390 1547 1512 1587 cum
1549 1529 1724 1585 tribus
1751 1527 1975 1599 legioni-

399 1635 498 1689 bus
522 1643 577 1688 et
605 1631 748 1686 mille
771 1627 1080 1700 quingentis
1114 1623 1388 1695 equitibus
1443 1630 1836 1692 transgressus,
1867 1618 1973 1672 ini-

2079 435 2198 500 hns,
2229 437 2468 490 cruentis
2497 437 2869 506 capillatisque
2907 438 3104 499 adhuc,
3154 453 3217 492 ac
3240 453 3337 508 per
3369 438 3662 496 interiores
3741 431 3762 446 ’

2079 541 2340 580 cavernas
2370 525 2507 580 male
2536 525 2731 582 elIosso
2759 527 2981 581 cerebro
3006 525 3211 592 oblitis,
3263 527 3420 582 avide
3447 544 3514 582 ac
3541 530 3664 585 sine

2079 617 2308 672 horrore
2335 626 2592 687 tanquam
2643 619 2786 673 veris
2810 617 3015 688 poculis
3049 619 3344 673 utebantur
3372 637 3386 673 :
3420 637 3661 690 quarum

2077 707 2443 760 cruentissimi
2474 714 2633 776 atque
2661 707 3036 761 immanissimi
3068 705 3310 763 Scordici
3335 719 3514 763 erant.
3548 710 3666 766 llas

2076 799 2281 866 itaque,
2325 809 2382 852 ut
2410 797 2542 860 dixi,
2573 796 2826 853 Claudius
2873 797 3072 866 pellere
3107 797 3436 860 Macedoniae
3459 801 3666 857 finibus

2075 887 2216 942 bello
2272 889 2583 952 attentavit,
2633 890 2951 960 magnisque
2979 903 3038 944 se
3092 889 3356 944 malorum
3423 891 3666 946 molibus

2073 979 2272 1048 oljecit
2300 1000 2312 1034 :
2349 982 2490 1036 unde
2517 997 2660 1046 cum,
2709 981 2892 1036 animo
2939 996 3084 1051 aeger
3104 991 3160 1036 et
3188 982 3334 1035 curis
3363 983 3662 1037 circumse-

2073 1083 2216 1142 ptus,
2269 1073 2458 1127 morbo
2507 1073 2728 1143 insuper
2774 1083 3061 1142 correptus
3089 1082 3251 1137 esset,
3280 1074 3507 1129 interiit.
3539 1074 3658 1129 Ilu-

2067 1161 2157 1232 jus
2183 1179 2466 1218 successor
2488 1161 2804 1219 Scribonius
2831 1172 3216 1218 attentatarum
3232 1165 3498 1234 superiori
3516 1165 3660 1220 bello

2073 1256 2312 1323 gentium
2344 1255 2622 1310 declinans
2649 1256 2778 1322 vim,
2810 1256 2862 1308 in
2890 1254 3216 1309 Dardaniam
3253 1272 3404 1310 arma
3427 1272 3663 1310 conver-

2077 1345 2158 1408 tit,
2194 1360 2424 1414 eamque
2473 1347 2764 1416 superavit.
2805 1345 3030 1400 Publius
3079 1360 3209 1400 vero
3262 1345 3528 1402 Servilius
3554 1363 3658 1401 ex-

2074 1435 2261 1489 consul
2281 1436 2521 1491 Ciliciam
2569 1444 2626 1491 et
2652 1435 3022 1508 Pamphyliam
3074 1437 3444 1491 crudelissime
3487 1437 3654 1491 ador—

2076 1534 2180 1588 tus,
2218 1525 2344 1578 dum
2393 1525 2624 1579 subdere
2653 1524 2854 1590 studet,
2906 1539 3046 1594 pene
3093 1525 3308 1580 delevit.
3337 1524 3561 1598 Lyciam
3601 1537 3658 1580 et

2076 1615 2239 1668 urbes
2294 1612 2408 1682 eius
2437 1615 2686 1668 obsessas
2735 1628 3134 1684 oppressasqne
3184 1615 3344 1684 cepit.
3377 1612 3656 1669 Prmterea

397 1737 706 1793 quamcum
729 1698 1028 1788 Hirtulegio
1081 1729 1315 1786 pugnam
1353 1711 1646 1766 conseruit.
1681 1708 1723 1763 Α
1747 1724 1854 1779 quo
1881 1724 1970 1763 ca-
2000 1698 2044 1756 B
2073 1705 2354 1776 Olympum
2405 1715 2644 1762 montem
2700 1715 3042 1776 pervagatus,
3092 1705 3377 1761 l’hasidem
3425 1704 3658 1778 [Phase-

395 1811 524 1866 stris
560 1809 836 1880 cepiisque
864 1807 1117 1869 nudatus,
1152 1803 1205 1856 in
1243 1801 1498 1871 oppidum
1525 1797 1798 1852 Hilerdam
1829 1811 1969 1866 pene

394 1899 542 1956 solus
593 1897 808 1969 refugit.
871 1895 1132 1955 Metellus,
1191 1892 1378 1947 multis
1433 1889 1635 1961 prteliis
1690 1888 1967 1959 fatigatus,

397 2006 492 2060 per
517 1988 670 2043 devia
693 1988 974 2048 oberrans,
1023 1985 1236 2038 hostem
1288 1994 1436 2036 mora
1476 1979 1757 2049 fatigabat,
1799 1978 1972 2032 donec

395 2079 636 2149 Pompeii
665 2077 860 2133 castris
885 2064 1310 2131 consociaretur.
1347 2069 1656 2141 Pompeius,
1687 2075 1969 2122 contracto

393 2173 534 2242 apud
607 2168 906 2224 Palantiam
979 2165 1246 2228 exercitu,
1325 2162 1624 2216 Lauronem
1673 2159 1966 2220 civita‘em,

393 2279 556 2334 quam
587 2271 718 2317 tunc
765 2259 1042 2316 Sertorius
1092 2254 1457 2327 oppugnabat,
1491 2251 1692 2306 frustra
1742 2256 1969 2304 conatus

396 2353 706 2418 defendere,
731 2352 911 2406 victus
940 2347 1164 2420 aufugit.
1216 2344 1509 2409 Sertorius,
1537 2348 1788 2412 snperato
1817 2338 1968 2409 fuga-

396 2456 558 2513 toque
586 2443 862 2514 Pompeio,
919 2440 1224 2495 Lauronem
1276 2435 1550 2491 civitatem
1587 2431 1967 2488 cruentissime

392 2535 746 2606 depopulatus
788 2542 914 2588 est:
962 2531 1227 2598 reliquum
1277 2542 1469 2596 agmen
1515 2522 1962 2586 Lauronensium,

392 2626 536 2696 quod
562 2623 798 2678 caedibus
822 2619 1184 2690 superfuerat,
1221 2614 1514 2672 miserabili
1547 2615 1600 2668 in
1629 2611 1964 2668 Lusitaniam

390 2717 704 2788 captivitate
732 2711 1060 2768 transduxit.
1127 2709 1440 2780 Pompeium
1494 2714 1697 2770 autem,
1729 2705 1831 2759 hoc
1859 2711 1961 2769 est,

394 2807 540 2862 illum
590 2804 958 2859 Romanorum
989 2801 1206 2865 ducem,
1243 2814 1273 2854 a
1303 2813 1361 2853 se
1383 2797 1586 2852 victum
1635 2795 1800 2851 fuisse
1848 2793 1964 2864 glo-

390 2899 562 2952 riatus
591 2906 674 2951 est
701 2912 716 2948 :
747 2910 906 2965 quem
952 2909 1148 2966 magna
1197 2892 1481 2963 praeditum
1507 2889 1723 2953 ﬁducia,
1764 2887 1829 2942 ad
1860 2888 1964 2943 hoc

390 2987 586 3041 bellum
615 3000 719 3038 non
749 2999 850 3054 pro
898 2983 1140 3050 consule,
1167 2983 1263 3038 sed
1306 2997 1406 3052 pro
1433 2979 1746 3036 oonsulibus
1791 2977 1960 3032 Roma

395 3075 652 3130 misisset.
679 3041 869 3130 Fuisse
899 3081 1028 3128 tunc
1051 3041 1552 3142 Pompeio-triginta
1596 3068 1762 3123 millia
1813 3068 1964 3138 pedi-
1989 3041 2034 3102 Ο

393 3178 524 3229 tum,
561 3165 708 3220 mille
730 3165 959 3235 equites,
991 3164 1158 3220 Galba
1187 3163 1375 3218 scribit
1400 3178 1415 3226 ;
1454 3161 1754 3216 Sertorium
1781 3168 1960 3214 autem

390 3257 669 3328 sexaginta
698 3254 864 3310 millia
915 3253 1184 3324 peditum,
1233 3259 1358 3307 octo
1389 3251 1557 3306 millia
1589 3250 1830 3319 equitum
1865 3250 1962 3303 lta-

393 3349 573 3403 buisse
593 3352 1001 3402 commemorat.
1055 3344 1250 3399 Postea
1298 3357 1428 3396 vero
1459 3341 1811 3412 Ilirtulegius,
1836 3355 1958 3394 cum

395 3438 605 3494 Metello
661 3452 1006 3508 congressus,
1056 3437 1198 3506 apud
1245 3434 1485 3489 Italicam
1517 3431 1712 3486 Belica:
1747 3432 1958 3496 urbem,

395 3531 582 3602 viginti
615 3529 779 3584 millia
833 3527 1061 3583 militum
1091 3525 1341 3596 perdidit,
1379 3525 1664 3592 victusque
1711 3523 1764 3576 in
1801 3522 1962 3576 Lusi-

393 3623 594 3676 taniam
619 3607 952 3690 cum’paucis
978 3616 1192 3688 refugit.
1222 3616 1509 3686 Pompeius
1539 3613 1836 3685 Bclgidam,
1865 3629 1960 3667 no-

390 3715 550 3768 bilem
575 3711 878 3766 Celtiberia:
903 3711 1112 3775 urbem,
1130 3710 1290 3780 cepit.
1311 3708 1586 3762 Sertorius
1617 3707 1808 3761 deinde
1838 3723 1960 3761 cum

395 3803 650 3873 Pompeio
679 3815 1006 3871 congressus
1031 3801 1215 3855 decem
1271 3798 1437 3853 millia
1485 3797 1714 3852 militum
1739 3795 1854 3865 ejus
1882 3798 1961 3852 in-

395 3895 608 3950 terfecit.
637 3911 650 3958 ;
691 3909 754 3948 ex
785 3893 892 3946 alio
921 3907 1112 3956 cornu,
1145 3891 1390 3946 vincente
1417 3889 1691 3960 Pompeio,
1724 3898 1963 3942 tantum-

393 3987 514 4039 dem
542 4000 678 4055 pene
709 3985 821 4053 ipse
875 3981 1126 4052 perdidit.
1184 3980 1347 4035 Multa
1385 3990 1647 4050 praeterea
1702 3981 1845 4034 inter
1868 3995 1962 4034 eos

393 4076 575 4148 praelia
651 4085 800 4145 gesta
866 4083 1010 4128 sunt.
1065 4072 1366 4138 Memmius,
1411 4081 1648 4142 qumstor
1697 4071 1960 4140 Pompeii,

391 4167 641 4235 idemque
668 4165 752 4218 vir
777 4163 984 4218 sororis
1009 4163 1146 4232 ejus,
1175 4163 1387 4217 occisus
1411 4171 1514 4218 est.
1545 4161 1822 4232 Hirtulegii
1853 4161 1963 4214 fra-

393 4265 509 4308 tres
537 4252 828 4307 interfecti.
861 4251 1159 4322 Pcrpcnna,
1217 4253 1306 4321 qui
1339 4268 1396 4306 se
1423 4251 1665 4306 Sertorio
1684 4250 1960 4321 junxcrat,

2073 1797 2188 1870 lim]
2219 1799 2432 1863 evertit,
2459 1797 2732 1852 Coricium
2769 1797 2958 1861 diruit,
3015 1796 3178 1854 Tauri
3209 1812 3423 1866 quoque
3447 1797 3654 1851 montis

2069 1889 2240 1943 latera
2275 1889 2329 1942 in
2358 1887 2602 1944 Ciliciam
2653 1888 2932 1958 vergentia
2986 1895 3380 1958 perscrutatus,
3436 1885 3658 1942 Isauros

2069 1977 2208 2034 bello
2229 1977 2430 2034 fractos
2477 1979 2532 2033 in
2561 1978 2888 2034 deditionem
2920 1977 3144 2048 redegit.
3195 1975 3410 2031 Priums
3447 1976 3651 2031 Roma-

2069 2083 2262 2123 norum
2314 2083 2412 2138 per
2467 2068 2706 2122 Taurum
2756 2068 2909 2123 duxit
2952 2067 3274 2132 exercitum,
3331 2083 3397 2122 ac
3426 2066 3654 2122 limitem

2071 2159 2284 2214 itineris
2314 2159 2460 2215 fecit.
2492 2159 2750 2214 Triennio
2799 2175 3018 2216 emenso
3049 2173 3156 2229 quo
3205 2159 3409 2214 bellum
3437 2169 3653 2230 gestum

2068 2260 2171 2316 est,
2201 2251 2422 2307 Isaurici
2460 2268 2656 2308 nomen
2685 2253 2995 2322 assumpsit.
3037 2251 3334 2308 CosConius
3355 2253 3656 2322 proconsul

2069 2342 2295 2398 sortitus
2312 2342 2600 2414 Illyriorum,
2628 2343 2854 2413 protrita
2871 2343 3203 2412 subactaque
3230 2343 3526 2408 Dalmatia,
3557 2344 3660 2399 Sa-

2068 2435 2240 2498 lonas,
2272 2435 2460 2490 urbem
2490 2433 2946 2502 ﬂorentissimam,
2975 2445 3098 2505 post
3129 2436 3407 2491 biennium
3436 2438 3656 2491 tandem

2065 2527 2392 2597 expugnavit
2411 2535 2466 2582 et
2491 2527 2652 2598 cepit.

2659 2638 2889 2696 CAPUT
2915 2639 3052 2696 XVI.

2065 2731 2143 2786 De
2189 2731 2572 2802 gladiatoribus
2624 2733 2735 2802 qui,
2766 2732 2948 2786 eludo
3000 2733 3322 2802 elfugiemes,
3387 2736 3560 2792 malm
3602 2748 3650 2790 et

2133 2801 2575 2884 perniciosissima
2611 2801 2743 2855 bella
2759 2812 2939 2856 contra
2970 2801 3231 2858 Romanos
3259 2805 3504 2861 dominos
3529 2825 3654 2862 suos

2133 2887 2198 2925 83'
2201 2881 2488 2926 citaverunt
2495 2911 2507 2924 .

2137 2981 2362 3038 Lucullo
2416 2983 2598 3052 itaque
2622 2993 2675 3037 ct
2705 2981 2894 3039 Cassio
2932 2983 3264 3050 consulibus,
3318 2985 3654 3055 gladiatores

2067 3073 2413 3144 septuaginta
2441 3081 2496 3127 et
2531 3081 2766 3142 quatuor
2812 3073 3010 3144 Capua!
3037 3089 3066 3126 a
3100 3073 3224 3129 ludo
3267 3075 3406 3130 Gnei
3435 3075 3651 3133 Lentuli

2065 3163 2408 3234 diffugerunt.
2441 3165 2540 3232 Qui
2573 3166 2848 3231 continuo,
2902 3165 3127 3221 ducibus
3154 3165 3318 3222 Crixo
3343 3177 3398 3222 et
3426 3169 3653 3224 lnomao

2065 3254 2252 3320 Gallis,
2280 3261 2334 3308 et
2378 3253 2644 3327 Spartago
2695 3257 2924 3322 Thrace,
2962 3255 3252 3312 Vesuvium
3290 3268 3536 3314 montem
3561 3277 3652 3317 oc—

2065 3352 2414 3414 cupaverunt.
2450 3344 2603 3400 Unde
2629 3347 3018 3417 erumpendum
3045 3347 3395 3402 adverterunt
3422 3361 3472 3403 ι.
3501 3350 3648 3414 Inde,

2063 3449 2160 3503 per
2188 3433 2551 3500 Consentiam,
2581 3443 2635 3488 et
2657 3433 3018 3504 Metapontum
3051 3437 3428 3502 circumducti,
3463 3437 3651 3509 ingen-

2065 3527 2138 3580 tia
2191 3525 2341 3579 brevi
2399 3525 2611 3596 agmina
2663 3525 3014 3597 collcgerunt.
3066 3525 3199 3580 Nam
3247 3527 3412 3584 Crixo
3459 3529 3648 3583 decem

2066 3615 2295 3670 millium
2332 3615 2642 3680 multitudo,
2674 3616 2938 3687 Spartago
2966 3626 3144 3670 autem
3177 3616 3368 3686 triplex
3402 3626 3533 3672 tunc
3555 3635 3649 3671 nu-

2064 3721 2248 3761 merus
2270 3704 2438 3759 fuisse
2468 3703 2660 3759 fertur.
2695 3705 2943 3759 lnomaus
2967 3705 3112 3760 enim
3134 3703 3246 3774 jam
3275 3705 3328 3759 in
3360 3707 3646 3776 superiore

2064 3797 2202 3851 bello
2226 3797 2402 3852 fuerat
2429 3797 2658 3852 occisus.
2691 3797 2878 3868 Itaque
2909 3813 3032 3852 cum
3057 3799 3320 3864 cmdihns,
3351 3798 3646 3863 incendiis,

2064 3891 2268 3960 rapinis
2323 3889 2631 3959 stuprisque
2679 3891 2860 3944 omnia
2921 3891 3231 3954 miscerent,
3270 3891 3323 3944 in
3367 3891 3647 3960 exsequiis

2063 3984 2289 4053 captivae
2337 3991 2622 4045 matronae,
2675 3997 2794 4051 quae
2837 3997 2895 4036 se
2920 3962 3134 4036 .dolorc
3181 3983 3365 4037 violati
3417 3983 3645 4053 pudoris

2055 4080 2374 4138 necaverat,
2415 4089 2610 4128 munus
2637 4073 3012 4144 gladiatorium
3041 4089 3105 4128 ex
3128 4074 3546 4143 quadringentis
3561 4089 3647 4128 ea

2063 4165 2248 4234 ptivis,
2296 4165 2526 4230 scilicet,
2579 4166 2720 4234 quod
2752 4165 3027 4235 spectandi
3059 4165 3292 4232 fuerant,
3323 4165 3642 4236 spectaturi,

2065 4263 2125 4308 ut
2153 4263 2278 4325 pote
2325 4255 2554 4320 lanistaz,
2607 4256 2961 4326 gladiatorum
2994 4257 3170 4326 potius
3213 4272 3378 4326 quam
3410 4257 3644 4312 militum

389 4347 752 4402 comminutus
778 4353 876 4400 est.
909 4344 1311 4413 Postremoipse
1345 4343 1618 4398 Sertorius
1643 4343 1855 4398 decimo
1875 4344 1963 4398 de—
1993 4395 2042 4454 Β
2068 4345 2356 4414 principes,
2385 4345 2684 4400 ediderunt.
2730 4346 2934 4401 Deinde
2957 4346 3205 4401 consules
3228 4346 3414 4401 Gellus
3434 4356 3491 4402 et
3511 4347 3648 4402 Len-

391 4452 537 4492 mum
565 4451 706 4490 anno
735 4435 856 4488 belli
874 4435 1129 4498 inchoati,
1157 4434 1368 4497 iisdem,
1391 4435 1586 4502 quibus
1614 4442 1668 4487 et
1701 4434 1961 4498 Viriatus,

391 4541 610 4580 suorum
637 4524 773 4577 dolis
797 4523 1128 4582 interfectus,
1151 4524 1308 4576 linem
1325 4523 1463 4578 bello
1493 4522 1638 4586 fecit,
1673 4524 1962 4578 Romanis-

393 4630 496 4686 que
522 4614 806 4667 victoriam
845 4613 961 4666 sine
1015 4613 1182 4682 gloria
1216 4613 1360 4667 dedit
1391 4631 1403 4666 :
1446 4616 1692 4682 quamvis
1730 4615 1965 4684 Perpen-

394 4721 516 4760 nam
560 4712 746 4774 postea
801 4719 925 4772 pars
972 4703 1244 4756 exercitus
1295 4701 1412 4771 ejus
1457 4713 1640 4758 secuta
1689 4705 1778 4770 sit,
1809 4706 1961 4774 quia

397 4797 650 4868 Pompeio
687 4797 880 4860 victus,
904 4810 1025 4850 cum
1065 4794 1316 4848 universo
1344 4796 1581 4849 exercitu
1609 4811 1706 4850 suo
1736 4796 1961 4852 interfe-

395 4903 514 4947 ctus
539 4899 644 4954 est,
672 4891 922 4945 civitates
972 4903 1096 4942 vero
1146 4897 1372 4943 cunctas
1401 4889 1454 4942 in
1510 4889 1765 4960 llispauia
1821 4891 1964 4948 ultro

396 4981 681 5052 Pompeius
700 4996 764 5035 ac
798 4979 916 5034 sine
963 4994 1110 5034 mora
1141 4995 1238 5048 per
1286 4979 1611 5035 deditionem
1671 4983 1877 5051 recepit
1901 4999 1964 5038 ac

395 5071 608 5126 evertit.
649 5071 860 5126 Interea
897 5067 1299 5123 Macedonicum
1329 5068 1526 5122 bellum
1556 5067 1812 5124 Claudius
1845 5086 1963 5125 sor-

401 5166 544 5226 titus,
587 5162 766 5216 varias
816 5169 1024 5230 gentes,
1057 5173 1176 5227 quae
1220 5157 1524 5228 thodopeis
1555 5161 1826 5215 montibus
1853 5163 1964 5216 cir-

397 5251 654 5307 cumfusa:
710 5260 856 5316 sunt,
901 5266 964 5306 ac
996 5255 1122 5304 tunc
1179 5249 1546 5303 Macedoniam
1591 5250 1962 5307 crudelissime

399 5341 806 5412 populabantur,
852 5339 1082 5410 subegit.
1116 5337 1250 5392 Nam
1302 5339 1440 5393 inter
1472 5349 1664 5394 etetera
1696 5341 1839 5394 dictu
1870 5357 1966 5396 au-

398 5440 618 5508 dituque
677 5436 892 5491 horrida
945 5450 1063 5504 qua:
1092 5435 1146 5488 in
1176 5433 1416 5502 captivos
1467 5436 1714 5504 agebant,
1769 5437 1960 5506 captis,

469 5561 493 5586 °
549 5547 728 5610 0ros.,
784 5546 931 5602 Unde
978 5530 1319 5616 erumpentes,
1339 5542 1550 5602 Clamlii
1567 5549 1826 5617 pra'toris,
1873 5551 1961 5618 qui

397 5629 483 5668 eos
515 5617 777 5672 obsidione
823 5619 1080 5682 cinxerat,
1125 5626 1300 5670 castra
1332 5630 1717 5686 expugnarunt,
1748 5617 1960 5690 ipsoque

2072 4436 2214 4490 tulus
2243 4436 2503 4491 adversus
2545 4452 2638 4492 eos
2677 4452 2799 4492 cum
2835 4437 3076 4492 exercitu
3126 4437 3274 4492 missi
3308 4446 3452 4492 sunt.
3505 4439 3648 4505 Quo-

2069 4543 2186 4580 rmn
2217 4527 2423 4582 Gellius
2449 4527 2668 4582 Crixum
2702 4527 2965 4582 acerrime
2991 4536 3316 4597 pugnantem
3341 4529 3532 4598 prrclio
3551 4544 3651 4598 op-

2068 4620 2302 4685 pressit;
2357 4617 2618 4672 Lentulus
2663 4633 2694 4671 a
2742 4615 3006 4688 Spartago
3072 4627 3360 4686 superatus
3414 4618 3643 4689 aufugit.

2067 4708 2196 4763 Post
2249 4711 2412 4764 etiam
2453 4711 2662 4765 collatis
2701 4709 2898 4764 frustra
2951 4710 3110 4764 ambo
3153 4710 3410 4765 consules
3450 4711 3644 4780 copiis,

2069 4807 2287 4869 accepta
2326 4801 2476 4870 gravi
2524 4800 2706 4875 clade,
2744 4800 3015 4871 fugerunt.
3076 4799 3278 4856 Dehinc
3302 4799 3369 4854 G.
3397 4799 3644 4856 Cassium

2069 4893 2447 4962 proconsulem
2501 4893 2643 4948 idem
2684 4891 2984 4962 Spartagus
3037 4907 3356 4962 oppressum
3390 4891 3534 4949 bello
3556 4893 3642 4946 in-

2071 4980 2304 5035 terfecit.
2335 4981 2516 5050 Itaque
2542 4983 2799 5036 exterrita
2829 4983 3046 5037 civitate
3071 4998 3175 5038 non
3207 4983 3415 5038 minore
3451 4998 3646 5054 prope-

2073 5071 2288 5124 modum
2342 5080 2508 5135 metu,
2542 5087 2702 5140 quam
2751 5072 2850 5126 sub
2902 5071 3198 5126 Hannibale
3251 5072 3401 5128 circa
3457 5083 3644 5144 portas

2072 5161 2338 5215 fremente
2371 5163 2746 5232 trepidaverat,
2787 5174 3009 5218 senatus
3038 5163 3292 5218 Crassum
3331 5179 3456 5218 cum
3487 5163 3647 5234 legio-

2073 5252 2231 5306 nibus
2258 5252 2529 5307 consulem
2574 5269 2710 5308 novo
2733 5254 3104 5323 supplementi)
3136 5254 3366 5308 militum
3395 5255 3562 5310 misit.
3596 5253 3646 5308 Is

2067 5360 2190 5399 mox
2218 5353 2278 5397 ut
2309 5345 2651 5415 fugitivorum
2677 5361 2912 5416 pugnam
2947 5345 3089 5410 iniit,
3121 5361 3214 5400 sex
3251 5345 3422 5400 millia
3450 5361 3641 5400 eorum

2067 5439 2357 5502 interfecit,
2409 5449 2708 5510 nongentos
2755 5454 2884 5494 vero
2920 5440 3082 5508 cepit.
3146 5427 3276 5494 Inde
3324 5441 3643 5509 priusquam

2065 5551 2114 5603 in
2171 5550 2343 5621 fugam
2392 5561 2528 5617 acto,
2579 5561 2761 5606 cuncta
2793 5552 2846 5605 in
2875 5551 3112 5622 prirdrm
3155 5561 3439 5606 verterunt.
3486 5550 3639 5615 lude,

2067 5632 2120 5678 (ὅ
